  <div class='ocr_page' id='page_1' title='image "/cluster/home/n/w/nwhite01/storage/ocr_20150623/148/hvd.32044015471840/072.png"; bbox 0 0 3986 5386; ppageno 0'>
   <div class='ocr_carea' id='block_1_1' title="bbox 210 237 1786 313">
    <p class='ocr_par' dir='ltr' id='par_1_1' title="bbox 210 242 1771 313">
     <span class='ocr_line' id='line_1_1' title="bbox 210 242 1771 313; baseline -0.011 -2"><span class='ocrx_word' id='word_1_1' title='bbox 210 252 301 313; x_wconf 62' lang='grc'><strong>153</strong></span> <span class='ocrx_word' id='word_1_2' title='bbox 1136 242 1663 299; x_wconf 64' lang='grc' dir='ltr'><strong>ριιοιΕαοιιιεΝΑ.</strong></span> <span class='ocrx_word' id='word_1_3' title='bbox 1700 271 1771 283; x_wconf 73' lang='grc' dir='ltr'><strong>-ο</strong></span> 
     </span>
    </p>
   </div>
   <div class='ocr_carea' id='block_1_2' title="bbox 1891 237 2455 313">
    <p class='ocr_par' dir='ltr' id='par_1_2' title="bbox 1891 237 2455 295">
     <span class='ocr_line' id='line_1_2' title="bbox 1891 237 2455 295; baseline 0 -2"><span class='ocrx_word' id='word_1_4' title='bbox 1891 238 1980 293; x_wconf 72' lang='grc' dir='ltr'><strong>ΤΑ</strong></span> <span class='ocrx_word' id='word_1_5' title='bbox 2018 240 2074 292; x_wconf 80' lang='lat' dir='ltr'><strong>S.</strong></span> <span class='ocrx_word' id='word_1_6' title='bbox 2109 237 2455 295; x_wconf 76' lang='lat' dir='ltr'><strong>GREGORH.</strong></span> 
     </span>
    </p>
   </div>
   <div class='ocr_carea' id='block_1_3' title="bbox 3348 241 3455 299">
    <p class='ocr_par' dir='ltr' id='par_1_3' title="bbox 3348 241 3455 299">
     <span class='ocr_line' id='line_1_3' title="bbox 3348 241 3455 299; baseline 0.047 -5"><span class='ocrx_word' id='word_1_7' title='bbox 3348 241 3455 299; x_wconf 62' lang='lat' dir='ltr'><strong>NH</strong></span> 
     </span>
    </p>
   </div>
   <div class='ocr_carea' id='block_1_4' title="bbox 206 350 3458 434">
    <p class='ocr_par' dir='ltr' id='par_1_4' title="bbox 206 350 3458 434">
     <span class='ocr_line' id='line_1_4' title="bbox 206 350 3458 434; baseline -0.003 -14"><span class='ocrx_word' id='word_1_8' title='bbox 206 361 595 434; x_wconf 70' lang='lat' dir='ltr'><strong>abEpiscopali</strong></span> <span class='ocrx_word' id='word_1_9' title='bbox 651 368 703 414; x_wconf 89' lang='lat' dir='ltr'><strong>et</strong></span> <span class='ocrx_word' id='word_1_10' title='bbox 750 357 1083 413; x_wconf 88' lang='lat' dir='ltr'><strong>Sacerdotali</strong></span> <span class='ocrx_word' id='word_1_11' title='bbox 1133 356 1310 412; x_wconf 82' lang='lat' dir='ltr'><strong>ollicio</strong></span> <span class='ocrx_word' id='word_1_12' title='bbox 1354 355 1676 427; x_wconf 78' lang='lat' dir='ltr'><strong>suspendit:</strong></span> <span class='ocrx_word' id='word_1_13' title='bbox 1722 362 1778 409; x_wconf 90' lang='lat' dir='ltr'><strong>et</strong></span> <span class='ocrx_word' id='word_1_14' title='bbox 1805 355 1848 412; x_wconf 79' lang='grc' dir='ltr'><strong>Α</strong></span> <span class='ocrx_word' id='word_1_15' title='bbox 1876 352 2084 407; x_wconf 86' lang='lat' dir='ltr'><strong>vembri</strong></span> <span class='ocrx_word' id='word_1_16' title='bbox 2123 351 2211 407; x_wconf 89' lang='lat' dir='ltr'><strong>die</strong></span> <span class='ocrx_word' id='word_1_17' title='bbox 2242 352 2341 417; x_wconf 67' lang='lat'><strong>18,.</strong></span> <span class='ocrx_word' id='word_1_18' title='bbox 2365 351 2661 407; x_wconf 75' lang='lat' dir='ltr'><strong>indictione</strong></span> <span class='ocrx_word' id='word_1_19' title='bbox 2684 367 2759 417; x_wconf 78' lang='grc' dir='ltr'><strong>ιιι,</strong></span> <span class='ocrx_word' id='word_1_20' title='bbox 2808 350 3009 418; x_wconf 73' lang='lat' dir='ltr'><strong>Marro,</strong></span> <span class='ocrx_word' id='word_1_21' title='bbox 3035 351 3262 408; x_wconf 85' lang='lat' dir='ltr'><strong>Gnilleri</strong></span> <span class='ocrx_word' id='word_1_22' title='bbox 3290 353 3458 421; x_wconf 80' lang='lat' dir='ltr'><strong>filius,</strong></span> 
     </span>
    </p>
   </div>
   <div class='ocr_carea' id='block_1_5' title="bbox 207 445 1772 524">
    <p class='ocr_par' dir='ltr' id='par_1_5' title="bbox 207 445 1772 524">
     <span class='ocr_line' id='line_1_5' title="bbox 207 445 1772 524; baseline -0.008 -12"><span class='ocrx_word' id='word_1_23' title='bbox 207 459 320 512; x_wconf 89' lang='lat' dir='ltr'><strong>olim</strong></span> <span class='ocrx_word' id='word_1_24' title='bbox 342 455 460 524; x_wconf 87' lang='lat' dir='ltr'><strong>jam</strong></span> <span class='ocrx_word' id='word_1_25' title='bbox 494 452 699 508; x_wconf 78' lang='lat' dir='ltr'><strong>factum</strong></span> <span class='ocrx_word' id='word_1_26' title='bbox 732 448 1018 505; x_wconf 72' lang='lat' dir='ltr'><strong>anathema</strong></span> <span class='ocrx_word' id='word_1_27' title='bbox 1065 463 1228 518; x_wconf 82' lang='lat' dir='ltr'><strong>super</strong></span> <span class='ocrx_word' id='word_1_28' title='bbox 1272 448 1422 519; x_wconf 85' lang='lat' dir='ltr'><strong>ipsos</strong></span> <span class='ocrx_word' id='word_1_29' title='bbox 1471 445 1772 511; x_wconf 80' lang='lat' dir='ltr'><strong>renovavit,</strong></span> 
     </span>
    </p>
   </div>
   <div class='ocr_carea' id='block_1_6' title="bbox 206 536 1776 616">
    <p class='ocr_par' dir='ltr' id='par_1_6' title="bbox 206 536 1776 616">
     <span class='ocr_line' id='line_1_6' title="bbox 206 536 1776 616; baseline -0.006 -14"><span class='ocrx_word' id='word_1_30' title='bbox 206 544 414 616; x_wconf 85' lang='lat' dir='ltr'><strong>eoquod</strong></span> <span class='ocrx_word' id='word_1_31' title='bbox 438 542 627 598; x_wconf 86' lang='lat' dir='ltr'><strong>vocati</strong></span> <span class='ocrx_word' id='word_1_32' title='bbox 656 542 724 597; x_wconf 89' lang='lat' dir='ltr'><strong>ad</strong></span> <span class='ocrx_word' id='word_1_33' title='bbox 771 537 1047 612; x_wconf 85' lang='lat' dir='ltr'><strong>Synodum</strong></span> <span class='ocrx_word' id='word_1_34' title='bbox 1088 540 1272 595; x_wconf 86' lang='lat' dir='ltr'><strong>venire</strong></span> <span class='ocrx_word' id='word_1_35' title='bbox 1326 536 1476 609; x_wconf 91' lang='grc'>(177)</span> <span class='ocrx_word' id='word_1_36' title='bbox 1532 545 1776 593; x_wconf 89' lang='lat' dir='ltr'><strong>contem-</strong></span> 
     </span>
    </p>
   </div>
   <div class='ocr_carea' id='block_1_7' title="bbox 203 628 1775 710">
    <p class='ocr_par' dir='ltr' id='par_1_7' title="bbox 203 628 1775 710">
     <span class='ocr_line' id='line_1_7' title="bbox 203 628 1775 710; baseline -0.007 -18"><span class='ocrx_word' id='word_1_37' title='bbox 203 638 429 710; x_wconf 85' lang='lat' dir='ltr'><strong>ps&#39;crunt.</strong></span> <span class='ocrx_word' id='word_1_38' title='bbox 459 632 830 704; x_wconf 78' lang='lat' dir='ltr'><strong>(Amulphum</strong></span> <span class='ocrx_word' id='word_1_39' title='bbox 859 629 1301 696; x_wconf 80' lang='lat' dir='ltr'><strong>Cremonensem,</strong></span> <span class='ocrx_word' id='word_1_40' title='bbox 1344 628 1561 699; x_wconf 89' lang='lat' dir='ltr'><strong>publice</strong></span> <span class='ocrx_word' id='word_1_41' title='bbox 1590 641 1775 682; x_wconf 89' lang='lat' dir='ltr'><strong>coram</strong></span> 
     </span>
    </p>
   </div>
   <div class='ocr_carea' id='block_1_8' title="bbox 204 718 1774 795">
    <p class='ocr_par' dir='ltr' id='par_1_8' title="bbox 204 718 1774 795">
     <span class='ocr_line' id='line_1_8' title="bbox 204 718 1774 795; baseline -0.006 -14"><span class='ocrx_word' id='word_1_42' title='bbox 204 727 258 781; x_wconf 81' lang='grc' dir='ltr'><strong>υ.</strong></span> <span class='ocrx_word' id='word_1_43' title='bbox 281 724 422 795; x_wconf 85' lang='lat' dir='ltr'><strong>Papa</strong></span> <span class='ocrx_word' id='word_1_44' title='bbox 460 722 783 777; x_wconf 88' lang='lat' dir='ltr'><strong>convictum</strong></span> <span class='ocrx_word' id='word_1_45' title='bbox 805 729 862 776; x_wconf 89' lang='lat' dir='ltr'><strong>et</strong></span> <span class='ocrx_word' id='word_1_46' title='bbox 891 720 1235 776; x_wconf 77' lang='lat' dir='ltr'><strong>confitentem</strong></span> <span class='ocrx_word' id='word_1_47' title='bbox 1266 735 1327 775; x_wconf 89' lang='lat' dir='ltr'><strong>se</strong></span> <span class='ocrx_word' id='word_1_48' title='bbox 1377 718 1774 783; x_wconf 89' lang='lat' dir='ltr'><strong>Simoniacum,</strong></span> 
     </span>
    </p>
   </div>
   <div class='ocr_carea' id='block_1_9' title="bbox 203 806 1778 883">
    <p class='ocr_par' dir='ltr' id='par_1_9' title="bbox 203 806 1778 883">
     <span class='ocr_line' id='line_1_9' title="bbox 203 806 1778 883; baseline -0.006 -11"><span class='ocrx_word' id='word_1_49' title='bbox 203 816 262 872; x_wconf 88' lang='lat' dir='ltr'><strong>ab</strong></span> <span class='ocrx_word' id='word_1_50' title='bbox 279 814 423 869; x_wconf 89' lang='lat' dir='ltr'><strong>omni</strong></span> <span class='ocrx_word' id='word_1_51' title='bbox 448 810 764 883; x_wconf 87' lang='lat' dir='ltr'><strong>Episcopali</strong></span> <span class='ocrx_word' id='word_1_52' title='bbox 788 809 963 866; x_wconf 63' lang='lat' dir='ltr'><strong>obicio</strong></span> <span class='ocrx_word' id='word_1_53' title='bbox 983 810 1190 880; x_wconf 87' lang='lat' dir='ltr'><strong>absque</strong></span> <span class='ocrx_word' id='word_1_54' title='bbox 1220 824 1315 879; x_wconf 85' lang='lat' dir='ltr'><strong>spe</strong></span> <span class='ocrx_word' id='word_1_55' title='bbox 1348 806 1778 878; x_wconf 90' lang='lat' dir='ltr'><strong>recuperationis</strong></span> 
     </span>
    </p>
   </div>
   <div class='ocr_carea' id='block_1_10' title="bbox 202 900 1776 976">
    <p class='ocr_par' dir='ltr' id='par_1_10' title="bbox 202 900 1776 976">
     <span class='ocr_line' id='line_1_10' title="bbox 202 900 1776 976; baseline -0.006 -14"><span class='ocrx_word' id='word_1_56' title='bbox 202 905 457 976; x_wconf 81' lang='lat' dir='ltr'><strong>deposuit,</strong></span> <span class='ocrx_word' id='word_1_57' title='bbox 508 913 567 958; x_wconf 89' lang='lat' dir='ltr'><strong>et</strong></span> <span class='ocrx_word' id='word_1_58' title='bbox 617 918 793 974; x_wconf 89' lang='lat' dir='ltr'><strong>usque</strong></span> <span class='ocrx_word' id='word_1_59' title='bbox 845 902 911 959; x_wconf 91' lang='lat' dir='ltr'><strong>ad</strong></span> <span class='ocrx_word' id='word_1_60' title='bbox 963 902 1288 973; x_wconf 79' lang='lat' dir='ltr'><strong>condignam</strong></span> <span class='ocrx_word' id='word_1_61' title='bbox 1345 900 1776 956; x_wconf 82' lang='lat' dir='ltr'><strong>satisfactionem</strong></span> 
     </span>
    </p>
   </div>
   <div class='ocr_carea' id='block_1_11' title="bbox 202 989 1780 1065">
    <p class='ocr_par' dir='ltr' id='par_1_11' title="bbox 202 989 1780 1065">
     <span class='ocr_line' id='line_1_11' title="bbox 202 989 1780 1065; baseline -0.005 -13"><span class='ocrx_word' id='word_1_62' title='bbox 202 997 535 1052; x_wconf 80' lang='lat' dir='ltr'><strong>anathemate</strong></span> <span class='ocrx_word' id='word_1_63' title='bbox 565 994 877 1065; x_wconf 62' lang='lat' dir='ltr'><strong>percussit).</strong></span> <span class='ocrx_word' id='word_1_64' title='bbox 903 991 1206 1048; x_wconf 81' lang='lat' dir='ltr'><strong>Rolandum</strong></span> <span class='ocrx_word' id='word_1_65' title='bbox 1232 1006 1450 1063; x_wconf 91' lang='lat' dir='ltr'><strong>quoque</strong></span> <span class='ocrx_word' id='word_1_66' title='bbox 1472 989 1780 1046; x_wconf 89' lang='lat' dir='ltr'><strong>Tarvisien-</strong></span> 
     </span>
    </p>
   </div>
   <div class='ocr_carea' id='block_1_12' title="bbox 202 1083 1777 1159">
    <p class='ocr_par' dir='ltr' id='par_1_12' title="bbox 202 1083 1777 1159">
     <span class='ocr_line' id='line_1_12' title="bbox 202 1083 1777 1159; baseline -0.006 -13"><span class='ocrx_word' id='word_1_67' title='bbox 202 1104 321 1155; x_wconf 73' lang='lat' dir='ltr'><strong>rem,</strong></span> <span class='ocrx_word' id='word_1_68' title='bbox 351 1090 450 1159; x_wconf 86' lang='lat' dir='ltr'><strong>qui</strong></span> <span class='ocrx_word' id='word_1_69' title='bbox 480 1103 585 1159; x_wconf 92' lang='lat' dir='ltr'><strong>pro</strong></span> <span class='ocrx_word' id='word_1_70' title='bbox 612 1086 963 1158; x_wconf 89' lang='lat' dir='ltr'><strong>adipiscendo</strong></span> <span class='ocrx_word' id='word_1_71' title='bbox 996 1085 1355 1156; x_wconf 80' lang='lat' dir='ltr'><strong>Episcopatus</strong></span> <span class='ocrx_word' id='word_1_72' title='bbox 1385 1084 1593 1139; x_wconf 85' lang='lat' dir='ltr'><strong>honore</strong></span> <span class='ocrx_word' id='word_1_73' title='bbox 1645 1083 1777 1138; x_wconf 87' lang='lat' dir='ltr'><strong>sub-</strong></span> 
     </span>
    </p>
   </div>
   <div class='ocr_carea' id='block_1_13' title="bbox 201 1173 1777 1249">
    <p class='ocr_par' dir='ltr' id='par_1_13' title="bbox 201 1173 1777 1249">
     <span class='ocr_line' id='line_1_13' title="bbox 201 1173 1777 1249; baseline -0.006 -14"><span class='ocrx_word' id='word_1_74' title='bbox 201 1179 340 1236; x_wconf 85' lang='lat' dir='ltr'><strong>dolus</strong></span> <span class='ocrx_word' id='word_1_75' title='bbox 364 1176 552 1233; x_wconf 90' lang='lat' dir='ltr'><strong>factus</strong></span> <span class='ocrx_word' id='word_1_76' title='bbox 586 1177 844 1249; x_wconf 79' lang='lat' dir='ltr'><strong>Legatus,</strong></span> <span class='ocrx_word' id='word_1_77' title='bbox 880 1177 1022 1232; x_wconf 86' lang='lat' dir='ltr'><strong>inter</strong></span> <span class='ocrx_word' id='word_1_78' title='bbox 1045 1174 1288 1247; x_wconf 76' lang='lat' dir='ltr'><strong>Regnum</strong></span> <span class='ocrx_word' id='word_1_79' title='bbox 1322 1183 1377 1230; x_wconf 89' lang='lat' dir='ltr'><strong>et</strong></span> <span class='ocrx_word' id='word_1_80' title='bbox 1403 1173 1777 1229; x_wconf 85' lang='lat' dir='ltr'><strong>Sacerdotium</strong></span> 
     </span>
    </p>
   </div>
   <div class='ocr_carea' id='block_1_14' title="bbox 202 1264 1779 1334">
    <p class='ocr_par' dir='ltr' id='par_1_14' title="bbox 202 1264 1779 1334">
     <span class='ocr_line' id='line_1_14' title="bbox 202 1264 1779 1334; baseline -0.004 -10"><span class='ocrx_word' id='word_1_81' title='bbox 202 1267 428 1324; x_wconf 83' lang='lat' dir='ltr'><strong>schisma</strong></span> <span class='ocrx_word' id='word_1_82' title='bbox 454 1264 645 1323; x_wconf 90' lang='lat' dir='ltr'><strong>facere</strong></span> <span class='ocrx_word' id='word_1_83' title='bbox 670 1281 781 1320; x_wconf 91' lang='lat' dir='ltr'><strong>non</strong></span> <span class='ocrx_word' id='word_1_84' title='bbox 808 1266 1111 1333; x_wconf 77' lang='lat' dir='ltr'><strong>abhorruit,</strong></span> <span class='ocrx_word' id='word_1_85' title='bbox 1142 1266 1225 1334; x_wconf 91' lang='lat' dir='ltr'><strong>(ut</strong></span> <span class='ocrx_word' id='word_1_86' title='bbox 1265 1264 1465 1320; x_wconf 91' lang='lat' dir='ltr'><strong>amodo</strong></span> <span class='ocrx_word' id='word_1_87' title='bbox 1508 1271 1563 1319; x_wconf 87' lang='lat' dir='ltr'><strong>et</strong></span> <span class='ocrx_word' id='word_1_88' title='bbox 1605 1277 1779 1333; x_wconf 89' lang='lat' dir='ltr'><strong>usque</strong></span> 
     </span>
    </p>
   </div>
   <div class='ocr_carea' id='block_1_15' title="bbox 202 1353 1778 1428">
    <p class='ocr_par' dir='ltr' id='par_1_15' title="bbox 202 1353 1778 1428">
     <span class='ocr_line' id='line_1_15' title="bbox 202 1353 1778 1428; baseline -0.003 -16"><span class='ocrx_word' id='word_1_89' title='bbox 202 1358 250 1412; x_wconf 87' lang='lat' dir='ltr'><strong>in</strong></span> <span class='ocrx_word' id='word_1_90' title='bbox 275 1358 544 1413; x_wconf 73' lang='lat' dir='ltr'><strong>mulum</strong></span> <span class='ocrx_word' id='word_1_91' title='bbox 582 1356 892 1428; x_wconf 90' lang='lat' dir='ltr'><strong>Episcopali</strong></span> <span class='ocrx_word' id='word_1_92' title='bbox 921 1364 1106 1411; x_wconf 87' lang='lat' dir='ltr'><strong>careat</strong></span> <span class='ocrx_word' id='word_1_93' title='bbox 1148 1355 1431 1425; x_wconf 75' lang='lat' dir='ltr'><strong>dignitate,</strong></span> <span class='ocrx_word' id='word_1_94' title='bbox 1466 1353 1778 1425; x_wconf 86' lang='lat' dir='ltr'><strong>Apostolica</strong></span> 
     </span>
    </p>
   </div>
   <div class='ocr_carea' id='block_1_16' title="bbox 202 1444 1781 1512">
    <p class='ocr_par' dir='ltr' id='par_1_16' title="bbox 202 1444 1781 1512">
     <span class='ocr_line' id='line_1_16' title="bbox 202 1444 1781 1512; baseline -0.004 -10"><span class='ocrx_word' id='word_1_95' title='bbox 202 1461 418 1502; x_wconf 87' lang='lat' dir='ltr'><strong>censura</strong></span> <span class='ocrx_word' id='word_1_96' title='bbox 444 1446 698 1512; x_wconf 87' lang='lat' dir='ltr'><strong>censuit;</strong></span> <span class='ocrx_word' id='word_1_97' title='bbox 724 1452 778 1499; x_wconf 90' lang='lat' dir='ltr'><strong>et</strong></span> <span class='ocrx_word' id='word_1_98' title='bbox 801 1453 862 1499; x_wconf 95' lang='lat' dir='ltr'><strong>ut</strong></span> <span class='ocrx_word' id='word_1_99' title='bbox 899 1444 1080 1499; x_wconf 90' lang='lat' dir='ltr'><strong>nullus</strong></span> <span class='ocrx_word' id='word_1_100' title='bbox 1108 1458 1489 1500; x_wconf 86' lang='lat' dir='ltr'><strong>successorum</strong></span> <span class='ocrx_word' id='word_1_101' title='bbox 1514 1455 1626 1497; x_wconf 70' lang='lat' dir='ltr'><strong>sure</strong></span> <span class='ocrx_word' id='word_1_102' title='bbox 1648 1456 1781 1498; x_wconf 87' lang='lat' dir='ltr'><strong>con-</strong></span> 
     </span>
    </p>
   </div>
   <div class='ocr_carea' id='block_1_17' title="bbox 203 1537 1780 1610">
    <p class='ocr_par' dir='ltr' id='par_1_17' title="bbox 203 1537 1780 1610">
     <span class='ocr_line' id='line_1_17' title="bbox 203 1537 1780 1610; baseline -0.001 -14"><span class='ocrx_word' id='word_1_103' title='bbox 203 1540 482 1596; x_wconf 84' lang='lat' dir='ltr'><strong>secrationi</strong></span> <span class='ocrx_word' id='word_1_104' title='bbox 524 1540 717 1610; x_wconf 89' lang='lat' dir='ltr'><strong>aliquo</strong></span> <span class='ocrx_word' id='word_1_105' title='bbox 750 1539 914 1595; x_wconf 89' lang='lat' dir='ltr'><strong>modo</strong></span> <span class='ocrx_word' id='word_1_106' title='bbox 953 1538 1279 1605; x_wconf 85' lang='lat' dir='ltr'><strong>consentiat,</strong></span> <span class='ocrx_word' id='word_1_107' title='bbox 1314 1539 1491 1593; x_wconf 92' lang='lat' dir='ltr'><strong>modis</strong></span> <span class='ocrx_word' id='word_1_108' title='bbox 1524 1537 1780 1594; x_wconf 87' lang='lat' dir='ltr'><strong>omnibus</strong></span> 
     </span>
    </p>
   </div>
   <div class='ocr_carea' id='block_1_18' title="bbox 202 1630 1777 1704">
    <p class='ocr_par' dir='ltr' id='par_1_18' title="bbox 202 1630 1777 1704">
     <span class='ocr_line' id='line_1_18' title="bbox 202 1630 1777 1704; baseline -0.003 -16"><span class='ocrx_word' id='word_1_109' title='bbox 202 1632 496 1704; x_wconf 84' lang='lat' dir='ltr'><strong>prohibuit;</strong></span> <span class='ocrx_word' id='word_1_110' title='bbox 532 1636 610 1703; x_wconf 88' lang='lat' dir='ltr'><strong>et)</strong></span> <span class='ocrx_word' id='word_1_111' title='bbox 659 1640 924 1702; x_wconf 89' lang='lat' dir='ltr'><strong>perpetuo</strong></span> <span class='ocrx_word' id='word_1_112' title='bbox 964 1631 1309 1686; x_wconf 86' lang='lat' dir='ltr'><strong>anathemate</strong></span> <span class='ocrx_word' id='word_1_113' title='bbox 1346 1646 1471 1685; x_wconf 91' lang='lat' dir='ltr'><strong>eum</strong></span> <span class='ocrx_word' id='word_1_114' title='bbox 1520 1630 1777 1702; x_wconf 74' lang='lat' dir='ltr'><strong>alligavit,</strong></span> 
     </span>
    </p>
   </div>
   <div class='ocr_carea' id='block_1_19' title="bbox 1877 442 3462 517">
    <p class='ocr_par' dir='ltr' id='par_1_19' title="bbox 1877 442 3462 517">
     <span class='ocr_line' id='line_1_19' title="bbox 1877 442 3462 517; baseline 0.003 -17"><span class='ocrx_word' id='word_1_115' title='bbox 1877 444 2151 500; x_wconf 78' lang='lat' dir='ltr'><strong>habitatOr</strong></span> <span class='ocrx_word' id='word_1_116' title='bbox 2196 444 2252 498; x_wconf 92' lang='lat' dir='ltr'><strong>in</strong></span> <span class='ocrx_word' id='word_1_117' title='bbox 2294 443 2493 500; x_wconf 86' lang='lat' dir='ltr'><strong>ducatu</strong></span> <span class='ocrx_word' id='word_1_118' title='bbox 2551 442 2844 514; x_wconf 85' lang='lat' dir='ltr'><strong>Spolctano</strong></span> <span class='ocrx_word' id='word_1_119' title='bbox 2867 486 2883 513; x_wconf 94' lang='lat'><strong>,</strong></span> <span class='ocrx_word' id='word_1_120' title='bbox 2938 461 3037 516; x_wconf 89' lang='lat' dir='ltr'><strong>pro</strong></span> <span class='ocrx_word' id='word_1_121' title='bbox 3090 446 3462 517; x_wconf 77' lang='lat' dir='ltr'><strong>redemptione</strong></span> 
     </span>
    </p>
   </div>
   <div class='ocr_carea' id='block_1_20' title="bbox 1877 534 3464 606">
    <p class='ocr_par' dir='ltr' id='par_1_20' title="bbox 1877 534 3464 606">
     <span class='ocr_line' id='line_1_20' title="bbox 1877 534 3464 606; baseline 0.004 -17"><span class='ocrx_word' id='word_1_122' title='bbox 1877 534 2075 590; x_wconf 66' lang='lat' dir='ltr'><strong>anima:</strong></span> <span class='ocrx_word' id='word_1_123' title='bbox 2097 549 2211 590; x_wconf 70' lang='lat' dir='ltr'><strong>suae</strong></span> <span class='ocrx_word' id='word_1_124' title='bbox 2237 541 2291 589; x_wconf 92' lang='lat' dir='ltr'><strong>et</strong></span> <span class='ocrx_word' id='word_1_125' title='bbox 2323 544 2610 606; x_wconf 89' lang='lat' dir='ltr'><strong>parentum</strong></span> <span class='ocrx_word' id='word_1_126' title='bbox 2638 550 2886 603; x_wconf 90' lang='lat' dir='ltr'><strong>suorum,</strong></span> <span class='ocrx_word' id='word_1_127' title='bbox 2910 537 3108 592; x_wconf 90' lang='lat' dir='ltr'><strong>obtulit</strong></span> <span class='ocrx_word' id='word_1_128' title='bbox 3130 536 3190 593; x_wconf 83' lang='grc' dir='ltr'><strong>Β.</strong></span> <span class='ocrx_word' id='word_1_129' title='bbox 3216 536 3380 594; x_wconf 85' lang='lat' dir='ltr'><strong>Petro</strong></span> <span class='ocrx_word' id='word_1_130' title='bbox 3406 546 3464 595; x_wconf 85' lang='lat' dir='ltr'><strong>et</strong></span> 
     </span>
    </p>
   </div>
   <div class='ocr_carea' id='block_1_21' title="bbox 1878 624 3464 697">
    <p class='ocr_par' dir='ltr' id='par_1_21' title="bbox 1878 624 3464 697">
     <span class='ocr_line' id='line_1_21' title="bbox 1878 624 3464 697; baseline 0.004 -17"><span class='ocrx_word' id='word_1_131' title='bbox 1878 640 2042 695; x_wconf 85' lang='lat' dir='ltr'><strong>super</strong></span> <span class='ocrx_word' id='word_1_132' title='bbox 2062 624 2235 680; x_wconf 88' lang='lat' dir='ltr'><strong>altare</strong></span> <span class='ocrx_word' id='word_1_133' title='bbox 2255 626 2375 696; x_wconf 86' lang='lat' dir='ltr'><strong>ejus</strong></span> <span class='ocrx_word' id='word_1_134' title='bbox 2395 626 2578 681; x_wconf 90' lang='lat' dir='ltr'><strong>omnia</strong></span> <span class='ocrx_word' id='word_1_135' title='bbox 2604 642 2725 697; x_wconf 75' lang='lat' dir='ltr'><strong>qua:</strong></span> <span class='ocrx_word' id='word_1_136' title='bbox 2752 626 2800 681; x_wconf 84' lang='lat' dir='ltr'><strong>ei</strong></span> <span class='ocrx_word' id='word_1_137' title='bbox 2828 628 3170 697; x_wconf 86' lang='lat' dir='ltr'><strong>pertinebant</strong></span> <span class='ocrx_word' id='word_1_138' title='bbox 3188 629 3255 685; x_wconf 87' lang='lat' dir='ltr'><strong>de</strong></span> <span class='ocrx_word' id='word_1_139' title='bbox 3276 639 3464 686; x_wconf 89' lang='lat' dir='ltr'><strong>castro</strong></span> 
     </span>
    </p>
   </div>
   <div class='ocr_carea' id='block_1_22' title="bbox 1878 715 3463 787">
    <p class='ocr_par' dir='ltr' id='par_1_22' title="bbox 1878 715 3463 787">
     <span class='ocr_line' id='line_1_22' title="bbox 1878 715 3463 787; baseline 0.004 -17"><span class='ocrx_word' id='word_1_140' title='bbox 1878 715 2025 786; x_wconf 83' lang='lat' dir='ltr'><strong>quod</strong></span> <span class='ocrx_word' id='word_1_141' title='bbox 2043 723 2269 771; x_wconf 78' lang='lat' dir='ltr'><strong>vocatur</strong></span> <span class='ocrx_word' id='word_1_142' title='bbox 2291 715 2572 782; x_wconf 68' lang='lat' dir='ltr'><strong>Horicida,</strong></span> <span class='ocrx_word' id='word_1_143' title='bbox 2596 718 2777 787; x_wconf 89' lang='lat' dir='ltr'><strong>posito</strong></span> <span class='ocrx_word' id='word_1_144' title='bbox 2800 719 2942 774; x_wconf 90' lang='lat' dir='ltr'><strong>inter</strong></span> <span class='ocrx_word' id='word_1_145' title='bbox 2961 718 3224 777; x_wconf 84' lang='lat' dir='ltr'><strong>Muricem</strong></span> <span class='ocrx_word' id='word_1_146' title='bbox 3246 729 3303 778; x_wconf 89' lang='lat' dir='ltr'><strong>et</strong></span> <span class='ocrx_word' id='word_1_147' title='bbox 3331 719 3463 776; x_wconf 83' lang='lat' dir='ltr'><strong>Cla-</strong></span> 
     </span>
    </p>
   </div>
   <div class='ocr_carea' id='block_1_23' title="bbox 1876 807 3463 882">
    <p class='ocr_par' dir='ltr' id='par_1_23' title="bbox 1876 807 3463 882">
     <span class='ocr_line' id='line_1_23' title="bbox 1876 807 3463 882; baseline 0.004 -21"><span class='ocrx_word' id='word_1_148' title='bbox 1876 807 2193 878; x_wconf 88' lang='lat' dir='ltr'><strong>rignanum,</strong></span> <span class='ocrx_word' id='word_1_149' title='bbox 2222 807 2370 878; x_wconf 90' lang='lat' dir='ltr'><strong>quod</strong></span> <span class='ocrx_word' id='word_1_150' title='bbox 2401 809 2771 879; x_wconf 89' lang='lat' dir='ltr'><strong>conquisitum</strong></span> <span class='ocrx_word' id='word_1_151' title='bbox 2808 810 3042 866; x_wconf 83' lang='lat' dir='ltr'><strong>habebat</strong></span> <span class='ocrx_word' id='word_1_152' title='bbox 3065 826 3163 882; x_wconf 91' lang='lat' dir='ltr'><strong>per</strong></span> <span class='ocrx_word' id='word_1_153' title='bbox 3201 827 3463 869; x_wconf 84' lang='lat' dir='ltr'><strong>concam-</strong></span> 
     </span>
    </p>
   </div>
   <div class='ocr_carea' id='block_1_24' title="bbox 1878 896 3463 973">
    <p class='ocr_par' dir='ltr' id='par_1_24' title="bbox 1878 896 3463 973">
     <span class='ocr_line' id='line_1_24' title="bbox 1878 896 3463 973; baseline 0.005 -22"><span class='ocrx_word' id='word_1_154' title='bbox 1878 896 2174 953; x_wconf 87' lang='lat' dir='ltr'><strong>biationem</strong></span> <span class='ocrx_word' id='word_1_155' title='bbox 2196 913 2228 953; x_wconf 88' lang='lat' dir='ltr'><strong>a</strong></span> <span class='ocrx_word' id='word_1_156' title='bbox 2252 897 2472 954; x_wconf 88' lang='lat' dir='ltr'><strong>Liraldo</strong></span> <span class='ocrx_word' id='word_1_157' title='bbox 2492 908 2545 954; x_wconf 89' lang='lat' dir='ltr'><strong>et</strong></span> <span class='ocrx_word' id='word_1_158' title='bbox 2566 897 2813 971; x_wconf 82' lang='lat' dir='ltr'><strong>Hugone,</strong></span> <span class='ocrx_word' id='word_1_159' title='bbox 2828 902 3116 971; x_wconf 88' lang='lat' dir='ltr'><strong>nepotibus</strong></span> <span class='ocrx_word' id='word_1_160' title='bbox 3137 900 3345 973; x_wconf 87' lang='lat' dir='ltr'><strong>Ugonis</strong></span> <span class='ocrx_word' id='word_1_161' title='bbox 3365 903 3463 959; x_wconf 81' lang='lat' dir='ltr'><strong>lilii</strong></span> 
     </span>
    </p>
   </div>
   <div class='ocr_carea' id='block_1_25' title="bbox 1878 989 3462 1062">
    <p class='ocr_par' dir='ltr' id='par_1_25' title="bbox 1878 989 3462 1062">
     <span class='ocr_line' id='line_1_25' title="bbox 1878 989 3462 1062; baseline 0.006 -18"><span class='ocrx_word' id='word_1_162' title='bbox 1878 989 2099 1055; x_wconf 83' lang='lat' dir='ltr'><strong>Ascari,</strong></span> <span class='ocrx_word' id='word_1_163' title='bbox 2124 990 2178 1044; x_wconf 94' lang='lat' dir='ltr'><strong>in</strong></span> <span class='ocrx_word' id='word_1_164' title='bbox 2203 990 2356 1060; x_wconf 86' lang='lat' dir='ltr'><strong>plebe</strong></span> <span class='ocrx_word' id='word_1_165' title='bbox 2384 991 2450 1045; x_wconf 90' lang='lat' dir='ltr'><strong>de</strong></span> <span class='ocrx_word' id='word_1_166' title='bbox 2478 989 2700 1045; x_wconf 83' lang='lat' dir='ltr'><strong>Luzano</strong></span> <span class='ocrx_word' id='word_1_167' title='bbox 2730 991 2856 1062; x_wconf 92' lang='grc'>(180</span> <span class='ocrx_word' id='word_1_168' title='bbox 2887 993 3010 1062; x_wconf 76' lang='lat' dir='ltr'><strong>bis),</strong></span> <span class='ocrx_word' id='word_1_169' title='bbox 3048 1004 3326 1050; x_wconf 83' lang='lat' dir='ltr'><strong>reservato</strong></span> <span class='ocrx_word' id='word_1_170' title='bbox 3354 1012 3462 1053; x_wconf 90' lang='lat' dir='ltr'><strong>usu</strong></span> 
     </span>
    </p>
   </div>
   <div class='ocr_carea' id='block_1_26' title="bbox 1880 1078 3462 1145">
    <p class='ocr_par' dir='ltr' id='par_1_26' title="bbox 1880 1078 3462 1145">
     <span class='ocr_line' id='line_1_26' title="bbox 1880 1078 3462 1145; baseline 0.006 -11"><span class='ocrx_word' id='word_1_171' title='bbox 1880 1078 2060 1135; x_wconf 83' lang='lat' dir='ltr'><strong>fructu</strong></span> <span class='ocrx_word' id='word_1_172' title='bbox 2086 1081 2279 1136; x_wconf 90' lang='lat' dir='ltr'><strong>diebus</strong></span> <span class='ocrx_word' id='word_1_173' title='bbox 2307 1081 2427 1136; x_wconf 75' lang='lat' dir='ltr'><strong>vita:</strong></span> <span class='ocrx_word' id='word_1_174' title='bbox 2448 1098 2562 1137; x_wconf 62' lang='lat' dir='ltr'><strong>suae</strong></span> <span class='ocrx_word' id='word_1_175' title='bbox 2587 1091 2640 1137; x_wconf 90' lang='lat' dir='ltr'><strong>et</strong></span> <span class='ocrx_word' id='word_1_176' title='bbox 2665 1082 2879 1137; x_wconf 88' lang='lat' dir='ltr'><strong>Brutuli</strong></span> <span class='ocrx_word' id='word_1_177' title='bbox 2918 1085 3004 1139; x_wconf 93' lang='lat' dir='ltr'><strong>sui</strong></span> <span class='ocrx_word' id='word_1_178' title='bbox 3030 1086 3125 1140; x_wconf 86' lang='lat' dir='ltr'><strong>tllii</strong></span> <span class='ocrx_word' id='word_1_179' title='bbox 3146 1095 3201 1141; x_wconf 90' lang='lat' dir='ltr'><strong>et</strong></span> <span class='ocrx_word' id='word_1_180' title='bbox 3224 1087 3462 1145; x_wconf 79' lang='lat' dir='ltr'><strong>ﬁliorum</strong></span> 
     </span>
    </p>
   </div>
   <div class='ocr_carea' id='block_1_27' title="bbox 1881 1168 3464 1245">
    <p class='ocr_par' dir='ltr' id='par_1_27' title="bbox 1881 1168 3464 1245">
     <span class='ocr_line' id='line_1_27' title="bbox 1881 1168 3464 1245; baseline 0.006 -21"><span class='ocrx_word' id='word_1_181' title='bbox 1881 1168 2114 1237; x_wconf 87' lang='lat' dir='ltr'><strong>Brutuli,</strong></span> <span class='ocrx_word' id='word_1_182' title='bbox 2148 1171 2196 1225; x_wconf 90' lang='lat' dir='ltr'><strong>si</strong></span> <span class='ocrx_word' id='word_1_183' title='bbox 2241 1173 2472 1227; x_wconf 89' lang='lat' dir='ltr'><strong>masculi</strong></span> <span class='ocrx_word' id='word_1_184' title='bbox 2504 1171 2707 1228; x_wconf 82' lang='lat' dir='ltr'><strong>fuerint</strong></span> <span class='ocrx_word' id='word_1_185' title='bbox 2737 1174 2806 1228; x_wconf 94' lang='lat' dir='ltr'><strong>de</strong></span> <span class='ocrx_word' id='word_1_186' title='bbox 2845 1174 3087 1245; x_wconf 86' lang='lat' dir='ltr'><strong>legitimo</strong></span> <span class='ocrx_word' id='word_1_187' title='bbox 3111 1179 3464 1234; x_wconf 82' lang='lat' dir='ltr'><strong>matrimonio</strong></span> 
     </span>
    </p>
   </div>
   <div class='ocr_carea' id='block_1_28' title="bbox 1879 1262 3462 1339">
    <p class='ocr_par' dir='ltr' id='par_1_28' title="bbox 1879 1262 3462 1339">
     <span class='ocr_line' id='line_1_28' title="bbox 1879 1262 3462 1339; baseline 0.006 -23"><span class='ocrx_word' id='word_1_188' title='bbox 1879 1262 2171 1332; x_wconf 87' lang='lat' dir='ltr'><strong>procreati.</strong></span> <span class='ocrx_word' id='word_1_189' title='bbox 2217 1262 2421 1319; x_wconf 84' lang='lat' dir='ltr'><strong>Eodem</strong></span> <span class='ocrx_word' id='word_1_190' title='bbox 2468 1280 2598 1320; x_wconf 75' lang='lat' dir='ltr'><strong>vero</strong></span> <span class='ocrx_word' id='word_1_191' title='bbox 2647 1280 2792 1319; x_wconf 91' lang='lat' dir='ltr'><strong>anno</strong></span> <span class='ocrx_word' id='word_1_192' title='bbox 2836 1265 2919 1335; x_wconf 88' lang='grc' dir='ltr'><strong>(ιιι</strong></span> <span class='ocrx_word' id='word_1_193' title='bbox 2964 1264 3082 1321; x_wconf 83' lang='lat' dir='ltr'><strong>Kal.</strong></span> <span class='ocrx_word' id='word_1_194' title='bbox 3127 1266 3462 1339; x_wconf 84' lang='lat' dir='ltr'><strong>Decembris,</strong></span> 
     </span>
    </p>
   </div>
   <div class='ocr_carea' id='block_1_29' title="bbox 1880 1353 3467 1433">
    <p class='ocr_par' dir='ltr' id='par_1_29' title="bbox 1880 1353 3467 1433">
     <span class='ocr_line' id='line_1_29' title="bbox 1880 1353 3467 1433; baseline 0.007 -26"><span class='ocrx_word' id='word_1_195' title='bbox 1880 1353 2143 1425; x_wconf 87' lang='lat' dir='ltr'><strong>synodus)</strong></span> <span class='ocrx_word' id='word_1_196' title='bbox 2172 1353 2438 1411; x_wconf 88' lang='lat' dir='ltr'><strong>celebrata</strong></span> <span class='ocrx_word' id='word_1_197' title='bbox 2464 1365 2548 1411; x_wconf 91' lang='lat' dir='ltr'><strong>est</strong></span> <span class='ocrx_word' id='word_1_198' title='bbox 2570 1357 2640 1411; x_wconf 89' lang='lat' dir='ltr'><strong>ab</strong></span> <span class='ocrx_word' id='word_1_199' title='bbox 2661 1357 2851 1412; x_wconf 91' lang='lat' dir='ltr'><strong>eodem</strong></span> <span class='ocrx_word' id='word_1_200' title='bbox 2876 1358 3148 1428; x_wconf 83' lang='lat' dir='ltr'><strong>pontiﬁce,</strong></span> <span class='ocrx_word' id='word_1_201' title='bbox 3174 1360 3226 1415; x_wconf 94' lang='lat' dir='ltr'><strong>in</strong></span> <span class='ocrx_word' id='word_1_202' title='bbox 3249 1376 3359 1433; x_wconf 89' lang='lat' dir='ltr'><strong>qua</strong></span> <span class='ocrx_word' id='word_1_203' title='bbox 3379 1363 3467 1417; x_wconf 90' lang='lat' dir='ltr'><strong>in—</strong></span> 
     </span>
    </p>
   </div>
   <div class='ocr_carea' id='block_1_30' title="bbox 1881 1434 3463 1523">
    <p class='ocr_par' dir='ltr' id='par_1_30' title="bbox 1881 1434 3463 1523">
     <span class='ocr_line' id='line_1_30' title="bbox 1881 1434 3463 1523; baseline 0.008 -25"><span class='ocrx_word' id='word_1_204' title='bbox 1881 1453 1963 1498; x_wconf 89' lang='lat' dir='ltr'><strong>ter</strong></span> <span class='ocrx_word' id='word_1_205' title='bbox 1994 1434 2188 1501; x_wconf 61' lang='lat' dir='ltr'><strong>caetera</strong></span> <span class='ocrx_word' id='word_1_206' title='bbox 2222 1447 2730 1504; x_wconf 79' lang='lat' dir='ltr'><strong>excommunicatus</strong></span> <span class='ocrx_word' id='word_1_207' title='bbox 2773 1458 2857 1504; x_wconf 88' lang='lat' dir='ltr'><strong>est</strong></span> <span class='ocrx_word' id='word_1_208' title='bbox 2900 1449 3463 1523; x_wconf 83' lang='lat' dir='ltr'><strong>Constantinopolita-</strong></span> 
     </span>
    </p>
   </div>
   <div class='ocr_carea' id='block_1_31' title="bbox 1880 1530 3465 1611">
    <p class='ocr_par' dir='ltr' id='par_1_31' title="bbox 1880 1530 3465 1611">
     <span class='ocr_line' id='line_1_31' title="bbox 1880 1530 3465 1611; baseline 0.008 -22"><span class='ocrx_word' id='word_1_209' title='bbox 1880 1550 1986 1590; x_wconf 90' lang='lat' dir='ltr'><strong>nus</strong></span> <span class='ocrx_word' id='word_1_210' title='bbox 2027 1530 2324 1606; x_wconf 78' lang='lat' dir='ltr'><strong>imperator</strong></span> <span class='ocrx_word' id='word_1_211' title='bbox 2355 1538 2522 1607; x_wconf 90' lang='lat' dir='ltr'><strong>(l8l).</strong></span> <span class='ocrx_word' id='word_1_212' title='bbox 2562 1537 2891 1595; x_wconf 83' lang='lat' dir='ltr'><strong>Juraverunt</strong></span> <span class='ocrx_word' id='word_1_213' title='bbox 2919 1556 3139 1611; x_wconf 89' lang='lat' dir='ltr'><strong>quoque</strong></span> <span class='ocrx_word' id='word_1_214' title='bbox 3184 1544 3237 1600; x_wconf 90' lang='lat' dir='ltr'><strong>in</strong></span> <span class='ocrx_word' id='word_1_215' title='bbox 3273 1545 3465 1602; x_wconf 88' lang='lat' dir='ltr'><strong>eadem</strong></span> 
     </span>
    </p>
   </div>
   <div class='ocr_carea' id='block_1_32' title="bbox 1881 1628 3465 1706">
    <p class='ocr_par' dir='ltr' id='par_1_32' title="bbox 1881 1628 3465 1706">
     <span class='ocr_line' id='line_1_32' title="bbox 1881 1628 3465 1706; baseline 0.008 -25"><span class='ocrx_word' id='word_1_216' title='bbox 1881 1628 2091 1699; x_wconf 83' lang='lat' dir='ltr'><strong>synodo</strong></span> <span class='ocrx_word' id='word_1_217' title='bbox 2118 1628 2282 1700; x_wconf 82' lang='lat' dir='ltr'><strong>legati</strong></span> <span class='ocrx_word' id='word_1_218' title='bbox 2320 1628 2540 1685; x_wconf 79' lang='lat' dir='ltr'><strong>Henriei</strong></span> <span class='ocrx_word' id='word_1_219' title='bbox 2574 1639 2629 1685; x_wconf 89' lang='lat' dir='ltr'><strong>et</strong></span> <span class='ocrx_word' id='word_1_220' title='bbox 2673 1630 2908 1697; x_wconf 81' lang='lat' dir='ltr'><strong>Rodulll,</strong></span> <span class='ocrx_word' id='word_1_221' title='bbox 2946 1634 3179 1704; x_wconf 85' lang='lat' dir='ltr'><strong>quisque</strong></span> <span class='ocrx_word' id='word_1_222' title='bbox 3221 1651 3322 1706; x_wconf 92' lang='lat' dir='ltr'><strong>pro</strong></span> <span class='ocrx_word' id='word_1_223' title='bbox 3362 1637 3465 1694; x_wconf 77' lang='lat' dir='ltr'><strong>do-</strong></span> 
     </span>
    </p>
   </div>
   <div class='ocr_carea' id='block_1_33' title="bbox 206 1719 3463 1798">
    <p class='ocr_par' dir='ltr' id='par_1_33' title="bbox 206 1719 3463 1798">
     <span class='ocr_line' id='line_1_33' title="bbox 206 1719 3463 1798; baseline 0.002 -20"><span class='ocrx_word' id='word_1_224' title='bbox 206 1725 298 1780; x_wconf 88' lang='lat' dir='ltr'><strong>nisi</strong></span> <span class='ocrx_word' id='word_1_225' title='bbox 329 1723 632 1793; x_wconf 88' lang='lat' dir='ltr'><strong>resipuerit</strong></span> <span class='ocrx_word' id='word_1_226' title='bbox 675 1732 735 1777; x_wconf 88' lang='lat' dir='ltr'><strong>et</strong></span> <span class='ocrx_word' id='word_1_227' title='bbox 758 1723 919 1793; x_wconf 88' lang='lat' dir='ltr'><strong>digne</strong></span> <span class='ocrx_word' id='word_1_228' title='bbox 968 1721 1081 1777; x_wconf 90' lang='lat' dir='ltr'><strong>Deo</strong></span> <span class='ocrx_word' id='word_1_229' title='bbox 1131 1721 1475 1777; x_wconf 82' lang='lat' dir='ltr'><strong>satisfecerit.</strong></span> <span class='ocrx_word' id='word_1_230' title='bbox 1533 1720 1777 1792; x_wconf 87' lang='lat' dir='ltr'><strong>Ugonem</strong></span> <span class='ocrx_word' id='word_1_231' title='bbox 1812 1732 1855 1787; x_wconf 82' lang='grc' dir='ltr'><strong>Β</strong></span> <span class='ocrx_word' id='word_1_232' title='bbox 1880 1719 2031 1774; x_wconf 91' lang='lat' dir='ltr'><strong>mino</strong></span> <span class='ocrx_word' id='word_1_233' title='bbox 2080 1736 2202 1786; x_wconf 92' lang='lat' dir='ltr'><strong>suo,</strong></span> <span class='ocrx_word' id='word_1_234' title='bbox 2237 1721 2383 1792; x_wconf 89' lang='lat' dir='ltr'><strong>quod</strong></span> <span class='ocrx_word' id='word_1_235' title='bbox 2432 1722 2597 1777; x_wconf 90' lang='lat' dir='ltr'><strong>nullis</strong></span> <span class='ocrx_word' id='word_1_236' title='bbox 2629 1722 2771 1777; x_wconf 91' lang='lat' dir='ltr'><strong>dolis</strong></span> <span class='ocrx_word' id='word_1_237' title='bbox 2797 1724 3129 1794; x_wconf 86' lang='lat' dir='ltr'><strong>colloquium</strong></span> <span class='ocrx_word' id='word_1_238' title='bbox 3163 1726 3463 1798; x_wconf 75' lang='lat' dir='ltr'><strong>legatorum</strong></span> 
     </span>
    </p>
   </div>
   <div class='ocr_carea' id='block_1_34' title="bbox 202 1813 1778 1885">
    <p class='ocr_par' dir='ltr' id='par_1_34' title="bbox 202 1813 1778 1885">
     <span class='ocr_line' id='line_1_34' title="bbox 202 1813 1778 1885; baseline 0.001 -16"><span class='ocrx_word' id='word_1_239' title='bbox 202 1813 536 1870; x_wconf 83' lang='lat' dir='ltr'><strong>Cardinalem</strong></span> <span class='ocrx_word' id='word_1_240' title='bbox 562 1815 647 1869; x_wconf 92' lang='lat' dir='ltr'><strong>tit.</strong></span> <span class='ocrx_word' id='word_1_241' title='bbox 684 1813 742 1869; x_wconf 90' lang='lat' dir='ltr'><strong>S.</strong></span> <span class='ocrx_word' id='word_1_242' title='bbox 772 1813 1089 1881; x_wconf 86' lang='lat' dir='ltr'><strong>Clementis,</strong></span> <span class='ocrx_word' id='word_1_243' title='bbox 1145 1815 1306 1870; x_wconf 88' lang='lat' dir='ltr'><strong>tertio</strong></span> <span class='ocrx_word' id='word_1_244' title='bbox 1357 1816 1427 1870; x_wconf 89' lang='lat' dir='ltr'><strong>ab</strong></span> <span class='ocrx_word' id='word_1_245' title='bbox 1469 1814 1778 1885; x_wconf 84' lang='lat' dir='ltr'><strong>Apostolica</strong></span> 
     </span>
    </p>
   </div>
   <div class='ocr_carea' id='block_1_35' title="bbox 204 1903 1780 1975">
    <p class='ocr_par' dir='ltr' id='par_1_35' title="bbox 204 1903 1780 1975">
     <span class='ocr_line' id='line_1_35' title="bbox 204 1903 1780 1975; baseline 0.002 -16"><span class='ocrx_word' id='word_1_246' title='bbox 204 1903 329 1960; x_wconf 87' lang='lat' dir='ltr'><strong>Sede</strong></span> <span class='ocrx_word' id='word_1_247' title='bbox 351 1905 704 1970; x_wconf 88' lang='lat' dir='ltr'><strong>damnatum,</strong></span> <span class='ocrx_word' id='word_1_248' title='bbox 732 1920 800 1960; x_wconf 92' lang='lat' dir='ltr'><strong>eo</strong></span> <span class='ocrx_word' id='word_1_249' title='bbox 824 1904 968 1975; x_wconf 79' lang='lat' dir='ltr'><strong>quol</strong></span> <span class='ocrx_word' id='word_1_250' title='bbox 988 1905 1262 1975; x_wconf 88' lang='lat' dir='ltr'><strong>aspirator</strong></span> <span class='ocrx_word' id='word_1_251' title='bbox 1284 1914 1341 1961; x_wconf 89' lang='lat' dir='ltr'><strong>et</strong></span> <span class='ocrx_word' id='word_1_252' title='bbox 1377 1906 1563 1961; x_wconf 89' lang='lat' dir='ltr'><strong>socius</strong></span> <span class='ocrx_word' id='word_1_253' title='bbox 1602 1905 1780 1963; x_wconf 87' lang='lat' dir='ltr'><strong>factus</strong></span> 
     </span>
    </p>
   </div>
   <div class='ocr_carea' id='block_1_36' title="bbox 204 1993 1781 2067">
    <p class='ocr_par' dir='ltr' id='par_1_36' title="bbox 204 1993 1781 2067">
     <span class='ocr_line' id='line_1_36' title="bbox 204 1993 1781 2067; baseline 0.001 -17"><span class='ocrx_word' id='word_1_254' title='bbox 204 1996 414 2051; x_wconf 66' lang='lat' dir='ltr'><strong>heresis</strong></span> <span class='ocrx_word' id='word_1_255' title='bbox 434 1993 637 2051; x_wconf 85' lang='lat' dir='ltr'><strong>Caduli</strong></span> <span class='ocrx_word' id='word_1_256' title='bbox 669 1996 988 2050; x_wconf 86' lang='lat' dir='ltr'><strong>Parmensis</strong></span> <span class='ocrx_word' id='word_1_257' title='bbox 1015 1993 1298 2066; x_wconf 86' lang='lat' dir='ltr'><strong>Episcopi;</strong></span> <span class='ocrx_word' id='word_1_258' title='bbox 1326 1996 1401 2067; x_wconf 93' lang='lat' dir='ltr'><strong>(et</strong></span> <span class='ocrx_word' id='word_1_259' title='bbox 1428 1996 1623 2051; x_wconf 87' lang='lat' dir='ltr'><strong>iterum</strong></span> <span class='ocrx_word' id='word_1_260' title='bbox 1648 2011 1781 2051; x_wconf 83' lang='lat' dir='ltr'><strong>con-</strong></span> 
     </span>
    </p>
   </div>
   <div class='ocr_carea' id='block_1_37' title="bbox 203 2086 1781 2160">
    <p class='ocr_par' dir='ltr' id='par_1_37' title="bbox 203 2086 1781 2160">
     <span class='ocr_line' id='line_1_37' title="bbox 203 2086 1781 2160; baseline 0 -17"><span class='ocrx_word' id='word_1_261' title='bbox 203 2090 411 2143; x_wconf 88' lang='lat' dir='ltr'><strong>stitutus</strong></span> <span class='ocrx_word' id='word_1_262' title='bbox 443 2087 690 2160; x_wconf 78' lang='lat' dir='ltr'><strong>Legatus</strong></span> <span class='ocrx_word' id='word_1_263' title='bbox 715 2088 1028 2158; x_wconf 80' lang='lat' dir='ltr'><strong>Apostolica</strong></span> <span class='ocrx_word' id='word_1_264' title='bbox 1066 2086 1205 2143; x_wconf 87' lang='lat' dir='ltr'><strong>Sede</strong></span> <span class='ocrx_word' id='word_1_265' title='bbox 1231 2089 1507 2144; x_wconf 90' lang='lat' dir='ltr'><strong>damnatis</strong></span> <span class='ocrx_word' id='word_1_266' title='bbox 1548 2104 1606 2144; x_wconf 91' lang='lat' dir='ltr'><strong>se</strong></span> <span class='ocrx_word' id='word_1_267' title='bbox 1649 2104 1781 2143; x_wconf 89' lang='lat' dir='ltr'><strong>con-</strong></span> 
     </span>
    </p>
   </div>
   <div class='ocr_carea' id='block_1_38' title="bbox 206 2180 1783 2251">
    <p class='ocr_par' dir='ltr' id='par_1_38' title="bbox 206 2180 1783 2251">
     <span class='ocr_line' id='line_1_38' title="bbox 206 2180 1783 2251; baseline -0.001 -15"><span class='ocrx_word' id='word_1_268' title='bbox 206 2181 393 2248; x_wconf 73' lang='lat' dir='ltr'><strong>iunxit;</strong></span> <span class='ocrx_word' id='word_1_269' title='bbox 419 2190 475 2236; x_wconf 89' lang='lat' dir='ltr'><strong>et</strong></span> <span class='ocrx_word' id='word_1_270' title='bbox 498 2182 664 2237; x_wconf 89' lang='lat' dir='ltr'><strong>tertio</strong></span> <span class='ocrx_word' id='word_1_271' title='bbox 689 2180 866 2236; x_wconf 85' lang='lat' dir='ltr'><strong>factus</strong></span> <span class='ocrx_word' id='word_1_272' title='bbox 896 2190 1141 2251; x_wconf 88' lang='lat' dir='ltr'><strong>apostata</strong></span> <span class='ocrx_word' id='word_1_273' title='bbox 1163 2190 1217 2235; x_wconf 90' lang='lat' dir='ltr'><strong>et</strong></span> <span class='ocrx_word' id='word_1_274' title='bbox 1237 2181 1621 2248; x_wconf 70' lang='lat' dir='ltr'><strong>haeresiarcha,</strong></span> <span class='ocrx_word' id='word_1_275' title='bbox 1643 2183 1783 2237; x_wconf 89' lang='lat' dir='ltr'><strong>schi-</strong></span> 
     </span>
    </p>
   </div>
   <div class='ocr_carea' id='block_1_39' title="bbox 205 2269 1779 2343">
    <p class='ocr_par' dir='ltr' id='par_1_39' title="bbox 205 2269 1779 2343">
     <span class='ocr_line' id='line_1_39' title="bbox 205 2269 1779 2343; baseline 0 -17"><span class='ocrx_word' id='word_1_276' title='bbox 205 2282 365 2328; x_wconf 83' lang='lat' dir='ltr'><strong>smata</strong></span> <span class='ocrx_word' id='word_1_277' title='bbox 398 2282 454 2328; x_wconf 87' lang='lat' dir='ltr'><strong>et</strong></span> <span class='ocrx_word' id='word_1_278' title='bbox 474 2272 781 2328; x_wconf 78' lang='lat' dir='ltr'><strong>divisiones</strong></span> <span class='ocrx_word' id='word_1_279' title='bbox 806 2281 969 2343; x_wconf 91' lang='lat' dir='ltr'><strong>atque</strong></span> <span class='ocrx_word' id='word_1_280' title='bbox 993 2272 1265 2328; x_wconf 90' lang='lat' dir='ltr'><strong>scissuras</strong></span> <span class='ocrx_word' id='word_1_281' title='bbox 1289 2272 1343 2327; x_wconf 92' lang='lat' dir='ltr'><strong>in</strong></span> <span class='ocrx_word' id='word_1_282' title='bbox 1388 2269 1630 2328; x_wconf 87' lang='lat' dir='ltr'><strong>Ecclesia</strong></span> <span class='ocrx_word' id='word_1_283' title='bbox 1661 2270 1779 2339; x_wconf 87' lang='lat' dir='ltr'><strong>Dei,</strong></span> 
     </span>
    </p>
   </div>
   <div class='ocr_carea' id='block_1_40' title="bbox 205 2362 1782 2431">
    <p class='ocr_par' dir='ltr' id='par_1_40' title="bbox 205 2362 1782 2431">
     <span class='ocr_line' id='line_1_40' title="bbox 205 2362 1782 2431; baseline -0.002 -11"><span class='ocrx_word' id='word_1_284' title='bbox 205 2375 409 2421; x_wconf 84' lang='lat' dir='ltr'><strong>tentans</strong></span> <span class='ocrx_word' id='word_1_285' title='bbox 427 2381 552 2420; x_wconf 89' lang='lat' dir='ltr'><strong>eam</strong></span> <span class='ocrx_word' id='word_1_286' title='bbox 577 2363 851 2431; x_wconf 85' lang='lat' dir='ltr'><strong>scindere,</strong></span> <span class='ocrx_word' id='word_1_287' title='bbox 884 2362 1040 2431; x_wconf 88' lang='lat' dir='ltr'><strong>fecit;</strong></span> <span class='ocrx_word' id='word_1_288' title='bbox 1075 2364 1145 2418; x_wconf 90' lang='lat' dir='ltr'><strong>ab</strong></span> <span class='ocrx_word' id='word_1_289' title='bbox 1169 2363 1319 2419; x_wconf 89' lang='lat' dir='ltr'><strong>omni</strong></span> <span class='ocrx_word' id='word_1_290' title='bbox 1340 2362 1676 2419; x_wconf 89' lang='lat' dir='ltr'><strong>Sacerdotali</strong></span> <span class='ocrx_word' id='word_1_291' title='bbox 1699 2362 1782 2417; x_wconf 43' lang='lat' dir='ltr'><strong>of.</strong></span> 
     </span>
    </p>
   </div>
   <div class='ocr_carea' id='block_1_41' title="bbox 208 2454 1783 2529">
    <p class='ocr_par' dir='ltr' id='par_1_41' title="bbox 208 2454 1783 2529">
     <span class='ocr_line' id='line_1_41' title="bbox 208 2454 1783 2529; baseline -0.003 -15"><span class='ocrx_word' id='word_1_292' title='bbox 208 2459 317 2515; x_wconf 79' lang='lat' dir='ltr'><strong>ﬂcio</strong></span> <span class='ocrx_word' id='word_1_293' title='bbox 339 2459 593 2529; x_wconf 78' lang='lat' dir='ltr'><strong>privavit,</strong></span> <span class='ocrx_word' id='word_1_294' title='bbox 618 2464 673 2512; x_wconf 89' lang='lat' dir='ltr'><strong>et</strong></span> <span class='ocrx_word' id='word_1_295' title='bbox 697 2465 810 2511; x_wconf 88' lang='lat' dir='ltr'><strong>tam</strong></span> <span class='ocrx_word' id='word_1_296' title='bbox 842 2457 911 2511; x_wconf 90' lang='lat' dir='ltr'><strong>ab</strong></span> <span class='ocrx_word' id='word_1_297' title='bbox 936 2456 1185 2527; x_wconf 89' lang='lat' dir='ltr'><strong>ingressu</strong></span> <span class='ocrx_word' id='word_1_298' title='bbox 1206 2463 1261 2510; x_wconf 91' lang='lat' dir='ltr'><strong>et</strong></span> <span class='ocrx_word' id='word_1_299' title='bbox 1285 2456 1493 2510; x_wconf 88' lang='lat' dir='ltr'><strong>honore</strong></span> <span class='ocrx_word' id='word_1_300' title='bbox 1516 2454 1783 2526; x_wconf 70' lang='lat' dir='ltr'><strong>pmdictte</strong></span> 
     </span>
    </p>
   </div>
   <div class='ocr_carea' id='block_1_42' title="bbox 210 2545 1783 2621">
    <p class='ocr_par' dir='ltr' id='par_1_42' title="bbox 210 2545 1783 2621">
     <span class='ocr_line' id='line_1_42' title="bbox 210 2545 1783 2621; baseline -0.003 -15"><span class='ocrx_word' id='word_1_301' title='bbox 210 2549 469 2615; x_wconf 75' lang='lat' dir='ltr'><strong>Ecclesiae,</strong></span> <span class='ocrx_word' id='word_1_302' title='bbox 493 2566 665 2621; x_wconf 90' lang='lat' dir='ltr'><strong>quam</strong></span> <span class='ocrx_word' id='word_1_303' title='bbox 698 2549 945 2604; x_wconf 91' lang='lat' dir='ltr'><strong>omnium</strong></span> <span class='ocrx_word' id='word_1_304' title='bbox 978 2545 1346 2603; x_wconf 89' lang='lat' dir='ltr'><strong>Ecclesiarum</strong></span> <span class='ocrx_word' id='word_1_305' title='bbox 1386 2547 1489 2601; x_wconf 89' lang='lat' dir='ltr'><strong>sub</strong></span> <span class='ocrx_word' id='word_1_306' title='bbox 1522 2553 1783 2616; x_wconf 87' lang='lat' dir='ltr'><strong>perpetua</strong></span> 
     </span>
    </p>
   </div>
   <div class='ocr_carea' id='block_1_43' title="bbox 207 2637 1785 2709">
    <p class='ocr_par' dir='ltr' id='par_1_43' title="bbox 207 2637 1785 2709">
     <span class='ocr_line' id='line_1_43' title="bbox 207 2637 1785 2709; baseline -0.004 -9"><span class='ocrx_word' id='word_1_307' title='bbox 207 2653 255 2700; x_wconf 84' lang='lat' dir='ltr'><strong>et</strong></span> <span class='ocrx_word' id='word_1_308' title='bbox 281 2642 624 2698; x_wconf 73' lang='lat' dir='ltr'><strong>irrevocabili</strong></span> <span class='ocrx_word' id='word_1_309' title='bbox 647 2640 918 2695; x_wconf 89' lang='lat' dir='ltr'><strong>sententia</strong></span> <span class='ocrx_word' id='word_1_310' title='bbox 946 2639 1240 2705; x_wconf 82' lang='lat' dir='ltr'><strong>submovit,</strong></span> <span class='ocrx_word' id='word_1_311' title='bbox 1266 2638 1342 2709; x_wconf 91' lang='lat' dir='ltr'><strong>et)</strong></span> <span class='ocrx_word' id='word_1_312' title='bbox 1378 2653 1552 2709; x_wconf 90' lang='lat' dir='ltr'><strong>usque</strong></span> <span class='ocrx_word' id='word_1_313' title='bbox 1587 2637 1654 2693; x_wconf 87' lang='lat' dir='ltr'><strong>ad</strong></span> <span class='ocrx_word' id='word_1_314' title='bbox 1695 2652 1785 2693; x_wconf 86' lang='lat' dir='ltr'><strong>sa-</strong></span> 
     </span>
    </p>
   </div>
   <div class='ocr_carea' id='block_1_44' title="bbox 209 2731 1783 2805">
    <p class='ocr_par' dir='ltr' id='par_1_44' title="bbox 209 2731 1783 2805">
     <span class='ocr_line' id='line_1_44' title="bbox 209 2731 1783 2805; baseline -0.002 -15"><span class='ocrx_word' id='word_1_315' title='bbox 209 2733 561 2790; x_wconf 84' lang='lat' dir='ltr'><strong>tisfactionem</strong></span> <span class='ocrx_word' id='word_1_316' title='bbox 587 2733 938 2790; x_wconf 82' lang='lat' dir='ltr'><strong>anathemate</strong></span> <span class='ocrx_word' id='word_1_317' title='bbox 961 2734 1250 2805; x_wconf 89' lang='lat' dir='ltr'><strong>percussit.</strong></span> <span class='ocrx_word' id='word_1_318' title='bbox 1270 2731 1594 2805; x_wconf 78' lang='lat' dir='ltr'><strong>(Benovavit</strong></span> <span class='ocrx_word' id='word_1_319' title='bbox 1618 2733 1783 2788; x_wconf 83' lang='lat' dir='ltr'><strong>etiam</strong></span> 
     </span>
    </p>
   </div>
   <div class='ocr_carea' id='block_1_45' title="bbox 211 2823 1785 2896">
    <p class='ocr_par' dir='ltr' id='par_1_45' title="bbox 211 2823 1785 2896">
     <span class='ocr_line' id='line_1_45' title="bbox 211 2823 1785 2896; baseline -0.003 -13"><span class='ocrx_word' id='word_1_320' title='bbox 211 2824 825 2883; x_wconf 71' lang='lat' dir='ltr'><strong>excommunicationem</strong></span> <span class='ocrx_word' id='word_1_321' title='bbox 855 2840 886 2880; x_wconf 91' lang='lat' dir='ltr'><strong>a</strong></span> <span class='ocrx_word' id='word_1_322' title='bbox 906 2825 1398 2896; x_wconf 67' lang='lat' dir='ltr'><strong>prmdecessoribus</strong></span> <span class='ocrx_word' id='word_1_323' title='bbox 1411 2823 1610 2880; x_wconf 85' lang='lat' dir='ltr'><strong>factam</strong></span> <span class='ocrx_word' id='word_1_324' title='bbox 1624 2839 1785 2893; x_wconf 82' lang='lat' dir='ltr'><strong>super</strong></span> 
     </span>
    </p>
   </div>
   <div class='ocr_carea' id='block_1_46' title="bbox 213 2914 1786 2986">
    <p class='ocr_par' dir='ltr' id='par_1_46' title="bbox 213 2914 1786 2986">
     <span class='ocr_line' id='line_1_46' title="bbox 213 2914 1786 2986; baseline -0.001 -14"><span class='ocrx_word' id='word_1_325' title='bbox 213 2916 532 2973; x_wconf 84' lang='lat' dir='ltr'><strong>Gaufredum</strong></span> <span class='ocrx_word' id='word_1_326' title='bbox 545 2915 1030 2986; x_wconf 81' lang='lat' dir='ltr'><strong>Archiepiscopum</strong></span> <span class='ocrx_word' id='word_1_327' title='bbox 1043 2914 1476 2983; x_wconf 83' lang='lat' dir='ltr'><strong>Narbonensem,</strong></span> <span class='ocrx_word' id='word_1_328' title='bbox 1500 2925 1554 2972; x_wconf 89' lang='lat' dir='ltr'><strong>et</strong></span> <span class='ocrx_word' id='word_1_329' title='bbox 1579 2917 1786 2986; x_wconf 88' lang='lat' dir='ltr'><strong>absque</strong></span> 
     </span>
    </p>
   </div>
   <div class='ocr_carea' id='block_1_47' title="bbox 214 3002 1787 3076">
    <p class='ocr_par' dir='ltr' id='par_1_47' title="bbox 214 3002 1787 3076">
     <span class='ocr_line' id='line_1_47' title="bbox 214 3002 1787 3076; baseline -0.001 -16"><span class='ocrx_word' id='word_1_330' title='bbox 214 3007 306 3061; x_wconf 82' lang='lat' dir='ltr'><strong>ulla</strong></span> <span class='ocrx_word' id='word_1_331' title='bbox 326 3005 764 3076; x_wconf 88' lang='lat' dir='ltr'><strong>recuperationis</strong></span> <span class='ocrx_word' id='word_1_332' title='bbox 796 3020 893 3075; x_wconf 88' lang='lat' dir='ltr'><strong>spe</strong></span> <span class='ocrx_word' id='word_1_333' title='bbox 915 3005 985 3060; x_wconf 92' lang='lat' dir='ltr'><strong>ab</strong></span> <span class='ocrx_word' id='word_1_334' title='bbox 1006 3004 1311 3076; x_wconf 89' lang='lat' dir='ltr'><strong>Episcopali</strong></span> <span class='ocrx_word' id='word_1_335' title='bbox 1339 3002 1526 3061; x_wconf 85' lang='lat' dir='ltr'><strong>OlIicio</strong></span> <span class='ocrx_word' id='word_1_336' title='bbox 1545 3021 1672 3060; x_wconf 88' lang='lat' dir='ltr'><strong>eum</strong></span> <span class='ocrx_word' id='word_1_337' title='bbox 1694 3021 1787 3059; x_wconf 84' lang='lat' dir='ltr'><strong>su-</strong></span> 
     </span>
    </p>
   </div>
   <div class='ocr_carea' id='block_1_48' title="bbox 215 3075 1857 3167">
    <p class='ocr_par' dir='ltr' id='par_1_48' title="bbox 215 3075 1857 3167">
     <span class='ocr_line' id='line_1_48' title="bbox 215 3075 1857 3167; baseline -0.003 -14"><span class='ocrx_word' id='word_1_338' title='bbox 215 3075 517 3167; x_wconf 70' lang='lat' dir='ltr'><strong>bmoviL)...</strong></span> <span class='ocrx_word' id='word_1_339' title='bbox 550 3095 699 3167; x_wconf 87' lang='grc'>(178)</span> <span class='ocrx_word' id='word_1_340' title='bbox 724 3075 1205 3165; x_wconf 77' lang='lat' dir='ltr'><strong>ExpletoConcilio</strong></span> <span class='ocrx_word' id='word_1_341' title='bbox 1227 3093 1611 3149; x_wconf 90' lang='lat' dir='ltr'><strong>misitnuntios</strong></span> <span class='ocrx_word' id='word_1_342' title='bbox 1635 3108 1786 3160; x_wconf 89' lang='lat' dir='ltr'><strong>suos,</strong></span> <span class='ocrx_word' id='word_1_343' title='bbox 1816 3075 1857 3132; x_wconf 76' lang='grc' dir='ltr'>ο</span> 
     </span>
    </p>
   </div>
   <div class='ocr_carea' id='block_1_49' title="bbox 216 3184 1788 3258">
    <p class='ocr_par' dir='ltr' id='par_1_49' title="bbox 216 3184 1788 3258">
     <span class='ocr_line' id='line_1_49' title="bbox 216 3184 1788 3258; baseline -0.005 -12"><span class='ocrx_word' id='word_1_344' title='bbox 216 3190 444 3246; x_wconf 77' lang='lat' dir='ltr'><strong>videlicet</strong></span> <span class='ocrx_word' id='word_1_345' title='bbox 470 3188 816 3244; x_wconf 83' lang='lat' dir='ltr'><strong>Bernardum</strong></span> <span class='ocrx_word' id='word_1_346' title='bbox 841 3187 989 3258; x_wconf 89' lang='grc'>(179)</span> <span class='ocrx_word' id='word_1_347' title='bbox 1016 3185 1314 3242; x_wconf 89' lang='lat' dir='ltr'><strong>Diaconum</strong></span> <span class='ocrx_word' id='word_1_348' title='bbox 1368 3194 1424 3241; x_wconf 87' lang='lat' dir='ltr'><strong>et</strong></span> <span class='ocrx_word' id='word_1_349' title='bbox 1450 3184 1788 3242; x_wconf 88' lang='lat' dir='ltr'><strong>Bernardnm</strong></span> 
     </span>
    </p>
   </div>
   <div class='ocr_carea' id='block_1_50' title="bbox 220 3274 1789 3349">
    <p class='ocr_par' dir='ltr' id='par_1_50' title="bbox 220 3274 1789 3349">
     <span class='ocr_line' id='line_1_50' title="bbox 220 3274 1789 3349; baseline -0.002 -16"><span class='ocrx_word' id='word_1_350' title='bbox 220 3278 598 3334; x_wconf 74' lang='lat' dir='ltr'><strong>lassiliensem</strong></span> <span class='ocrx_word' id='word_1_351' title='bbox 621 3277 892 3333; x_wconf 77' lang='lat' dir='ltr'><strong>Abbatem</strong></span> <span class='ocrx_word' id='word_1_352' title='bbox 928 3275 1098 3349; x_wconf 87' lang='grc'>(180),</span> <span class='ocrx_word' id='word_1_353' title='bbox 1125 3291 1251 3333; x_wconf 90' lang='lat' dir='ltr'><strong>cum</strong></span> <span class='ocrx_word' id='word_1_354' title='bbox 1274 3274 1466 3332; x_wconf 84' lang='lat' dir='ltr'><strong>Udone</strong></span> <span class='ocrx_word' id='word_1_355' title='bbox 1490 3274 1789 3331; x_wconf 90' lang='lat' dir='ltr'><strong>Treveren-</strong></span> 
     </span>
    </p>
   </div>
   <div class='ocr_carea' id='block_1_51' title="bbox 223 3367 1790 3441">
    <p class='ocr_par' dir='ltr' id='par_1_51' title="bbox 223 3367 1790 3441">
     <span class='ocr_line' id='line_1_51' title="bbox 223 3367 1790 3441; baseline -0.003 -14"><span class='ocrx_word' id='word_1_356' title='bbox 223 3371 261 3427; x_wconf 75' lang='lat' dir='ltr'><strong>si</strong></span> <span class='ocrx_word' id='word_1_357' title='bbox 284 3371 725 3441; x_wconf 79' lang='lat' dir='ltr'><strong>Archiepiscopo,</strong></span> <span class='ocrx_word' id='word_1_358' title='bbox 762 3370 831 3425; x_wconf 90' lang='lat' dir='ltr'><strong>ad</strong></span> <span class='ocrx_word' id='word_1_359' title='bbox 851 3369 1282 3440; x_wconf 90' lang='lat' dir='ltr'><strong>componendam</strong></span> <span class='ocrx_word' id='word_1_360' title='bbox 1296 3385 1484 3440; x_wconf 90' lang='lat' dir='ltr'><strong>pacem</strong></span> <span class='ocrx_word' id='word_1_361' title='bbox 1507 3385 1631 3424; x_wconf 90' lang='lat' dir='ltr'><strong>cum</strong></span> <span class='ocrx_word' id='word_1_362' title='bbox 1647 3367 1790 3441; x_wconf 86' lang='lat' dir='ltr'><strong>Rege</strong></span> 
     </span>
    </p>
   </div>
   <div class='ocr_carea' id='block_1_52' title="bbox 224 3456 1790 3530">
    <p class='ocr_par' dir='ltr' id='par_1_52' title="bbox 224 3456 1790 3530">
     <span class='ocr_line' id='line_1_52' title="bbox 224 3456 1790 3530; baseline 0 -17"><span class='ocrx_word' id='word_1_363' title='bbox 224 3456 824 3528; x_wconf 80' lang='lat' dir='ltr'><strong>llenricoetRodulpho,</strong></span> <span class='ocrx_word' id='word_1_364' title='bbox 850 3473 1013 3528; x_wconf 90' lang='lat' dir='ltr'><strong>quem</strong></span> <span class='ocrx_word' id='word_1_365' title='bbox 1036 3456 1319 3513; x_wconf 86' lang='lat' dir='ltr'><strong>Teutonici</strong></span> <span class='ocrx_word' id='word_1_366' title='bbox 1341 3458 1444 3513; x_wconf 90' lang='lat' dir='ltr'><strong>sibi</strong></span> <span class='ocrx_word' id='word_1_367' title='bbox 1457 3456 1655 3530; x_wconf 81' lang='lat' dir='ltr'><strong>Regem</strong></span> <span class='ocrx_word' id='word_1_368' title='bbox 1680 3458 1790 3513; x_wconf 85' lang='lat' dir='ltr'><strong>ele-</strong></span> 
     </span>
    </p>
   </div>
   <div class='ocr_carea' id='block_1_53' title="bbox 224 3546 1789 3621">
    <p class='ocr_par' dir='ltr' id='par_1_53' title="bbox 224 3546 1789 3621">
     <span class='ocr_line' id='line_1_53' title="bbox 224 3546 1789 3621; baseline 0 -16"><span class='ocrx_word' id='word_1_369' title='bbox 224 3560 414 3621; x_wconf 80' lang='lat' dir='ltr'><strong>gerant;</strong></span> <span class='ocrx_word' id='word_1_370' title='bbox 444 3550 816 3620; x_wconf 67' lang='lat' dir='ltr'><strong>praecepitque</strong></span> <span class='ocrx_word' id='word_1_371' title='bbox 834 3549 919 3603; x_wconf 91' lang='lat' dir='ltr'><strong>eis</strong></span> <span class='ocrx_word' id='word_1_372' title='bbox 942 3556 1001 3603; x_wconf 93' lang='lat' dir='ltr'><strong>ut</strong></span> <span class='ocrx_word' id='word_1_373' title='bbox 1034 3546 1222 3604; x_wconf 90' lang='lat' dir='ltr'><strong>stricte</strong></span> <span class='ocrx_word' id='word_1_374' title='bbox 1241 3547 1632 3615; x_wconf 80' lang='lat' dir='ltr'><strong>discernerent,</strong></span> <span class='ocrx_word' id='word_1_375' title='bbox 1664 3549 1789 3619; x_wconf 89' lang='lat' dir='ltr'><strong>quis</strong></span> 
     </span>
    </p>
   </div>
   <div class='ocr_carea' id='block_1_54' title="bbox 225 3638 1789 3710">
    <p class='ocr_par' dir='ltr' id='par_1_54' title="bbox 225 3638 1789 3710">
     <span class='ocr_line' id='line_1_54' title="bbox 225 3638 1789 3710; baseline -0.001 -15"><span class='ocrx_word' id='word_1_376' title='bbox 225 3657 277 3695; x_wconf 80' lang='lat' dir='ltr'><strong>ex</strong></span> <span class='ocrx_word' id='word_1_377' title='bbox 294 3641 502 3695; x_wconf 85' lang='lat' dir='ltr'><strong>duobus</strong></span> <span class='ocrx_word' id='word_1_378' title='bbox 522 3639 790 3709; x_wconf 81' lang='lat' dir='ltr'><strong>majorem</strong></span> <span class='ocrx_word' id='word_1_379' title='bbox 819 3638 1044 3694; x_wconf 91' lang='lat' dir='ltr'><strong>haberet</strong></span> <span class='ocrx_word' id='word_1_380' title='bbox 1059 3638 1360 3709; x_wconf 87' lang='lat' dir='ltr'><strong>justitiam;</strong></span> <span class='ocrx_word' id='word_1_381' title='bbox 1387 3646 1443 3693; x_wconf 89' lang='lat' dir='ltr'><strong>et</strong></span> <span class='ocrx_word' id='word_1_382' title='bbox 1462 3639 1789 3710; x_wconf 89' lang='lat' dir='ltr'><strong>cuicumque</strong></span> 
     </span>
    </p>
   </div>
   <div class='ocr_carea' id='block_1_55' title="bbox 225 3728 1785 3802">
    <p class='ocr_par' dir='ltr' id='par_1_55' title="bbox 225 3728 1785 3802">
     <span class='ocr_line' id='line_1_55' title="bbox 225 3728 1785 3802; baseline 0 -16"><span class='ocrx_word' id='word_1_383' title='bbox 225 3733 404 3802; x_wconf 82' lang='lat' dir='ltr'><strong>iustitia</strong></span> <span class='ocrx_word' id='word_1_384' title='bbox 434 3740 791 3802; x_wconf 88' lang='lat' dir='ltr'><strong>competeret,</strong></span> <span class='ocrx_word' id='word_1_385' title='bbox 818 3728 1079 3802; x_wconf 83' lang='lat' dir='ltr'><strong>illiRegni</strong></span> <span class='ocrx_word' id='word_1_386' title='bbox 1090 3730 1457 3802; x_wconf 88' lang='lat' dir='ltr'><strong>gubernacula</strong></span> <span class='ocrx_word' id='word_1_387' title='bbox 1481 3731 1785 3787; x_wconf 86' lang='lat' dir='ltr'><strong>traderent:</strong></span> 
     </span>
    </p>
   </div>
   <div class='ocr_carea' id='block_1_56' title="bbox 226 3822 1786 3896">
    <p class='ocr_par' dir='ltr' id='par_1_56' title="bbox 226 3822 1786 3896">
     <span class='ocr_line' id='line_1_56' title="bbox 226 3822 1786 3896; baseline 0.002 -19"><span class='ocrx_word' id='word_1_388' title='bbox 226 3824 327 3896; x_wconf 77' lang='lat' dir='ltr'><strong>quia</strong></span> <span class='ocrx_word' id='word_1_389' title='bbox 348 3823 550 3894; x_wconf 88' lang='lat' dir='ltr'><strong>justior</strong></span> <span class='ocrx_word' id='word_1_390' title='bbox 573 3838 705 3894; x_wconf 87' lang='lat' dir='ltr'><strong>pars</strong></span> <span class='ocrx_word' id='word_1_391' title='bbox 731 3823 969 3892; x_wconf 87' lang='lat' dir='ltr'><strong>amplius</strong></span> <span class='ocrx_word' id='word_1_392' title='bbox 1001 3823 1068 3878; x_wconf 90' lang='lat' dir='ltr'><strong>de</strong></span> <span class='ocrx_word' id='word_1_393' title='bbox 1092 3822 1204 3879; x_wconf 89' lang='lat' dir='ltr'><strong>Deo</strong></span> <span class='ocrx_word' id='word_1_394' title='bbox 1250 3823 1525 3881; x_wconf 81' lang='lat' dir='ltr'><strong>conﬁdere</strong></span> <span class='ocrx_word' id='word_1_395' title='bbox 1586 3833 1786 3895; x_wconf 89' lang='lat' dir='ltr'><strong>potest,</strong></span> 
     </span>
    </p>
   </div>
   <div class='ocr_carea' id='block_1_57' title="bbox 224 3912 1423 3990">
    <p class='ocr_par' dir='ltr' id='par_1_57' title="bbox 224 3912 1423 3990">
     <span class='ocr_line' id='line_1_57' title="bbox 224 3912 1423 3990; baseline -0.003 -19"><span class='ocrx_word' id='word_1_396' title='bbox 224 3927 268 3971; x_wconf 85' lang='lat' dir='ltr'><strong>et</strong></span> <span class='ocrx_word' id='word_1_397' title='bbox 282 3924 545 3990; x_wconf 86' lang='lat' dir='ltr'><strong>potestate</strong></span> <span class='ocrx_word' id='word_1_398' title='bbox 572 3915 633 3973; x_wconf 88' lang='grc' dir='ltr'><strong>Β.</strong></span> <span class='ocrx_word' id='word_1_399' title='bbox 657 3913 807 3970; x_wconf 87' lang='lat' dir='ltr'><strong>Petri</strong></span> <span class='ocrx_word' id='word_1_400' title='bbox 829 3912 1056 3968; x_wconf 92' lang='lat' dir='ltr'><strong>omnino</strong></span> <span class='ocrx_word' id='word_1_401' title='bbox 1080 3914 1186 3969; x_wconf 88' lang='lat' dir='ltr'><strong>erit</strong></span> <span class='ocrx_word' id='word_1_402' title='bbox 1214 3913 1423 3984; x_wconf 84' lang='lat' dir='ltr'><strong>adjuta.</strong></span> 
     </span>
    </p>
   </div>
   <div class='ocr_carea' id='block_1_58' title="bbox 838 4016 1166 4079">
    <p class='ocr_par' dir='ltr' id='par_1_58' title="bbox 838 4016 1166 4079">
     <span class='ocr_line' id='line_1_58' title="bbox 838 4016 1166 4079; baseline -0.003 0"><span class='ocrx_word' id='word_1_403' title='bbox 838 4016 1068 4079; x_wconf 82' lang='lat' dir='ltr'><strong>CAPUT</strong></span> <span class='ocrx_word' id='word_1_404' title='bbox 1103 4021 1166 4078; x_wconf 89' lang='lat' dir='ltr'><strong>ll.</strong></span> 
     </span>
    </p>
   </div>
   <div class='ocr_carea' id='block_1_59' title="bbox 228 4113 1790 4239">
    <p class='ocr_par' dir='ltr' id='par_1_59' title="bbox 228 4113 1790 4239">
     <span class='ocr_line' id='line_1_59' title="bbox 228 4113 1790 4239; baseline -0.001 -66"><span class='ocrx_word' id='word_1_405' title='bbox 228 4121 391 4176; x_wconf 71' lang='lat' dir='ltr'><strong>Plures</strong></span> <span class='ocrx_word' id='word_1_406' title='bbox 442 4119 644 4191; x_wconf 70' lang='grc' dir='ltr'><strong>ἐνποάὶ</strong></span> <span class='ocrx_word' id='word_1_407' title='bbox 694 4118 924 4239; x_wconf 55' lang='lat' dir='ltr'><strong>reliquo].</strong></span> <span class='ocrx_word' id='word_1_408' title='bbox 956 4113 1192 4239; x_wconf 49' lang='lat' dir='ltr'><strong>ggegorii</strong></span> <span class='ocrx_word' id='word_1_409' title='bbox 1236 4116 1549 4187; x_wconf 75' lang='lat' dir='ltr'><strong>pontiﬁcatu</strong></span> <span class='ocrx_word' id='word_1_410' title='bbox 1604 4117 1669 4171; x_wconf 82' lang='lat' dir='ltr'><strong>ab</strong></span> <span class='ocrx_word' id='word_1_411' title='bbox 1729 4134 1790 4172; x_wconf 79' lang='lat' dir='ltr'><strong>eo</strong></span> 
     </span>
     <span class='ocr_line' id='line_1_60' title="bbox 928 4202 1089 4239; baseline 0 0"><span class='ocrx_word' id='word_1_412' title='bbox 928 4203 959 4239; x_wconf 89' lang='lat' dir='ltr'><strong>a</strong></span> <span class='ocrx_word' id='word_1_413' title='bbox 1043 4202 1089 4239; x_wconf 71' lang='lat' dir='ltr'><strong>ae</strong></span> 
     </span>
    </p>
   </div>
   <div class='ocr_carea' id='block_1_60' title="bbox 928 4202 1089 4240">
    <p class='ocr_par' dir='ltr' id='par_1_60' title="bbox 928 4202 1089 4240">
     <span class='ocr_line' id='line_1_61' title="bbox 928 4202 1089 4240; baseline 0 0"><span class='ocrx_word' id='word_1_414' title='bbox 928 4202 1089 4240; x_wconf 73' lang='lat' dir='ltr'><strong>acute</strong></span> 
     </span>
    </p>
   </div>
   <div class='ocr_carea' id='block_1_61' title="bbox 283 4277 1789 4351">
    <p class='ocr_par' dir='ltr' id='par_1_61' title="bbox 283 4277 1789 4351">
     <span class='ocr_line' id='line_1_62' title="bbox 283 4277 1789 4351; baseline -0.003 -14"><span class='ocrx_word' id='word_1_415' title='bbox 283 4283 327 4338; x_wconf 90' lang='grc'>7.</span> <span class='ocrx_word' id='word_1_416' title='bbox 368 4283 532 4339; x_wconf 77' lang='lat' dir='ltr'><strong>Anno</strong></span> <span class='ocrx_word' id='word_1_417' title='bbox 554 4288 713 4339; x_wconf 82' lang='lat' dir='ltr'><strong>sexto</strong></span> <span class='ocrx_word' id='word_1_418' title='bbox 741 4279 1093 4351; x_wconf 76' lang='lat' dir='ltr'><strong>pontificatus</strong></span> <span class='ocrx_word' id='word_1_419' title='bbox 1135 4277 1405 4350; x_wconf 78' lang='lat' dir='ltr'><strong>Gregorii,</strong></span> <span class='ocrx_word' id='word_1_420' title='bbox 1452 4294 1640 4334; x_wconf 89' lang='lat' dir='ltr'><strong>mense</strong></span> <span class='ocrx_word' id='word_1_421' title='bbox 1675 4277 1789 4333; x_wconf 84' lang='lat' dir='ltr'><strong>No-</strong></span> 
     </span>
    </p>
   </div>
   <div class='ocr_carea' id='block_1_62' title="bbox 1882 1806 3466 1885">
    <p class='ocr_par' dir='ltr' id='par_1_62' title="bbox 1882 1806 3466 1885">
     <span class='ocr_line' id='line_1_63' title="bbox 1882 1806 3466 1885; baseline 0.007 -21"><span class='ocrx_word' id='word_1_422' title='bbox 1882 1806 2039 1865; x_wconf 89' lang='lat' dir='ltr'><strong>Sedis</strong></span> <span class='ocrx_word' id='word_1_423' title='bbox 2066 1811 2393 1881; x_wconf 72' lang='lat' dir='ltr'><strong>Apostolicze</strong></span> <span class='ocrx_word' id='word_1_424' title='bbox 2420 1812 2473 1865; x_wconf 93' lang='lat' dir='ltr'><strong>in</strong></span> <span class='ocrx_word' id='word_1_425' title='bbox 2502 1810 2804 1869; x_wconf 86' lang='lat' dir='ltr'><strong>Teutonico</strong></span> <span class='ocrx_word' id='word_1_426' title='bbox 2832 1830 3002 1885; x_wconf 88' lang='lat' dir='ltr'><strong>regno</strong></span> <span class='ocrx_word' id='word_1_427' title='bbox 3029 1814 3338 1881; x_wconf 85' lang='lat' dir='ltr'><strong>habendum</strong></span> <span class='ocrx_word' id='word_1_428' title='bbox 3361 1820 3466 1875; x_wconf 87' lang='lat' dir='ltr'><strong>im-</strong></span> 
     </span>
    </p>
   </div>
   <div class='ocr_carea' id='block_1_63' title="bbox 1880 1901 3463 1971">
    <p class='ocr_par' dir='ltr' id='par_1_63' title="bbox 1880 1901 3463 1971">
     <span class='ocr_line' id='line_1_64' title="bbox 1880 1901 3463 1971; baseline 0.008 -16"><span class='ocrx_word' id='word_1_429' title='bbox 1880 1901 2116 1971; x_wconf 88' lang='lat' dir='ltr'><strong>pedient.</strong></span> <span class='ocrx_word' id='word_1_430' title='bbox 2162 1901 2329 1959; x_wconf 80' lang='lat' dir='ltr'><strong>Multa</strong></span> <span class='ocrx_word' id='word_1_431' title='bbox 2366 1903 2528 1959; x_wconf 89' lang='lat' dir='ltr'><strong>etiam</strong></span> <span class='ocrx_word' id='word_1_432' title='bbox 2565 1904 2669 1959; x_wconf 86' lang='lat' dir='ltr'><strong>alia</strong></span> <span class='ocrx_word' id='word_1_433' title='bbox 2710 1912 2840 1960; x_wconf 91' lang='lat' dir='ltr'><strong>sunt</strong></span> <span class='ocrx_word' id='word_1_434' title='bbox 2864 1906 2934 1961; x_wconf 87' lang='lat' dir='ltr'><strong>ab</strong></span> <span class='ocrx_word' id='word_1_435' title='bbox 2964 1906 3153 1961; x_wconf 88' lang='lat' dir='ltr'><strong>eodem</strong></span> <span class='ocrx_word' id='word_1_436' title='bbox 3186 1908 3241 1964; x_wconf 91' lang='lat' dir='ltr'><strong>in</strong></span> <span class='ocrx_word' id='word_1_437' title='bbox 3276 1911 3463 1967; x_wconf 82' lang='lat' dir='ltr'><strong>eadem</strong></span> 
     </span>
    </p>
   </div>
   <div class='ocr_carea' id='block_1_64' title="bbox 1882 1993 3461 2068">
    <p class='ocr_par' dir='ltr' id='par_1_64' title="bbox 1882 1993 3461 2068">
     <span class='ocr_line' id='line_1_65' title="bbox 1882 1993 3461 2068; baseline 0.008 -21"><span class='ocrx_word' id='word_1_438' title='bbox 1882 1993 2091 2064; x_wconf 86' lang='lat' dir='ltr'><strong>synodo</strong></span> <span class='ocrx_word' id='word_1_439' title='bbox 2116 1995 2410 2049; x_wconf 89' lang='lat' dir='ltr'><strong>constituta</strong></span> <span class='ocrx_word' id='word_1_440' title='bbox 2454 1993 2623 2067; x_wconf 73' lang='grc'>(182),</span> <span class='ocrx_word' id='word_1_441' title='bbox 2668 2011 2791 2066; x_wconf 65' lang='lat' dir='ltr'><strong>quae</strong></span> <span class='ocrx_word' id='word_1_442' title='bbox 2817 1996 3039 2068; x_wconf 90' lang='lat' dir='ltr'><strong>longum</strong></span> <span class='ocrx_word' id='word_1_443' title='bbox 3078 2007 3162 2054; x_wconf 84' lang='lat' dir='ltr'><strong>cst</strong></span> <span class='ocrx_word' id='word_1_444' title='bbox 3184 2004 3461 2059; x_wconf 76' lang='lat' dir='ltr'><strong>enarrare.</strong></span> 
     </span>
    </p>
   </div>
   <div class='ocr_carea' id='block_1_65' title="bbox 1882 2083 3465 2160">
    <p class='ocr_par' dir='ltr' id='par_1_65' title="bbox 1882 2083 3465 2160">
     <span class='ocr_line' id='line_1_66' title="bbox 1882 2083 3465 2160; baseline 0.008 -22"><span class='ocrx_word' id='word_1_445' title='bbox 1882 2083 2182 2140; x_wconf 79' lang='lat' dir='ltr'><strong>Renovavit</strong></span> <span class='ocrx_word' id='word_1_446' title='bbox 2215 2097 2393 2141; x_wconf 88' lang='lat' dir='ltr'><strong>autem</strong></span> <span class='ocrx_word' id='word_1_447' title='bbox 2418 2094 2469 2142; x_wconf 90' lang='lat' dir='ltr'><strong>et</strong></span> <span class='ocrx_word' id='word_1_448' title='bbox 2495 2088 2784 2142; x_wconf 85' lang='lat' dir='ltr'><strong>anathema</strong></span> <span class='ocrx_word' id='word_1_449' title='bbox 2816 2086 3017 2144; x_wconf 84' lang='lat' dir='ltr'><strong>factum</strong></span> <span class='ocrx_word' id='word_1_450' title='bbox 3049 2105 3213 2160; x_wconf 88' lang='lat' dir='ltr'><strong>super</strong></span> <span class='ocrx_word' id='word_1_451' title='bbox 3233 2091 3465 2149; x_wconf 79' lang='lat' dir='ltr'><strong>Guiber~</strong></span> 
     </span>
    </p>
   </div>
   <div class='ocr_carea' id='block_1_66' title="bbox 1881 2176 3465 2249">
    <p class='ocr_par' dir='ltr' id='par_1_66' title="bbox 1881 2176 3465 2249">
     <span class='ocr_line' id='line_1_67' title="bbox 1881 2176 3465 2249; baseline 0.006 -19"><span class='ocrx_word' id='word_1_452' title='bbox 1881 2185 1995 2231; x_wconf 91' lang='lat' dir='ltr'><strong>tum</strong></span> <span class='ocrx_word' id='word_1_453' title='bbox 2022 2176 2410 2245; x_wconf 81' lang='lat' dir='ltr'><strong>Ravennatem,</strong></span> <span class='ocrx_word' id='word_1_454' title='bbox 2439 2187 2493 2233; x_wconf 88' lang='lat' dir='ltr'><strong>et</strong></span> <span class='ocrx_word' id='word_1_455' title='bbox 2517 2178 2727 2234; x_wconf 87' lang='lat' dir='ltr'><strong>civibus</strong></span> <span class='ocrx_word' id='word_1_456' title='bbox 2755 2181 3056 2249; x_wconf 83' lang='lat' dir='ltr'><strong>majoribus</strong></span> <span class='ocrx_word' id='word_1_457' title='bbox 3094 2184 3350 2241; x_wconf 88' lang='lat' dir='ltr'><strong>omnibus</strong></span> <span class='ocrx_word' id='word_1_458' title='bbox 3377 2194 3465 2239; x_wconf 84' lang='lat' dir='ltr'><strong>at-</strong></span> 
     </span>
    </p>
   </div>
   <div class='ocr_carea' id='block_1_67' title="bbox 1880 2268 3463 2338">
    <p class='ocr_par' dir='ltr' id='par_1_67' title="bbox 1880 2268 3463 2338">
     <span class='ocr_line' id='line_1_68' title="bbox 1880 2268 3463 2338; baseline 0.007 -16"><span class='ocrx_word' id='word_1_459' title='bbox 1880 2283 1989 2338; x_wconf 86' lang='lat' dir='ltr'><strong>que</strong></span> <span class='ocrx_word' id='word_1_460' title='bbox 2032 2268 2337 2326; x_wconf 90' lang='lat' dir='ltr'><strong>minoribus</strong></span> <span class='ocrx_word' id='word_1_461' title='bbox 2367 2270 2658 2336; x_wconf 86' lang='lat' dir='ltr'><strong>nuntiavit,</strong></span> <span class='ocrx_word' id='word_1_462' title='bbox 2693 2287 2817 2325; x_wconf 86' lang='lat' dir='ltr'><strong>eum</strong></span> <span class='ocrx_word' id='word_1_463' title='bbox 2858 2288 2980 2328; x_wconf 84' lang='lat' dir='ltr'><strong>esse</strong></span> <span class='ocrx_word' id='word_1_464' title='bbox 3016 2275 3463 2335; x_wconf 36' lang='lat' dir='ltr'><strong>excommunica&#39;</strong></span> 
     </span>
    </p>
   </div>
   <div class='ocr_carea' id='block_1_68' title="bbox 1883 2360 3144 2421">
    <p class='ocr_par' dir='ltr' id='par_1_68' title="bbox 1883 2360 3144 2421">
     <span class='ocr_line' id='line_1_69' title="bbox 1883 2360 3144 2421; baseline 0.005 -7"><span class='ocrx_word' id='word_1_465' title='bbox 1883 2368 1996 2414; x_wconf 92' lang='lat' dir='ltr'><strong>tum</strong></span> <span class='ocrx_word' id='word_1_466' title='bbox 2020 2368 2074 2415; x_wconf 91' lang='lat' dir='ltr'><strong>et</strong></span> <span class='ocrx_word' id='word_1_467' title='bbox 2098 2360 2493 2417; x_wconf 88' lang='lat' dir='ltr'><strong>destructorem</strong></span> <span class='ocrx_word' id='word_1_468' title='bbox 2518 2360 2773 2417; x_wconf 71' lang='lat' dir='ltr'><strong>Ecclesia:</strong></span> <span class='ocrx_word' id='word_1_469' title='bbox 2793 2361 3144 2421; x_wconf 80' lang='lat' dir='ltr'><strong>Ravennatis.</strong></span> 
     </span>
    </p>
   </div>
   <div class='ocr_carea' id='block_1_69' title="bbox 1952 2451 3461 2530">
    <p class='ocr_par' dir='ltr' id='par_1_69' title="bbox 1952 2451 3461 2530">
     <span class='ocr_line' id='line_1_70' title="bbox 1952 2451 3461 2530; baseline 0.007 -25"><span class='ocrx_word' id='word_1_470' title='bbox 1952 2452 2005 2506; x_wconf 92' lang='lat'><strong>8.</strong></span> <span class='ocrx_word' id='word_1_471' title='bbox 2050 2451 2235 2507; x_wconf 82' lang='lat' dir='ltr'><strong>Altero</strong></span> <span class='ocrx_word' id='word_1_472' title='bbox 2272 2452 2492 2524; x_wconf 90' lang='lat' dir='ltr'><strong>quidem</strong></span> <span class='ocrx_word' id='word_1_473' title='bbox 2545 2468 2692 2508; x_wconf 89' lang='lat' dir='ltr'><strong>anno</strong></span> <span class='ocrx_word' id='word_1_474' title='bbox 2734 2453 2882 2524; x_wconf 80' lang='grc'>(185)</span> <span class='ocrx_word' id='word_1_475' title='bbox 2923 2456 3271 2526; x_wconf 83' lang='lat' dir='ltr'><strong>pontificatus</strong></span> <span class='ocrx_word' id='word_1_476' title='bbox 3309 2458 3461 2530; x_wconf 75' lang='lat' dir='ltr'><strong>ejus~</strong></span> 
     </span>
    </p>
   </div>
   <div class='ocr_carea' id='block_1_70' title="bbox 1883 2541 3456 2613">
    <p class='ocr_par' dir='ltr' id='par_1_70' title="bbox 1883 2541 3456 2613">
     <span class='ocr_line' id='line_1_71' title="bbox 1883 2541 3456 2613; baseline 0.006 -16"><span class='ocrx_word' id='word_1_477' title='bbox 1883 2541 2005 2597; x_wconf 88' lang='lat' dir='ltr'><strong>dem</strong></span> <span class='ocrx_word' id='word_1_478' title='bbox 2035 2542 2069 2597; x_wconf 86' lang='lat'><strong>6</strong></span> <span class='ocrx_word' id='word_1_479' title='bbox 2092 2559 2279 2599; x_wconf 90' lang='lat' dir='ltr'><strong>mense</strong></span> <span class='ocrx_word' id='word_1_480' title='bbox 2303 2542 2623 2611; x_wconf 87' lang='lat' dir='ltr'><strong>Februario,</strong></span> <span class='ocrx_word' id='word_1_481' title='bbox 2651 2545 2947 2603; x_wconf 90' lang='lat' dir='ltr'><strong>indictione</strong></span> <span class='ocrx_word' id='word_1_482' title='bbox 2981 2564 3039 2613; x_wconf 86' lang='grc' dir='ltr'><strong>ιι,</strong></span> <span class='ocrx_word' id='word_1_483' title='bbox 3086 2551 3352 2609; x_wconf 88' lang='lat' dir='ltr'><strong>celebrata</strong></span> <span class='ocrx_word' id='word_1_484' title='bbox 3381 2562 3456 2607; x_wconf 82' lang='lat' dir='ltr'><strong>es‘</strong></span> 
     </span>
    </p>
   </div>
   <div class='ocr_carea' id='block_1_71' title="bbox 1884 2635 3463 2707">
    <p class='ocr_par' dir='ltr' id='par_1_71' title="bbox 1884 2635 3463 2707">
     <span class='ocr_line' id='line_1_72' title="bbox 1884 2635 3463 2707; baseline 0.004 -17"><span class='ocrx_word' id='word_1_485' title='bbox 1884 2635 2125 2707; x_wconf 89' lang='lat' dir='ltr'><strong>synodus</strong></span> <span class='ocrx_word' id='word_1_486' title='bbox 2166 2635 2380 2703; x_wconf 69' lang='lat' dir='ltr'><strong>Romae,</strong></span> <span class='ocrx_word' id='word_1_487' title='bbox 2427 2636 2495 2692; x_wconf 89' lang='lat' dir='ltr'><strong>ad</strong></span> <span class='ocrx_word' id='word_1_488' title='bbox 2524 2637 2787 2692; x_wconf 89' lang='lat' dir='ltr'><strong>honorem</strong></span> <span class='ocrx_word' id='word_1_489' title='bbox 2830 2636 2924 2692; x_wconf 89' lang='lat' dir='ltr'><strong>Dei</strong></span> <span class='ocrx_word' id='word_1_490' title='bbox 2952 2646 3006 2692; x_wconf 89' lang='lat' dir='ltr'><strong>et</strong></span> <span class='ocrx_word' id='word_1_491' title='bbox 3052 2638 3463 2697; x_wconf 65' lang='lat' dir='ltr'><strong>aedificationem</strong></span> 
     </span>
    </p>
   </div>
   <div class='ocr_carea' id='block_1_72' title="bbox 1884 2726 3467 2801">
    <p class='ocr_par' dir='ltr' id='par_1_72' title="bbox 1884 2726 3467 2801">
     <span class='ocr_line' id='line_1_73' title="bbox 1884 2726 3467 2801; baseline 0.005 -20"><span class='ocrx_word' id='word_1_492' title='bbox 1884 2726 2162 2794; x_wconf 73' lang='lat' dir='ltr'><strong>Ecclesiae,</strong></span> <span class='ocrx_word' id='word_1_493' title='bbox 2182 2728 2239 2782; x_wconf 93' lang='lat' dir='ltr'><strong>in</strong></span> <span class='ocrx_word' id='word_1_494' title='bbox 2263 2727 2485 2783; x_wconf 91' lang='lat' dir='ltr'><strong>basilica</strong></span> <span class='ocrx_word' id='word_1_495' title='bbox 2511 2726 2694 2782; x_wconf 90' lang='lat' dir='ltr'><strong>Sancti</strong></span> <span class='ocrx_word' id='word_1_496' title='bbox 2721 2726 3046 2795; x_wconf 85' lang='lat' dir='ltr'><strong>Salvatoris;</strong></span> <span class='ocrx_word' id='word_1_497' title='bbox 3072 2729 3125 2784; x_wconf 91' lang='lat' dir='ltr'><strong>in</strong></span> <span class='ocrx_word' id='word_1_498' title='bbox 3146 2747 3254 2801; x_wconf 89' lang='lat' dir='ltr'><strong>qua</strong></span> <span class='ocrx_word' id='word_1_499' title='bbox 3276 2748 3467 2789; x_wconf 86' lang='lat' dir='ltr'><strong>omnes</strong></span> 
     </span>
    </p>
   </div>
   <div class='ocr_carea' id='block_1_73' title="bbox 1885 2818 3467 2893">
    <p class='ocr_par' dir='ltr' id='par_1_73' title="bbox 1885 2818 3467 2893">
     <span class='ocr_line' id='line_1_74' title="bbox 1885 2818 3467 2893; baseline 0.004 -20"><span class='ocrx_word' id='word_1_500' title='bbox 1885 2818 2299 2891; x_wconf 89' lang='lat' dir='ltr'><strong>archiepiscopi,</strong></span> <span class='ocrx_word' id='word_1_501' title='bbox 2331 2819 2597 2890; x_wconf 62' lang='lat' dir='ltr'><strong>religiosae</strong></span> <span class='ocrx_word' id='word_1_502' title='bbox 2640 2833 2914 2890; x_wconf 65' lang='lat' dir='ltr'><strong>personae,</strong></span> <span class='ocrx_word' id='word_1_503' title='bbox 2939 2832 3277 2893; x_wconf 72' lang='lat' dir='ltr'><strong>congregatae</strong></span> <span class='ocrx_word' id='word_1_504' title='bbox 3316 2833 3467 2891; x_wconf 88' lang='lat' dir='ltr'><strong>sunt,</strong></span> 
     </span>
    </p>
   </div>
   <div class='ocr_carea' id='block_1_74' title="bbox 1885 2910 3470 2986">
    <p class='ocr_par' dir='ltr' id='par_1_74' title="bbox 1885 2910 3470 2986">
     <span class='ocr_line' id='line_1_75' title="bbox 1885 2910 3470 2986; baseline 0.004 -23"><span class='ocrx_word' id='word_1_505' title='bbox 1885 2917 1946 2964; x_wconf 94' lang='lat' dir='ltr'><strong>ut</strong></span> <span class='ocrx_word' id='word_1_506' title='bbox 1974 2918 2219 2964; x_wconf 66' lang='lat' dir='ltr'><strong>salicum</strong></span> <span class='ocrx_word' id='word_1_507' title='bbox 2273 2911 2541 2981; x_wconf 86' lang='lat' dir='ltr'><strong>synodum</strong></span> <span class='ocrx_word' id='word_1_508' title='bbox 2591 2911 2948 2965; x_wconf 87' lang='lat' dir='ltr'><strong>celebrarent.</strong></span> <span class='ocrx_word' id='word_1_509' title='bbox 2990 2910 3258 2969; x_wconf 80' lang='lat' dir='ltr'><strong>Omribus</strong></span> <span class='ocrx_word' id='word_1_510' title='bbox 3302 2915 3470 2986; x_wconf 82' lang='lat' dir='ltr'><strong>igitur</strong></span> 
     </span>
    </p>
   </div>
   <div class='ocr_carea' id='block_1_75' title="bbox 1886 3001 3466 3074">
    <p class='ocr_par' dir='ltr' id='par_1_75' title="bbox 1886 3001 3466 3074">
     <span class='ocr_line' id='line_1_76' title="bbox 1886 3001 3466 3074; baseline 0.005 -20"><span class='ocrx_word' id='word_1_511' title='bbox 1886 3002 2247 3071; x_wconf 82' lang='lat' dir='ltr'><strong>congregatis,</strong></span> <span class='ocrx_word' id='word_1_512' title='bbox 2284 3001 2502 3056; x_wconf 87' lang='lat' dir='ltr'><strong>habitus</strong></span> <span class='ocrx_word' id='word_1_513' title='bbox 2526 3008 2612 3056; x_wconf 91' lang='lat' dir='ltr'><strong>est</strong></span> <span class='ocrx_word' id='word_1_514' title='bbox 2656 3017 2837 3055; x_wconf 86' lang='lat' dir='ltr'><strong>sermo</strong></span> <span class='ocrx_word' id='word_1_515' title='bbox 2883 3002 2950 3056; x_wconf 89' lang='lat' dir='ltr'><strong>de</strong></span> <span class='ocrx_word' id='word_1_516' title='bbox 2985 3017 3212 3074; x_wconf 91' lang='lat' dir='ltr'><strong>corpore</strong></span> <span class='ocrx_word' id='word_1_517' title='bbox 3245 3014 3300 3060; x_wconf 89' lang='lat' dir='ltr'><strong>et</strong></span> <span class='ocrx_word' id='word_1_518' title='bbox 3336 3022 3466 3062; x_wconf 90' lang='lat' dir='ltr'><strong>san-</strong></span> 
     </span>
    </p>
   </div>
   <div class='ocr_carea' id='block_1_76' title="bbox 1890 3080 3467 3163">
    <p class='ocr_par' dir='ltr' id='par_1_76' title="bbox 1890 3080 3467 3163">
     <span class='ocr_line' id='line_1_77' title="bbox 1890 3080 3467 3163; baseline 0.006 -19"><span class='ocrx_word' id='word_1_519' title='bbox 1890 3080 2055 3162; x_wconf 79' lang='lat' dir='ltr'><strong>guine</strong></span> <span class='ocrx_word' id='word_1_520' title='bbox 2094 3090 2311 3146; x_wconf 89' lang='lat' dir='ltr'><strong>Domini</strong></span> <span class='ocrx_word' id='word_1_521' title='bbox 2343 3092 2514 3147; x_wconf 90' lang='lat' dir='ltr'><strong>nostri</strong></span> <span class='ocrx_word' id='word_1_522' title='bbox 2543 3090 2673 3148; x_wconf 83' lang='lat' dir='ltr'><strong>Jesu</strong></span> <span class='ocrx_word' id='word_1_523' title='bbox 2696 3091 2922 3159; x_wconf 90' lang='lat' dir='ltr'><strong>Christi,</strong></span> <span class='ocrx_word' id='word_1_524' title='bbox 2950 3094 3138 3150; x_wconf 90' lang='lat' dir='ltr'><strong>multis</strong></span> <span class='ocrx_word' id='word_1_525' title='bbox 3160 3096 3294 3163; x_wconf 62' lang='lat' dir='ltr'><strong>haec,</strong></span> <span class='ocrx_word' id='word_1_526' title='bbox 3325 3113 3467 3153; x_wconf 81' lang='lat' dir='ltr'><strong>non-</strong></span> 
     </span>
    </p>
   </div>
   <div class='ocr_carea' id='block_1_77' title="bbox 1890 3182 3468 3259">
    <p class='ocr_par' dir='ltr' id='par_1_77' title="bbox 1890 3182 3468 3259">
     <span class='ocr_line' id='line_1_78' title="bbox 1890 3182 3468 3259; baseline 0.006 -22"><span class='ocrx_word' id='word_1_527' title='bbox 1890 3182 2055 3237; x_wconf 86' lang='lat' dir='ltr'><strong>nullis</strong></span> <span class='ocrx_word' id='word_1_528' title='bbox 2094 3182 2184 3237; x_wconf 91' lang='lat' dir='ltr'><strong>illa</strong></span> <span class='ocrx_word' id='word_1_529' title='bbox 2210 3225 2225 3248; x_wconf 93' lang='lat'><strong>,</strong></span> <span class='ocrx_word' id='word_1_530' title='bbox 2278 3184 2431 3254; x_wconf 87' lang='lat' dir='ltr'><strong>prius</strong></span> <span class='ocrx_word' id='word_1_531' title='bbox 2475 3183 2855 3239; x_wconf 88' lang='lat' dir='ltr'><strong>sentientibus.</strong></span> <span class='ocrx_word' id='word_1_532' title='bbox 2911 3184 3147 3242; x_wconf 78' lang='lat' dir='ltr'><strong>Maxima</strong></span> <span class='ocrx_word' id='word_1_533' title='bbox 3200 3188 3468 3259; x_wconf 87' lang='lat' dir='ltr'><strong>siquidem</strong></span> 
     </span>
    </p>
   </div>
   <div class='ocr_carea' id='block_1_78' title="bbox 1890 3276 3468 3346">
    <p class='ocr_par' dir='ltr' id='par_1_78' title="bbox 1890 3276 3468 3346">
     <span class='ocr_line' id='line_1_79' title="bbox 1890 3276 3468 3346; baseline 0.008 -19"><span class='ocrx_word' id='word_1_534' title='bbox 1890 3288 2036 3343; x_wconf 65' lang='lat' dir='ltr'><strong>pars,</strong></span> <span class='ocrx_word' id='word_1_535' title='bbox 2073 3290 2268 3344; x_wconf 90' lang='lat' dir='ltr'><strong>panem</strong></span> <span class='ocrx_word' id='word_1_536' title='bbox 2304 3283 2358 3329; x_wconf 91' lang='lat' dir='ltr'><strong>et</strong></span> <span class='ocrx_word' id='word_1_537' title='bbox 2394 3276 2615 3345; x_wconf 84' lang='lat' dir='ltr'><strong>vinum,</strong></span> <span class='ocrx_word' id='word_1_538' title='bbox 2657 3291 2755 3346; x_wconf 89' lang='lat' dir='ltr'><strong>per</strong></span> <span class='ocrx_word' id='word_1_539' title='bbox 2795 3291 2966 3332; x_wconf 72' lang='lat' dir='ltr'><strong>sacrae</strong></span> <span class='ocrx_word' id='word_1_540' title='bbox 3006 3279 3272 3335; x_wconf 89' lang='lat' dir='ltr'><strong>orationis</strong></span> <span class='ocrx_word' id='word_1_541' title='bbox 3304 3282 3468 3339; x_wconf 84' lang='lat' dir='ltr'><strong>verba</strong></span> 
     </span>
    </p>
   </div>
   <div class='ocr_carea' id='block_1_79' title="bbox 1889 3367 3470 3440">
    <p class='ocr_par' dir='ltr' id='par_1_79' title="bbox 1889 3367 3470 3440">
     <span class='ocr_line' id='line_1_80' title="bbox 1889 3367 3470 3440; baseline 0.005 -19"><span class='ocrx_word' id='word_1_542' title='bbox 1889 3375 1943 3421; x_wconf 91' lang='lat' dir='ltr'><strong>et</strong></span> <span class='ocrx_word' id='word_1_543' title='bbox 1977 3367 2277 3424; x_wconf 88' lang='lat' dir='ltr'><strong>sacerdotis</strong></span> <span class='ocrx_word' id='word_1_544' title='bbox 2317 3368 2817 3434; x_wconf 86' lang='lat' dir='ltr'><strong>consecrationem,</strong></span> <span class='ocrx_word' id='word_1_545' title='bbox 2861 3368 3066 3440; x_wconf 88' lang='lat' dir='ltr'><strong>Spiritu</strong></span> <span class='ocrx_word' id='word_1_546' title='bbox 3099 3380 3289 3427; x_wconf 88' lang='lat' dir='ltr'><strong>sancto</strong></span> <span class='ocrx_word' id='word_1_547' title='bbox 3327 3373 3470 3429; x_wconf 63' lang='lat' dir='ltr'><strong>invio</strong></span> 
     </span>
    </p>
   </div>
   <div class='ocr_carea' id='block_1_80' title="bbox 1891 3458 3473 3538">
    <p class='ocr_par' dir='ltr' id='par_1_80' title="bbox 1891 3458 3473 3538">
     <span class='ocr_line' id='line_1_81' title="bbox 1891 3458 3473 3538; baseline 0.006 -25"><span class='ocrx_word' id='word_1_548' title='bbox 1891 3458 2120 3513; x_wconf 89' lang='lat' dir='ltr'><strong>sibiliter</strong></span> <span class='ocrx_word' id='word_1_549' title='bbox 2145 3468 2420 3528; x_wconf 85' lang='lat' dir='ltr'><strong>operante,</strong></span> <span class='ocrx_word' id='word_1_550' title='bbox 2454 3460 2695 3514; x_wconf 87' lang='lat' dir='ltr'><strong>converti</strong></span> <span class='ocrx_word' id='word_1_551' title='bbox 2721 3462 3149 3518; x_wconf 85' lang='lat' dir='ltr'><strong>substantialilcr</strong></span> <span class='ocrx_word' id='word_1_552' title='bbox 3180 3465 3237 3519; x_wconf 89' lang='lat' dir='ltr'><strong>in</strong></span> <span class='ocrx_word' id='word_1_553' title='bbox 3271 3482 3473 3538; x_wconf 88' lang='lat' dir='ltr'><strong>corpus</strong></span> 
     </span>
    </p>
   </div>
   <div class='ocr_carea' id='block_1_81' title="bbox 1892 3547 3474 3625">
    <p class='ocr_par' dir='ltr' id='par_1_81' title="bbox 1892 3547 3474 3625">
     <span class='ocr_line' id='line_1_82' title="bbox 1892 3547 3474 3625; baseline 0.01 -23"><span class='ocrx_word' id='word_1_554' title='bbox 1892 3547 2259 3617; x_wconf 89' lang='lat' dir='ltr'><strong>Dominicum,</strong></span> <span class='ocrx_word' id='word_1_555' title='bbox 2291 3550 2357 3606; x_wconf 89' lang='lat' dir='ltr'><strong>de</strong></span> <span class='ocrx_word' id='word_1_556' title='bbox 2396 3549 2616 3623; x_wconf 85' lang='lat' dir='ltr'><strong>Virgine</strong></span> <span class='ocrx_word' id='word_1_557' title='bbox 2649 3561 2867 3619; x_wconf 87' lang='lat' dir='ltr'><strong>natum,</strong></span> <span class='ocrx_word' id='word_1_558' title='bbox 2921 3554 3067 3625; x_wconf 85' lang='lat' dir='ltr'><strong>quod</strong></span> <span class='ocrx_word' id='word_1_559' title='bbox 3112 3566 3167 3612; x_wconf 92' lang='lat' dir='ltr'><strong>et</strong></span> <span class='ocrx_word' id='word_1_560' title='bbox 3210 3556 3266 3613; x_wconf 90' lang='lat' dir='ltr'><strong>in</strong></span> <span class='ocrx_word' id='word_1_561' title='bbox 3309 3576 3474 3618; x_wconf 84' lang='lat' dir='ltr'><strong>cruce</strong></span> 
     </span>
    </p>
   </div>
   <div class='ocr_carea' id='block_1_82' title="bbox 1888 3641 3470 3719">
    <p class='ocr_par' dir='ltr' id='par_1_82' title="bbox 1888 3641 3470 3719">
     <span class='ocr_line' id='line_1_83' title="bbox 1888 3641 3470 3719; baseline 0.009 -25"><span class='ocrx_word' id='word_1_562' title='bbox 1888 3641 2177 3711; x_wconf 90' lang='lat' dir='ltr'><strong>pependit,</strong></span> <span class='ocrx_word' id='word_1_563' title='bbox 2204 3650 2258 3695; x_wconf 92' lang='lat' dir='ltr'><strong>et</strong></span> <span class='ocrx_word' id='word_1_564' title='bbox 2286 3641 2340 3697; x_wconf 95' lang='lat' dir='ltr'><strong>in</strong></span> <span class='ocrx_word' id='word_1_565' title='bbox 2366 3644 2707 3713; x_wconf 89' lang='lat' dir='ltr'><strong>sanguinem,</strong></span> <span class='ocrx_word' id='word_1_566' title='bbox 2750 3646 2840 3716; x_wconf 87' lang='lat' dir='ltr'><strong>qui</strong></span> <span class='ocrx_word' id='word_1_567' title='bbox 2874 3647 2940 3701; x_wconf 91' lang='lat' dir='ltr'><strong>de</strong></span> <span class='ocrx_word' id='word_1_568' title='bbox 2979 3648 3100 3719; x_wconf 91' lang='lat' dir='ltr'><strong>ejus</strong></span> <span class='ocrx_word' id='word_1_569' title='bbox 3126 3648 3295 3705; x_wconf 87' lang='lat' dir='ltr'><strong>latere</strong></span> <span class='ocrx_word' id='word_1_570' title='bbox 3325 3669 3357 3706; x_wconf 94' lang='grc' dir='ltr'><strong>ιι</strong></span> <span class='ocrx_word' id='word_1_571' title='bbox 3382 3654 3470 3708; x_wconf 81' lang='lat' dir='ltr'><strong>ili-</strong></span> 
     </span>
    </p>
   </div>
   <div class='ocr_carea' id='block_1_83' title="bbox 1889 3731 3472 3808">
    <p class='ocr_par' dir='ltr' id='par_1_83' title="bbox 1889 3731 3472 3808">
     <span class='ocr_line' id='line_1_84' title="bbox 1889 3731 3472 3808; baseline 0.009 -23"><span class='ocrx_word' id='word_1_572' title='bbox 1889 3731 1961 3786; x_wconf 90' lang='lat' dir='ltr'><strong>tis</strong></span> <span class='ocrx_word' id='word_1_573' title='bbox 2002 3731 2209 3787; x_wconf 81' lang='lat' dir='ltr'><strong>effusus</strong></span> <span class='ocrx_word' id='word_1_574' title='bbox 2248 3741 2333 3788; x_wconf 91' lang='lat' dir='ltr'><strong>est</strong></span> <span class='ocrx_word' id='word_1_575' title='bbox 2360 3733 2568 3801; x_wconf 89' lang='lat' dir='ltr'><strong>lancea,</strong></span> <span class='ocrx_word' id='word_1_576' title='bbox 2599 3737 2897 3803; x_wconf 84' lang='lat' dir='ltr'><strong>asserebat,</strong></span> <span class='ocrx_word' id='word_1_577' title='bbox 2930 3746 3093 3808; x_wconf 89' lang='lat' dir='ltr'><strong>atque</strong></span> <span class='ocrx_word' id='word_1_578' title='bbox 3130 3742 3472 3799; x_wconf 87' lang='lat' dir='ltr'><strong>auctoritati-</strong></span> 
     </span>
    </p>
   </div>
   <div class='ocr_carea' id='block_1_84' title="bbox 1889 3822 3473 3906">
    <p class='ocr_par' dir='ltr' id='par_1_84' title="bbox 1889 3822 3473 3906">
     <span class='ocr_line' id='line_1_85' title="bbox 1889 3822 3473 3906; baseline 0.009 -29"><span class='ocrx_word' id='word_1_579' title='bbox 1889 3822 1994 3877; x_wconf 86' lang='lat' dir='ltr'><strong>bus</strong></span> <span class='ocrx_word' id='word_1_580' title='bbox 2018 3823 2448 3880; x_wconf 80' lang='lat' dir='ltr'><strong>orthodoxorum</strong></span> <span class='ocrx_word' id='word_1_581' title='bbox 2495 3823 2753 3893; x_wconf 88' lang='lat' dir='ltr'><strong>Patrum,</strong></span> <span class='ocrx_word' id='word_1_582' title='bbox 2794 3836 2904 3883; x_wconf 91' lang='lat' dir='ltr'><strong>tam</strong></span> <span class='ocrx_word' id='word_1_583' title='bbox 2940 3827 3255 3888; x_wconf 74' lang='lat' dir='ltr'><strong>Graecorum</strong></span> <span class='ocrx_word' id='word_1_584' title='bbox 3308 3852 3473 3906; x_wconf 90' lang='lat' dir='ltr'><strong>quam</strong></span> 
     </span>
    </p>
   </div>
   <div class='ocr_carea' id='block_1_85' title="bbox 1890 3913 3473 3996">
    <p class='ocr_par' dir='ltr' id='par_1_85' title="bbox 1890 3913 3473 3996">
     <span class='ocr_line' id='line_1_86' title="bbox 1890 3913 3473 3996; baseline 0.011 -28"><span class='ocrx_word' id='word_1_585' title='bbox 1890 3913 2210 3969; x_wconf 85' lang='lat' dir='ltr'><strong>Latinorum</strong></span> <span class='ocrx_word' id='word_1_586' title='bbox 2237 3958 2251 3982; x_wconf 91' lang='lat'><strong>,</strong></span> <span class='ocrx_word' id='word_1_587' title='bbox 2298 3916 2475 3971; x_wconf 88' lang='lat' dir='ltr'><strong>modis</strong></span> <span class='ocrx_word' id='word_1_588' title='bbox 2530 3917 2786 3973; x_wconf 87' lang='lat' dir='ltr'><strong>omnibus</strong></span> <span class='ocrx_word' id='word_1_589' title='bbox 2837 3919 3195 3992; x_wconf 85' lang='lat' dir='ltr'><strong>defendebat;</strong></span> <span class='ocrx_word' id='word_1_590' title='bbox 3250 3928 3473 3996; x_wconf 81' lang='lat' dir='ltr'><strong>quidam</strong></span> 
     </span>
    </p>
   </div>
   <div class='ocr_carea' id='block_1_86' title="bbox 1890 4007 3475 4092">
    <p class='ocr_par' dir='ltr' id='par_1_86' title="bbox 1890 4007 3475 4092">
     <span class='ocr_line' id='line_1_87' title="bbox 1890 4007 3475 4092; baseline 0.008 -32"><span class='ocrx_word' id='word_1_591' title='bbox 1890 4021 2051 4075; x_wconf 89' lang='lat' dir='ltr'><strong>vero,</strong></span> <span class='ocrx_word' id='word_1_592' title='bbox 2090 4007 2258 4061; x_wconf 91' lang='lat' dir='ltr'><strong>nimia</strong></span> <span class='ocrx_word' id='word_1_593' title='bbox 2300 4007 2542 4063; x_wconf 65' lang='lat' dir='ltr'><strong>caecitate</strong></span> <span class='ocrx_word' id='word_1_594' title='bbox 2578 4011 2836 4079; x_wconf 88' lang='lat' dir='ltr'><strong>perculsi,</strong></span> <span class='ocrx_word' id='word_1_595' title='bbox 2874 4011 3105 4083; x_wconf 79' lang='lat' dir='ltr'><strong>figuram</strong></span> <span class='ocrx_word' id='word_1_596' title='bbox 3134 4023 3344 4073; x_wconf 90' lang='lat' dir='ltr'><strong>tantum</strong></span> <span class='ocrx_word' id='word_1_597' title='bbox 3392 4019 3475 4092; x_wconf 80' lang='lat' dir='ltr'><strong>(et</strong></span> 
     </span>
    </p>
   </div>
   <div class='ocr_carea' id='block_1_87' title="bbox 1890 4098 3474 4169">
    <p class='ocr_par' dir='ltr' id='par_1_87' title="bbox 1890 4098 3474 4169">
     <span class='ocr_line' id='line_1_88' title="bbox 1890 4098 3474 4169; baseline 0.008 -14"><span class='ocrx_word' id='word_1_598' title='bbox 1890 4098 2246 4155; x_wconf 89' lang='lat' dir='ltr'><strong>substantiale</strong></span> <span class='ocrx_word' id='word_1_599' title='bbox 2281 4098 2413 4153; x_wconf 90' lang='lat' dir='ltr'><strong>illud</strong></span> <span class='ocrx_word' id='word_1_600' title='bbox 2465 4115 2665 4169; x_wconf 88' lang='lat' dir='ltr'><strong>corpus</strong></span> <span class='ocrx_word' id='word_1_601' title='bbox 2710 4101 2763 4156; x_wconf 92' lang='lat' dir='ltr'><strong>in</strong></span> <span class='ocrx_word' id='word_1_602' title='bbox 2815 4104 3035 4160; x_wconf 79' lang='lat' dir='ltr'><strong>dextera</strong></span> <span class='ocrx_word' id='word_1_603' title='bbox 3069 4105 3247 4164; x_wconf 88' lang='lat' dir='ltr'><strong>Patris</strong></span> <span class='ocrx_word' id='word_1_604' title='bbox 3279 4111 3474 4168; x_wconf 87' lang='lat' dir='ltr'><strong>sedens</strong></span> 
     </span>
    </p>
   </div>
   <div class='ocr_carea' id='block_1_88' title="bbox 1889 4188 3474 4264">
    <p class='ocr_par' dir='ltr' id='par_1_88' title="bbox 1889 4188 3474 4264">
     <span class='ocr_line' id='line_1_89' title="bbox 1889 4188 3474 4264; baseline 0.013 -27"><span class='ocrx_word' id='word_1_605' title='bbox 1889 4188 2061 4258; x_wconf 76' lang='lat' dir='ltr'><strong>esse);</strong></span> <span class='ocrx_word' id='word_1_606' title='bbox 2097 4205 2156 4243; x_wconf 88' lang='lat' dir='ltr'><strong>se</strong></span> <span class='ocrx_word' id='word_1_607' title='bbox 2184 4198 2238 4244; x_wconf 91' lang='lat' dir='ltr'><strong>et</strong></span> <span class='ocrx_word' id='word_1_608' title='bbox 2260 4188 2399 4244; x_wconf 90' lang='lat' dir='ltr'><strong>alios</strong></span> <span class='ocrx_word' id='word_1_609' title='bbox 2425 4190 2774 4261; x_wconf 86' lang='lat' dir='ltr'><strong>decipientes,</strong></span> <span class='ocrx_word' id='word_1_610' title='bbox 2806 4195 3132 4264; x_wconf 85' lang='lat' dir='ltr'><strong>quibusdam</strong></span> <span class='ocrx_word' id='word_1_611' title='bbox 3173 4201 3474 4257; x_wconf 55' lang='lat' dir='ltr'><strong>cavillatio.</strong></span> 
     </span>
    </p>
   </div>
   <div class='ocr_carea' id='block_1_89' title="bbox 1892 4281 3511 4361">
    <p class='ocr_par' dir='ltr' id='par_1_89' title="bbox 1892 4281 3511 4361">
     <span class='ocr_line' id='line_1_90' title="bbox 1892 4281 3511 4361; baseline 0.009 -25"><span class='ocrx_word' id='word_1_612' title='bbox 1892 4282 2054 4336; x_wconf 88' lang='lat' dir='ltr'><strong>nibus</strong></span> <span class='ocrx_word' id='word_1_613' title='bbox 2097 4281 2438 4337; x_wconf 85' lang='lat' dir='ltr'><strong>conabantur</strong></span> <span class='ocrx_word' id='word_1_614' title='bbox 2473 4291 2739 4338; x_wconf 86' lang='lat' dir='ltr'><strong>astruere.</strong></span> <span class='ocrx_word' id='word_1_615' title='bbox 2787 4283 2989 4340; x_wconf 79' lang='lat' dir='ltr'><strong>Verum</strong></span> <span class='ocrx_word' id='word_1_616' title='bbox 3042 4289 3134 4342; x_wconf 87' lang='lat' dir='ltr'><strong>ubi</strong></span> <span class='ocrx_word' id='word_1_617' title='bbox 3178 4292 3343 4361; x_wconf 74' lang='lat' dir='ltr'><strong>cmpit</strong></span> <span class='ocrx_word' id='word_1_618' title='bbox 3383 4304 3511 4350; x_wconf 79' lang='lat' dir='ltr'><strong>res&#39;</strong></span> 
     </span>
    </p>
   </div>
   <div class='ocr_carea' id='block_1_90' title="bbox 226 4390 2518 4466">
    <p class='ocr_par' dir='ltr' id='par_1_90' title="bbox 226 4390 2518 4466">
     <span class='ocr_line' id='line_1_91' title="bbox 226 4390 2518 4466; baseline -0.001 -15"><span class='ocrx_word' id='word_1_619' title='bbox 226 4396 445 4461; x_wconf 84' lang='lat' dir='ltr'><strong>ronium,</strong></span> <span class='ocrx_word' id='word_1_620' title='bbox 475 4402 535 4448; x_wconf 91' lang='lat' dir='ltr'><strong>et</strong></span> <span class='ocrx_word' id='word_1_621' title='bbox 554 4410 623 4448; x_wconf 76' lang='lat' dir='ltr'><strong>ex</strong></span> <span class='ocrx_word' id='word_1_622' title='bbox 666 4393 760 4466; x_wconf 85' lang='lat' dir='ltr'><strong>lib.</strong></span> <span class='ocrx_word' id='word_1_623' title='bbox 812 4407 875 4456; x_wconf 85' lang='lat' dir='ltr'><strong>v,</strong></span> <span class='ocrx_word' id='word_1_624' title='bbox 921 4390 1079 4460; x_wconf 89' lang='lat' dir='ltr'><strong>epist.</strong></span> <span class='ocrx_word' id='word_1_625' title='bbox 1125 4390 1219 4466; x_wconf 66' lang='grc'><strong>15,</strong></span> <span class='ocrx_word' id='word_1_626' title='bbox 1261 4399 1480 4466; x_wconf 82' lang='lat' dir='ltr'><strong>constat</strong></span> <span class='ocrx_word' id='word_1_627' title='bbox 1525 4391 1786 4466; x_wconf 71' lang='lat' dir='ltr'><strong>indictam</strong></span> <span class='ocrx_word' id='word_1_628' title='bbox 1821 4394 2009 4466; x_wconf 77' lang='lat' dir='ltr'><strong>Dlunt</strong></span> <span class='ocrx_word' id='word_1_629' title='bbox 2035 4403 2518 4466; x_wconf 82' lang='lat' dir='ltr'><strong>esse_promotum.</strong></span> 
     </span>
    </p>
   </div>
   <div class='ocr_carea' id='block_1_91' title="bbox 226 4458 1787 4548">
    <p class='ocr_par' dir='ltr' id='par_1_91' title="bbox 226 4458 1787 4548">
     <span class='ocr_line' id='line_1_92' title="bbox 226 4458 1787 4548; baseline 0 0"><span class='ocrx_word' id='word_1_630' title='bbox 226 4466 393 4548; x_wconf 59' lang='grc' dir='ltr'><strong>ταίεξες</strong></span> <span class='ocrx_word' id='word_1_631' title='bbox 432 4458 546 4548; x_wconf 69' lang='lat' dir='ltr'><strong>Pw</strong></span> <span class='ocrx_word' id='word_1_632' title='bbox 571 4464 816 4548; x_wconf 67' lang='grc' dir='ltr'><strong>ρνιξπίηιέ</strong></span> <span class='ocrx_word' id='word_1_633' title='bbox 836 4458 1092 4548; x_wconf 48' lang='lat' dir='ltr'><strong>cetera</strong></span> <span class='ocrx_word' id='word_1_634' title='bbox 1113 4458 1573 4548; x_wconf 60' lang='grc' dir='ltr'><strong>Ωξιέιαταιεεὶτιφ.</strong></span> <span class='ocrx_word' id='word_1_635' title='bbox 1590 4461 1787 4548; x_wconf 55' lang='grc' dir='ltr'><strong>(τεθάρ-</strong></span> 
     </span>
    </p>
   </div>
   <div class='ocr_carea' id='block_1_92' title="bbox 224 4531 1791 4605">
    <p class='ocr_par' dir='ltr' id='par_1_92' title="bbox 224 4531 1791 4605">
     <span class='ocr_line' id='line_1_93' title="bbox 224 4531 1791 4605; baseline -0.002 -15"><span class='ocrx_word' id='word_1_636' title='bbox 224 4538 365 4590; x_wconf 75' lang='grc' dir='ltr'><strong>ιιισάα</strong></span> <span class='ocrx_word' id='word_1_637' title='bbox 374 4531 582 4605; x_wconf 71' lang='lat' dir='ltr'><strong>prima,</strong></span> <span class='ocrx_word' id='word_1_638' title='bbox 588 4535 755 4605; x_wconf 84' lang='lat' dir='ltr'><strong>cujus</strong></span> <span class='ocrx_word' id='word_1_639' title='bbox 772 4531 1057 4605; x_wconf 79' lang='lat' dir='ltr'><strong>Dominica</strong></span> <span class='ocrx_word' id='word_1_640' title='bbox 1069 4546 1137 4586; x_wconf 88' lang='lat' dir='ltr'><strong>eo</strong></span> <span class='ocrx_word' id='word_1_641' title='bbox 1157 4546 1322 4605; x_wconf 74' lang='lat' dir='ltr'><strong>anno,</strong></span> <span class='ocrx_word' id='word_1_642' title='bbox 1336 4531 1544 4605; x_wconf 54' lang='lat' dir='ltr'><strong>Pascha</strong></span> <span class='ocrx_word' id='word_1_643' title='bbox 1558 4533 1791 4605; x_wconf 76' lang='lat' dir='ltr'><strong>habente</strong></span> 
     </span>
    </p>
   </div>
   <div class='ocr_carea' id='block_1_93' title="bbox 221 4600 1651 4685">
    <p class='ocr_par' dir='ltr' id='par_1_93' title="bbox 221 4600 1651 4685">
     <span class='ocr_line' id='line_1_94' title="bbox 221 4600 1651 4685; baseline -0.003 -25"><span class='ocrx_word' id='word_1_644' title='bbox 221 4600 591 4685; x_wconf 35' lang='lat' dir='ltr'><strong>adl§_épr_ilis,</strong></span> <span class='ocrx_word' id='word_1_645' title='bbox 619 4600 861 4685; x_wconf 78' lang='lat' dir='ltr'><strong>incidere</strong></span> <span class='ocrx_word' id='word_1_646' title='bbox 889 4601 1121 4685; x_wconf 69' lang='lat' dir='ltr'><strong>debebat</strong></span> <span class='ocrx_word' id='word_1_647' title='bbox 1139 4600 1212 4685; x_wconf 27' lang='lat' dir='ltr'><strong>Ain</strong></span> <span class='ocrx_word' id='word_1_648' title='bbox 1243 4601 1314 4656; x_wconf 72' lang='lat'><strong>25</strong></span> <span class='ocrx_word' id='word_1_649' title='bbox 1346 4600 1651 4685; x_wconf 59' lang='lat' dir='ltr'><strong>chr-uarii.</strong></span> 
     </span>
    </p>
   </div>
   <div class='ocr_carea' id='block_1_94' title="bbox 220 4672 1793 4823">
    <p class='ocr_par' dir='ltr' id='par_1_94' title="bbox 220 4672 1793 4823">
     <span class='ocr_line' id='line_1_95' title="bbox 281 4672 1793 4747; baseline -0.002 -17"><span class='ocrx_word' id='word_1_650' title='bbox 281 4672 425 4747; x_wconf 81' lang='grc'>(177)</span> <span class='ocrx_word' id='word_1_651' title='bbox 470 4673 573 4730; x_wconf 72' lang='lat' dir='ltr'><strong>Ms.</strong></span> <span class='ocrx_word' id='word_1_652' title='bbox 618 4682 871 4729; x_wconf 88' lang='lat' dir='ltr'><strong>nostrum</strong></span> <span class='ocrx_word' id='word_1_653' title='bbox 913 4672 1250 4742; x_wconf 65' lang='lat' dir='ltr'><strong>praecitalum</strong></span> <span class='ocrx_word' id='word_1_654' title='bbox 1284 4679 1398 4725; x_wconf 92' lang='lat' dir='ltr'><strong>not.</strong></span> <span class='ocrx_word' id='word_1_655' title='bbox 1433 4672 1534 4728; x_wconf 87' lang='grc'><strong>166</strong></span> <span class='ocrx_word' id='word_1_656' title='bbox 1560 4673 1689 4744; x_wconf 89' lang='lat' dir='ltr'><strong>quia</strong></span> <span class='ocrx_word' id='word_1_657' title='bbox 1726 4673 1793 4728; x_wconf 87' lang='lat' dir='ltr'><strong>de</strong></span> 
     </span>
     <span class='ocr_line' id='line_1_96' title="bbox 220 4740 1793 4823; baseline 0 -25"><span class='ocrx_word' id='word_1_658' title='bbox 220 4742 488 4823; x_wconf 72' lang='lat' dir='ltr'><strong>Thedaldo</strong></span> <span class='ocrx_word' id='word_1_659' title='bbox 517 4753 791 4823; x_wconf 63' lang='lat' dir='ltr'><strong>tacuerat,</strong></span> <span class='ocrx_word' id='word_1_660' title='bbox 840 4742 1028 4823; x_wconf 78' lang='lat' dir='ltr'><strong>omnia</strong></span> <span class='ocrx_word' id='word_1_661' title='bbox 1057 4741 1240 4823; x_wconf 80' lang='lat' dir='ltr'><strong>posuit</strong></span> <span class='ocrx_word' id='word_1_662' title='bbox 1265 4740 1319 4823; x_wconf 80' lang='lat' dir='ltr'><strong>in</strong></span> <span class='ocrx_word' id='word_1_663' title='bbox 1346 4742 1605 4823; x_wconf 76' lang='lat' dir='ltr'><strong>singulari</strong></span> <span class='ocrx_word' id='word_1_664' title='bbox 1635 4760 1650 4808; x_wconf 89' lang='lat'><strong>;</strong></span> <span class='ocrx_word' id='word_1_665' title='bbox 1698 4743 1793 4798; x_wconf 89' lang='lat' dir='ltr'><strong>sed</strong></span> 
     </span>
    </p>
   </div>
   <div class='ocr_carea' id='block_1_95' title="bbox 220 4812 1795 4885">
    <p class='ocr_par' dir='ltr' id='par_1_95' title="bbox 220 4812 1795 4885">
     <span class='ocr_line' id='line_1_97' title="bbox 220 4812 1795 4885; baseline -0.002 -16"><span class='ocrx_word' id='word_1_666' title='bbox 220 4816 496 4885; x_wconf 72' lang='lat' dir='ltr'><strong>epistolam</strong></span> <span class='ocrx_word' id='word_1_667' title='bbox 542 4814 805 4870; x_wconf 81' lang='lat' dir='ltr'><strong>Guiberto</strong></span> <span class='ocrx_word' id='word_1_668' title='bbox 840 4812 1166 4885; x_wconf 85' lang='lat' dir='ltr'><strong>nominatim</strong></span> <span class='ocrx_word' id='word_1_669' title='bbox 1196 4812 1481 4885; x_wconf 76' lang='lat' dir='ltr'><strong>scriptam,</strong></span> <span class='ocrx_word' id='word_1_670' title='bbox 1509 4814 1577 4868; x_wconf 92' lang='lat' dir='ltr'><strong>ad</strong></span> <span class='ocrx_word' id='word_1_671' title='bbox 1603 4827 1795 4868; x_wconf 91' lang='lat' dir='ltr'><strong>omnes</strong></span> 
     </span>
    </p>
   </div>
   <div class='ocr_carea' id='block_1_96' title="bbox 219 4882 1791 4952">
    <p class='ocr_par' dir='ltr' id='par_1_96' title="bbox 219 4882 1791 4952">
     <span class='ocr_line' id='line_1_98' title="bbox 219 4882 1791 4952; baseline -0.003 -12"><span class='ocrx_word' id='word_1_672' title='bbox 219 4882 372 4941; x_wconf 76' lang='lat' dir='ltr'><strong>etiam</strong></span> <span class='ocrx_word' id='word_1_673' title='bbox 418 4883 763 4941; x_wconf 81' lang='lat' dir='ltr'><strong>Lombardiae</strong></span> <span class='ocrx_word' id='word_1_674' title='bbox 810 4882 1124 4952; x_wconf 87' lang='lat' dir='ltr'><strong>episcopos,</strong></span> <span class='ocrx_word' id='word_1_675' title='bbox 1161 4890 1307 4952; x_wconf 47' lang='lat' dir='ltr'><strong>(ita,</strong></span> <span class='ocrx_word' id='word_1_676' title='bbox 1349 4882 1611 4952; x_wconf 86' lang='lat' dir='ltr'><strong>directam</strong></span> <span class='ocrx_word' id='word_1_677' title='bbox 1649 4897 1791 4947; x_wconf 89' lang='lat' dir='ltr'><strong>esse,</strong></span> 
     </span>
    </p>
   </div>
   <div class='ocr_carea' id='block_1_97' title="bbox 220 4950 1795 5020">
    <p class='ocr_par' dir='ltr' id='par_1_97' title="bbox 220 4950 1795 5020">
     <span class='ocr_line' id='line_1_99' title="bbox 220 4950 1795 5020; baseline -0.004 -9"><span class='ocrx_word' id='word_1_678' title='bbox 220 4954 375 5010; x_wconf 81' lang='lat' dir='ltr'><strong>habet</strong></span> <span class='ocrx_word' id='word_1_679' title='bbox 404 4956 627 5020; x_wconf 88' lang='lat' dir='ltr'><strong>titulus;</strong></span> <span class='ocrx_word' id='word_1_680' title='bbox 658 4964 712 5009; x_wconf 90' lang='lat' dir='ltr'><strong>et</strong></span> <span class='ocrx_word' id='word_1_681' title='bbox 747 4950 1136 5009; x_wconf 74' lang='lat' dir='ltr'><strong>verbsimiliter</strong></span> <span class='ocrx_word' id='word_1_682' title='bbox 1165 4950 1441 5007; x_wconf 84' lang='lat' dir='ltr'><strong>Thedaldo</strong></span> <span class='ocrx_word' id='word_1_683' title='bbox 1470 4953 1795 5009; x_wconf 89' lang='lat' dir='ltr'><strong>nominatim</strong></span> 
     </span>
    </p>
   </div>
   <div class='ocr_carea' id='block_1_98' title="bbox 218 5021 1795 5106">
    <p class='ocr_par' dir='ltr' id='par_1_98' title="bbox 218 5021 1795 5106">
     <span class='ocr_line' id='line_1_100' title="bbox 218 5021 1795 5106; baseline -0.004 -26"><span class='ocrx_word' id='word_1_684' title='bbox 218 5027 745 5106; x_wconf 55' lang='lat' dir='ltr'><strong>exemplarmissum</strong></span> <span class='ocrx_word' id='word_1_685' title='bbox 783 5023 913 5106; x_wconf 64' lang='lat' dir='ltr'><strong>fuit,</strong></span> <span class='ocrx_word' id='word_1_686' title='bbox 942 5029 1199 5106; x_wconf 82' lang='lat' dir='ltr'><strong>tanquam</strong></span> <span class='ocrx_word' id='word_1_687' title='bbox 1214 5021 1386 5106; x_wconf 67' lang='lat' dir='ltr'><strong>capiti</strong></span> <span class='ocrx_word' id='word_1_688' title='bbox 1402 5024 1795 5106; x_wconf 69' lang='lat' dir='ltr'><strong>episcoporum</strong></span> 
     </span>
    </p>
   </div>
   <div class='ocr_carea' id='block_1_99' title="bbox 223 5092 1524 5160">
    <p class='ocr_par' dir='ltr' id='par_1_99' title="bbox 223 5092 1524 5160">
     <span class='ocr_line' id='line_1_101' title="bbox 223 5092 1524 5160; baseline 0.002 -12"><span class='ocrx_word' id='word_1_689' title='bbox 223 5092 573 5160; x_wconf 66' lang='lat' dir='ltr'><strong>Lomliardiae,</strong></span> <span class='ocrx_word' id='word_1_690' title='bbox 605 5097 748 5151; x_wconf 90' lang='lat' dir='ltr'><strong>sicut</strong></span> <span class='ocrx_word' id='word_1_691' title='bbox 786 5094 1087 5149; x_wconf 89' lang='lat' dir='ltr'><strong>Guibertus</strong></span> <span class='ocrx_word' id='word_1_692' title='bbox 1115 5099 1233 5147; x_wconf 90' lang='lat' dir='ltr'><strong>erat</strong></span> <span class='ocrx_word' id='word_1_693' title='bbox 1268 5092 1524 5149; x_wconf 66' lang='lat' dir='ltr'><strong>Emiliaz.</strong></span> 
     </span>
    </p>
   </div>
   <div class='ocr_carea' id='block_1_100' title="bbox 287 5160 1796 5237">
    <p class='ocr_par' dir='ltr' id='par_1_100' title="bbox 287 5160 1796 5237">
     <span class='ocr_line' id='line_1_102' title="bbox 287 5160 1796 5237; baseline -0.002 -19"><span class='ocrx_word' id='word_1_694' title='bbox 287 5166 433 5237; x_wconf 79' lang='grc'>(178)</span> <span class='ocrx_word' id='word_1_695' title='bbox 454 5164 852 5237; x_wconf 71' lang='lat' dir='ltr'><strong>Sequebantur</strong></span> <span class='ocrx_word' id='word_1_696' title='bbox 884 5162 974 5216; x_wconf 89' lang='lat' dir='ltr'><strong>hic</strong></span> <span class='ocrx_word' id='word_1_697' title='bbox 1001 5177 1129 5237; x_wconf 47' lang='lat' dir='ltr'><strong>quae</strong></span> <span class='ocrx_word' id='word_1_698' title='bbox 1153 5161 1313 5216; x_wconf 89' lang='lat' dir='ltr'><strong>habet</strong></span> <span class='ocrx_word' id='word_1_699' title='bbox 1337 5160 1537 5221; x_wconf 87' lang='lat' dir='ltr'><strong>Paulus</strong></span> <span class='ocrx_word' id='word_1_700' title='bbox 1564 5165 1633 5237; x_wconf 89' lang='lat' dir='ltr'><strong>de</strong></span> <span class='ocrx_word' id='word_1_701' title='bbox 1667 5162 1796 5217; x_wconf 91' lang='lat' dir='ltr'><strong>mit-</strong></span> 
     </span>
    </p>
   </div>
   <div class='ocr_carea' id='block_1_101' title="bbox 225 5231 1796 5306">
    <p class='ocr_par' dir='ltr' id='par_1_101' title="bbox 225 5231 1796 5306">
     <span class='ocr_line' id='line_1_103' title="bbox 225 5231 1796 5306; baseline 0 -19"><span class='ocrx_word' id='word_1_702' title='bbox 225 5231 396 5289; x_wconf 80' lang='lat' dir='ltr'><strong>tendis</strong></span> <span class='ocrx_word' id='word_1_703' title='bbox 405 5231 472 5290; x_wconf 79' lang='lat' dir='ltr'><strong>ad</strong></span> <span class='ocrx_word' id='word_1_704' title='bbox 481 5231 664 5305; x_wconf 80' lang='lat' dir='ltr'><strong>pacem</strong></span> <span class='ocrx_word' id='word_1_705' title='bbox 678 5235 877 5306; x_wconf 87' lang='lat' dir='ltr'><strong>legatis</strong></span> <span class='ocrx_word' id='word_1_706' title='bbox 892 5231 1136 5306; x_wconf 39' lang='lat' dir='ltr'><strong>num’._90</strong></span> <span class='ocrx_word' id='word_1_707' title='bbox 1153 5241 1207 5285; x_wconf 91' lang='lat' dir='ltr'><strong>et</strong></span> <span class='ocrx_word' id='word_1_708' title='bbox 1223 5240 1349 5306; x_wconf 67' lang='lat' dir='ltr'><strong>apte</strong></span> <span class='ocrx_word' id='word_1_709' title='bbox 1363 5236 1796 5306; x_wconf 74' lang='lat' dir='ltr'><strong>conclusionem,</strong></span> 
     </span>
    </p>
   </div>
   <div class='ocr_carea' id='block_1_102' title="bbox 227 5300 1798 5386">
    <p class='ocr_par' dir='ltr' id='par_1_102' title="bbox 227 5300 1798 5386">
     <span class='ocr_line' id='line_1_104' title="bbox 227 5300 1798 5386; baseline -0.002 -29"><span class='ocrx_word' id='word_1_710' title='bbox 227 5318 333 5386; x_wconf 69' lang='lat' dir='ltr'><strong>qua</strong></span> <span class='ocrx_word' id='word_1_711' title='bbox 346 5300 539 5386; x_wconf 66' lang='lat' dir='ltr'><strong>dicitur</strong></span> <span class='ocrx_word' id='word_1_712' title='bbox 552 5308 601 5361; x_wconf 93' lang='lat' dir='ltr'><strong>id</strong></span> <span class='ocrx_word' id='word_1_713' title='bbox 614 5300 797 5386; x_wconf 66' lang='lat' dir='ltr'><strong>totum</strong></span> <span class='ocrx_word' id='word_1_714' title='bbox 824 5305 1021 5386; x_wconf 50' lang='lat' dir='ltr'><strong>{totum</strong></span> <span class='ocrx_word' id='word_1_715' title='bbox 1040 5300 1305 5386; x_wconf 45' lang='lat' dir='ltr'><strong>[far-nteit:</strong></span> <span class='ocrx_word' id='word_1_716' title='bbox 1333 5304 1557 5386; x_wconf 67' lang='lat' dir='ltr'><strong>ecclesia</strong></span> <span class='ocrx_word' id='word_1_717' title='bbox 1579 5302 1798 5386; x_wconf 67' lang='lat' dir='ltr'><strong>Domini</strong></span> 
     </span>
    </p>
   </div>
   <div class='ocr_carea' id='block_1_103' title="bbox 1966 4464 3472 4548">
    <p class='ocr_par' dir='ltr' id='par_1_103' title="bbox 1966 4464 3472 4548">
     <span class='ocr_line' id='line_1_105' title="bbox 1966 4464 3472 4548; baseline 0 -29"><span class='ocrx_word' id='word_1_718' title='bbox 1966 4464 2114 4537; x_wconf 93' lang='grc'>(180)</span> <span class='ocrx_word' id='word_1_719' title='bbox 2141 4464 2317 4548; x_wconf 73' lang='lat' dir='ltr'><strong>_llur_ic</strong></span> <span class='ocrx_word' id='word_1_720' title='bbox 2345 4481 2565 4537; x_wconf 91' lang='lat' dir='ltr'><strong>quoque</strong></span> <span class='ocrx_word' id='word_1_721' title='bbox 2596 4466 2847 4548; x_wconf 71' lang='lat' dir='ltr'><strong>abbatem</strong></span> <span class='ocrx_word' id='word_1_722' title='bbox 2996 4469 3245 4548; x_wconf 43' lang='lat' dir='ltr'><strong>Vtictoris</strong></span> <span class='ocrx_word' id='word_1_723' title='bbox 3265 4474 3472 4548; x_wconf 74' lang='lat' dir='ltr'><strong>Grego-</strong></span> 
     </span>
    </p>
   </div>
   <div class='ocr_carea' id='block_1_104' title="bbox 1894 4535 3477 4609">
    <p class='ocr_par' dir='ltr' id='par_1_104' title="bbox 1894 4535 3477 4609">
     <span class='ocr_line' id='line_1_106' title="bbox 1894 4535 3477 4609; baseline 0.008 -19"><span class='ocrx_word' id='word_1_724' title='bbox 1894 4535 2008 4609; x_wconf 84' lang='lat' dir='ltr'><strong>rius</strong></span> <span class='ocrx_word' id='word_1_725' title='bbox 2028 4535 2691 4609; x_wconf 53' lang='lat' dir='ltr'><strong>cardinalem&#39;creaverat;</strong></span> <span class='ocrx_word' id='word_1_726' title='bbox 2713 4539 2807 4609; x_wconf 88' lang='lat' dir='ltr'><strong>qui</strong></span> <span class='ocrx_word' id='word_1_727' title='bbox 2836 4554 2867 4594; x_wconf 89' lang='lat' dir='ltr'><strong>a</strong></span> <span class='ocrx_word' id='word_1_728' title='bbox 2894 4539 3186 4599; x_wconf 84' lang='lat' dir='ltr'><strong>Bertholdo</strong></span> <span class='ocrx_word' id='word_1_729' title='bbox 3206 4535 3477 4605; x_wconf 60' lang='lat' dir='ltr'><strong>Constano</strong></span> 
     </span>
    </p>
   </div>
   <div class='ocr_carea' id='block_1_105' title="bbox 1892 4606 3479 4732">
    <p class='ocr_par' dir='ltr' id='par_1_105' title="bbox 1892 4606 3479 4732">
     <span class='ocr_line' id='line_1_107' title="bbox 1892 4606 3479 4732; baseline 0.008 -71"><span class='ocrx_word' id='word_1_730' title='bbox 1892 4606 2056 4662; x_wconf 87' lang='lat' dir='ltr'><strong>tiensi</strong></span> <span class='ocrx_word' id='word_1_731' title='bbox 2073 4606 2336 4732; x_wconf 43' lang='lat' dir='ltr'><strong>agantur</strong></span> <span class='ocrx_word' id='word_1_732' title='bbox 2362 4615 2422 4661; x_wconf 95' lang='lat' dir='ltr'><strong>ut</strong></span> <span class='ocrx_word' id='word_1_733' title='bbox 2451 4608 2533 4660; x_wconf 83' lang='lat' dir='ltr'><strong>vir</strong></span> <span class='ocrx_word' id='word_1_734' title='bbox 2555 4610 2697 4663; x_wconf 69' lang='lat' dir='ltr'><strong>enini</strong></span> <span class='ocrx_word' id='word_1_735' title='bbox 2727 4606 2990 4666; x_wconf 67' lang='lat' dir='ltr'><strong>charitate</strong></span> <span class='ocrx_word' id='word_1_736' title='bbox 3020 4613 3225 4683; x_wconf 75' lang='lat' dir='ltr'><strong>plenus,</strong></span> <span class='ocrx_word' id='word_1_737' title='bbox 3257 4624 3312 4670; x_wconf 90' lang='lat' dir='ltr'><strong>et</strong></span> <span class='ocrx_word' id='word_1_738' title='bbox 3342 4618 3479 4673; x_wconf 88' lang='lat' dir='ltr'><strong>obiit</strong></span> 
     </span>
     <span class='ocr_line' id='line_1_108' title="bbox 1892 4690 2232 4732; baseline -0.009 0"><span class='ocrx_word' id='word_1_739' title='bbox 1892 4690 2041 4732; x_wconf 88' lang='lat' dir='ltr'><strong>anno</strong></span> <span class='ocrx_word' id='word_1_740' title='bbox 2219 4716 2232 4729; x_wconf 94' lang='lat'><strong>.</strong></span> 
     </span>
    </p>
   </div>
   <div class='ocr_carea' id='block_1_106' title="bbox 1892 4690 2232 4732">
    <p class='ocr_par' dir='ltr' id='par_1_106' title="bbox 1892 4690 2232 4732">
     <span class='ocr_line' id='line_1_109' title="bbox 1892 4690 2232 4732; baseline -0.009 0"><span class='ocrx_word' id='word_1_741' title='bbox 1892 4690 2041 4732; x_wconf 87' lang='lat' dir='ltr'><strong>anno</strong></span> <span class='ocrx_word' id='word_1_742' title='bbox 2073 4690 2140 4731; x_wconf 79' lang='grc' dir='ltr'><strong>ιυ</strong></span> <span class='ocrx_word' id='word_1_743' title='bbox 2154 4690 2232 4732; x_wconf 69' lang='lat' dir='ltr'><strong>l9.</strong></span> 
     </span>
    </p>
   </div>
   <div class='ocr_carea' id='block_1_107' title="bbox 1966 4744 3483 4819">
    <p class='ocr_par' dir='ltr' id='par_1_107' title="bbox 1966 4744 3483 4819">
     <span class='ocr_line' id='line_1_110' title="bbox 1966 4744 3483 4819; baseline 0.009 -19"><span class='ocrx_word' id='word_1_744' title='bbox 1966 4744 2093 4816; x_wconf 90' lang='grc'>(180</span> <span class='ocrx_word' id='word_1_745' title='bbox 2106 4746 2207 4818; x_wconf 80' lang='lat' dir='ltr'><strong>bis)</strong></span> <span class='ocrx_word' id='word_1_746' title='bbox 2221 4744 2542 4819; x_wconf 72' lang='lat' dir='ltr'><strong>Lnigianum</strong></span> <span class='ocrx_word' id='word_1_747' title='bbox 2559 4746 2780 4819; x_wconf 91' lang='lat' dir='ltr'><strong>Spoleto</strong></span> <span class='ocrx_word' id='word_1_748' title='bbox 2793 4765 2985 4806; x_wconf 84' lang='lat' dir='ltr'><strong>versus</strong></span> <span class='ocrx_word' id='word_1_749' title='bbox 3000 4751 3297 4811; x_wconf 84' lang='lat' dir='ltr'><strong>Marchiam</strong></span> <span class='ocrx_word' id='word_1_750' title='bbox 3314 4757 3483 4814; x_wconf 89' lang='lat' dir='ltr'><strong>distat</strong></span> 
     </span>
    </p>
   </div>
   <div class='ocr_carea' id='block_1_108' title="bbox 1895 4816 3480 4891">
    <p class='ocr_par' dir='ltr' id='par_1_108' title="bbox 1895 4816 3480 4891">
     <span class='ocr_line' id='line_1_111' title="bbox 1895 4816 3480 4891; baseline 0.009 -22"><span class='ocrx_word' id='word_1_751' title='bbox 1895 4816 1930 4871; x_wconf 88' lang='grc'><strong>5</strong></span> <span class='ocrx_word' id='word_1_752' title='bbox 1973 4830 2034 4891; x_wconf 92' lang='lat' dir='ltr'><strong>p._</strong></span> <span class='ocrx_word' id='word_1_753' title='bbox 2064 4831 2140 4871; x_wconf 83' lang='grc' dir='ltr'><strong>ιιι.</strong></span> <span class='ocrx_word' id='word_1_754' title='bbox 2188 4816 2243 4891; x_wconf 78' lang='lat' dir='ltr'><strong>et</strong></span> <span class='ocrx_word' id='word_1_755' title='bbox 2275 4816 2405 4891; x_wconf 84' lang='lat' dir='ltr'><strong>hinc</strong></span> <span class='ocrx_word' id='word_1_756' title='bbox 2443 4816 2729 4891; x_wconf 75' lang='lat' dir='ltr'><strong>intervallo</strong></span> <span class='ocrx_word' id='word_1_757' title='bbox 2762 4819 2797 4874; x_wconf 73' lang='grc'><strong>2</strong></span> <span class='ocrx_word' id='word_1_758' title='bbox 2825 4821 2975 4891; x_wconf 16' lang='grc' dir='ltr'><strong>ειιιίό</strong></span> <span class='ocrx_word' id='word_1_759' title='bbox 3012 4825 3347 4891; x_wconf 87' lang='lat' dir='ltr'><strong>milliarium,</strong></span> <span class='ocrx_word' id='word_1_760' title='bbox 3390 4847 3480 4884; x_wconf 88' lang='lat' dir='ltr'><strong>se-</strong></span> 
     </span>
    </p>
   </div>
   <div class='ocr_carea' id='block_1_109' title="bbox 1893 4886 3481 4967">
    <p class='ocr_par' dir='ltr' id='par_1_109' title="bbox 1893 4886 3481 4967">
     <span class='ocr_line' id='line_1_112' title="bbox 1893 4886 3481 4967; baseline 0.009 -28"><span class='ocrx_word' id='word_1_761' title='bbox 1893 4886 2406 4967; x_wconf 46' lang='lat' dir='ltr'><strong>cundunLtabulam</strong></span> <span class='ocrx_word' id='word_1_762' title='bbox 2445 4890 2891 4967; x_wconf 58' lang='lat' dir='ltr'><strong>topographiqam</strong></span> <span class='ocrx_word' id='word_1_763' title='bbox 2927 4890 3185 4967; x_wconf 71' lang='lat' dir='ltr'><strong>l_J_mbria3,</strong></span> <span class='ocrx_word' id='word_1_764' title='bbox 3212 4896 3273 4952; x_wconf 88' lang='lat' dir='ltr'><strong>C.</strong></span> <span class='ocrx_word' id='word_1_765' title='bbox 3306 4886 3481 4967; x_wconf 57' lang='lat' dir='ltr'><strong>Hero,</strong></span> 
     </span>
    </p>
   </div>
   <div class='ocr_carea' id='block_1_110' title="bbox 1896 4955 3485 5032">
    <p class='ocr_par' dir='ltr' id='par_1_110' title="bbox 1896 4955 3485 5032">
     <span class='ocr_line' id='line_1_113' title="bbox 1896 4955 3485 5032; baseline 0.008 -23"><span class='ocrx_word' id='word_1_766' title='bbox 1896 4955 1951 5011; x_wconf 89' lang='lat' dir='ltr'><strong>id</strong></span> <span class='ocrx_word' id='word_1_767' title='bbox 1973 4964 2086 5032; x_wconf 53' lang='lat' dir='ltr'><strong>est,</strong></span> <span class='ocrx_word' id='word_1_768' title='bbox 2108 4955 2402 5032; x_wconf 68' lang='lat' dir='ltr'><strong>Castellum</strong></span> <span class='ocrx_word' id='word_1_769' title='bbox 2439 4955 2650 5032; x_wconf 46' lang='lat' dir='ltr'><strong>dig—rufi;</strong></span> <span class='ocrx_word' id='word_1_770' title='bbox 2674 4955 2739 5032; x_wconf 73' lang='lat' dir='ltr'><strong>et</strong></span> <span class='ocrx_word' id='word_1_771' title='bbox 2773 4958 3077 5032; x_wconf 67' lang='lat' dir='ltr'><strong>Cati-Mora</strong></span> <span class='ocrx_word' id='word_1_772' title='bbox 3099 4955 3280 5032; x_wconf 76' lang='lat' dir='ltr'><strong>idest,</strong></span> <span class='ocrx_word' id='word_1_773' title='bbox 3318 4955 3485 5022; x_wconf 53' lang='lat' dir='ltr'><strong>Cum;</strong></span> 
     </span>
    </p>
   </div>
   <div class='ocr_carea' id='block_1_111' title="bbox 1896 5026 3490 5103">
    <p class='ocr_par' dir='ltr' id='par_1_111' title="bbox 1896 5026 3490 5103">
     <span class='ocr_line' id='line_1_114' title="bbox 1896 5026 3490 5103; baseline 0.011 -26"><span class='ocrx_word' id='word_1_774' title='bbox 1896 5026 2404 5103; x_wconf 34' lang='lat' dir='ltr'><strong>pus-Meuriuquae</strong></span> <span class='ocrx_word' id='word_1_775' title='bbox 2427 5028 2687 5103; x_wconf 77' lang='lat' dir='ltr'><strong>videntur</strong></span> <span class='ocrx_word' id='word_1_776' title='bbox 2708 5030 2814 5084; x_wconf 91' lang='lat' dir='ltr'><strong>huc</strong></span> <span class='ocrx_word' id='word_1_777' title='bbox 2854 5030 3056 5103; x_wconf 85' lang='lat' dir='ltr'><strong>facere,</strong></span> <span class='ocrx_word' id='word_1_778' title='bbox 3098 5036 3221 5091; x_wconf 89' lang='lat' dir='ltr'><strong>licet</strong></span> <span class='ocrx_word' id='word_1_779' title='bbox 3259 5026 3490 5095; x_wconf 83' lang='lat' dir='ltr'><strong>nomina</strong></span> 
     </span>
    </p>
   </div>
   <div class='ocr_carea' id='block_1_112' title="bbox 1902 5093 3245 5173">
    <p class='ocr_par' dir='ltr' id='par_1_112' title="bbox 1902 5093 3245 5173">
     <span class='ocr_line' id='line_1_115' title="bbox 1902 5093 3245 5173; baseline 0.007 -25"><span class='ocrx_word' id='word_1_780' title='bbox 1902 5093 2124 5173; x_wconf 50' lang='lat' dir='ltr'><strong>Matt-{cis</strong></span> <span class='ocrx_word' id='word_1_781' title='bbox 2148 5105 2211 5173; x_wconf 84' lang='lat' dir='ltr'><strong>e_t_</strong></span> <span class='ocrx_word' id='word_1_782' title='bbox 2222 5093 2861 5173; x_wconf 52' lang='lat' dir='ltr'><strong>Clarignanimodo&#39;non</strong></span> <span class='ocrx_word' id='word_1_783' title='bbox 2886 5093 3245 5173; x_wconf 79' lang='lat' dir='ltr'><strong>reperiantur.</strong></span> 
     </span>
    </p>
   </div>
   <div class='ocr_carea' id='block_1_113' title="bbox 1972 5165 3492 5245">
    <p class='ocr_par' dir='ltr' id='par_1_113' title="bbox 1972 5165 3492 5245">
     <span class='ocr_line' id='line_1_116' title="bbox 1972 5165 3492 5245; baseline 0.007 -27"><span class='ocrx_word' id='word_1_784' title='bbox 1972 5165 2118 5236; x_wconf 90' lang='grc'>(181)</span> <span class='ocrx_word' id='word_1_785' title='bbox 2159 5166 2488 5245; x_wconf 52' lang='lat' dir='ltr'><strong>Affecti/torus</strong></span> <span class='ocrx_word' id='word_1_786' title='bbox 2512 5168 2843 5245; x_wconf 55' lang='lat' dir='ltr'><strong>potentum,</strong></span> <span class='ocrx_word' id='word_1_787' title='bbox 2877 5165 3160 5243; x_wconf 74' lang='lat' dir='ltr'><strong>tyrannice</strong></span> <span class='ocrx_word' id='word_1_788' title='bbox 3183 5176 3286 5230; x_wconf 88' lang='lat' dir='ltr'><strong>sibi</strong></span> <span class='ocrx_word' id='word_1_789' title='bbox 3299 5172 3492 5245; x_wconf 67' lang='lat' dir='ltr'><strong>lmpe-</strong></span> 
     </span>
    </p>
   </div>
   <div class='ocr_carea' id='block_1_114' title="bbox 1900 5234 3489 5315">
    <p class='ocr_par' dir='ltr' id='par_1_114' title="bbox 1900 5234 3489 5315">
     <span class='ocr_line' id='line_1_117' title="bbox 1900 5234 3489 5315; baseline 0.006 -27"><span class='ocrx_word' id='word_1_790' title='bbox 1900 5235 2045 5315; x_wconf 66' lang='lat' dir='ltr'><strong>ritum</strong></span> <span class='ocrx_word' id='word_1_791' title='bbox 2072 5234 2379 5315; x_wconf 78' lang='lat' dir='ltr'><strong>vendicant,</strong></span> <span class='ocrx_word' id='word_1_792' title='bbox 2412 5234 2731 5315; x_wconf 76' lang='lat' dir='ltr'><strong>Michaelem</strong></span> <span class='ocrx_word' id='word_1_793' title='bbox 2766 5234 3165 5315; x_wconf 60' lang='lat' dir='ltr'><strong>cum&#39;conjuge</strong></span> <span class='ocrx_word' id='word_1_794' title='bbox 3191 5252 3245 5299; x_wconf 89' lang='lat' dir='ltr'><strong>et</strong></span> <span class='ocrx_word' id='word_1_795' title='bbox 3282 5234 3409 5297; x_wconf 64' lang='lat' dir='ltr'><strong>tllio&#39;</strong></span> <span class='ocrx_word' id='word_1_796' title='bbox 3430 5246 3489 5298; x_wconf 92' lang='lat' dir='ltr'><strong>in</strong></span> 
     </span>
    </p>
   </div>
   <div class='ocr_carea' id='block_1_115' title="bbox 1901 5303 3493 5386">
    <p class='ocr_par' dir='ltr' id='par_1_115' title="bbox 1901 5303 3493 5386">
     <span class='ocr_line' id='line_1_118' title="bbox 1901 5303 3493 5386; baseline 0.008 -30"><span class='ocrx_word' id='word_1_797' title='bbox 1901 5303 2444 5386; x_wconf 46' lang='lat' dir='ltr'><strong>Blachernispapto&#39;s</strong></span> <span class='ocrx_word' id='word_1_798' title='bbox 2486 5306 2543 5360; x_wconf 89' lang='lat' dir='ltr'><strong>in</strong></span> <span class='ocrx_word' id='word_1_799' title='bbox 2585 5311 2982 5386; x_wconf 65' lang='lat' dir='ltr'><strong>monasterium</strong></span> <span class='ocrx_word' id='word_1_800' title='bbox 3026 5303 3326 5386; x_wconf 63' lang='lat' dir='ltr'><strong>relEgarat:</strong></span> <span class='ocrx_word' id='word_1_801' title='bbox 3366 5323 3493 5368; x_wconf 88' lang='lat' dir='ltr'><strong>erat</strong></span> 
     </span>
    </p>
   </div>
  </div>
