3986 5386
556 216 626 272 55
885 249 892 258 ~
1719 207 1776 262 S.
1815 205 2213 263 GliltGURIUS
2250 205 2338 262 γη
2362 207 2556 262 PAPA.

3679 207 3782 268 {36

517 343 629 399 agt,
663 327 816 398 prius
837 327 1003 380 etiam
1035 327 1198 394 quam
1243 329 1400 377 tertia
1445 321 1534 377 die
1569 327 1801 376 ventum
1839 317 2002 374 fuerit
2045 319 2101 374 in
2132 323 2175 378 Α
2203 320 2257 374 in
2293 321 2537 390 partibus
2569 318 2900 388 Teutonicis,
2929 321 3053 376 ioco
3079 328 3135 377 et
3160 329 3406 394 tempore
3440 337 3472 378 a
3495 324 3656 382 vobis
3683 323 3778 381 de-

519 418 814 490 synodum,
837 414 1036 472 defecit
1064 422 1258 472 contra
1283 412 1564 468 veritatem
1609 411 1707 466 niti
1747 426 1875 481 pars
1905 410 2098 466 altera.

521 509 728 582 Nempe
751 508 988 581 Spiritus
1021 505 1198 563 sancti
1227 503 1390 576 ignis,
1417 503 1785 560 emolumenta
1820 501 2102 573 palearum

527 615 857 658 consumens
878 641 894 668 ,
929 607 984 653 et
1023 595 1234 668 fulgore
1267 610 1369 651 suo
1403 593 1600 650 falsam
1642 593 1820 650 lucem
1853 591 2104 648 diverbeq-

524 692 699 750 rando
725 690 1106 752 obtenebrans,
1132 687 1316 742 noctis
1332 682 1617 756 caliginem
1641 685 1804 740 vertit
1825 684 1880 739 in
1903 685 2100 739 lucerna

525 781 768 854 Denique
797 777 1184 850 Berengarius,
1228 776 1396 847 hujus
1425 775 1630 832 erroris
1667 775 1948 848 magister,
1983 783 2109 844 post

526 874 690 945 longo
737 881 978 942 tempore
1020 867 1442 940 dagmatizatam
1493 867 1822 938 impietatem
1845 906 1860 934 ,
1893 881 2108 922 errasse

527 979 588 1020 se
619 979 802 1020 coram
844 961 1074 1018 concilio
1118 957 1389 1030 frequenti
1429 955 1744 1024 confessus,
1783 955 2108 1026 veniamque

526 1056 814 1126 postulans
831 1061 885 1110 et
909 1068 1094 1118 orans,
1119 1066 1240 1106 eam
1259 1065 1326 1106 ex
1351 1049 1649 1120 apostolica
1677 1048 1964 1104 clementia
1992 1055 2107 1103 me"-

527 1149 656 1216 ruit,
684 1145 996 1217 juravitque
1023 1143 1164 1199 sicut
1192 1143 1246 1196 in
1269 1141 1729 1212 consequentibus
1762 1137 2101 1196 continetur:

598 1241 652 1296 9.
673 1229 810 1310 Ego
844 1235 1206 1308 Berengarius
1231 1275 1246 1300 ,
1289 1233 1452 1289 corde
1493 1231 1656 1288 credo
1703 1239 1758 1286 et
1798 1246 1894 1286 ore
1933 1231 2106 1294 config-

515 1340 668 1396 .teor,
699 1343 900 1404 panem
931 1335 987 1383 ct
1009 1326 1226 1400 vinum,
1267 1339 1390 1396 qua:
1421 1333 1699 1395 ponuntur
1727 1322 1785 1378 in
1807 1321 1986 1388 altari,
2011 1337 2109 1392 per

531 1421 850 1493 mysterium
878 1433 1050 1474 sacrae
1088 1415 1355 1472 orationis
1380 1422 1437 1471 et
1465 1414 1630 1470 verba
1669 1413 1842 1468 nostri
1874 1408 2106 1469 Redem-

529 1493 722 1581 ptoris,
747 1509 1176 1566 substantialiter
1203 1505 1452 1563 converti
1473 1505 1529 1560 in
1549 1520 1734 1560 veram
1757 1503 1814 1560 et
1832 1505 2106 1576 propriam

529 1621 596 1660 ac
625 1591 1030 1658 viviﬁcatricem
1061 1613 1282 1656 carnem
1313 1605 1368 1653 et
1397 1597 1720 1669 sanguinem
1755 1595 1972 1653 Domini
2003 1608 2110 1651 no-

2202 411 2385 479 ilnito,
2423 419 2549 467 ante
2581 413 2924 481 praesentiam
2968 423 3205 469 vestram
3235 415 3319 470 vel
3351 413 3656 486 legatorum
3687 429 3786 472 vc—

2203 512 2442 558 strorum
2468 543 2484 570 ,
2525 501 2781 559 dominus
2810 511 2999 559 noster
3044 519 3140 561 rex
3182 503 3510 576 Rodulpbus
3550 506 3635 560 vel
3671 506 3790 577 ipse

2203 593 2402 660 veniet,
2419 593 2514 649 .vel
2545 594 2832 665 episcopos
2851 603 2907 650 et
2927 595 3109 652 fideles
3135 613 3267 653 suos
3291 599 3496 666 mittet;
3533 606 3788 668 paratus-

2203 699 2312 755 que
2333 685 2438 742 erit
2475 685 2742 756 judicium
2773 686 2842 741 de
2877 701 3049 743 causa
3083 689 3235 759 regni
3279 689 3496 755 subire,
3524 689 3788 760 nullbque

2204 777 2352 832 malo
2373 777 2592 848 ingenio
2626 785 2955 833 conventum
2977 793 3007 834 a
3042 780 3199 836 vobis
3223 781 3341 835 sive
3371 781 3566 851 legatis
3588 780 3790 836 vestris

2204 868 2563 924 constitutum
2595 868 2880 938 impediet;
2909 877 2964 924 et
2985 879 3274 942 postquam
3299 872 3426 926 inde
3455 881 3673 928 certum
3695 887 3790 928 ve—

2191 967 2384 1044 strum
2405 960 2669 1016 nuntium
2696 960 2920 1028 videbit,
2955 962 3024 1018 de
3057 977 3189 1033 pace
3215 964 3268 1018 in
3297 978 3463 1033 regno
3497 962 3789 1018 statuenda

2203 1059 2260 1106 et
2277 1051 2672 1119 conﬁrmanda,
2707 1051 2946 1109 studebit
2971 1060 3034 1108 ut
3061 1054 3260 1124 legatio
3281 1061 3462 1110 vestra
3497 1053 3788 1124 provenire

2205 1143 2274 1198 ad
2307 1157 2496 1212 pacem
2525 1143 2679 1215 regni
2708 1152 2764 1198 et
2807 1144 3158 1200 concordiam
3187 1145 3382 1216 possit.
3433 1143 3561 1200 Haec
3599 1144 3788 1199 omnia

2205 1233 2660 1302 observabuntur,
2686 1234 2793 1290 nisi
2821 1244 3088 1307 quantum
3125 1251 3190 1290 ex
3225 1245 3406 1292 vestra
3443 1235 3662 1291 licentia
3695 1249 3790 1292 re-

2205 1325 2506 1390 manserit,
2551 1326 2634 1380 vel
2687 1342 2754 1382 ex
2809 1327 3194 1398 impedimento
3244 1327 3488 1398 legitimo
3511 1369 3526 1392 ,
3576 1327 3790 1384 scilicet

2207 1423 2384 1472 morte
2451 1419 2536 1472 vel
2613 1419 2762 1490 gravi
2831 1419 3145 1476 inﬁmitate
3208 1419 3293 1476 vel
3354 1419 3606 1490 captione
3669 1419 3791 1475 sine

2204 1507 2355 1564 dolo.
2406 1508 2555 1580 (i85)

2279 1600 2365 1654 li.
2411 1599 2653 1670 Septimo
2691 1614 2915 1672 quoque
2949 1614 3096 1656 anno
3135 1601 3224 1657 sui
3259 1600 3606 1672 pontiﬁcatus
3643 1599 3787 1656 idem

531 1695 630 1750 stri
651 1693 778 1750 Jesu
798 1691 1030 1760 Christi;
1051 1698 1107 1748 et
1125 1697 1250 1762 post
1272 1665 1738 1746 consecrationem
1767 1703 1890 1744 esse
1917 1701 2104 1742 verum
2139 1665 2182 1720 Β
2205 1690 2454 1747 Pontifex
2484 1665 2686 1746 'Ilomae
2711 1665 3018 1748 celebravit
3050 1665 3344 1764 synodum,
3379 1691 3435 1744 in
3475 1706 3584 1760 qua
3619 1689 3788 1745 inter-

528 1784 730 1841 Christi
756 1799 978 1855 corpus,
1009 1783 1154 1854 quod
1190 1789 1380 1838 natum
1403 1787 1488 1836 est
1515 1779 1584 1835 de
1615 1778 1854 1852 Virgine,
1875 1787 1931 1834 et
1957 1779 2106 1849 quod

530 1892 630 1947 pro
653 1877 828 1934 salute
852 1875 1040 1932 mundi
1063 1875 1302 1930 oblatum
1327 1872 1382 1928 in
1405 1886 1570 1928 cruce
1589 1871 1861 1943 pependit,
1883 1878 1941 1927 et
1959 1869 2107 1941 quod

531 1969 682 2024 sedet
731 1968 799 2023 ad
843 1969 1119 2024 dexteram
1173 1965 1389 2032 Patris;
1433 1972 1489 2020 et
1539 1979 1732 2019 verum
1785 1961 2108 2034 sanguinem

527 2059 756 2127 Christi,
783 2059 878 2130 qui
911 2059 977 2114 de
1009 2058 1178 2113 latere
1203 2057 1321 2128 ejus
1353 2055 1560 2113 effusus
1587 2062 1709 2122 est;
1751 2069 1861 2109 non
1895 2060 2108 2109 tantum

528 2166 627 2222 per
648 2151 865 2222 signum
901 2158 956 2205 et
978 2150 1234 2204 virtutem
1261 2147 1606 2216 sacramenti,
1643 2146 1739 2202 sed
1769 2145 1828 2200 in
1859 2144 2107 2216 proprie.

529 2251 642 2298 tate
662 2248 870 2296 naturae
891 2248 948 2294 et
966 2240 1192 2294 veritate
1213 2239 1552 2306 substantia,
1575 2237 1718 2294 sicut
1747 2237 1804 2292 in
1835 2236 1945 2292 hoc
1959 2236 2110 2292 brevi

531 2333 860 2399 continetur,
894 2339 949 2386 et
977 2347 1078 2404 ego
1099 2331 1226 2402 legi,
1249 2339 1304 2387 et
1327 2345 1430 2386 vos
1453 2329 1774 2402 intelligitis.
1811 2329 1902 2385 Sic
1921 2327 2108 2396 credo,

527 2439 644 2502 nec.
655 2432 844 2479 contra
873 2423 1016 2480 hanc
1042 2422 1198 2481 ﬁdem
1223 2421 1452 2477 ulterius
1479 2421 1686 2477 docebo
1711 2440 1724 2476 :
1752 2423 1834 2476 sic
1857 2436 1944 2476 me
1964 2419 2111 2476 Deus

528 2515 768 2587 adjuvet,
792 2523 846 2569 et
869 2515 986 2570 haec
1017 2525 1204 2572 sancta
1237 2512 1334 2569 Dei
1355 2511 1663 2584 Evangelia.
1691 2511 1850 2568 Tunc
1875 2511 1940 2566 D.
1968 2525 2108 2582 papa

527 2605 786 2680 praecepit
811 2604 1156 2678 Berengario,
1185 2621 1250 2661 ex
1284 2605 1610 2662 auctoritate
1633 2603 1729 2660 Dei
1759 2603 2106 2675 omnipoten-

528 2699 602 2756 tis
631 2707 686 2754 et
719 2705 1034 2755 sanctorum
1072 2697 1446 2770 apostolorum
1485 2695 1634 2752 Petri
1661 2705 1718 2752 et
1742 2695 1918 2763 Pauli,
1949 2702 2012 2750 ut
2041 2694 2108 2750 de

525 2805 760 2862 corpore
781 2798 836 2844 et
860 2789 1126 2861 sanguine
1145 2787 1363 2845 Domini
1397 2803 1678 2859 nunquam
1714 2788 1942 2844 ulterius
1979 2801 2106 2843 cum

527 2882 714 2954 aliquo
745 2881 1048 2952 disputare,
1078 2881 1164 2937 vel
1203 2881 1440 2951 aliquem
1479 2879 1676 2936 docere
1715 2886 2105 2952 praesumeret;

527 2981 758 3044 excepto
782 2988 948 3029 causa
970 2972 1260 3029 reducendi
1289 2972 1356 3028 ad
1381 2973 1526 3028 hanc
1547 2973 1707 3028 fidem
1737 2987 1854 3038 eos,
1887 2971 1982 3042 qui
2010 2986 2108 3042 per

527 3065 648 3137 ejus
681 3063 986 3124 doctrinam
1013 3063 1084 3120 ab
1103 3079 1166 3120 ea
1189 3073 1552 3120 recesserant.

601 3154 686 3209 10.
725 3153 822 3210 liis
847 3156 1030 3226 itaque
1069 3155 1156 3224 pie
1185 3163 1241 3210 et
1281 3154 1511 3210 feliciter
1537 3155 1707 3220 actis,
1731 3155 1873 3209 inter
1905 3153 2108 3209 multa:

527 3245 983 3317 proclamationcs
1005 3245 1290 3316 conquesti
1322 3253 1454 3300 sunt
1473 3246 1636 3318 legati
1661 3245 1805 3316 regis
1835 3243 2106 3314 Rodulplii

533 3353 700 3408 super
721 3335 979 3403 Henrico,
1006 3336 1173 3406 quod,
1209 3335 1343 3390 nulli
1366 3335 1508 3403 loco,
1547 3335 1684 3390 nulli
1713 3349 1961 3407 persona:
1981 3349 2109 3404 pars

529 3444 658 3482 cens
683 3427 996 3500 religionem
1013 3426 1196 3500 [for-te,
1230 3425 1530 3499 regionem]
1558 3427 1950 3498 transalpinam
1971 3440 2107 3482 con-

529 3529 726 3576 tereret
765 3529 820 3576 ct
841 3520 1222 3586 conculcaret;
1269 3520 1540 3576 neminem
1571 3519 1785 3577 debitus
1813 3517 1979 3586 ordo,
2005 3518 2107 3572 ho-

531 3626 636 3664 nor
664 3621 759 3665 aut
782 3611 1082 3668 reverentia
1125 3619 1398 3678 tueretur;
1434 3617 1488 3666 et
1526 3610 1606 3666 uti
1646 3610 1774 3665 vilia
1817 3609 2107 3679 mancipia,

529 3717 644 3757 non
667 3703 830 3758 modo
860 3703 1168 3758 sacerdotes
1207 3711 1262 3768 et
1303 3703 1510 3772 clerici,
1530 3718 1720 3758 verum
1743 3701 1910 3756 etiam
1929 3701 2110 3756 archi-

531 3792 773 3864 episcopi
799 3802 854 3861 et
877 3793 1117 3865 episcopi
1135 3803 1492 3866 caperentur,
1527 3794 1867 3864 vinculisque
1897 3793 2109 3848 manci-

531 3887 812 3956 parentur,
833 3885 1138 3960 partimque
1161 3885 1576 3942 trucidarentur.
1605 3884 1966 3944 Decrevernnt
1981 3897 2112 3957 ergo

532 3992 700 4047 quam
739 3978 922 4048 plures
954 3979 1192 4044 concilii,
1227 3978 1280 4032 in
1333 3977 1479 4034 illius
1506 3976 1844 4050 tyrannidem
1872 3975 2109 4048 gladium

533 4068 896 4138 apostolicum
931 4069 1126 4125 debere
1159 4069 1480 4140 evaginari;
1521 4068 1616 4126 sed
1645 4067 1858 4125 distulit
1887 4075 2110 4140 aposto—

533 4161 636 4216 lica
671 4161 1065 4219 mansuetudo.
1100 4160 1433 4218 iuraverunt
1481 4161 1648 4234 igitur
1688 4161 1849 4234 legati
1893 4159 2110 4216 Henrici

535 4254 680 4326 regis
709 4253 862 4321 illud,
889 4255 1036 4324 quod
1056 4254 1110 4308 in
1143 4253 1498 4324 sequentibus
1521 4253 1790 4324 scriptum
1812 4253 2108 4324 reperitur;

534 4334 732 4417 Legati
776 4344 994 4400 Domini
1045 4345 1151 4402 mei
1207 4345 1276 4399 ad
1311 4360 1411 4400 vos
1461 4343 1684 4400 venient
1732 4343 1874 4400 infra
1930 4344 2120 4399 termi-

535 4453 668 4493 num
690 4437 1024 4498 ascensionis
1056 4435 1272 4491 Domini
1295 4435 1466 4506 (εει),
1488 4443 1712 4505 excepta
1733 4435 1931 4506 majori
1959 4435 2032 4502 vi,
2056 4435 2111 4490 id

533 4537 620 4583 est
656 4535 830 4584 morte
871 4529 956 4584 vel
977 4527 1125 4600 gravi
1161 4526 1474 4582 infirmitate
1503 4526 1586 4582 vel
1619 4526 1872 4596 captione
1906 4526 2112 4598 absque

535 4621 683 4687 dolo,
712 4621 805 4690 qui
838 4620 1044 4691 legatos
1069 4618 1330 4674 Romanae
1386 4617 1641 4674 Ecclesiae
1689 4633 1883 4672 secure
1913 4618 2114 4674 ducent

535 4722 592 4768 et
613 4711 896 4777 reducent;
933 4717 986 4765 et
1016 4709 1282 4766 Dominus
1306 4703 1424 4764 Rex‘
1441 4710 1545 4764 erit
1583 4709 1844 4764 obediens
1873 4709 2000 4774 illis,
2027 4723 2112 4763 se-

536 4803 775 4858 cundum
793 4801 1060 4871 justitiam
1083 4809 1137 4856 et
1152 4800 1419 4872 judicium
1444 4799 1694 4869 illorum;
1715 4809 1770 4855 et
1791 4801 1908 4856 haec
1927 4800 2112 4854 omnia

538 4895 746 4965 absque
775 4891 934 4958 dolo,
961 4893 1066 4948 nisi
1109 4901 1374 4964 quantum
1418 4907 1486 4947 ex
1510 4891 1759 4961 jussione
1799 4899 1978 4946 vestra
2019 4907 2111 4946 re—

538 4984 822 5041 manserit.
856 4981 923 5036 Et
945 4983 1058 5038 haec
1083 4977 1308 5054 juro'cx
1343 4991 1612 5054 praecepto
1644 4982 1850 5038 domini
1883 4983 1990 5038 mei
2021 4997 2110 5037 re-

539 5078 622 5148 gis
644 5075 882 5132 Ilenrici.
909 5072 1208 5144 Itidemque
1233 5075 1503 5144 Rodnlphi
1539 5075 1688 5146 quod
1718 5073 1966 5144 sequitur
2001 5091 2012 5126 :
2053 5069 2110 5126 Si

514 5168 872 5240 colloquium
926 5181 993 5222 ex
1036 5171 1220 5220 vestro
1257 5173 1527 5236 praecepto
1556 5167 1915 5222 constitutum
1949 5164 2114 5220 fuerit

612 5315 760 5386 (184)
797 5315 1076 5386 Ascensio‘
1095 5311 1332 5386 Domini,
1353 5329 1428 5386 eo
1454 5331 1601 5370 anno
1635 5334 1745 5386 quo
1780 5316 2112 5373 celebratum

2207 1781 2430 1838 fuerunt
2465 1782 2858 1853 archiepiscopi
2897 1791 2954 1838 et
3007 1782 3248 1853 episcopi
3305 1781 3648 1837 diversarum
3688 1797 3787 1836 ur-

2205 1873 2380 1940 bium,
2415 1888 2518 1929 nec
2548 1889 2657 1929 non
2688 1881 2746 1929 et
2765 1873 3022 1928 abbatum
3053 1888 3120 1928 ac
3148 1873 3488 1929 diversorum
3531 1872 3788 1928 ordinum

2205 1965 2530 2022 clericorum
2557 1974 2614 2021 et
2639 1965 2905 2022 laicorum
2933 1965 3349 2021 innumerabilis
3373 1964 3696 2032 multitudo;
3728 1965 3788 2021 in

2206 2073 2317 2130 qua
2345 2058 2644 2128 apostolica
2682 2058 2979 2114 constituta
3015 2058 3408 2123 corroborans,
3455 2057 3627 2112 multa
3663 2071 3789 2127 qua:

2205 2149 2527 2220 corrigenda
2557 2157 2715 2205 erant
2736 2150 2992 2216 correxit,
3025 2159 3084 2205 et
3111 2163 3234 2221 quae
3262 2147 3668 2204 corroboranda
3693 2149 3790 2203 ﬁr-

2208 2241 2396 2296 mavit.
2431 2241 2576 2296 inter
2599 2249 2796 2298 cetera
2825 2255 3061 2312 namque
3089 2241 3146 2296 in
3180 2240 3288 2296 fine
3312 2239 3590 2312 synodalia
3619 2239 3786 2294 abso-

2207 2330 2434 2388 lutionis
2463 2334 2580 2389 haec
2609 2333 2889 2400 annexuit,
2911 2341 2967 2388 et
2990 2339 3262 2403 perpetuae
3295 2331 3572 2386 memoriae
3599 2339 3786 2400 poste-

2205 2427 2285 2483 ris
2311 2425 2597 2484 scribenda
2621 2425 2926 2492 mandavit,
2969 2425 3044 2479 ita
3079 2423 3310 2480 dicendo
3343 2439 3359 2476 :
3395 2421 3620 2477 Patrum
3654 2436 3788 2476 san—

2205 2529 2420 2578 ctorum
2471 2527 2674 2577 statuta
2717 2525 3036 2588 sequentes,
3076 2516 3219 2572 sicut
3257 2515 3315 2569 in
3354 2515 3631 2586 prioribus
3655 2528 3791 2568 con-

2204 2613 2366 2680 ciliis,
2390 2627 2518 2684 quaa
2557 2611 2670 2668 Deo
2691 2609 2987 2666 miserante
3015 2607 3436 2672 celebravimus,
3469 2607 3538 2662 dc
3561 2606 3792 2662 ordinao

2205 2705 2355 2760 tione
2381 2703 2888 2759 ecclesiasticarum
2905 2701 3230 2772 dignitatum
3265 2700 3559 2756 statuimus
3579 2739 3596 2764 ,
3629 2698 3706 2753 ita
3737 2705 3794 2753 et

2205 2811 2356 2854 nunc
2373 2795 2671 2866 apostolica
2693 2793 3017 2848 arretoritate
3041 2792 3388 2848 decernimus
3413 2805 3476 2846 ac
3495 2789 3796 2845 conﬁrma-

2206 2903 2354 2954 mus,
2375 2894 2438 2942 ut
2465 2887 2512 2942 si
2541 2885 2669 2956 quis
2700 2884 2956 2954 deinceps
2993 2882 3366 2954 episcopatum
3397 2881 3481 2936 vel
3510 2880 3793 2938 abbatiam

2207 2977 2276 3034 de
2303 2993 2468 3033 manu
2513 2975 2744 3046 alicujus
2775 2973 2928 3029 iniere
2951 2987 3199 3044 personae
3241 2972 3561 3043 susceperit,
3606 2973 3794 3028 nntia-

2208 3079 2368 3126 tenus
2389 3069 2528 3124 inter
2539 3069 2826 3139 episcopos
2838 3067 2922 3122 vel
2943 3066 3170 3121 abbatcs
3191 3065 3478 3130 habeatur,
3500 3077 3604 3119 nec
3619 3065 3794 3120 ullaei

2207 3171 2270 3217 ut
2295 3161 2550 3231 episcopo
2574 3175 2669 3216 seu
2697 3159 2880 3214 abbati
2899 3193 2903 3198 ε
2921 3157 3198 3212 audientis
3237 3155 3598 3222 concedatur;
3635 3156 3797 3212 insus-

2207 3267 2304 3322 per
2321 3251 2374 3307 ei
2407 3251 2636 3322 gratiam
2666 3250 2724 3304 S.
2751 3248 2904 3305 Petri
2919 3257 2974 3304 ct
2997 3247 3280 3304 introitum
3303 3245 3547 3302 ecclesia:
3566 3245 3796 3302 interdi-

2207 3343 2416 3408 cimus,
2451 3356 2743 3412 quousque
2797 3341 2980 3396 locum
3031 3355 3195 3411 quem
3253 3339 3358 3394 sub
3403 3337 3636 3392 crimine
3679 3345 3794 3394 tam

2207 3432 2524 3489 ambitionis
2551 3445 2716 3503 quam
2757 3431 3157 3497 inobedientiae,
3186 3429 3332 3502 quod
3357 3437 3442 3484 est
3460 3429 3642 3484 scelus
3675 3429 3798 3484 ido-

2209 3525 2456 3592 lolatriae,
2483 3524 2668 3589 caedit,
2709 3523 3084 3594 resipiscendo
3115 3537 3228 3576 non
3259 3520 3481 3577 deserit.
3527 3517 3800 3576 Similiter

2208 3616 2373 3673 etiam
2393 3616 2462 3672 de
2487 3613 2836 3694 inferioribus
2858 3613 3244 3670 ecclesiasticis
3274 3611 3632 3683 dignitatibus
3655 3628 3796 3668 con-

2209 3708 2508 3764 stituimus.
2550 3706 2684 3762 item
2719 3707 2768 3762 si
2795 3705 2920 3777 quis
2943 3706 3332 3776 imperatorum
3357 3745 3374 3771 ,
3409 3719 3601 3774 regum
3625 3746 3642 3772 ,
3687 3706 3796 3760 du-

2210 3817 2358 3870 cum,
2393 3799 2804 3865 marcbionum,
2834 3797 3117 3863 comitum,
3157 3796 3243 3851 vel
3281 3795 3653 3867 quarumlibet
3691 3813 3799 3852 sa)-

2210 3893 2478 3950 cularium
2520 3896 2849 3962 potestatum
2893 3883 2987 3944 aut
3019 3903 3376 3959 personarum
3410 3887 3798 3944 investitnram

2209 3985 2559 4056 episcopatus
2582 3977 2666 4037 v’el
2687 3981 2920 4051 alicujus
2947 3981 3332 4036 ecclesiasticae
3360 3979 3644 4050 dignitatis
3665 3981 3803 4036 (iane

2210 4074 2641 4148 praesumpserit,
2671 4071 2914 4143 ejusdem
2947 4063 3469 4127 sententiae'vinculo
3497 4086 3556 4127 se
3586 4073 3801 4129 obstri.

2211 4175 2360 4223 ctum
2385 4180 2508 4222 esse
2532 4165 2750 4220 sentiat.
2787 4162 3014 4233 insuper
3045 4163 3210 4218 etiam
3251 4163 3359 4218 nisi
3387 4163 3700 4234 resipiscat,
3747 4177 3804 4222 ct

2212 4257 2471 4314 Ecclesia:
2493 4256 2769 4326 propriam
2791 4255 3096 4309 libertatem
3117 4254 3374 4320 dimittat,
3396 4255 3596 4311 divina:
3614 4257 3800 4314 anitu-

2151 4345 2197 4400 D
2220 4347 2562 4406 adversionis
2589 4347 2852 4402 ultionem
2881 4347 2936 4400 in
2978 4346 3082 4401 hac
3120 4347 3376 4418 praesenti
3425 4348 3558 4413 vita,
3597 4356 3708 4404 tam
3743 4351 3800 4405 in

2211 4455 2441 4512 corpore
2480 4453 2647 4509 quam
2679 4439 2735 4492 in
2766 4437 2980 4493 caeteris
3023 4437 3187 4492 rebus
3230 4437 3348 4494 suis
3393 4438 3615 4506 sentiat,
3650 4448 3716 4496 ut
3747 4443 3804 4497 in

2211 4533 2444 4588 adventu
2468 4528 2688 4584 Domini
2719 4527 2958 4600 Spiritus
2983 4529 3169 4584 salvus
3203 4529 3317 4584 ﬁat.

2281 4623 2366 4681 i2.
2406 4621 2538 4698 item
2581 4621 2906 4679 sententiam
2939 4621 3298 4691 depositionis
3330 4613 3386 4678 et
3413 4625 3802 4678 excommuni-

2211 4716 2463 4780 cationis,
2473 4713 2586 4785 jam
2609 4713 3120 4786 plerumquedatam
3135 4713 3190 4768 in
3204 4711 3576 4770 Tlieodaldurn
3592 4713 3645 4768 Μ
3649 4715 3805 4770 edic-

2213 4807 2491 4863 lanenscm'
2511 4805 2720 4861 dictum
2751 4803 3244 4875 archiepiscopum,
3269 4815 3324 4860 et
3348 4805 3673 4862 Guibertum
3693 4805 3804 4862 Ra-

2211 4894 2519 4964 vennatem,
2531 4905 2584 4952 et
2599 4895 2906 4954 Rolandum
2919 4893 3318 4954 Tarvisiensem
3339 4898 3804 4956 confirmamusct

2213 4987 2662 5055 corroboramus;
2689 4995 2746 5042 et
2763 4986 2983 5042 Petrum
3006 4986 3134 5042 olim
3162 4987 3536 5044 Redonensem
3558 4987 3769 5063 [Bothe

2213 5076 2345 5148 neu]
2375 5079 2714 5148 episcopum,
2752 5094 2898 5133 nunc
2932 5088 3114 5134 autem
3137 5079 3512 5138 Narbonensis
3537 5079 3800 5140 Ecclesizn

2212 5167 2540 5238 invasorem,
2564 5170 2681 5239 pari
2745 5171 3016 5224 sententia
3041 5171 3387 5228 damnamus.
3425 5171 3560 5230 item
3595 5177 3643 5232 si
3671 5178 3800 5247 quis

2213 5323 2446 5386 sovteris
2483 5324 2840 5380 deliberatum
2880 5324 2984 5386 sit,
3032 5323 3222 5380 Utrum
3268 5328 3401 5381 bona
3449 5330 3798 5386 ecclesiarum
