3986 5386
515 253 617 308 159

1718 240 1774 296 S.
1802 238 2201 297 GREGORIUS
2237 240 2325 297 V11
2351 240 2553 296 PAPA.

3685 242 3784 297 140

514 364 683 423 initus
727 370 784 419 et
831 348 1102 432 lacrymas
1156 354 1462 427 compulit:
1512 354 1705 425 sicque
1755 352 2095 419 Concilium,
2128 355 2173 412 A
2199 362 2438 410 vestram
2464 369 2655 410 curam
2688 353 2863 409 trado.
2893 351 3166 421 Quoniam
3186 330 3528 427 mihi'opem
3548 355 3783 428 pretium

514 456 828 532 Apostolica
842 451 1221 510 benedictione
1244 447 1598 514 laetiﬁcatum,
1622 446 1676 501 in
1691 461 1826 516 pace
1844 445 2098 513 dimisit.)

516 553 654 609 Tres
697 557 881 606 autem
916 547 1061 602 vices
1098 541 1386 607 Henricus,
1414 547 1476 596 ut
1494 540 1702 596 dictum
1737 546 1842 605 est,
1867 537 2100 592 Romam

515 652 758 701 venerat.
796 640 902 697 Sed
927 653 1098 694 unum
1121 643 1207 692 est
1244 633 1392 705 quod
1422 648 1549 690 cum
1583 631 1802 688 silentio
1825 629 2103 701 przeterire

463 773 467 777 -
517 753 627 794 non
662 741 913 806 oportet:
958 732 1019 786 in
1056 728 1249 784 ultima
1286 740 1524 796 namque
1553 739 1742 781 secum
1780 722 2101 779 Guibertum

520 828 957 891 Raventinatem,
985 823 1101 895 jam
1134 818 1415 875 multoties
1433 818 1756 874 damnatum
1774 823 1848 871 .et
1881 812 2105 884 deposi-

517 930 657 987 tum,
706 916 960 983 deduxit;
1004 922 1061 970 et
1101 911 1412 967 invasorem
1463 923 1629 980 super
1676 906 1739 962 D.
1779 906 2103 979 Gregorium

515 1014 720 1084 Papam
742 1006 1058 1082 praeposuit.
1085 1004 1193 1061 Sed
1211 1002 1345 1075 quid
1366 1001 1621 1092 diabolus
1659 1008 1714 1056 et
1733 998 2105 1056 Antichristus

518 1105 710 1161 Romae
740 1110 797 1159 et
828 1102 887 1156 in
907 1098 1167 1156 omnibus
1188 1093 1310 1167 ejus
1335 1093 1537 1150 ﬁnibus
1567 1101 1654 1149 est
1674 1099 1951 1163 operatus,
1980 1092 2103 1147 lon-

519 1206 651 1270 gum
687 1203 773 1253 est
816 1205 1064 1249 narrare.
1099 1187 1161 1245 In
1202 1194 1387 1244 castro
1414 1201 1662 1257 namque
1699 1183 1756 1240 S.
1792 1183 2007 1257 Angeli,
2046 1199 2106 1241 se

520 1304 647 1345 cum
677 1286 869 1359 paucis
901 1281 1170 1339 Dominus
1195 1279 1344 1350 Papa
1377 1277 1622 1343 reclusit,
1654 1276 1917 1348 quoniam
1950 1275 2108 1332 aliter

521 1380 711 1435 Romae
735 1391 1018 1434 remanere
1038 1389 1148 1429 non
1177 1379 1432 1443 poterat:
1466 1368 1701 1425 Romani
1723 1383 1854 1424 vero
1882 1369 2105 1438 malam,

520 1488 690 1545 quam
723 1472 1037 1526 habuerunt
1075 1482 1107 1522 a
1150 1463 1442 1537 principio,
1487 1460 1941 1519 consuetudinem
1984 1477 2108 1531 per-

521 1566 685 1622 ﬁcere
716 1571 779 1618 ut
814 1561 968 1633 prius
1001 1562 1331 1629 coeperunt:
1375 1561 1620 1611 castrum
1656 1552 1898 1623 undique
1933 1553 2109 1609 muris

520 1658 933 1720 obseraverunt,
958 1653 1033 1707 ita
1068 1650 1215 1722 quod
1241 1646 1377 1704 nulli
1403 1646 1487 1703 fas
1518 1653 1664 1703 esset
1689 1644 2000 1701 introeundi
2024 1644 2108 1701 vel

2200 446 2257 502 in
2280 445 2719 518 Longobardiam
2749 454 2960 502 vertere
2990 447 3114 514 iter,
3139 448 3403 518 promitto
3431 448 3590 506 vobis
3612 450 3783 521 quod,

2200 538 2248 594 si
2278 552 2520 610 unquam
2562 537 2795 604 rediero,
2828 546 3004 594 totum
3046 539 3317 610 meipsum
3350 545 3406 595 et
3438 538 3625 596 omnia
3665 555 3789 612 quae

2200 630 2378 688 habeo
2399 637 2454 686 et
2478 629 2680 686 habere
2700 638 2893 701 potero
2913 631 3093 687 modis
3126 631 3383 688 omnibus
3416 632 3649 687 tradam.
3679 631 3787 688 Sed

2201 723 2327 795 pius
2347 731 2404 778 et
2438 722 2680 780 clemens
2705 722 2992 791 Dominus,
3027 723 3123 795 qui
3160 724 3313 780 novit
3347 724 3595 781 omnium
3633 725 3789 797 cogi-

2202 815 2458 885 tationes,
2480 816 2574 873 diu
2597 831 2697 887 per
2713 830 2840 871 eum
2861 830 2972 871 non
2992 824 3076 871 est
3091 831 3287 887 passus
3308 814 3608 873 Ecclesiam
3629 832 3788 873 suam

2203 908 2387 964 vexari
2414 926 2427 964 :
2464 907 2560 979 qui
2587 908 2656 964 ad
2690 908 2833 963 hanc
2865 908 3140 964 civitatem
3168 909 3312 964 ultra
3344 921 3455 963 non
3488 915 3574 964 est
3606 924 3792 965 rever-

2204 1016 2321 1058 sus.
2354 999 2622 1058 Robertus
2643 999 2960 1066 Guicbardi,
2991 998 3179 1056 Roma:
3209 1000 3657 1071 appropinquans
3675 1000 3792 1057 dic-

2205 1092 2310 1148 bus
2333 1092 2421 1149 his
2450 1093 2520 1149 ad
2545 1091 2890 1148 liberandum
2925 1091 2990 1146 D.
3013 1091 3242 1163 Papam,
3267 1092 3524 1164 primitus
3562 1107 3679 1148 non
3702 1093 3790 1147 in-

2206 1184 2409 1240 travit:
2454 1184 2549 1242 sed
2580 1184 2675 1241 diu
2709 1198 2819 1239 non
2854 1183 3024 1251 stetit,
3065 1185 3241 1241 donec
3280 1184 3535 1240 intravit:
3582 1184 3789 1241 aditum

2205 1292 2445 1349 namque
2467 1292 2565 1348 per
2588 1285 2804 1347 portam
2828 1274 3164 1332 Flamineam
3183 1276 3393 1332 habuit.
3414 1275 3676 1342 Romani,
3697 1292 3794 1332 au-

2206 1370 2322 1427 dito
2360 1384 2487 1425 eum
2528 1369 2785 1436 intrasse,
2822 1367 3025 1423 bellum
3068 1377 3398 1424 erexerunt:
3442 1369 3538 1424 sed
3578 1368 3719 1424 nihil
3744 1372 3793 1425 ei

2208 1464 2389 1519 facere
2409 1468 2722 1532 potuerunt,
2744 1461 2859 1516 imo
2878 1460 2994 1532 ipse
3013 1476 3138 1517 cum
3162 1462 3277 1518 suis
3300 1470 3472 1517 totam
3496 1461 3795 1535 Regionem

2208 1556 2380 1622 illam,
2404 1553 2462 1608 in
2490 1570 2600 1625 qua
2621 1552 2866 1610 ecclesiae
2898 1552 2955 1609 S.
2983 1552 3233 1609 Silvestri
3259 1562 3315 1609 et
3339 1551 3397 1608 S.
3426 1551 3713 1610 Laurentii
3742 1555 3797 1610 in

2211 1647 2417 1704 Lucina
2442 1646 2561 1703 sita:
2585 1655 2733 1713 sunt,
2769 1644 2986 1716 penitus
3012 1645 3281 1701 destruxit
3308 1653 3363 1701 et
3396 1643 3512 1701 fere
3543 1646 3615 1701 ad
3651 1646 3799 1701 nihi-

521 1748 804 1807 redeundi.
849 1746 967 1801 Rex
1003 1741 1334 1814 Capitolium
1374 1738 1640 1805 ascendit,
1680 1738 1877 1794 domos
1915 1752 2108 1793 omnes
2142 1728 2184 1782 Β
2211 1741 2323 1795 lum
2368 1738 2594 1811 redegit.
2654 1735 2860 1793 Dehinc
2907 1736 3004 1793 ivit
3059 1738 3128 1794 ad
3176 1746 3420 1795 castrum
3471 1736 3531 1793 S.
3581 1738 3798 1810 Angeli,

520 1842 823 1899 Corsorum
843 1836 1061 1903 evertit,
1084 1834 1319 1889 Romam
1340 1840 1403 1889 ut
1426 1830 1706 1904 propriam
1738 1830 1965 1886 domum
1990 1845 2107 1885 caa-

521 1938 603 2010 pit
645 1937 879 1992 habere.
912 1928 1123 1985 Dehinc
1159 1926 1309 2001 (192)
1350 1922 1760 1995 Septem-solia,
1802 1922 1860 1977 in
1907 1922 2110 1993 quibus

524 2027 784 2085 Rusticus
804 2024 978 2099 (195),
996 2034 1167 2091 nepos
1197 2017 1440 2090 praedicti
1463 2015 1742 2081 Pnesulis,
1765 2015 2106 2080 considebat,

524 2119 803 2186 obsidens,
853 2130 979 2174 cum
1026 2113 1217 2168 multis
1254 2108 1759 2174 machinationibus
1799 2108 2107 2175 attentavit,

522 2218 724 2290 quibus
742 2226 908 2286 quam
931 2208 1198 2281 plurimas
1218 2204 1506 2262 columnas
1528 2200 1813 2258 subvertit.
1840 2198 1944 2256 Cui
1968 2215 2111 2256 nun-

525 2306 633 2367 tius
657 2306 894 2372 advenit,
929 2303 977 2359 si
1007 2316 1119 2356 non
1155 2298 1224 2355 de
1255 2294 1543 2353 obsidione
1568 2300 1906 2365 exsurgeret,
1944 2308 1977 2348 a
2001 2291 2112 2347 Ro-

521 2404 677 2458 berto
713 2394 1009 2456 Guichardi
1040 2392 1189 2449 Duce
1217 2388 1428 2461 Apuliae
1462 2385 1724 2458 expulsus
1760 2393 1926 2451 esset,
1952 2392 2010 2439 et
2046 2384 2113 2440 de

521 2494 643 2566 ejus
673 2491 929 2548 manibus
964 2498 1128 2541 nemo
1155 2497 1281 2537 eum
1314 2480 1551 2535 liberare
1579 2484 1807 2549 posset:
1847 2474 2111 2546 quoniam

523 2584 817 2658 prmiictus
859 2579 981 2634 Dux
1022 2575 1197 2632 ﬁdelis
1237 2581 1293 2629 et
1332 2572 1564 2629 devotus
1606 2577 1726 2625 erat
1764 2567 1825 2622 Β.
1872 2566 2020 2624 Petri
2060 2576 2116 2623 et

526 2676 737 2751 puniati
768 2670 1073 2737 Pontiﬁcis,
1108 2676 1164 2723 et
1191 2667 1416 2739 dignum
1458 2671 1579 2720 erat
1614 2670 1676 2718 ut
1714 2661 2112 2732 ﬁliuspatrem

524 2770 591 2829 de
622 2778 776 2827 tanta
800 2764 1052 2838 captione
1079 2760 1332 2831 eriperet.

594 2863 682 2919 16.
724 2860 839 2916 Rex
866 2872 1018 2922 vero,
1055 2863 1278 2923 accepto
1306 2848 1431 2907 cum
1467 2848 1584 2905 suis
1614 2845 1869 2913 consilio,
1908 2844 2114 2900 Roma-

526 2968 628 3013 nos
661 2967 855 3010 omnes
883 2950 966 3006 sic
1006 2948 1276 3003 allocutus
1309 2950 1397 2999 est
1424 2960 1437 2997 :
1483 2939 1677 2996 Patres
1706 2946 1762 2995 et
1798 2937 1917 3006 ﬁlii,
1958 2937 2116 2994 vobis

525 3046 789 3105 coronam
845 3040 1066 3112 lmpeii
1122 3046 1178 3093 et
1228 3034 1382 3106 regni
1437 3030 1807 3104 gubernacula
1859 3029 2116 3084 manibus

526 3138 725 3197 vestris
757 3145 812 3193 et
834 3130 1092 3206 potestati
1115 3127 1421 3192 committo,
1457 3125 1811 3193 animamque
1844 3136 2024 3177 meam
2058 3121 2114 3176 in

599 3293 1121 3424 (lmgeCi-acconius,
1146 3291 1206 3376 in
1228 3288 1351 3373 Vita
1376 3288 1624 3373 Gregorii
1653 3286 2015 3371 1X,.cre.atum
2042 3289 2121 3373 ait

599 3388 687 3424 one
787 3368 1103 3424 ntizontum,
1140 3379 1197 3416 in
1234 3360 1500 3415 Draconta
1528 3356 1586 3414 S.
1627 3357 1811 3413 Lucra!
1848 3375 1906 3412 tn
1943 3356 2119 3424 Sepu-

527 3356 687 3454 prdpe
716 3356 1114 3439 Septizonium,
1140 3363 1197 3416 in
1234 3356 1511 3415 Diaconid
1528 3356 1586 3414 S.
1627 3357 1811 3413 Lucio!
1848 3359 1906 3412 in
1943 3356 2119 3429 Septi-

528 3441 683 3497 solio.
710 3435 1019 3494 Alexander
1041 3433 1286 3487 Donatus
1313 3446 1437 3487 eam
1460 3444 1585 3500 esse
1611 3436 1799 3500 censet
1826 3443 2119 3500 qutenunc

528 3503 730 3568 dicitur
751 3507 809 3565 S.
835 3506 1018 3561 Lucina
1038 3505 1095 3558 in
1117 3501 1301 3568 Silice,
1323 3501 1454 3557 etin
1476 3498 1738 3568 Esquiliis
1761 3498 1927 3555 sitam
1950 3498 2120 3557 fuisse

530 3584 608 3639 ait
631 3601 644 3639 :
675 3589 764 3638 est
798 3587 982 3635 autem
1009 3573 1324 3632 verosimile
1350 3570 1716 3643 Septisolium,
1742 3578 1999 3642 corrupte
2034 3571 2119 3627 di-

530 3663 691 3710 etum
714 3667 746 3707 a
784 3650 960 3723 plebe,
986 3661 1087 3718 ι)το
1117 3643 1442 3723 Septizenio-
1501 3719 1513 3723 Α
1758 3718 1771 3723 ,

603 3723 753 3795 (19ξι)
785 3709 1122 3795 Praefectura
1148 3709 1265 3771 htec
1302 3713 1426 3795 fuit,
1459 3719 1519 3767 ut
1553 3718 1797 3795 apparet,
1833 3709 2115 3779 militaris;

531 3782 761 3866 proinde
786 3807 817 3846 a
841 3788 1127 3866 nobilitate
1156 3785 1402 3866 muneris
1426 3782 1768 3866 quiod_g_essit
1801 3795 1993 3864 nepos,
2023 3796 2117 3866 ar-_

571 3871 854 3919 umentum
901 3859 1029 3915 duci
1074 3864 1262 3928 posset
1313 3854 1414 3928 ad__
1440 3852 1782 3928 nobilitatem
1835 3852 2122 3928 ipsiusmet

644 3933 789 4006 gorii
815 3930 1000 4006 patrui
1037 3922 1126 4006 vel
1163 3924 1442 3993 avunculi,
1473 3925 1529 3980 in
1567 3922 1812 3979 favorem
1850 3922 2121 3979 Petraccii

531 3999 783 4063 eamdem
817 3999 1075 4058 adstruen
1083 3999 1171 4054 tis.
1282 4042 1288 4048 .

536 4138 541 4142 _
603 4072 761 4148 (194)
789 4071 888 4129 Hic
936 4088 1004 4148 ex
1044 4067 1341 4148 Derthgldo
1391 4065 1707 4148 ponendum
1747 4072 1922 4148 esset,
1962 4078 2121 4148 quo:

532 4135 699 4202 modo
726 4135 915 4199 Romae
950 4144 1006 4197 in
1040 4139 1181 4196 festo
1212 4137 1269 4193 S.
1296 4135 1527 4193 Joannis
1555 4136 1854 4206 Baptistae,
1881 4145 2014 4206 puta
2038 4135 2121 4206 79.1

532 4216 703 4283 Junii,
729 4230 857 4271 cum
877 4214 955 4269 ibi
982 4209 1453 4283 Renricus_adhuc
1473 4204 1803 4272 moraretur,
1826 4204 2123 4283 Gregorius

534 4275 830 4342 anathema
872 4285 928 4338 in
965 4297 1092 4336 eum
1136 4290 1192 4335 et
1235 4278 1559 4334 Guibertum
1603 4275 1885 4330 renovavit
1913 4275 2121 4345 {quod

535 4356 735 4428 iterum
768 4361 893 4424 post
917 4351 1081 4428 R_egis
1110 4349 1414 4428 discessum
1453 4345 1582 4428 fecit
1618 4346 1675 4399 in
1720 4344 1961 4428 Synodo,
1992 4344 2119 4428 col:

2211 1832 2275 1888 D.
2324 1828 2531 1901 Papam
2571 1830 2641 1887 ab
2684 1843 2751 1885 eo
2786 1829 3077 1899 abstraxit,
3106 1845 3426 1903 secumque
3461 1828 3800 1887 Lateranum

2210 1924 2474 1981 deduxit:
2518 1938 2822 1994 omnesque
2867 1920 3148 1979 Romanos
3194 1921 3495 1994 depraedari
3532 1925 3706 1995 erepit
3747 1934 3823 1981 et-

2209 2016 2538 2088 exspoliare,
2561 2024 2725 2086 atque
2738 2014 2907 2086 (quod
2929 2014 3258 2086 injuriosum
3276 2022 3363 2071 est
3388 2016 3807 2089 nuntiare)mu-

2210 2108 2372 2165 lieres
2409 2107 2793 2175 dehonestare,
2829 2107 3190 2180 regionesque
3234 2107 3355 2164 illas
3390 2108 3537 2165 circa
3569 2107 3804 2165 Latera-

2211 2217 2342 2256 num
2365 2210 2418 2257 et
2435 2200 2742 2257 Colisseum
2770 2200 2980 2272 positas
3003 2199 3127 2271 i'gne
3160 2200 3484 2256 comburere
3515 2200 3696 2273 (194).

2284 2293 2372 2350 17.
2412 2292 2616 2349 Eodem
2638 2308 2784 2347 anno
2812 2306 2909 2363 per
2946 2299 3124 2347 totum
3160 2291 3351 2348 orbem
3393 2307 3595 2364 magna
3625 2292 3806 2350 fames

2213 2384 2334 2451 fuit,
2372 2384 2520 2456 quod
2566 2383 2761 2440 exinde
2800 2383 2958 2437 multi
3008 2384 3261 2440 homines
3319 2385 3507 2440 nortui
3552 2393 3707 2454 sunt,
3750 2397 3809 2440 et

2214 2478 2296 2534 sol
2332 2475 2482 2550 (195)
2518 2476 2763 2547 eclipsim
2795 2490 2993 2546 passus
3029 2478 3144 2531 est‘:
3191 2484 3336 2532 terra
3377 2485 3527 2533 mo‘a
3560 2485 3670 2545 est,
3706 2493 3806 2534 ca-

2215 2578 2390 2628 strum
2421 2568 2479 2624 S.
2507 2567 2698 2639 Angeli
2721 2567 2870 2639 (196)
2902 2576 3122 2638 captum
3144 2577 3245 2624 est.
3285 2567 3406 2624 Dux
3433 2584 3564 2624 vero
3591 2569 3810 2642 Apuliae

2216 2676 2402 2719 secum
2430 2659 2494 2716 D.
2523 2658 2726 2731 Papam
2749 2660 3046 2725 deducens,
3076 2661 3219 2731 apud
3246 2659 3514 2717 Salerni»
3561 2662 3807 2728 dimisit;

2217 2753 2399 2825 ibique
2423 2751 2676 2808 amabilis
2706 2749 2932 2807 Deo'vir
2955 2750 3292 2821 Catholicus,
3323 2762 3378 2809 et
3403 2761 3596 2809 contra
3630 2754 3813 2809 hatre-

2216 2846 2451 2902 ticorum
2496 2860 2651 2901 arma
2688 2842 2945 2900 defensor
2981 2843 3257 2913 Ecclesiae,
3295 2832 3559 2902 liberator
3599 2861 3815 2917 paupe—

2216 2954 2371 3005 rum,
2422 2926 2764 3008 captivorum
2806 2938 3151 3009 consolator,
3200 2939 3575 3010 orphanorum
3632 2938 3811 2994 mise-

2217 3039 2401 3098 rator,
2446 3030 2616 3086 vitam
2659 3029 2855 3095 ﬁnivit,
2909 3038 3075 3101 atque
3123 3030 3234 3087 Deo
3279 3031 3519 3086 animam
3567 3029 3815 3087 reddidit

2218 3131 2415 3179 octavo
2436 3121 2709 3179 Kalendas
2743 3120 2911 3177 Junii.

2217 3290 2295 3346 ait
2322 3289 2523 3364 Paulus
2548 3306 2699 3364 num.
2727 3288 2860 3364 109,
2904 3290 3048 3344 circa
3074 3288 3347 3364 Kalendas
3370 3290 3625 3364 Jgnuorii
3661 3311 3817 3364 ρτωκ

2219 3376 2367 3423 nosse
2392 3360 2544 3432 carpit
2570 3359 2973 3432 dissolutionem
2994 3363 3231 3432 corporis
3257 3364 3360 3416 sui.
3401 3361 3586 3417 Potuit
3622 3359 3816 3422 tamen

2217 3432 2389 3507 etiam
2412 3431 2569 3507 initio
2610 3433 2889 3507 sequentis
2918 3431 3366 3507 Quadragesimaa
3406 3434 3592 3507 habLta
3630 3433 3819 3507 Syno-

2218 3500 2534 3574 dus_1_‘uisse
2551 3500 2749 3574 _post’_9
2776 3500 2976 3569 Martii,
3006 3517 3132 3574 cum
3150 3500 3370 3559 Pascha
3404 3500 3690 3574 agendum'
3714 3522 3818 3562 es-

2221 3582 2305 3644 set
2322 3572 2396 3626 20
2432 3570 2654 3644 Aprilis.
2685 3570 2823 3644 Cum
2848 3577 3030 3628 autem
3058 3572 3384 3630 Bertholdus
3404 3570 3646 3644 priorem
3672 3592 3824 3633 ana-

2220 3641 2562 3715 thematismi
2582 3642 2993 3715 renovationem
3019 3652 3132 3715 tam
3163 3641 3422 3715 expresse
3444 3645 3577 3700 dicit
3604 3645 3822 3703 factam

2221 3712 2440 3779 Romae,
2478 3713 2692 3797 videtur
2726 3712 2973 3797 indicare
3023 3712 3304 3797 Spiodum
3332 3716 3475 3797 hanc
3499 3715 3575 3797 ibi
3602 3717 3824 3797 factam

2222 3798 2333 3839 non
2371 3798 2515 3859 es_se_,
2559 3784 2655 3840 sed
2697 3783 2848 3859 alibi,
2882 3791 3015 3854 puta
3056 3783 3337 3859 in_Mon_te
3367 3785 3623 3855 Cassino,
3656 3790 3824 3859 prius

2219 3852 2699 3926 quathalernum
2722 3852 3084 3926 deduceretur
3105 3853 3378 3912 Pontifex.
3610 3852 3629 3883 ’-

2293 3924 2442 3997 (195)
2481 3921 2636 3997 lianc
2666 3924 2913 3996 eclipsim
2949 3942 3113 3983 nemo
3141 3927 3283 3982 alius
3315 3927 3614 3983 historicus
3640 3927 3826 3984 adno-

2220 3996 2392 4079 tavit,
2414 3996 2559 4079 unde
2591 3996 3070 4079 ejusnaccura‘tius
3106 3997 3413 4079 deﬁnienda
3450 3998 3678 4079 occasio
3714 4000 3826 4057 de-

2223 4066 2328 4122 fuit
2352 4066 2591 4141 Calvisio
2620 4063 2678 4121 in
2715 4063 3332 4141 Operechronologico,
3373 4068 3626 4141 omnium
3674 4086 3828 4141 quas

2222 4138 2424 4219 reperit
2443 4138 2725 4219 eclipseon.
2739 4137 2982 4194 calculos
3006 4137 3309 4194 subducere
3331 4139 3515 4206 solito,
3542 4155 3610 4195 ex
3633 4137 3830 4196 astro-

2222 4208 2456 4278 nomicis
2477 4208 2779 4278 praeceptis.

2295 4277 2443 4349 (196)
2478 4276 2563 4349 An
2597 4293 2629 4349 a
2660 4276 2926 4333 Romanis
2950 4278 3247 4349 seditiosis,
3265 4286 3391 4349 post
3416 4276 3673 4349 Gregorii
3696 4280 3830 4335 dis-

2223 4347 2442 4403 cessum
2483 4347 2571 4403 vel
2599 4348 2908 4412 decessum,
2942 4348 3203 4404 Guiberto
3229 4347 3577 4405 faventibus?
3603 4348 3686 4406 Ita
3719 4368 3831 4408 su-

537 4426 677 4481 lecta
715 4415 907 4479 mense
946 4415 1249 4485 Decembri,
1285 4426 1345 4473 ut
1382 4417 1687 4482 credimus;
1726 4415 2017 4485 siquidem,
2060 4422 2124 4469 ut
2156 4435 2200 4489 ι)
2224 4418 2406 4488 spicor
2433 4436 2444 4472 :
2472 4417 2743 4475 residebat
2763 4417 2912 4474 enim
2948 4425 3079 4474 tunc
3102 4418 3287 4476 Romae
3309 4419 3635 4475 Guibertus.

1427 4720 2114 4855 PROCEMIUM
2186 4719 2914 4813 MABILLONII

886 4864 995 4981 Adv
1016 4917 1212 4976 Vitam
1241 4916 1445 4975 sancti
1472 4910 1773 4992 Gregorii
1808 4911 1943 4985 VII,
1989 4911 2292 4988 scriptam
2323 4929 2361 4969 a
2388 4908 2590 4971 Paulo
2622 4909 3088 4983 Bernricdcnsi,
3123 4909 3481 4991 subcrquali.

1481 5078 1637 5147 (Acta
1661 5075 1761 5133 SS.
1788 5076 2010 5140 Bencd.,
2037 5083 2192 5145 parte
2223 5089 2261 5127 ιι
2299 5072 2496 5129 Sacculi
2531 5071 2616 5140 Vl,
2654 5090 2704 5142 p.
2736 5073 2886 5143 405.)

617 5335 668 5386 1.
707 5330 918 5386 Magnis
957 5320 1348 5382 controversiis
1379 5323 1725 5379 occasionem
1767 5319 1997 5386 praebuit
2036 5319 2125 5372 in-

2230 5327 2394 5386 prout
2415 5317 2623 5372 scilicet
2648 5315 2894 5383 partibus
2928 5314 3129 5369 addicti
3171 5314 3409 5370 fuerunt.
3450 5312 3565 5369 Nec
3600 5316 3853 5374 animus
