3986 5386
235 375 319 430 ιη

1214 362 1748 421 PROLEGOMENA.
1789 396 1860 406 —-
1896 365 2073 421 ACTA
2112 366 2169 421 S.
2210 366 2558 427 GREGORII.

3377 374 3483 428 142

230 483 404 555 asqttali
426 490 669 546 auctore,
708 478 868 550 paulo
903 487 1029 550 post
1067 478 1240 549 ipsius
1270 478 1518 549 Gregorii
1562 489 1792 533 mortem
1827 481 1869 540 Α
1895 478 2060 534 domo
2094 478 2493 539 Brunswieensi
2524 484 2904 549 oriundornm,
2948 483 3039 539 ubi
3078 484 3130 539 in
3179 482 3291 547 Vita
3337 484 3484 541 llen-

229 576 405 633 litteris
439 576 754 631 mandatam
790 587 853 627 cx
894 571 1156 629 Gretsero
1192 579 1247 627 et
1270 570 1533 627 Bollando
1561 570 1795 627 mutuati

228 685 425 726 sumus.
440 669 618 724 Porro
628 665 851 731 Paulus,
869 663 1007 720 Vita
1028 665 1194 735 hujus
1214 671 1426 729 auctor,
1442 662 1544 718 fuit
1559 663 1799 734 primum

230 760 627 830 llatisponensis
668 756 923 812 Ecclesia:
968 757 1291 823 canonicos,
1324 756 1420 825 qui
1461 771 1588 810 eum
1628 769 1694 808 ex
1732 767 1796 807 ea

226 854 344 907 urbe
363 852 432 907 ab
457 849 700 907 Henrico
731 846 820 915 ιγ,
854 849 1004 919 quod
1026 848 1147 918 ejus
1168 846 1418 919 partibus
1443 861 1552 902 non
1572 845 1794 907 faveret,

225 945 399 1000 fuisset
427 943 663 1014 eiectus,
693 942 747 995 in
787 940 1101 996 emnobium
1145 938 1428 1004 Bernried,
1455 952 1648 994 recens
1665 951 1797 992 con-

223 1046 492 1101 structum,
515 1050 642 1091 sese
672 1034 906 1103 recepit,
942 1033 1069 1097 ubi,
1110 1040 1366 1102 suscepto
1403 1030 1794 1087 eanonicornm

222 1129 536 1201 regularium
565 1125 850 1191 instituto,
892 1124 1103 1195 aliquot
1138 1124 1298 1180 annis
1330 1123 1495 1193 degit.
1535 1121 1666 1178 Inde
1691 1121 1797 1176 flo-

223 1217 670 1292 Iuamprol‘ectus
702 1218 1054 1289 pontificibus
1099 1216 1392 1272 familiaris
1427 1214 1550 1271 fuit.
1592 1215 1797 1271 Przeter

221 1313 443 1384 Gregorii
461 1310 646 1368 Vitam
673 1311 776 1367 alia
808 1310 937 1365 item
960 1309 1227 1379 opuscula
1249 1307 1597 1377 conscripsit,
1616 1323 1647 1362 c
1666 1309 1794 1376 qui-

222 1406 311 1462 bus
327 1407 556 1476 ipsemet
584 1404 756 1459 beata:
780 1400 1027 1458 llerluca:
1051 1399 1226 1455 Vitam
1245 1399 1385 1455 infra
1409 1400 1610 1465 laudat,
1627 1415 1793 1470 quam

221 1498 280 1551 ab
306 1498 489 1553 eodem
524 1495 789 1552 Gretsero
807 1494 1006 1551 editam
1038 1492 1378 1550 Bollandiani
1417 1494 1505 1548 die
1532 1493 1599 1548 l8
1636 1493 1796 1564 Apri-

222 1590 278 1643 lis
296 1590 601 1644 ediderunt.
638 1599 653 1611 ’

275 1683 325 1736 2.
359 1682 716 1737 Rceentiores
752 1682 999 1735 nonnulli
1037 1681 1360 1753 Gregorium
1402 1696 1467 1734 ex
1512 1679 1807 1748 praenobili.

220 1774 737 1829 Aldobrandinorum
778 1774 980 1828 familia
1008 1780 1189 1829 ortum
1228 1774 1399 1829 fuisse
1429 1772 1696 1835 scribunt,
1724 1773 1790 1823 ad

1898 572 2000 628 rici
2024 570 2087 625 Ill
2114 573 2478 644 imperatoris,
2503 586 2867 647 cognomento
2895 575 3066 648 Nigri,
3085 555 3287 632 narrat.
3312 576 3489 634 llilde-

1898 664 2189 729 brandum,
2220 666 2313 736 qui
2335 674 2465 723 tunc
2490 666 2710 724 llcnriei
2738 668 2832 724 lilii
2860 669 2982 739 ejus
2997 669 3331 741 paedagogus
3345 678 3485 741 erat,

1898 756 2074 811 visum
2111 756 2280 814 fuisse
2316 758 2370 813 in
2393 760 2606 817 somnis
2629 760 2729 831 ipsi
2758 760 3071 830 imperatori
3093 766 3225 816 cum
3259 777 3363 817 suo
3403 762 3488 835 ip-

1899 849 2016 905 sius
2042 850 2153 905 lilio
2187 852 2254 906 ad
2291 866 2538 907 mensam
2568 853 2830 919 assidere,
2857 869 3063 908 cornua
3096 853 3389 911 habentem
3416 854 3488 911 ad
3540 877 3543 880 ⁴

1897 941 2095 997 coelum
2134 959 2309 1013 usque
2335 944 2852 1015 sublimia,rquibus
2888 945 3139 1000 cunnlem
3184 942 3487 1003 llenricum

1899 1034 2068 1089 lilium
2101 1034 2153 1088 in
2181 1036 2353 1090 lutum
2377 1035 2683 1106 dejiciebat,
2709 1052 2874 1107 quam
2905 1038 3170 1095 visionem
3199 1053 3332 1096 cum
3370 1039 3452 1095 An
3490 1047 3495 1053 ‘

1897 1136 2054 1197 gusta
2078 1127 2145 1181 de
2178 1125 2414 1184 Henrico
2439 1127 2550 1183 lilio
2570 1143 2669 1199 per
2692 1128 3112 1185 llildcbrandum
3131 1146 3194 1184 ex
3217 1126 3487 1202 imperiali

1898 1218 2025 1274 sede
2092 1221 2437 1275 exturbando
2497 1220 2849 1291 interpretata
2919 1220 3128 1277 fuisset.
3183 1220 3488 1293 imperator

1895 1313 2145 1367 eumdem
2186 1311 2608 1369 llildebrandmn
2649 1314 2704 1369 in
2752 1314 2967 1369 vincula
2998 1315 3300 1385 conjecisse
3343 1314 3488 1371 fame

1894 1405 2232 1459 euocandum
2280 1415 2553 1471 narratur,
2580 1420 2745 1475 quem
2796 1414 2984 1475 postea
3040 1416 3253 1472 tamen,
3299 1407 3489 1461 uxoris

1900 1498 2311 1564 intercessione,
2356 1498 2586 1553 liberum
2634 1498 2785 1553 abire
2831 1498 3109 1567 permisit,
3170 1514 3240 1553 ne
3284 1507 3490 1555 temere

1897 1590 2126 1645 somniis
2158 1592 2314 1646 tidem
2342 1590 2685 1657 adhibendo,
2713 1592 3008 1646 innocuum
3048 1591 3228 1661 perire
3248 1578 3488 1662 jnheret,

1897 1682 1990 1736 sed
2017 1684 2129 1738 haec
2160 1683 2363 1739 incerta
2388 1694 2537 1749 sunt,
2566 1684 2711 1739 sicut
2734 1692 2788 1738 et
2823 1669 3124 1738 aliamulta
3162 1700 3193 1738 a
3222 1684 3491 1740 recentio-

1902 1774 2052 1830 ribus
2088 1776 2341 1836 eonticta.
2371 1790 2494 1846 qum
2518 1776 2744 1846 proinde
2773 1776 3027 1831 omittere
3062 1776 3243 1830 visum
3270 1783 3372 1830 est.

220 1865 349 1934 quod
376 1866 728 1936 probandum
771 1866 858 1920 vix
904 1867 1048 1921 aliud
1086 1867 1385 1939 quidquam
1419 1862 1663 1935 proferre
1697 1879 1793 1917 va-
1832 1843 1871 1895 Β
1964 1867 2016 1920 ιι.
2059 1866 2282 1923 Certum
2318 1843 2403 1923 est
2435 1843 2662 1922 omnino
2695 1867 3015 1939 Gregorium
3052 1868 3122 1923 ab
3154 1868 3269 1938 ipsa
3308 1868 3492 1939 pueri-

220 1957 333 2019 lent,
360 1967 561 2029 prteter
589 1958 878 2014 nominum
921 1958 1356 2015 similitudinem.
1398 1956 1796 2012 llildebramlus

218 2050 395 2120 quippe
429 2050 741 2105 vocabatur
770 2050 1093 2120 priusquam
1150 2055 1476 2108 eveheretur
1517 2049 1583 2104 ad
1613 2049 1794 2119 ponti-

218 2144 434 2207 lieatum,
459 2150 521 2196 ut
546 2141 813 2197 ontnihus
842 2152 1030 2197 nottnn
1058 2154 1160 2199 est.
1192 2145 1297 2201 Sed
1323 2159 1489 2215 quam
1507 2142 1575 2198 sit
1604 2141 1794 2197 frivola

218 2233 464 2301 ejusmodi
494 2233 664 2299 ratio,
693 2248 858 2288 nemo
888 2248 998 2289 non
1036 2236 1199 2292 videt.
1220 2235 1489 2291 llaronins
1517 2248 1548 2288 e
1574 2218 1794 2289 contra;

220 2325 289 2379 rio
304 2325 627 2397 Gregorium
659 2325 852 2380 humili
878 2326 1018 2393 loco,
1040 2338 1192 2398 patre
1207 2329 1417 2384 scilicet
1443 2326 1601 2381 fabro
1631 2326 1798 2395 ligna-

221 2418 307 2481 rio,
336 2426 523 2474 natum
569 2418 748 2474 fuisse
788 2418 886 2485 ait,
930 2420 1077 2489 quod
1114 2420 1381 2493 Gregorio
1415 2404 1624 2490 probro
1661 2430 1796 2473 vein

221 2523 311 2563 non
363 2524 561 2581 posse,
616 2510 747 2566 Iesu
799 2509 1007 2567 Christi
1058 2510 1279 2568 Domini
1319 2512 1491 2569 nostri
1524 2511 1795 2581 exemplo,

219 2602 412 2659 evincit.
441 2601 551 2671 Qui
591 2618 717 2660 eum
743 2601 983 2659 Verbum
1016 2604 1192 2661 Patris
1213 2616 1267 2661 et
1296 2621 1459 2660 verus
1498 2602 1590 2658 Dei
1630 2602 1800 2660 l-‘ilins

218 2703 357 2761 esset,
384 2711 449 2751 ex
480 2696 739 2767 paupere
771 2694 992 2768 Virgine
1027 2699 1199 2763 nasci,
1238 2709 1289 2753 et
1316 2697 1530 2752 fabrum
1565 2705 1795 2767 patrem,

221 2789 603 2858 ntpntabatur,
643 2788 844 2845 habere
879 2804 989 2843 non
1012 2798 1098 2846 est
1138 2792 1483 2863 dedignatus.
1519 2789 1799 2859 Papebro-

218 2881 351 2937 chius
386 2896 517 2938 vero
569 2880 702 2938 licet
738 2882 969 2952 primam
1011 2884 1323 2953 opinionem
1369 2884 1600 2955 rejiciat,
1643 2883 1798 2937 alteri

222 2984 375 3028 tamen
407 2988 517 3029 non
560 2976 871 3029 assentitttr
895 2974 947 3028 in
971 2977 1272 3045 praemissis
1289 2977 1355 3031 ad
1383 2976 1558 3031 \‘itam
1589 2976 1797 3046 Grego-

221 3067 272 3119 rii
295 3064 410 3130 Vll,
449 3068 540 3121 d‘c
598 3067 668 3122 εδ
707 3066 831 3122 Maii
878 3066 1235 3135 Bollandiani,
1283 3070 1372 3124 ubi
1410 3067 1732 3139 Gregorium
1768 3087 1801 3123 e

1895 1958 1970 2012 tia
2002 1960 2317 2015 monasticae
2344 1959 2671 2030 professioni
2696 1974 2896 2014 nomen
2936 1959 3175 2024 dedisse,
3205 1976 3369 2029 quam
3399 1976 3491 2015 re-

1897 2050 2047 2121 liquo
2086 2052 2210 2108 vitae
2254 2060 2497 2122 tempore
2545 2062 2601 2107 ct
2652 2050 2861 2118 dilexit,
2901 2060 2957 2107 et
3012 2051 3132 2121 ejus
3191 2052 3488 2118 exercitiis,

1896 2150 2162 2213 quantum
2204 2144 2512 2214 patiebatur
2539 2157 2723 2198 rerum
2757 2144 3120 2215 gerendarum
3170 2143 3488 2209 necessitas,

1899 2235 2165 2290 incubuit.
2192 2235 2332 2291 Eum
2352 2251 2383 2290 a
2410 2251 2570 2305 puero
2591 2235 2905 2291 monachum
2927 2234 3098 2291 fuisse
3121 2235 3343 2293 disertis
3366 2251 3490 2291 ver-

1901 2328 1985 2383 bis
2024 2328 2189 2383 tradit
2217 2326 2759 2394 OrdericusYitalis,
2788 2336 2982 2384 auctor
3016 2327 3234 2383 illorum
3278 2338 3491 2398 tempo-

1900 2434 2020 2475 rum
2045 2421 2518 2486 accuratissimus,
2544 2421 2685 2476 libro
2716 2438 2770 2475 ιγ
2804 2418 3061 2477 Historia:
3085 2418 3489 2477 ecclesiastieze.

1902 2514 2044 2570 Idem
2075 2517 2267 2585 repetit
2296 2516 2436 2570 libro
2464 2530 2560 2579 vn,
2597 2513 2691 2569 ubi
2724 2512 2846 2569 fuse
2872 2512 2996 2583 ejus
3036 2511 3324 2568 historiam
3366 2528 3494 2582 pro-

1900 2607 2165 2677 sequitur.
2216 2606 2480 2663 Eumdem
2517 2606 2843 2677 professione
2886 2605 3203 2659 monachum
3260 2604 3497 2675 appellat

1899 2700 2366 2772 lihronographus
2389 2709 2575 2756 noster
2601 2697 2909 2754 Saxonicus
2923 2712 3028 2752 ms.
3047 2696 3493 2761 Adolescentiam,

1902 2793 2077 2863 inquit
2106 2791 2262 2864 llugo
2288 2790 2718 2847 Flaviniacensis
2745 2790 2800 2845 in
2836 2789 3115 2846 Chronico
3142 2787 3494 2854 Virdunensi,

1902 2894 2174 2953 insumpta
2226 2887 2534 2940 sanctitatis
2582 2883 2891 2954 proposito,
2940 2884 3078 2936 inter
3132 2880 3317 2935 mutuli
3370 2897 3497 2934 con-

1902 2988 2202 3047 temptores,
2230 2995 2333 3032 non
2355 2979 2467 3031 sine
2488 2992 2693 3047 magms
2714 2973 3051 3045 perfectionis
3078 2971 3292 3041 indiciis
3314 2973 3496 3042 perdo-

1903 3069 2057 3123 muit.
2097 3067 2192 3124 llis
2231 3070 2440 3125 accedit
2481 3067 2747 3123 Domnizo
2799 3066 2852 3120 in
2891 3063 3011 3119 Vita
3052 3063 3358 3130 Mathildis,
3402 3064 3493 3118 ubi

220 3158 362 3212 nobili
397 3157 614 3214 familia
644 3159 915 3229 prodiisse
938 3161 1154 3230 probari
1176 3178 1337 3233 posse
1368 3161 1563 3217 exinde
1590 3170 1795 3226 censet,
1827 3191 1867 3245 α
1902 3162 2145 3230 Gregorii
2191 3159 2762 3218 mortem‘mon’achos
2801 3157 3177 3245 przc’cmteris,
3198 3156 3344 3226 quod
3381 3155 3498 3227 ipse

218 3252 340 3321 quod
374 3253 427 3305 in
464 3251 631 3308 Actis
668 3250 986 3321 pontificum
1024 3254 1445 3325 manuscriptis,
1478 3267 1599 3322 quze
1631 3267 1795 3322 penes

218 3359 268 3399 sc
296 3345 562 3400 asservari
614 3344 769 3409 dicit,
814 3343 1025 3415 legatur
1062 3345 1310 3417 Gregorii
1352 3353 1587 3415 nepotem
1629 3342 1799 3400 fuisse

223 3435 467 3491 Rusticiana
497 3438 821 3508 praefectum
851 3434 1266 3508 Septem-soliis,
1287 3455 1382 3495 seu
1410 3439 1593 3492 domui
1631 3453 1796 3510 quam

223 3530 371 3584 instar
405 3530 553 3586 areis
611 3528 886 3584 munitam
920 3529 1127 3586 frustra
1169 3531 1436 3587 machinis
1466 3529 1676 3585 bellicis
1705 3544 1800 3585 ex-

222 3636 437 3693 pugnare
489 3630 735 3677 conatus
788 3619 892 3677 fuit
938 3620 1209 3679 llenricns
1265 3624 1580 3694 imperator.
1641 3622 1798 3690 Quod

222 3714 413 3785 quidem
434 3715 704 3777 odieinm,
733 3712 914 3785 inquit
933 3714 1044 3782 ille,
1070 3715 1283 3785 plebeio
1306 3713 1512 3770 homini
1536 3715 1797 3770 commis-

223 3823 325 3863 sum
349 3807 575 3864 minime
603 3806 822 3863 fuisset.
853 3805 1113 3863 Eamdem
1139 3807 1461 3863 sententiam
1488 3823 1643 3862 suam
1669 3822 1801 3863 con-

225 3899 383 3956 ﬁrmat
402 3900 559 3959 Pauli
588 3900 769 3972 ipsius
804 3899 1154 3965 auctoritate,
1176 3899 1269 3970 qui
1303 3898 1357 3954 in
1384 3898 1632 3971 Gregorii
1658 3897 1797 3965 Vita,

223 3992 451 4050 observat
492 3992 758 4050 eumdem
810 3993 1123 4064 pontificem
1177 3992 1436 4048 habuisse
1468 3994 1825 4049 auunculum

224 4085 447 4141 abbatem
472 4084 806 4142 monasterii
838 4093 1043 4141 sancta:
1071 4083 1251 4139 Maria:
1285 4083 1339 4138 in
1375 4085 1661 4140 Aventino.
1692 4083 1797 4141 Ve-

226 4192 327 4232 rum
355 4195 478 4234 cum
514 4178 572 4233 in
610 4170 862 4248 antiquis
886 4176 1258 4233 monumentis
1292 4176 1429 4231 nihil
1462 4178 1594 4233 certi
1625 4179 1692 4233 ad
1720 4178 1801 4233 di-

225 4270 475 4329 ﬁmendas
524 4271 808 4341 ejusmodi
853 4269 1288 4335 controversias,
1339 4270 1656 4325 auctoribus
1709 4269 1803 4324 mi-

226 4362 351 4419 nime
394 4364 507 4420 sibi
548 4361 1064 4428 consentientibus,
1112 4359 1441 4428 inveniatur,
1486 4359 1689 4416 frustra
1734 4360 1801 4416 iis

228 4451 380 4511 fusius
410 4455 688 4528 agitandis
724 4468 925 4510 vacare
963 4468 1072 4509 non
1107 4452 1251 4509 licet.
1280 4451 1546 4508 Eumdem
1576 4452 1630 4507 in
1662 4451 1803 4509 Tus-

1909 3256 2211 3310 nmnaehns
2250 3254 2476 3329 fuisset,
2519 3252 2802 3307 deﬂevisse
2847 3234 3121 3305 observat.
3173 3246 3495 3332 Et'quidem

1905 3346 2100 3402 Petrus
2129 3347 2372 3401 Damiani
2413 3346 2465 3399 in
2499 3344 2766 3416 opusculo
2796 3341 2887 3410 52,
2915 3340 3063 3412 quod
3100 3340 3279 3396 adhuc
3302 3355 3497 3400 mona~

1906 3441 2044 3494 clins
2077 3438 2180 3509 ipsi
2210 3437 2577 3494 llildebrando
2602 3432 2963 3505 nuncupavit,
2985 3447 3111 3488 eum
3137 3447 3353 3502 semper
3378 3433 3496 3502 fra-

1908 3540 2039 3586 trem
2065 3546 2226 3588 suum
2265 3530 2519 3602 appellat,
2546 3536 2659 3584 tum
2697 3528 2751 3582 in
2786 3525 3128 3598 praefatione,
3165 3534 3279 3580 tum
3318 3523 3372 3579 in
3404 3533 3495 3579 to-

1908 3624 2015 3679 tius
2040 3623 2224 3694 operis
2251 3623 2508 3679 decursu.
2531 3618 2850 3676 Omittimus
2875 3615 3278 3674 Theodoricum
3305 3632 3495 3688 supra,

1908 3720 2059 3771 nmn.
2106 3716 2160 3782 5,
2199 3716 2513 3780 laudatum,
2548 3711 2910 3769 Trithemium
2950 3718 3007 3765 et
3050 3708 3189 3764 alios
3223 3709 3497 3781 ejusmodi

1906 3816 2178 3863 auctores.
2221 3806 2428 3863 Locum
2464 3820 2597 3859 vero
2636 3805 2690 3858 in
2726 3818 2839 3874 quo
2876 3801 3241 3857 monasticam
3286 3798 3499 3870 profes-

1906 3902 2116 3956 sionem
2138 3900 2303 3965 vovit,
2329 3898 2601 3954 indieasse
2622 3897 2835 3953 videtur
2858 3895 2973 3966 ipse.
3002 3892 3226 3959 Paulus,
3252 3909 3402 3948 num.
3439 3892 3495 3958 9,

1909 3994 1999 4048 ubi
2038 3992 2229 4048 scribit
2271 3991 2696 4046 llildebrandutn
2736 4006 2767 4044 a
2800 3986 3030 4058 pueritia
3075 3985 3346 4040 avunculo
3395 4000 3499 4039 suo

1907 4085 2088 4139 abbati
2126 4095 2330 4139 sancta:
2367 4083 2550 4137 Mariae
2590 4083 2641 4136 in
2685 4091 2872 4136 monte
2910 4078 3182 4133 Aventino
3218 4092 3499 4132 commen-

1906 4178 2093 4232 datum
2138 4176 2328 4242 fuisse,
2357 4176 2422 4229 ad
2459 4175 2671 4228 litteras
2709 4171 2872 4226 simul
2910 4180 2963 4224 et
3002 4183 3215 4223 morum
3254 4166 3501 4237 discipli«

1910 4286 2034 4323 nam
2076 4266 2456 4331 addiscendas,
2494 4264 2639 4335 quod
2682 4263 2830 4318 brevi
2875 4263 3048 4341 abeo
3089 4259 3292 4315 factum
3328 4257 3504 4314 fuisse

1909 4367 2323 4415 emnmemorat.
2762 4352 2767 4357 ’
3214 4348 3217 4349 ⁷

1979 4453 2032 4508 5.
2071 4450 2336 4507 Eumdem
2370 4450 2424 4505 in
2465 4446 2764 4520 pereclebri
2794 4445 3127 4502 monasterio
3149 4441 3500 4499 Cluniacensi

226 4548 296 4602 cia
348 4558 534 4603 natum
585 4548 795 4605 diserte
825 4547 1025 4603 asserit
1058 4546 1280 4611 Paulus,
1316 4546 1463 4616 quod
1500 4546 1592 4602 alii
1629 4546 1807 4615 Senis,
1844 4563 1887 4615 ι)
1914 4546 2274 4601 monasticam
2307 4535 2473 4598 vitam
2509 4541 2692 4615 egisse
2728 4539 2974 4597 sentiunt
3000 4536 3244 4608 plerique
3265 4535 3501 4607 scripto-

228 4639 302 4694 alii
324 4640 463 4714 apud
490 4638 740 4696 Soanam
772 4639 1073 4712 contigisse
1108 4639 1320 4695 volunt.
1353 4637 1451 4694 llis
1487 4640 1809 4696 adversatur

229 4732 365 4807 llugo
401 4724 851 4790 Flaviniacensis
894 4732 947 4787 in
993 4731 1269 4788 Chronico
1316 4728 1676 4799 Virdunensi,
1714 4732 1808 4787 ubi

228 4825 525 4902 Gregorium
569 4826 758 4883 Roma:
800 4834 987 4879 natum
1021 4841 1087 4880 ea:
1123 4822 1435 4896 parentibus
1469 4824 1671 4879 civibus
1697 4823 1806 4878 Ro-

231 4923 399 4988 manis,
422 4919 650 4980 disertis
684 4916 877 4981 verbis
896 4916 1201 4973 alrtrmavii.
1262 4996 1265 4997 ν
1374 4968 1377 4971 Α

285 5014 331 5067 5.
370 5015 597 5086 Aliquot
634 5013 825 5070 futura
861 5011 978 5081 ejus
1020 5008 1331 5069 sanctitatis
1373 5010 1637 5085 pt'tesagia
1682 5026 1810 5083 pro-

233 5102 319 5159 fert
349 5104 551 5162 Paulus
582 5125 596 5161 :
631 5115 688 5161 at
715 5104 847 5160 silet
875 5104 1019 5173 quod
1040 5105 1089 5160 ei
1112 5106 1297 5161 adhuc
1325 5102 1595 5159 infantulo
1631 5102 1811 5160 conti—

1913 4654 2018 4703 res,
2058 4636 2402 4709 potissimum
2433 4635 2786 4699 recentiores,
2814 4631 2907 4703 qui
2942 4645 3071 4686 eum
3099 4635 3368 4684 testantur
3393 4627 3498 4683 ibi-

1909 4729 2030 4784 dem
2056 4730 2255 4800 prioris
2281 4728 2458 4783 ollicio
2496 4726 2667 4783 fuisse
2696 4728 2982 4783 donatum.
3015 4720 3072 4777 Id
3104 4721 3306 4775 diserte
3334 4720 3503 4775 tradit

1909 4820 2037 4876 Otto
2092 4820 2459 4893 Frisingensis
2489 4819 2800 4891 episcopus,
2834 4815 3073 4888 scriptor
3102 4812 3249 4871 haud
3283 4812 3501 4885 ignobi-

1911 4914 1999 4981 lis,
2035 4913 2130 4987 (μή
2154 4911 2323 4971 refert
2344 4912 2585 4970 Leonem
2623 4911 2694 4966 1X
2732 4910 2801 4965 ab
2838 4911 3167 4981 imperatore
3188 4907 3503 4977 pontiﬁcem

1910 5009 2257 5081 designatum
2295 5007 2351 5062 in
2387 5004 2598 5065 Italiam
2637 5011 3022 5075 properantem
3057 4999 3383 5058 Cluniacum
3418 4998 3505 5053 di-

1912 5102 2163 5170 vertisse,
2208 5100 2304 5155 ubi
2341 5107 2472 5154 tunc
2511 5085 2914 5154 Hildebrandus
2949 5096 3104 5167 prior
3151 5100 3298 5158 erat,
3345 5090 3506 5162 cujus
