3986 5386
435 327 539 383 Ηὸ

1645 320 1702 374 S.
1737 317 2134 377 GREGORIUS
2170 319 2257 376 \II
2292 320 2489 376 PAPA.

3604 316 3710 375 144

436 454 563 513 nam
593 436 669 492 ibi
698 436 964 494 memoria
1000 436 1217 508 lapsum
1248 432 1421 490 fuisse
1450 431 1683 489 Paulum
1705 447 2016 499 censemus,
2048 438 2092 494 Α
2117 434 2269 491 dium
2297 434 2563 490 adversus
2602 432 2918 489 sacerdotes
2956 432 3400 500 concubinarios,
3441 439 3499 487 et
3528 424 3713 487 Simoo

435 528 541 585 sub
561 526 737 585 sancti
757 526 1005 585 0dilonis
1035 525 1322 597 disciplina
1354 524 1410 581 in
1443 523 1609 581 rebus
1645 524 2022 595 spiritualibus

439 634 567 675 eum
610 620 884 676 eruditum
931 617 1115 685 fuisse,
1133 616 1313 688 colligi
1349 625 1529 688 potest
1561 631 1627 671 ex
1670 613 1808 672 Vitae
1844 616 2021 684 initio,

435 709 531 767 ubi
561 711 781 783 legitur,
806 709 1164 771 scintillarum
1200 708 1472 763 visionem
1507 707 1708 779 saepius
1743 715 2022 765 ostensam

436 798 694 872 primitus
746 802 802 856 in
855 799 1223 856 Hildebrando
1273 798 1654 857 Gluniacensis
1701 798 2024 855 monasterii

437 900 649 963 patrem
700 899 952 947 sanctum
1002 888 1261 946 Maiolum
1307 890 1632 970 adnotasse,
1679 889 1841 961 eique
1892 888 2025 947 illud

435 981 662 1039 Joannis
696 983 951 1054 Baptista:
992 982 1284 1053 adaptasse
1350 1001 1363 1037 :
1418 981 1556 1038 Ister
1603 996 1739 1052 puer
1792 997 2027 1053 magnus

436 1073 540 1136 erit
586 1088 773 1130 coram
812 1072 1063 1132 Domino.
1103 1074 1370 1131 Observat
1421 1075 1564 1132 idem
1605 1082 1797 1131 auctor
1836 1072 2023 1130 Hilde-

438 1165 710 1221 brandum
737 1166 1152 1222 adolescentiam
1178 1167 1473 1238 ingressum
1497 1167 1553 1221 in
1584 1164 1875 1219 Franciain
1895 1181 2023 1236 pro-

439 1256 636 1325 fectum
681 1255 873 1325 fuisse,
900 1258 1227 1312 domituram
1263 1258 1338 1312 ibi
1370 1258 1548 1312 carnis
1578 1256 1936 1328 petulantiam
1973 1266 2026 1312 et

434 1342 681 1403 molestia
703 1348 1149 1420 peregrinationis
1169 1357 1219 1403 et
1242 1350 1506 1403 instantia
1523 1348 1862 1404 eruditionis.
1892 1347 2025 1416 Quae

436 1438 672 1495 fortasse
708 1439 764 1494 in
800 1441 1139 1496 monasterio
1173 1439 1553 1508 Cluniacensi,
1590 1449 1723 1495 tunc
1761 1440 2025 1510 temporis

435 1528 829 1599 celeberrimo,
872 1530 1121 1603 perfecit.
1174 1532 1406 1607 Romam
1451 1547 1731 1598 reversus,
1789 1530 2025 1603 indeque

436 1616 561 1677 cum
585 1620 848 1695 Gregorio
872 1621 960 1692 VI,
984 1624 1237 1681 exsulare
1252 1632 1498 1692 coactus,
1522 1622 1686 1680 rediit
1705 1623 1900 1695 procul
1917 1622 2023 1679 du-

436 1714 526 1768 hic
560 1708 884 1771 Cluniacum
906 1758 921 1783 ,
949 1715 1041 1771 ubi
1078 1716 1280 1787 prioris
1310 1715 1488 1773 oilicio
1526 1716 1763 1787 donatus
1803 1713 1934 1784 fuit,
1974 1716 2022 1771 si

437 1796 618 1860 tamen
661 1806 767 1863 hac
826 1822 1072 1878 unquam
1126 1808 1393 1880 dignitate
1450 1808 1655 1880 potitus
1699 1805 1822 1862 fuit.
1862 1806 2022 1862 Certe

434 1898 686 1954 eumdem
725 1897 781 1954 in
818 1898 1143 1956 monasticis
1183 1899 1491 1971 disciplinis
1529 1898 1804 1959 eruditum
1848 1896 2022 1955 fuisse

435 1988 560 2046 inde
596 1989 780 2062 colligi
817 1997 1019 2061 potest,
1047 1990 1195 2061 quod
1228 2006 1260 2047 a
1290 1990 1473 2047 Leone
1507 1989 1599 2059 IX,
1627 1998 1752 2062 post
1782 1990 2020 2047 reditum

435 2081 490 2135 in
517 2076 740 2149 Urbem,
765 2083 1105 2138 monasterio
1137 2082 1312 2138 sancti
1342 2080 1497 2138 Pauli
1519 2080 1810 2152 praefectus
1833 2080 2021 2150 fuerit,

436 2178 498 2227 ut
528 2187 595 2228 eo
634 2173 689 2229 in
728 2174 850 2230 loco
889 2172 1194 2244 regularem
1236 2160 1621 2245 disciplinam,
1665 2188 1790 2246 quae
1826 2172 1903 2245 ibi
1944 2181 2023 2229 te-

436 2272 652 2334 puerat,
689 2265 1020 2321 restitueret.
1065 2262 1116 2322 Is
1141 2271 1228 2321 est
1258 2264 1372 2335 ipse
1403 2264 1498 2338 qui
1533 2279 1600 2321 eo
1636 2265 1858 2322 nomine
1885 2262 2033 2331 Vin-l

436 2356 826 2413 docinensibus
881 2356 1171 2412 ecclesiam
1227 2364 1432 2414 sanctae
1483 2355 1687 2413 Priscae
1737 2356 1793 2412 in
1836 2364 2025 2412 monte

437 2448 710 2504 Aventino
748 2446 937 2504 Roma:
973 2448 1136 2504 sitam
1167 2462 1235 2504 eo
1262 2454 1425 2520 pacto
1454 2448 1652 2516 cessit,
1680 2455 1743 2504 ut
1771 2446 1846 2503 ibi
1878 2462 2026 2504 sem-

438 2553 536 2608 per
565 2538 851 2595 duodecim
874 2537 1129 2595 monachi
1159 2536 1617 2605 Vindocinenses,
1651 2554 1753 2595 nec
1778 2528 2024 2611 unquam

439 2630 623 2686 minus
650 2646 815 2702 quam
839 2639 966 2687 octo
994 2630 1313 2703 regulariter
1347 2632 1546 2685 vivant.
1574 2628 1632 2685 Id
1653 2614 1918 2687 discimus
1957 2646 2024 2686 ex

442 2717 641 2780 litteris
655 2722 951 2778 Alexandri
977 2736 1149 2795 papae,
1173 2722 1368 2793 quinto
1393 2720 1746 2794 pontiﬁcatus
1768 2722 1855 2782 sui
1880 2737 2026 2778 anno

439 2810 603 2882 datis,
637 2814 841 2886 quibus
872 2813 1289 2868 convenientiam
1321 2812 1611 2869 conﬁrmat
1642 2826 1707 2869 ea
1736 2813 1804 2870 de
1830 2829 1890 2870 re
1945 2811 2028 2867 fa-

439 2905 583 2961 ctam
613 2907 750 2962 inter
773 2903 1200 2961 Hildebrandum
1226 2904 1659 2959 archidiaconum
1681 2912 1836 2977 atque
1858 2920 2028 2958 como-

440 2999 514 3052 l'ii
548 2999 720 3053 sancti
749 2995 913 3052 Pauli
943 3011 1266 3051 teconomum
1304 3013 1405 3075 seu
1432 3005 1703 3063 rectorem,
1744 3004 1799 3051 et
1837 2993 2028 3051 Oderi-

440 3105 564 3144 cnm
603 3078 1063 3146 Vind‘ocinenSem
1095 3087 1368 3144 abbatem.
1395 3087 1514 3155 Qua
1538 3089 1750 3144 ratione
1775 3087 2024 3143 nonnulli

439 3197 567 3236 eum
598 3179 1055 3237 Vallumbrosano
1085 3178 1284 3236 ordini'
1313 3196 1490 3250 nuper
1510 3180 1885 3251 ascripserint,
1906 3177 2027 3234 fuse

441 3273 666 3342 exponit
689 3280 744 3327 et
766 3270 1014 3328 confutat
1034 3270 1465 3341 Papebrochius,
1486 3270 1831 3342 paragrapho
1850 3270 1903 3337 4,
1930 3269 2026 3325 sed

443 3360 591 3418 nulla
630 3377 695 3418 ea
733 3363 800 3418 de
838 3376 899 3417 re
939 3361 1082 3432 apud
1119 3361 1363 3416 eruditos
1400 3369 1653 3417 auctores
1692 3369 1869 3431 potest
1902 3375 2027 3415 esse

443 3444 751 3511 didicultas.
791 3450 1218 3524 Distinguendus
1261 3461 1347 3508 est
1387 3462 1570 3509 tamen
1611 3462 1800 3508 noster
1839 3448 2026 3508 Hilde—

442 3544 684 3601 brandus
711 3544 780 3600 ab
815 3540 923 3599 alio
953 3543 1199 3613 ejusdem
1224 3530 1467 3598 nominis
1481 3541 1827 3599 Cluniacensi
1845 3542 2028 3612 priore

444 3638 558 3692 sive
576 3635 895 3708 praeposito,
919 3634 1014 3707 qui
1048 3634 1106 3690 in
1135 3626 1259 3690 Vita
1301 3635 1475 3691 sancti
1508 3633 1715 3691 Odonis
1748 3634 2024 3690 laudatur.

445 3728 658 3796 Quanta
693 3742 826 3783 vero
873 3726 1042 3783 fuerit
1082 3726 1259 3783 nostri
1296 3742 1425 3799 erga
1460 3725 1860 3798 professionem
1905 3741 2026 3780 mo-

445 3820 732 3887 nasticam,
761 3835 887 3876 cum
915 3819 982 3875 ad
1004 3818 1384 3892 pontiﬁcatum
1408 3826 1632 3874 evectus
1656 3816 1779 3885 fuit,
1795 3832 2030 3889 propen-

446 3914 551 3980 sio,
584 3900 854 3968 cx‘variis
874 3910 996 3983 ejus
1021 3910 1268 3981 epistolis
1288 3910 1479 3983 liquet,
1509 3909 1565 3965 in
1592 3909 1793 3981 quibus
1822 3908 2028 3979 passim

445 4003 841 4061 monachorum
861 4003 1279 4059 sanctimoniam
1307 3996 1493 4057 laudat
1512 4016 1814 4071 eorumque
1838 3999 2028 4071 quieti,

447 4095 712 4151 adversus
749 4093 1026 4165 quoslibet
1052 4093 1134 4149 eis
1173 4091 1458 4161 infensos,
1497 4101 1726 4164 paterae
1761 4091 2027 4162 providet.

446 4186 695 4258 Legenda
733 4186 818 4241 est
858 4200 923 4241 ea
960 4185 1029 4241 de
1066 4199 1125 4241 re
1166 4185 1286 4256 ejus
1319 4184 1553 4257 epistola
1580 4169 1678 4252 '13,
1720 4182 1815 4240 lib.
1857 4198 1905 4251 ι,
1942 4182 2031 4238 ubi

446 4278 755 4334 Manassem
824 4274 1123 4332 Remurum
1191 4276 1669 4348 archiepisc0pum
1733 4276 2034 4332 monachos

449 4369 625 4426 sancti
645 4366 882 4441 Remigii
908 4376 1200 4424 vexantem
1225 4367 1567 4440 comprimit;
1592 4369 1778 4439 plures
1802 4369 1870 4422 ad
1886 4365 2032 4421 Lan-

2127 526 2316 581 niacos
2351 566 2368 592 ,
2411 540 2538 596 quae
2570 525 2682 580 duo
2731 524 2865 579 vitia
2904 531 3038 580 tunc
3091 523 3357 595 temporis
3409 518 3713 578 Ecclesiam

2121 617 2550 688 pessumdabant
2598 616 2653 671 in
2689 614 2981 672 Germania
3008 615 3358 686 potissimum
3388 621 3445 670 et
3475 614 3535 669 in
3568 611 3717 668 Lon-

2122 708 2399 779 gobardia.
2448 707 2489 763 Ii
2531 723 2657 765 cum
2699 706 2997 764 Henricum
3045 706 3448 763 Germanon
3493 719 3713 777 regem,

2123 799 2413 856 occasione
2452 799 2904 856 investiturarum
2950 798 3066 868 jam
3108 798 3164 853 in
3212 796 3529 868 pontiﬁcem
3568 795 3719 851 male

2123 889 2378 947 allectum
2398 905 2535 947 suas
2563 889 2622 946 in
2642 897 2824 960 partes
2847 890 3163 956 traxissent,
3188 904 3290 945 nec
3308 888 3377 944 id
3407 887 3555 943 terre
3577 902 3717 957 pos-

2124 991 2207 1038 set
2236 981 2557 1053 Gregorius,
2593 996 2853 1053 magnu'm
2879 981 2937 1037 in
2960 980 3205 1037 Ecclesia
3225 980 3495 1038 catholica
3520 979 3717 1034 incen-

2123 1075 2275 1131 dium
2309 1074 2650 1141 excitarunt;
2682 1088 2808 1130 cum
2847 1074 2941 1129 alii
2975 1072 3238 1144 pontiﬁci,
3283 1072 3376 1127 alii
3413 1071 3530 1143 regi
3556 1069 3715 1126 fave-

2125 1174 2266 1222 rent.
2289 1164 2545 1223 Pontifex
2575 1176 2759 1237 regem
2787 1173 3051 1237 tanquam
3087 1166 3386 1222 multum
3417 1162 3716 1219 criminum

2124 1273 2303 1325 reum,
2333 1266 2389 1314 et
2409 1256 2618 1313 frustra
2659 1256 2861 1327 saepius
2895 1272 2993 1327 per
3028 1256 3243 1313 litteras
3283 1263 3340 1311 et
3374 1255 3587 1326 legatos
3616 1254 3717 1309 ad-
3746 1265 3751 1269 ‘

2126 1350 2395 1407 monitum
2425 1347 2836 1414 communione,
2860 1355 2977 1402 tum
2998 1361 3165 1419 regno
3190 1346 3445 1418 privavit.
3468 1345 3607 1413 Quae
3625 1359 3719 1400 res

2124 1440 2263 1499 adeo
2296 1438 2594 1497 IIenricum
2621 1440 2854 1510 ejusque
2875 1446 3174 1496 sectatores
3217 1438 3535 1504 commovit,
3570 1445 3636 1492 ut
3661 1444 3720 1491 et

2125 1532 2243 1604 ipse
2274 1530 2591 1604 pontiﬁcem
2634 1546 2667 1586 e
2703 1531 2834 1587 sede
2878 1530 3190 1588 disturbare
3237 1537 3481 1586 conatus
3524 1527 3717 1595 fuerit,

2123 1631 2420 1695 procurata
2460 1638 2558 1694 per
2595 1621 2888 1693 episcopos
2928 1622 3035 1679 sibi
3077 1622 3418 1679 adhaerentes
3446 1620 3718 1676 adversus

2125 1712 2451 1786 Gregorium
2471 1713 2716 1771 Guiberti
2734 1712 3081 1769 Ravennatis
3109 1713 3395 1780 electione,
3437 1712 3533 1783 qui
3583 1710 3716 1767 Cle-

2121 1806 2325 1863 mentis
2358 1805 2429 1861 III
2462 1820 2663 1863 nomen
2707 1804 3014 1875 usurpavit.
3046 1802 3189 1861 Hinc
3216 1813 3412 1861 natm
3449 1803 3720 1875 gravissi-

2121 1913 2274 1959 mum
2310 1897 2585 1965 schisma;
2614 1905 2673 1955 et
2705 1895 3092 1967 episcoporum
3136 1909 3541 1968 procerumque
3578 1910 3717 1951 con-

2120 1997 2317 2046 ventus
2352 1987 2671 2061 frequentes
2693 1995 2829 2047 tunc
2850 1987 3114 2058 temporis
3147 1986 3322 2045 fuere.

2191 2080 2244 2136 7.
2282 2079 2468 2137 Placet
2489 2080 2716 2137 omnino
2754 2078 3002 2151 Gregorii
3036 2079 3247 2147 cautio,
3271 2093 3442 2150 quam
3479 2078 3538 2134 in
3574 2093 3718 2134 con-

2121 2173 2249 2235 cilio
2284 2171 2535 2231 Romano
2572 2186 2722 2229 anno
2752 2170 2891 2227 1078
2917 2170 3106 2229 habito
3139 2170 3392 2228 adhibuit
3432 2170 3491 2226 in
3533 2169 3722 2226 feren-

2121 2265 2191 2322 da
2221 2261 2908 2323 excommunicatione..Ut
2928 2263 3079 2319 enim
3105 2261 3502 2334 simpliciorum
3532 2260 3739 2318 homir

2123 2373 2257 2415 num
2277 2357 2376 2429 qui
2395 2356 2466 2414 ad
2486 2354 2762 2427 ejusmodi
2790 2353 3199 2412 dissensionum
3232 2369 3441 2412 causas
3472 2353 3725 2425 apprim¢

2122 2449 2515 2511 discernendas
2571 2454 2684 2505 non
2737 2455 2899 2503 erant
2951 2444 3307 2517 allicientes,
3366 2446 3727 2504 conscientiae

2122 2542 2293 2613 quieti
2330 2540 2663 2613 provideret,
2708 2538 3009 2596 declaravit
3036 2538 3178 2597 tales
3207 2538 3459 2596 homines
3489 2551 3723 2595 excom-

2124 2632 2516 2690 municationis
2547 2631 2770 2690 vinculo
2805 2631 3099 2688 innodatos
3120 2646 3231 2688 non
3261 2645 3414 2698 esse;
3450 2628 3598 2687 sicut
3624 2645 3724 2686 ηε-

2123 2741 2232 2796 que
2257 2725 2383 2782 illos
2418 2723 2620 2796 quibus
2660 2737 2762 2795 pro
2795 2721 3131 2790 conditione,
3177 2730 3357 2791 astate,
3383 2730 3481 2779 aut
3523 2730 3727 2778 natura

2124 2816 2728 2876 excommunicatorum
2751 2813 3207 2873 consuetudinem
3239 2814 3414 2871 vitare
3434 2829 3549 2870 non
3582 2813 3723 2869 lice—

2125 2909 2238 2965 bat.
2270 2906 2523 2980 Gregorii
2576 2905 2744 2962 vcrba
2801 2904 3132 2976 proferenda
3174 2912 3306 2962 sunt
3357 2919 3427 2961 ex
3470 2903 3727 2977 Hugonis

2125 2998 2561 3063 Flaviniacensis
2585 2997 2864 3063 Chronico
2890 2996 3221 3054 Yirdunensi
3240 2996 3311 3053 ad
3334 3012 3544 3053 annum
3559 2996 3721 3051 1078.

2130 3092 2197 3147 Et
2221 3092 2472 3165 quoniam
2497 3089 2713 3158 multos,
2747 3090 2981 3160 peccatis
3010 3090 3210 3145 nostris
3242 3088 3601 3160 exigentibus,
3627 3104 3729 3158 pro

2126 3182 2890 3259 causa'excommunicatianis
2933 3181 3171 3252 quotidie
3217 3181 3395 3251 perire
3420 3182 3727 3245 cernimus,
3774 3214 3777 3215 ν

2126 3276 2326 3345 partim
2356 3275 2685 3347 ignorantia,
2718 3274 2920 3343 partim
2944 3274 3121 3331 etiam
3161 3273 3326 3329 nimia
3356 3271 3727 3342 simplicitate,

2127 3366 2326 3431 partim
2359 3365 2567 3431 tinwre,
2608 3365 2807 3435 partim
2851 3365 3023 3428 etiam,
3066 3365 3233 3420 nimia
3267 3365 3601 3430 necessitate,
3626 3363 3727 3420 dce
3768 3388 3769 3391 η

2129 3456 2253 3509 victi
2300 3440 2712 3522 misericordia,
2766 3455 3517 3525 anathentatis‘sententiam,
3566 3464 3749 3526 prout;

2128 3562 2439 3618 possumus,
2477 3545 2547 3603 ad
2578 3555 2779 3617 tempus
2828 3556 3117 3618 oppprtune
3152 3557 3523 3618 temperamus.
3574 3546 3727 3617 Apo-

2129 3637 2321 3694 stolica
2343 3639 2521 3709 itaque
2557 3638 3333 3701 auctoritateabanathematis
3358 3638 3570 3694 uinculo
3592 3638 3729 3695 sub-
3770 3668 3773 3675 λ

2132 3728 2390 3783 trahimus
2439 3729 2681 3787 videlicet
2726 3746 2938 3797 uxores,
2977 3730 3192 3798 liberos,
3226 3747 3430 3799 servos,
3469 3730 3726 3795 ancillas,

2130 3837 2220 3875 seu
2253 3821 2544 3890 mancipia,
2577 3837 2669 3876 nec
2691 3837 2796 3876 non
2822 3822 3047 3877 rusticos
3067 3832 3119 3877 et
3149 3824 3444 3891 servientes,
3471 3831 3523 3879 et
3545 3839 3730 3877 ontnes

2130 3911 2266 3966 alios
2301 3912 2393 3983 qui
2420 3928 2524 3966 non
2577 3912 2708 3966 adeo
2739 3913 2967 3968 curiales
3013 3923 3158 3981 sunt,
3186 3922 3246 3968 ut
3275 3930 3457 3970 eorum
3500 3914 3728 3969 consilia

2132 4002 2329 4058 scelera
2349 4013 2731 4075 perpetrantur,
2747 4014 2797 4059 et
2822 4003 2947 4060 illos
2971 4005 3064 4075 qui
3090 4006 3402 4076 ignorantur
3421 4021 3726 4060 excommu-

2134 4095 2326 4148 nicatis
2356 4095 2769 4162 communicant,
2806 4112 2898 4150 seu
2920 4094 3045 4151 illos
3065 4096 3156 4166 qui
3185 4096 3575 4151 communicant
3604 4113 3731 4151 cum

2132 4187 2207 4240 eis
2231 4187 2320 4259 qui
2357 4188 2747 4242 communicant
2776 4188 3266 4242 excommunicatis.
3294 4187 3609 4259 Quicunque
3626 4206 3730 4243 au-

2136 4289 2238 4332 tem
2275 4288 2479 4347 orator,
2509 4280 2617 4334 sive
2640 4268 2947 4350 peregrinus
2970 4279 3246 4336 autviator
3271 4280 3330 4334 in
3350 4288 3493 4333 terra
3509 4296 3728 4334 excant-

2134 4372 2527 4426 municatorum
2554 4372 2773 4438 venerit,
2806 4371 2896 4425 ubi
2932 4387 3038 4426 non
3069 4372 3239 4443 possit
3261 4387 3448 4439 emere,
3490 4381 3587 4426 aut
3623 4387 3731 4426 non

450 4459 700 4516 {raucum
737 4459 956 4530 scripsit
993 4459 1051 4514 in
1090 4459 1322 4531 gratiam
1365 4461 1764 4516 monachorum
1802 4456 2028 4530 Anglice.
2064 4473 2107 4534 υ
2135 4460 2286 4515 habet
2322 4462 2471 4523 unde
2508 4471 2669 4527 emat,
2709 4461 2775 4516 ab
2809 4464 3279 4519 excommunicatis
3307 4464 3603 4534 accipiendi
3652 4463 3730 4517 li-

449 4550 655 4606 Eornm
679 4549 975 4629 plerosque
1005 4550 1065 4606 in
1093 4550 1453 4607 cardinalium
1479 4549 1768 4622 collegium
1800 4547 2032 4620 adlegit;

452 4639 636 4698 statim
672 4647 835 4712 atque
863 4639 1107 4713 pontifex
1138 4641 1245 4696 fuit
1279 4641 1659 4707 renuntiatus,
1681 4638 2035 4695 Casinensem

453 4731 703 4787 abbatem
736 4731 843 4788 sibi
870 4733 1077 4791 ades‘se-
1098 4733 1294 4800 voluit,
1328 4746 1393 4789 ac
1417 4731 1583 4788 morti
1612 4730 1898 4802 proximus
1922 4728 2036 4785 Hu-

453 4837 650 4893 gonam
679 4821 956 4892 Diensem,
980 4824 1235 4881 Ottonem
1259 4838 1326 4880 ex
1348 4821 1607 4879 Remensi
1630 4821 1896 4877 canonico
1919 4836 2037 4877 mo-

453 4904 711 4980 nachum,
733 4921 865 4970 tunc
893 4917 1224 4972 cardinalem
1252 4914 1580 4980 Ostiensem,
1607 4927 1671 4968 ac
1691 4910 2036 4968 Desiderium

452 5004 828 5074 Casinensem,
863 5007 1013 5063 solos
1042 5016 1104 5062 ut
1127 5007 1232 5063 sibi
1266 5005 1673 5064 substituantur
1706 5003 1904 5075 dignos
1937 5003 2036 5058 de—

453 5098 709 5169 signavit,
745 5112 811 5153 ex
856 5096 1056 5168 quibus
1088 5097 1200 5152 duo
1233 5098 1412 5154 ultimi
1445 5095 1783 5152 Benedictini
1813 5093 2038 5166 pontiﬁ-

452 5205 542 5228 θοι
581 5187 731 5228 fuam
775 5187 1020 5228 “prtinus:
1068 5195 1125 5228 nt
1156 5187 1227 5228 ait
1251 5187 1543 5228 nmini-imm
1566 5185 1763 5228 Vitolic
1801 5187 1945 5228 lihm
1962 5202 2016 5228 Iv

2135 4548 2364 4606 centiam
2410 4553 2619 4606 damus.
2649 4551 2719 4606 Et
2746 4554 2795 4608 si
2821 4555 2939 4625 quis
2966 4555 3437 4610 excommunicatis
3460 4571 3568 4611 non
3606 4571 3731 4610 sus-

2137 4645 2425 4700 tentatione
2465 4644 2745 4715 superbiae,
2781 4646 2873 4699 sed
2920 4646 3270 4701 humanitatis
3318 4661 3483 4701 causa
3518 4645 3730 4717 aliquid

2135 4734 2264 4789 dare
2297 4734 2541 4803 voluerit,
2601 4752 2706 4791 non
2755 4736 3110 4807 prohibemus.
3139 4735 3287 4794 Idem
3338 4745 3574 4794 testatur
3597 4736 3733 4794 Ber-

2137 4826 2356 4884 tholdus
2391 4825 2832 4885 Ganstantiensis
2899 4829 3185 4901 presbyter
3223 4830 3281 4885 in
3333 4829 3613 4886 Chronico
3657 4830 3727 4886 ad

2136 4933 2342 4973 annum
2379 4917 2538 4974 1078.
2584 4915 2713 4975 Haec
2753 4911 2949 4990 procul
2996 4918 3166 4977 dubio
3214 4919 3485 4977 didicerat
3522 4919 3730 4992 Grego-

2138 5008 2254 5064 rius
2281 5024 2344 5064 ex
2391 5009 2538 5065 beati
2591 5008 2775 5066 Patris
2808 5009 3086 5068 Benedicti
3121 5011 3331 5084 regula,
3360 5012 3455 5083 qui
3481 5013 3649 5069 semel
3673 5021 3735 5067 et

2139 5099 2336 5155 iterum
2366 5108 2533 5169 vetat,
2562 5117 2632 5157 ne
2684 5101 2786 5170 illi,
2818 5100 2914 5173 qui
2948 5111 3153 5175 quanta
3179 5104 3252 5159 sit
3279 5102 3728 5160 excommunica-

2139 5191 2303 5228 Ωἶηπιῖα
2332 5207 2489 5228 manu
2513 5192 2770 5228 innnrnnl
2820 5209 2881 5228 an
2933 5193 3202 5228 faninnln-
3230 5192 3319 5224 rl-‘i
3352 5195 3571 5228 curn-{riam
3600 5211 3725 5228 num
