3986 5386
216 155 316 212 145

1194 157 1727 218 ΡΒΟιΕΟΟΙΕΝΛ.
1753 194 1825 205 ——
1860 164 2043 222 ACTA
2083 166 2139 221 S.
2175 166 2521 225 GREGORil.

3396 136 3496 229 ut,

212 269 329 329 sius
350 268 678 336 describere
717 287 829 330 non
868 279 955 329 est
995 273 1171 330 nostri
1221 272 1480 343 instituti,
1504 281 1559 330 et
1586 275 1807 346 quidem
1839 279 1885 337 Α
1912 276 2185 351 Roderici,
2210 295 2323 336 non
2354 286 2684 337 servaretur.
2719 280 2887 355 ’i'ypis
2936 279 3157 338 tandem
3183 280 3364 338 editus
3392 292 3499 351 est,

212 362 493 422 labentur
516 367 579 423 in
606 367 847 439 vulgatis
861 365 1223 423 conciliorum
1253 366 1687 424 collectionibus.

272 457 328 514 8.
370 456 526 515 idem
558 458 927 516 reformanda
973 456 1254 524 Ecclesiae,
1296 458 1627 530 virtutisque
1676 473 1808 531 pro-

212 551 505 608 movenda
546 551 755 608 ardens
816 550 1084 619 studium,
1144 550 1424 622 plerisque
1467 550 1525 606 in
1559 551 1807 623 ejusdem

212 642 353 698 beati
382 643 674 714 pontificis
703 643 949 715 epistolis
972 643 1169 699 elucet.
1204 640 1351 698 Inter
1372 640 1513 715 quas
1561 643 1808 716 complu-

211 750 297 791 res
324 745 463 792 sunt
491 737 564 793 ad
589 737 777 794 varios
823 737 994 793 totius
1040 736 1193 793 orbis
1224 734 1524 792 Christiani
1567 751 1725 808 rcges
1754 744 1811 793 et

212 827 516 899 principes,
544 830 751 901 quibus
780 829 954 885 bonos
991 827 1245 884 laudibus
1273 836 1328 883 et
1353 828 1809 900 gratulationibus

212 919 276 974 ad
297 920 515 992 majora
547 937 655 993 pro
674 920 931 978 Ecclesia:
958 921 1194 977 utilitate
1226 920 1576 992 suscipienda
1609 921 1811 976 adhor-

212 1020 383 1081 tatur;
435 1014 677 1072 vitiosos
724 1029 857 1070 vero
898 1014 1097 1070 nititur
1137 1012 1303 1069 minis
1327 1021 1382 1068 et
1417 1013 1811 1070 ecclesiasticis

212 1105 464 1162 censuris
504 1106 577 1162 ad
615 1107 902 1163 meliorem
939 1106 1151 1179 frugem
1195 1119 1473 1162 revocare.
1521 1103 1811 1161 Alfonsum

212 1195 461 1254 Catella
482 1213 701 1270 regem,
741 1198 836 1270 qui
887 1198 1078 1254 uxoris
1112 1211 1228 1253 suae
1260 1196 1727 1269 consanguineam
1752 1196 1810 1252 in

212 1288 502 1360 coniugem
533 1298 916 1362 assumpserat
944 1290 1014 1345 ab
1066 1289 1381 1345 incestuoso
1414 1288 1691 1344 connubio
1712 1287 1805 1344 de-

213 1380 433 1446 terruit;
463 1378 779 1437 Robertum
808 1380 1209 1437 Gnischardum
1244 1378 1710 1436 Nortmannorum
1754 1378 1821 1465 iit

213 1469 362 1526 Italia
406 1472 757 1544 principem,
808 1473 903 1544 qui
950 1471 1209 1528 Ecclesiae
1255 1480 1431 1529 terras
1471 1471 1816 1545 devastahat,

1906 368 2133 441 jnbente
2168 371 2447 429 cardinale
2478 371 2755 441 Ximenio,
2788 373 2884 444 qui
2927 374 2983 429 in
3029 373 3238 447 capella
3263 375 3503 447 quadam

1908 461 2170 521 Ecclesiae
2195 463 2493 536 Toletanae,
2528 464 2924 539 nonnullisque
2959 466 3015 524 in
3061 467 3312 524 ecclesiis
3337 482 3502 539 puro-

1907 553 2178 614 chialibus
2226 558 2497 630 hodieque
2538 557 2821 615 observari
2850 557 3069 616 dicitur.
3097 556 3371 615 Caeterum
3407 573 3503 641 eo:

1907 649 2030 706 dem
2057 648 2323 724 ﬂagrabat
2345 649 2618 708 desiderio
2643 649 2938 722 Gregorius
2961 666 3090 708 cum
3120 649 3183 707 F.
3220 649 3503 709 Sueouum

1909 742 2021 816 regi
2050 744 2357 817 gratulatus
2385 750 2491 811 est,
2536 741 2681 815 quod
2724 740 3034 800 Gallicanos
3054 742 3326 816 quosdam
3352 740 3502 798 verbi

1910 839 2003 895 Dei
2022 838 2380 896 administros
2412 833 2764 906 suscepisset,
2787 848 2816 889 a
2850 833 3053 905 quibus
3074 834 3214 891 ritus
3240 831 3505 911 Romana:

1910 930 2167 988 Ecclesiae
2189 935 2501 1001 acceperat;
2539 927 2722 998 ipsum
2758 939 2892 982 vero
2918 926 3229 999 interpellat
3268 922 3504 996 epistola

1911 1026 1971 1080 ll
2005 1025 2101 1080 lib.
2135 1041 2254 1093 vni,
2285 1031 2347 1078 ut
2376 1019 2674 1078 nonnullos
2695 1032 2727 1074 e
2748 1017 2864 1074 suis
2892 1017 3124 1075 clericos
3164 1026 3260 1075 aut
3282 1014 3503 1088 episco-

1908 1134 2009 1189 pos
2040 1116 2273 1172 Romam
2310 1114 2512 1182 mittat,
2540 1110 2658 1184 qui,
2692 1108 2808 1166 sedi
2839 1110 3155 1182 apostolicat
3190 1108 3360 1183 gentis
3383 1122 3502 1161 mo—

1910 1214 2056 1266 ribus
2083 1217 2138 1266 et
2163 1218 2317 1266 terra:
2339 1202 2739 1262 habitudinibus
2760 1200 3056 1272 expositis,
3089 1200 3216 1258 inde
3247 1196 3503 1256 mandata

1909 1304 1966 1358 in
1992 1300 2228 1374 patriam
2257 1298 2550 1364 referrent,
2606 1292 2765 1366 queis
2792 1300 2906 1348 tota
2960 1307 3094 1366 gens
3140 1290 3510 1367 imbueretur.

1910 1394 1990 1449 Λᾶ
2017 1393 2158 1449 idem
2182 1392 2415 1464 pertinet
2437 1386 2668 1461 epistola
2698 1385 2764 1440 l5
2787 1383 2913 1440 libri
2934 1401 3054 1454 vni,
3083 1385 3141 1441 in
3176 1399 3287 1456 qua
3308 1380 3505 1441 Olaum

1912 1483 2189 1557 Norvegize
2219 1499 2398 1556 regem
2437 1487 2624 1536 monet
2650 1476 2819 1549 (quod
2845 1491 2905 1533 se
2929 1476 3043 1548 jam
3083 1474 3364 1533 Danorum
3390 1474 3506 1545 regi

214 1555 607 1621 communione
644 1566 1013 1636 privavit,'ac
1052 1572 1244 1635 postea
1290 1563 1419 1619 facti
1448 1564 1813 1635 puenitentent‘

1915 1555 2199 1647 scripsisse
2228 1575 2383 1647 dicit)
2405 1583 2465 1628 ut
2482 1572 2547 1627 de
2560 1567 2876 1642 junioribus
2897 1576 2955 1623 et
2966 1566 3329 1625 nobilioribus
3350 1567 3506 1638 regni

214 1655 448 1712 restituit
471 1657 859 1713 communioni
885 1655 1285 1713 ecclesiasticae.
1308 1655 1545 1712 Econtra
1567 1655 1805 1726 Optimos
1835 1638 1880 1690 Β

215 1748 489 1821 principes
522 1749 708 1806 modis
752 1750 1010 1806 omnibus
1035 1749 1237 1820 quibus
1280 1749 1523 1816 valebat,
1550 1746 1655 1803 sibi
1694 1755 1807 1804 sat-

216 1842 403 1913 agebat
432 1842 742 1899 devincire.
782 1840 923 1898 Hinc
943 1842 1120 1897 mitra:
1145 1857 1309 1897 usum
1344 1839 1623 1897 Bchemiae
1657 1840 1804 1907 duci,

215 1933 284 1988 ab
304 1934 622 1990 Alexandro
648 1932 695 1989 ll
718 1933 835 2005 jam
860 1933 1212 2005 permissum,
1243 1932 1605 1989 confirmavit.
1644 1930 1806 1988 Suci-

216 2040 289 2079 no
306 2024 590 2081 Danorum
612 2025 733 2099 regi
752 2025 965 2082 litteras
988 2040 1101 2081 non
1127 2024 1297 2082 semel
1337 2024 1581 2096 scripsit,
1607 2024 1807 2096 quibus

217 2116 337 2186 ipsi,
367 2117 442 2174 ob
470 2117 969 2190 propensissimam
1005 2118 1061 2173 in
1102 2117 1290 2173 sedem
1321 2114 1679 2187 apostolicam
1710 2132 1808 2173 vo-

214 2207 475 2265 luntatem
522 2211 838 2282 gratulatus
896 2218 1003 2278 est,
1045 2217 1210 2281 atque
1266 2206 1337 2264 ab
1391 2224 1460 2265 eo
1495 2208 1719 2280 expetiit
1749 2217 1809 2264 ut

214 2315 383 2359 unum
403 2314 439 2357 e
460 2301 584 2357 suis
600 2301 735 2357 ﬁliis
760 2301 818 2357 in
840 2299 1053 2357 Italiam
1091 2300 1349 2368 mitteret,
1370 2300 1466 2371 qui
1495 2300 1625 2368 dux,
1654 2302 1807 2372 prin-

216 2407 329 2460 cepa
355 2409 421 2448 ac
463 2393 715 2464 defensor
762 2391 1192 2449 Christianitatis
1243 2399 1410 2448 esset.
1448 2391 1529 2448 Ad
1561 2391 1807 2463 ejusdem

216 2483 357 2555 regis
398 2482 594 2541 Sueini
639 2484 848 2552 ﬁlium,
869 2483 985 2554 jam
1032 2483 1175 2555 patri
1204 2481 1463 2540 defuncto
1496 2482 1806 2555 suffectum,

219 2576 453 2647 scripsit,
489 2585 552 2633 ut
577 2591 705 2632 eum
726 2577 905 2647 patris
934 2574 1264 2649 suiQVirtutis
1289 2575 1552 2632 aemulum
1594 2577 1663 2633 ad
1706 2577 1810 2634 Ec-

218 2667 511 2724 clesiarum
541 2668 921 2725 defensionem
945 2668 1221 2725 invitaret.

283 2758 337 2816 9.
374 2757 579 2832 ingens
606 2761 774 2816 etiam
803 2761 882 2816 illi
911 2759 1246 2822 desiderium
1289 2759 1468 2815 inerat
1487 2775 1681 2819 omnes
1700 2760 1807 2819 Ec-

221 2850 411 2908 clesiae
442 2851 501 2907 iu
522 2866 690 2907 unam
716 2851 841 2909 fidei
868 2850 1163 2909 concordia
1183 2851 1505 2919 revocandi;
1541 2861 1809 2924 quantum

222 2956 345 2998 vero
387 2942 769 3015 efﬂagitaverit
836 2943 1101 3000 unionem
1148 2942 1407 3000 Ecclesiae
1457 2941 1649 3000 Grecae
1681 2960 1807 3001 cum

225 3032 488 3102 Romana,
509 3034 729 3091 discere
751 3034 880 3091 licet
897 3050 966 3091 ex
986 3035 1109 3106 ejus
1126 3034 1360 3106 epistola
1383 3034 1596 3091 decima
1619 3044 1812 3092 octava

224 3125 344 3182 libri
368 3142 411 3193 ι,
433 3141 563 3197 qua
585 3134 673 3183 est
700 3126 771 3183 ad
804 3125 1121 3183 Michaeiem
1142 3123 1384 3183 Orientis
1426 3126 1813 3197 imperatorem

225 3217 362 3274 data.
402 3216 553 3286 Quin
584 3225 644 3274 et
683 3217 743 3273 in
779 3216 1061 3275 Orientem
1096 3217 1369 3289 proﬁcisci
1421 3218 1812 3286 meditabatur,

228 3310 363 3378 quod
384 3307 629 3366 Henrico
654 3306 1035 3367 Romanorum
1080 3309 1196 3382 regi
1236 3310 1468 3382 epistola
1497 3310 1568 3367 50
1613 3312 1738 3368 libri
1774 3329 1815 3367 ιι

231 3407 450 3461 testatus
472 3409 585 3469 est,
626 3416 739 3457 non
768 3402 948 3458 solum
982 3410 1045 3457 ut
1068 3400 1310 3470 Graecos,
1340 3402 1611 3461 Armenos
1652 3404 1815 3461 alios-

232 3506 330 3560 (ω
351 3492 650 3550 hereticos
691 3491 951 3550 Ecclesiae
980 3492 1385 3562 reconciliaret,
1420 3494 1516 3551 sed
1562 3496 1729 3552 etiam
1757 3505 1817 3552 ut

233 3581 566 3641 Christianos
585 3585 845 3656 eriperet,
878 3585 984 3657 qui
1001 3585 1105 3641 sub
1127 3584 1532 3643 Saracenorum
1555 3589 1816 3645 servitute

235 3676 535 3745 gemebant.

303 3767 383 3824 ιο.
422 3768 633 3826 Omnes
661 3767 739 3824 ita
772 3767 1038 3826 Romana
1069 3766 1332 3826 Ecclesiae
1369 3772 1815 3828 communionem

239 3860 431 3916 ambire
453 3861 694 3927 volebat,
722 3868 787 3915 ut
804 3861 971 3916 etiam
994 3858 1202 3916 rituum
1223 3861 1647 3933 discrepantiam
1674 3879 1816 3937 aegre

242 3949 419 4020 ferret;
444 3951 578 4008 hinc
623 3959 908 4022 tantopere
935 3950 1240 4019 desudavit,
1280 3960 1344 4007 ut
1368 3952 1536 4008 ritum
1571 3951 1817 4011 Mozara—

241 4041 429 4110 bicum,
451 4059 566 4116 quo
600 4058 634 4099 a
667 4042 1046 4114 compluribus
1065 4043 1283 4099 saeculis
1296 4040 1684 4113 Hispaniarum
1716 4045 1818 4102 Ec-

242 4133 407 4191 clesia:
458 4137 782 4203 utebantur,
827 4135 1049 4207 penitus
1094 4134 1356 4190 auferret.
1390 4133 1621 4191 Exstant
1660 4151 1725 4192 ea
1750 4139 1818 4194 de

244 4227 430 4297 reejus
484 4228 735 4298 epistolae
778 4226 853 4282 65
877 4234 936 4282 et
963 4225 1226 4282 641ibrii
1262 4227 1330 4283 ad
1378 4225 1669 4284 Alfonsum
1712 4227 1818 4285 Ca-

1908 1668 1993 1723 sui
2016 1667 2225 1740 aliquot
2254 1666 2322 1723 ad
2359 1664 2540 1720 aulam
2575 1661 2879 1717 Romanam
2915 1659 3118 1727 mittat,
3151 1658 3249 1730 qui
3272 1657 3377 1715 sub
3398 1656 3505 1713 alia

1906 1759 2263 1831 apostolorum
2294 1756 2447 1812 Petri
2468 1764 2520 1811 et
2541 1751 2706 1808 Pauli
2730 1750 2954 1819 eruditi,
2977 1759 3167 1823 postea
3188 1750 3244 1809 in
3268 1748 3515 1821 patriam

1907 1851 2155 1919 reduces,
2178 1856 2350 1905 totam
2372 1846 2653 1921 regionem
2686 1844 2743 1899 in
2778 1840 3044 1899 Romana:
3077 1841 3335 1919 Ecclesia:
3368 1855 3507 1897 con-

1906 1940 2292 2000 suetudinibus
2316 1937 2536 1997 erudire
2575 1943 2822 2008 possent.
2852 1931 3126 2005 Nonnulla
3168 1933 3239 1988 ab
3267 1946 3336 1987 eo
3356 1933 3505 1987 circa

1906 2037 2046 2093 ritus
2075 2032 2481 2091 ecclesiasticos
2509 2029 2759 2084 instituta
2788 2024 2957 2082 refert
2982 2034 3175 2082 auctor
3201 2022 3506 2095 Micrologi,

1906 2144 2029 2200 qua:
2060 2142 2091 2182 a
2125 2123 2364 2181 Baronio
2394 2121 2691 2178 laudantur
2721 2116 2789 2174 ad
2821 2132 3028 2177 annum
3069 2115 3224 2173 108,5.

1977 2218 2065 2274 ll.
2106 2214 2500 2289 Berengarium
2545 2210 2864 2269 bzereticum
2913 2216 3040 2281 post
3095 2208 3325 2265 iteratas
3368 2218 3506 2261 con-

1904 2311 2284 2370 demnationes
2329 2307 2529 2380 saapius
2571 2302 2640 2361 ad
2678 2301 2947 2359 vomitum
2991 2299 3309 2357 redeuntem
3350 2310 3506 2353 com-

1906 2403 2107 2476 pressit
2126 2399 2579 2474 vigilantissimus
2605 2392 2876 2467 pontifex,
2899 2400 2954 2448 et
2980 2406 3145 2462 quem
3169 2404 3317 2446 anno
3343 2386 3506 2454 i055,

1907 2494 2012 2552 sub
2036 2492 2255 2550 Victore
2280 2490 2324 2547 Il
2348 2500 2481 2547 tunc
2518 2486 2665 2545 sedis
2700 2482 3015 2558 apostolicae
3039 2482 3251 2554 legatus
3281 2481 3337 2535 in
3378 2494 3508 2535 con-

1908 2585 2037 2643 cilio
2071 2583 2405 2650 Turonensi,
2447 2580 2515 2637 ad
2550 2576 2873 2650 ejurandam
2910 2590 3070 2631 suam
3110 2572 3365 2630 haeresim
3391 2570 3507 2642 jam

1909 2677 2269 2749 compulerat,
2297 2673 2543 2746 pontifex
2572 2670 2752 2726 factus
2781 2666 3036 2724 eumdem
3064 2665 3297 2721 Romam
3323 2677 3510 2718 accer-

1910 2771 2077 2827 situm
2111 2767 2282 2826 semel
2331 2775 2388 2823 et
2431 2765 2633 2821 iterum
2682 2761 2742 2816 in
2792 2759 3010 2815 duobus
3060 2755 3333 2821 conciliis,
3385 2760 3512 2823 post

1909 2861 2085 2918 editas
2125 2859 2264 2916 duas
2314 2856 2440 2913 fidei
2491 2851 2870 2912 confessiones
2932 2847 3191 2905 Ecclesiae
3245 2841 3506 2901 restituit.

1912 2951 2021 3009 Sed
2045 2950 2114 3009 de
2157 2951 2263 3007 hac
2289 2965 2346 3005 re
2372 2956 2557 3004 actum
2600 2951 2688 3001 est
2734 2941 2791 2997 in
2826 2938 3149 3013 praefatione
3189 2936 3319 2994 huic
3360 2944 3508 2991 temo

1915 3042 2159 3117 praefixa.

1986 3133 2075 3189 η.
2114 3133 2185 3189 At
2225 3132 2318 3189 hic
2357 3128 2611 3189 omittere
2651 3141 2766 3185 non
2805 3124 2954 3193 licet,
2988 3136 3265 3181 summam
3297 3120 3419 3192 ejus
3452 3117 3512 3174 in

1915 3224 2253 3284 sacrosancti
2291 3219 2647 3282 eucharistia:
2688 3216 3025 3276 sacramenti
3067 3211 3512 3286 frequentatione

1914 3316 2281 3387 devotionem,
2333 3330 2399 3373 ac
2451 3314 2711 3387 pietatem
2742 3310 2799 3366 in
2827 3308 3205 3367 beatissimam
3241 3304 3513 3376 virginem

1916 3407 2168 3476 Mariam,
2199 3424 2324 3481 quae
2355 3407 2468 3464 duo
2519 3413 2785 3476 tanquam
2817 3399 3136 3458 firmissima
3178 3398 3236 3453 in
3280 3394 3514 3452 humani

1916 3500 2131 3572 generis
2184 3501 2400 3557 hostem
2441 3494 2883 3570 propugnacula,
2925 3490 3172 3548 Mathildi
3214 3487 3512 3545 comitissae

1916 3591 1992 3647 ita
2017 3589 2444 3656 commendavit,
2477 3595 2539 3643 ut
2560 3584 2727 3643 simul
2749 3600 2814 3642 ea
2839 3600 2969 3640 cum
2993 3580 3206 3654 peccati
3236 3579 3385 3647 odio,
3409 3578 3515 3633 hu-

1916 3682 2141 3753 milique
2181 3679 2364 3739 eordis
2387 3678 2725 3737 contritione
2765 3676 3059 3748 conjuncta
3102 3688 3227 3729 esse
3254 3669 3511 3727 voluerit.

1916 3775 2169 3848 Legenda
2200 3784 2286 3832 est
2315 3790 2379 3831 ea
2405 3774 2472 3830 de
2496 3788 2556 3829 re
2596 3771 2718 3842 ejus
2751 3767 2987 3841 epistola
3030 3766 3100 3822 47
3142 3764 3271 3821 libri
3323 3759 3512 3834 primi.

1918 3868 2068 3924 Inter
2094 3876 2308 3935 ctetera,
2333 3865 2533 3938 inquit,
2557 3879 2674 3935 qua:
2697 3861 2792 3916 tibi
2816 3868 3001 3917 contra
3039 3858 3331 3930 principem
3360 3868 3516 3906 mun-

1916 3960 1974 4014 di
1998 3976 2169 4026 arma,
2202 3956 2312 4013 Deo
2343 3956 2570 4027 favente,
2610 3951 2832 4019 contuli,
2858 3950 2997 4022 quod
3040 3948 3375 4021 potissimum
3413 3950 3514 4009 est,

1916 4059 1975 4104 ut
2001 4066 2190 4121 corpus
2210 4048 2547 4103 Dominicum
2580 4044 2877 4115 frequenter
2900 4042 3161 4110 acciperes
3190 4036 3441 4101 indicari,
3464 4042 3516 4088 ct

1918 4151 1975 4196 ut
2004 4150 2162 4197 certa:
2184 4139 2398 4212 ﬁduciae
2422 4136 2615 4193 Matris
2652 4133 2869 4190 Domini
2906 4141 2955 4186 te
2987 4131 3202 4186 omnino
3222 4127 3516 4200 committe-

1919 4251 1998 4288 res
2021 4233 2263 4305 prwcepi.
2296 4229 2436 4285 Tum
2469 4225 2681 4300 profert
2715 4225 2915 4281 selecta
2942 4238 3010 4278 ex
3040 4221 3247 4278 sanctis
3276 4217 3514 4272 Ambro-

246 4317 415 4385 stelb,
445 4328 501 4375 et
528 4318 793 4377 Sancium
830 4318 1150 4390 Arragonize
1188 4334 1365 4390 reges.
1421 4316 1685 4376 Miraculo
1719 4321 1823 4379 hac
1854 4330 1897 4384 D
1924 4326 2029 4393 sio,
2060 4319 2345 4395 Gregorio,
2399 4330 2455 4376 et
2485 4319 2696 4375 Joanne
2747 4316 3140 4388 Chrysostomo
3179 4307 3515 4375 testimonia,

246 4411 518 4469 occasione
538 4411 947 4469 Mozarabicum
981 4411 1147 4466 ritum
1168 4410 1432 4466 divinitus
1457 4414 1817 4483 approbatum

251 4497 406 4559 fuisse
427 4503 818 4577 aiuntfvulgati
850 4511 1105 4559 auctores
1144 4499 1450 4574 Hispanici,
1482 4503 1558 4558 ita
1598 4496 1659 4559 ut
1692 4520 1818 4576 pro-

247 4590 455 4661 jectoin
478 4596 658 4668 ignem
684 4595 832 4651 libro
870 4592 1217 4650 Mozarabico
1249 4592 1423 4649 simul
1449 4610 1577 4650 cum
1617 4609 1685 4651 eo
1724 4598 1819 4668 qui
1852 4584 1855 4585 ⁷

252 4683 401 4740 ritum
448 4686 755 4745 Romanum
811 4685 1306 4756 complectebatur,
1355 4685 1464 4741 isto
1488 4682 1560 4751 ,ἰὴ
1610 4685 1822 4744 favillas

256 4776 420 4833 statim
439 4780 677 4849 redacto,
714 4779 874 4851 prior
897 4776 1104 4834 illaesus
1125 4785 1377 4833 servatus
1416 4776 1598 4834 fuerit.
1635 4778 1705 4834 At
1727 4795 1822 4835 ne-

260 4880 344 4921 mo
374 4868 472 4926 hoc
516 4871 739 4943 scripsit
794 4876 928 4927 ante
972 4866 1308 4925 Rodericum.
1347 4869 1823 4943 archiepiscopum

260 4955 577 5031 Toletauum,
596 4973 658 5020 ut
696 4964 961 5021 observat
997 4960 1275 5032 piissimus
1318 4961 1613 5019 cardinalis
1649 4961 1822 5029 Bona,

1920 4418 2121 4488 quibus
2162 4414 2247 4470 illi.
2282 4411 2621 4470 sanctissimi
2662 4410 2764 4466 viri
2790 4408 2859 4463 ad
2892 4402 3292 4477 frequentanda
3325 4416 3516 4458 sacra-
3544 4460 3551 4465 μ

1922 4518 2128 4575 menta,
2166 4506 2252 4562 sui
2278 4505 2381 4562 aevi
2423 4503 2610 4560 fideles
2647 4501 2980 4567 invitabant;
3036 4497 3253 4554 tandem
3297 4494 3518 4551 laudata

1923 4600 2255 4657 beatissima
2285 4595 2528 4669 Virginis
2577 4609 2707 4665 erga
2746 4600 3046 4663 peccatores
3081 4603 3353 4644 conversos
3404 4587 3518 4643 cle-

1925 4692 2147 4759 mentia,
2185 4690 2265 4746 sic
2304 4686 2583 4745 concludit
2616 4706 2628 4741 :
2656 4684 2803 4740 Pone
2836 4683 3018 4755 itaque
3050 4682 3209 4753 ﬁnem
3235 4682 3291 4735 in
3334 4677 3522 4733 volun-

1927 4791 2033 4837 tate
2052 4781 2329 4859 peccandi,
2355 4790 2404 4836 et
2434 4786 2709 4852 prostrata
2749 4791 2929 4829 coram
2960 4775 3081 4843 illa,
3115 4789 3181 4829 ea:
3211 4771 3521 4827 cordercon-

1927 4875 2054 4928 trito
2079 4882 2130 4929 et
2167 4871 2450 4928 humiliato
2501 4871 2768 4940 lacrymas
2812 4866 3056 4938 e/I'unde,
3098 4864 3328 4922 invenies
3366 4861 3525 4916 illam

1927 4964 2290 5020 indubitanter
2313 4962 2712 5036 promptiorem,
2740 4952 2846 5016 etC.

261 5050 351 5119 qui
389 5049 676 5113 Rodericus
709 5055 867 5112 circa
915 5054 1100 5109 saeculi
1141 5053 1344 5111 decimi
1386 5054 1536 5110 tertii
1578 5055 1823 5112 medium
1999 5056 2087 5112 i3.
2129 5056 2453 5128 Gregorium
2485 5053 2653 5110 etiam
2682 5059 2808 5108 ante
2838 5058 3075 5106 mortem
3105 5042 3389 5105 miraculis
3410 5042 3531 5097 cla-

260 5141 470 5200 vivebat.
498 5145 604 5204 Nec
626 5145 936 5205 verisimile
973 5153 1059 5200 est
1089 5146 1253 5203 ritum
1277 5148 1432 5202 hunc
1468 5147 1538 5203 ab
1565 5145 1826 5218 Hispanis
1930 5147 2110 5204 ruisse
2131 5148 2311 5203 innuit
2331 5145 2663 5202 Lambertus
2686 5140 3184 5212 Scafnabnrgensis
3215 5133 3527 5190 mouaebus

264 5230 422 5291 fuisse
448 5237 726 5297 dimissum
767 5251 844 5294 eo
895 5235 1017 5306 ipso
1060 5244 1305 5310 tempore
1343 5250 1457 5306 quo
1490 5245 1604 5293 tam
1637 5247 1827 5310 aperto
1930 5239 1999 5295 ad
2029 5255 2237 5295 annum
2267 5238 2426 5306 i077,
2454 5237 2548 5292 ubi
2585 5237 2663 5292 ait
2688 5236 2844 5305 signa
2872 5241 2926 5288 et
2955 5228 3236 5302 prodigia,
3262 5236 3384 5292 (Ιυπ
3424 5235 3528 5310 Pi?“

266 5321 503 5383 miraculo
527 5330 594 5386 ab
611 5331 734 5386 inse
765 5328 885 5383 Deo
909 5330 1291 5386 comprobatus
1316 5326 1535 5386 fuisset.
1562 5309 1828 5386 Ouamvis
1930 5317 2051 5386 eius
2072 5330 2351 5386 orationes
2376 5329 2718 5386 frequentius
2757 5324 2980 5386 ﬁebant,
3016 5319 3179 5377 simul
3234 5326 3359 5369 eum
3402 5309 3524 5362 zelo
