3986 5386
465 349 566 408 147

1688 337 1743 394 S.
1786 337 2184 396 GREGORlUS
2215 336 2305 390 .Vll
2344 337 2541 392 PAPA.

3638 336 3742 392 N8

462 462 594 517 quo,
619 453 679 499 ut
712 444 932 504 Henricr
974 450 1204 519 insidias
1233 449 1482 515 evitaret,
1520 449 1861 520 confugerat.
1891 450 2049 507 Nulla
2081 457 2124 512 Α
2151 451 2396 521 gularem
2435 465 2536 520 pro
2569 449 2691 520 ejus
2730 442 3048 512 defensione
3071 448 3286 506 librum
3329 447 3498 504 edidit
3549 451 3742 504 contra

459 543 546 591 est
564 533 708 593 circa
736 537 858 608 ejus
899 542 1095 596 mortis
1120 551 1332 612 tempus
1357 540 1636 595 dissensio
1666 543 1809 612 apud
1853 553 2049 599 aucto—

461 641 552 681 res
577 628 848 700 vulgatos,
900 632 997 702 qui
1030 647 1224 689 omnes
1264 631 1506 686 fatentur
1533 647 1660 687 cum
1706 649 1854 690 anno
1889 635 2050 701 1085,

462 717 553 774 die
568 719 644 776 25
667 718 815 788 Maii,
835 738 867 778 e
888 723 1026 780 viris
1049 723 1372 780 excessisse.
1388 720 1593 779 Ibidem
1617 726 1862 796 sepultus
1889 735 1975 782 est
1995 727 2058 788 in,

461 810 696 868 ecclesia
732 816 1171 886 metropolitana.
1217 819 1288 871 At
1319 815 1583 872 memoria
1625 816 1813 887 lapsus
1835 827 1920 874 est
1950 817 2053 874 0r—

462 899 682 960 dericus
718 904 913 963 Vitalis
942 907 1036 962 lib.
1069 909 1190 975 'vut,
1235 909 1330 964 ubi
1359 908 1550 964 scribit
1589 908 1912 980 Gregorium
1951 911 2054 967 Be-

462 995 681 1049 neventi
715 997 1020 1055 excessisse
1052 1014 1084 1054 e
1112 998 1274 1067 vivis,
1326 999 1512 1071 ibique
1557 999 1732 1056 fuisse
1777 1002 2054 1072 sepultum

460 1081 519 1137 in
547 1087 875 1157 confessione
905 1090 1046 1145 beati
1071 1090 1453 1146 Bartholomtei
1492 1090 1737 1162 apostoli.
1774 1091 2057 1148 Miraculo-

463 1189 588 1230 rum
614 1178 830 1249 copiam
852 1182 919 1238 ad
961 1181 1207 1253 ejusdem
1250 1183 1525 1254 pontiﬁcis
1549 1184 1820 1239 tumulum
1852 1184 2054 1241 factam

463 1266 638 1324 fuisse
688 1277 924 1352 testatur
973 1275 1116 1330 idem
1171 1284 1381 1330 auctor.
1443 1275 1566 1343 Ubi,
1600 1277 1796 1347 inquit,
1847 1279 2054 1332 meritis

460 1352 578 1428 ejus
602 1359 729 1430 ﬁdei
753 1367 1040 1434 petentium
1077 1368 1458 1423 miraculorum
1505 1369 1658 1439 copia
1693 1369 1948 1424 divinitus
1971 1387 2056 1424 os-

464 1455 616 1506 tensa
659 1463 756 1510 est.
797 1455 938 1512 Tum
981 1459 1263 1531 subjungit
1322 1479 1334 1514 :
1388 1459 1530 1516 Nam
1576 1460 1772 1532 leprasi
1819 1461 1884 1517 de
1916 1479 2055 1534 aqua

464 1543 604 1598 unde
627 1559 816 1617 corpus
842 1549 964 1620 ejus
1001 1551 1243 1606 ablutum
1267 1553 1441 1624 fuerat
1467 1554 1750 1622 petierunt.
1787 1553 1905 1620 Qua
1926 1571 2056 1609 cort-

2152 542 2474 596 Guibertum
2497 543 2832 613 antipapam.
2867 542 3111 598 Gzeteros
3139 541 3358 607 omitto,
3387 553 3628 610 quorum
3655 539 3744 595 vel

2153 632 2376 688 nomina
2430 633 2778 688 solummodo
2845 646 3134 703 recensere
3178 631 3276 694 ,ob
3329 630 3790 687 multitudim‘

2153 724 2312 780 facile
2333 740 2444 780 non
2465 735 2633 780 esset.
2657 723 2796 780 Eum
2818 725 3172 796 confessorem
3191 733 3242 778 et
3253 733 3541 794 martyrem
3565 722 3746 780 obiic-

2153 832 2213 872 se
2235 816 2370 872 dicit
2389 815 2546 887 llugo
2588 815 3022 874 Flaviniacensis
3054 817 3112 872 in
3134 815 3434 883 Chronico,
3461 815 3556 872 ubi
3586 817 3747 888 plura

2153 907 2221 964 de
2243 908 2364 977 ejus
2393 908 2564 979 gestis
2595 917 2652 966 et
2669 909 2824 964 obitu
2855 907 3190 966 referuntur.

2226 1001 2314 1056 11.
2355 1000 2604 1072 Gregorii
2633 1011 2817 1058 tamen
2859 1001 3064 1059 festum
3093 1009 3221 1058 ante
3244 999 3430 1057 saeculi
3462 998 3750 1069 bujusini-

2155 1093 2291 1147 tium
2323 1090 2540 1163 publico
2583 1093 2752 1163 cultu,
2765 1093 3099 1150 celebratum
3135 1107 3420 1164 nusquam-
3447 1090 3571 1156 fuit,
3597 1090 3752 1162 quod

2155 1184 2392 1255 primum
2416 1184 2530 1239 ﬁeri
2554 1185 2802 1255 permisit
2820 1185 3024 1243 Paulus
3054 1184 3100 1238 Υ
3123 1199 3378 1242 summus
3392 1181 3663 1255 pontifex,
3689 1191 3752 1236 ut

2155 1291 2222 1334 ex
2256 1277 2378 1348 ejus
2399 1277 2546 1332 bulla
2569 1285 2738 1348 patet,
2765 1277 2893 1334 data
2913 1293 3064 1334 anno
3088 1277 3248 1346 1609,
3275 1291 3448 1347 quam
3472 1275 3748 1346 integram

2157 1370 2324 1426 refert
2349 1369 2762 1440 Papebrochius
2801 1371 2858 1426 in
2900 1369 3204 1442 praemissis
3223 1370 3290 1425 ad
3323 1367 3571 1438 tjusdetn
3601 1366 3750 1422 beati

2157 1463 2261 1518 viri
2295 1459 2472 1517 Vitam
2505 1463 2850 1535 paragrapho
2879 1463 2942 1529 2,
2973 1461 3066 1518 ubi
3091 1471 3148 1518 et
3169 1461 3336 1518 habet
3355 1460 3566 1516 litteras
3583 1457 3758 1514 Joan-.

2158 1555 2246 1610 nis
2287 1553 2528 1610 Beltram
2568 1554 2637 1610 de
2677 1553 3363 1624 Gueraraarchiepiscopi
3386 1550 3752 1614 Salernitaui.

463 1643 648 1690 secuta
687 1637 921 1708 ﬁdeliter
946 1642 1045 1698 loti
1080 1653 1223 1712 sunt,
1263 1654 1312 1698 et
1359 1645 1654 1715 opitulante
1684 1644 1792 1700 Deo
1815 1647 2056 1717 protinus
2157 1645 2252 1716 qui
2287 1644 2534 1715 ejusdem
2559 1645 2702 1700 beati
2732 1645 3008 1716 pontificis
3026 1644 3262 1702 ollicium
3285 1642 3519 1702 solemni
3549 1643 3662 1697 ritu
3691 1642 3750 1696 in

462 1727 708 1783 mandati
742 1743 884 1786 sunt.
936 1733 1151 1791 Laudes
1203 1736 1324 1808 ejus
1367 1747 1622 1793 auctores
1673 1737 1937 1808 plerique,
1971 1754 2057 1794 re-
2092 1806 2117 1808 m
2160 1746 2273 1793 tota
2308 1752 2412 1792 sua
2438 1736 2664 1793 diceeesi
2706 1737 2926 1793 recitari
2962 1737 3240 1808 praecepit.
3275 1733 3522 1806 Gregorii
3566 1741 3754 1788 tamen

462 1818 738 1878 acutiores
783 1824 946 1880 simul
998 1837 1054 1882 et
1113 1806 1346 1900 antiqui,
1401 1829 1584 1884 fusius
1625 1806 2053 1901 prosequuntur.
2091 1806 2134 1860 Β
2159 1827 2422 1886 memoria
2452 1828 2569 1898 jam
2603 1839 2764 1885 antea
2791 1829 2846 1884 in
2870 1806 3258 1902 Martyrologio
3285 1827 3538 1882 Romano
3558 1826 3758 1881 consi—

467 1905 760 1970 Gretserus
813 1915 868 1970 iu
921 1918 1043 1988 ejus
1088 1920 1336 1992 apologia
1389 1920 1787 1993 quinquaginta
1831 1923 2058 1978 omnino
2159 1929 2324 1992 gnata
2361 1919 2564 1985 fuerat,
2609 1937 2758 1977 anno
2789 1922 2999 1977 scilicet
3027 1920 3193 1987 1584,
3222 1935 3337 1990 quo
3362 1917 3612 1990 Gregorii
3655 1918 3752 1973 de-

460 2013 713 2060 reeenset
733 2005 856 2077 ejus
891 2009 1227 2069 laudatores.
1263 2011 1462 2068 Petrus
1501 2010 1750 2067 Damiaui
1779 2027 1906 2068 eum
1931 2031 2056 2068 sau-
2158 2013 2288 2070 cimi
2311 2013 2458 2068 tertii
2519 2015 2846 2070 auctoritate
2893 2014 3026 2070 illud
3063 2013 3254 2082 fuerat
3275 2010 3652 2069 emendatum.
3695 2009 3755 2064 lu

462 2092 692 2148 ctissimi
730 2113 794 2151 ac
821 2102 1099 2168 purissimi
1130 2103 1344 2157 cansilii
1387 2104 1558 2158 virum
1608 2103 1864 2174 appellat.
1911 2104 2037 2160 Desi
2159 2119 2300 2160 nova
2323 2105 2570 2175 ejusdem
2603 2106 2843 2162 editione
2869 2123 2901 2162 a
2939 2105 3177 2162 Baronio
3223 2111 3518 2176 procurata
3560 2111 3754 2158 aucto-

460 2181 650 2240 derius
675 2187 851 2245 abbas
869 2189 1210 2259 Casinensis,
1250 2195 1344 2264 qui
1373 2196 1423 2248 ei
1455 2195 1562 2252 sub
1603 2193 1840 2252 Victoris
1863 2194 1929 2250 lll
1953 2212 2052 2250 no-
2159 2196 2321 2252 ritate
2361 2195 2500 2251 Sixti
2544 2195 2610 2262 V,
2645 2197 2788 2252 idem
2837 2198 3030 2253 beatus
3069 2195 3314 2268 pontifex
3364 2194 3622 2250 laudatur
3667 2193 3757 2250 bis

466 2273 615 2330 utine
649 2281 938 2348 successit,
990 2282 1133 2338 libro
1191 2285 1354 2342 tertio
1409 2282 1758 2356 Dialogorum
1803 2287 2056 2342 eumdem
2159 2287 2343 2354 verbis
2368 2287 2457 2344 die
2485 2286 2706 2344 25Maii
2737 2308 2751 2344 ;
2781 2287 2995 2344 Salerni
3031 2287 3295 2358 depositio
3331 2287 3473 2342 beati
3501 2283 3756 2356 Gregorii

464 2363 672 2420 Christi
703 2367 1000 2427 Ecclesium
1029 2375 1374 2430 verbissimul
1405 2385 1454 2430 et
1479 2377 1736 2448 exemplis
1761 2377 2062 2434 illustrasse
2159 2395 2312 2450 papa:
2340 2380 2572 2449 septimi,
2615 2380 2992 2436 ecclesiastica:
3037 2379 3303 2436 libertatis
3339 2378 3758 2449 propugnatoris

458 2455 672 2514 scribit.
706 2459 942 2520 Sanctus
975 2464 1270 2524 Anselmus
1308 2467 1575 2524 Lucensis
1625 2469 1919 2542 episcopus
1943 2471 2060 2526 sin—
2159 2486 2223 2524 ac
2248 2471 2540 2540 defensoris
2577 2472 2846 2526 acerrimi.
3306 2483 3312 2489 ‘

481 2601 987 2638 =ﬂ‘—‘=——.——.___——-

2487 2619 2656 2630 —~————

2661 2617 3678 2630 .———-.——.—_——-———*——-—0—

1101 2756 1456 2874 VITA
1540 2757 2058 2875 SANCTI
2145 2759 2820 2940 GREGORII
2905 2760 3118 2878 vu

1613 2981 1891 3042 Auctore
1917 2978 2118 3041 Paulo
2156 2965 2618 3040 .Berurt'cdensi.

755 2612 1246 2644 Μ

1983 2622 2154 2630 ἠ...-

2155 2621 2388 2630 —-.——__.._

1095 2617 2284 2645 mw

1480 2633 1816 2644 ———-——

1221 3141 1378 3214 (Vide
1408 3158 1574 3214 supra
1606 3144 1662 3198 in
1697 3143 1850 3200 Actis
1871 3144 1985 3214 jam
2011 3142 2174 3200 editis
2201 3142 2368 3213 hujus
2397 3141 2714 3209 voluminis,
2739 3143 2844 3197 col.
2871 3141 2985 3212 39.)

874 3310 1294 3324 *κήαι-...-

1304 3311 1556 3325 ψ

491 3306 1604 3336 ωψῌ-..κ-

1605 3329 2334 3342 ...Ἥ
2343 3329 2674 3340 0—.—

1337 3451 1485 3540 DE
1562 3451 1971 3541 GESTIS
2041 3445 2623 3543 GBEGORII
2696 3450 2876 3544 VII

1017 3642 1258 3702 Contra
1289 3642 1698 3703 investituras
1733 3651 1787 3702 et
1815 3625 2184 3714 Simoniam,
2217 3649 2270 3702 et
2299 3658 2420 3720 pro
2454 3639 2742 3702 cwlibatu
2780 3623 3210 3700 clericorttm.‘

1176 3804 1451 3877 (Mamre,
1484 3803 1616 3860 Acta
1651 3801 1752 3860 SS.
1789 3802 2007 3870 Beued.,
2043 3803 2200 3858 Praef.
2237 3803 2302 3858 ad
2325 3801 2464 3873 part.
2495 3819 2528 3856 ιι
2562 3801 2696 3857 Sane.
2723 3799 2809 3866 lli,
2838 3817 2890 3870 p.
2917 3781 3030 3870 ll.)

533 4115 854 4188 Gregorium
891 4117 978 4172 VII
1013 4135 1269 4192 magnum
1309 4123 1484 4176 virum
1517 4120 1706 4188 fuisse,
1744 4131 1799 4177 et
1827 4136 2054 4193 magnos
2084 4125 2124 4181 C
2159 4120 2344 4206 saguli
2373 4120 2733 4191 principibus,
2755 4118 3197 4190 obstrepentibus
3220 4117 3458 4188 undique
3481 4115 3752 4172 insultan-

461 4220 517 4260 ιιι
557 4207 755 4280 exiguo
791 4225 1025 4280 corpore
1055 4211 1294 4283 gessisse
1320 4211 1547 4283 spiritus
1572 4255 1587 4279 ,
1621 4213 1726 4269 etsi
1769 4228 1879 4270 non
1923 4229 2054 4270 con-

461 4299 730 4356 sentirent
761 4317 976 4369 omnes,
1013 4313 1159 4361 certe
1189 4303 1325 4361 satis
1365 4319 1638 4376 superque
1671 4313 2054 4362 contestaren-

463 4397 553 4446 tur
579 4395 840 4463 praeclara
886 4393 1027 4450 facta
1069 4410 1194 4465 quae
1233 4411 1334 4466 pro
1373 4395 1772 4452 instauratione
1796 4398 2055 4453 ecclesia-

463 4481 614 4538 stica:
655 4483 958 4555 disciplina:
984 4502 1276 4556 aggressus
1302 4496 1387 4542 est
1413 4498 1468 4543 ct
1510 4487 1748 4542 maxima
1791 4503 1854 4542 ex
1902 4495 2057 4558 parte

460 4573 706 4642 perfecit.
751 4575 907 4643 Quod
951 4577 998 4632 si
1043 4577 1095 4630 in
1133 4578 1460 4647 quibusdam
1508 4578 1718 4633 videtur
1755 4579 2056 4635 excessisse

463 4664 712 4730 modum,
757 4677 818 4722 ut
853 4669 1069 4725 dillicile
1097 4677 1181 4724 est.
1201 4669 1328 4724 eum
1357 4668 1412 4724 in
1439 4669 1601 4726 rebus
1623 4669 1813 4727 arduis
1839 4679 1895 4728 et
1919 4669 2056 4726 ditii-

459 4754 686 4812 cillimis
705 4772 920 4830 semper
942 4769 1148 4824 tenere,
1177 4774 1447 4816 excusare
1477 4761 1655 4832 ipsum
1697 4761 1896 4818 debent
1936 4771 2057 4816 tan—

462 4855 644 4902 torum
676 4847 945 4906 factorum
971 4852 1184 4916 merita;
1219 4867 1341 4922 qua:
1370 4852 1424 4907 in
1456 4867 1570 4907 rem
1594 4853 1870 4923 publicam
1891 4854 2054 4909 Chri-

461 4938 700 4994 stianam
744 4942 1143 5010 retlundarunt,
1194 4961 1225 4999 a
1275 4944 1494 4999 nemine
1518 4944 1644 5016 jure
1672 4945 2051 5016 improbanda.

460 5029 603 5068 ΠιιὶιΙ
646 5032 794 5068 Anim
837 5034 1168 5070 nnnlvshilinc
1235 5035 1364 5070 111ιῖιῖ
1408 5035 1851 5070 νηνη⁸ι1ἶηῖηἶιῖηιι
1889 5054 2052 5072 ηιοαηι

2162 4212 2414 4283 libusque
2457 4211 2822 4278 adversariis,
2865 4211 2918 4266 id
2951 4219 3037 4267 est
3067 4207 3350 4264 Nicolaitis
3381 4216 3436 4263 et
3474 4206 3752 4263 Simonia-

2158 4305 2256 4372 eis,
2283 4305 2378 4376 qni
2404 4305 2713 4376 principum
2745 4304 2961 4360 animos
2987 4303 3043 4358 in
3086 4318 3213 4358 eum
3254 4299 3648 4366 accendebant,
3695 4300 3750 4354 in

2157 4396 2350 4467 primis
2381 4394 2600 4452 llenrici
2644 4396 2996 4466 imperatoris
3023 4394 3185 4465 cujus
3219 4392 3469 4464 partibus
3503 4393 3752 4452 armaue-

2158 4489 2310 4553 bant,
2347 4497 2407 4542 ut
2435 4489 2585 4558 ipsos
2610 4487 2873 4543 adversus
2900 4485 3222 4557 Gregorium
3262 4484 3491 4555 ejusque
3530 4483 3752 4538 decreta

2157 4587 2450 4635 tutaretur.
2485 4578 2628 4635 Sane
2658 4577 2978 4650 Gregorium
3032 4585 3225 4648 suopte
3266 4577 3428 4647 genio
3454 4575 3640 4646 potius
3682 4577 3754 4630 ad

2160 4669 2552 4742 indulgentiam
2577 4685 2746 4740 quam
2769 4669 2838 4725 ad
2867 4669 3287 4726 immoderatum
3321 4666 3592 4722 fervorem
3623 4681 3752 4737 pro-

2158 4779 2390 4834 pensum
2438 4761 2607 4819 fuisse
2630 4761 2865 4833 probant
2889 4770 3005 4816 tum
3032 4777 3096 4814 ea
3123 4775 3246 4830 quae
3272 4774 3373 4829 pro
3407 4757 3753 4813 restitutione

2159 4857 2460 4914 multorum
2501 4855 2885 4926 episcoporum
2921 4852 3093 4924 gessit
3136 4849 3348 4921 (Gneo.
3401 4847 3513 4916 VII,
3558 4849 3654 4904 lib.
3694 4866 3750 4914 ν,

2157 4965 2242 5018 ep.
2288 4947 2424 5018 l7),
2476 4957 2591 5002 tum
2636 4947 2828 5001 littera:
2859 4961 2998 5015 quas
3029 4941 3295 5014 principio
3338 4941 3404 4996 ad
3451 4939 3749 4996 llcnrieum

3125 5034 3263 5072 anial
3316 5033 3348 5072 ’7
3373 5041 3424 5072 ιιι
3461 5031 3531 5072 In
3589 5033 3724 5072 .m-t

2158 5041 2546 5072 :mnnhotnnnm
2590 5037 2806 5072 οηνῖηαῖί
2845 5037 2942 5072 ΙὶὶΙι
2997 5052 3058 5072 ιιι
