3986 5386
8 222 23 267 ι

8 340 32 375 ιλ

7 420 41 461 Iri

8 514 45 546 EB:

8 584 29 635 ἱ

252 133 348 191 H9
1209 144 1741 205 PROLEGOMENA.
1773 182 1841 191 —
1877 153 2060 207 ACTA
2099 153 2155 209 S.
2193 151 2538 215 GREGORII.
3404 167 3521 224 150‘

243 248 298 350 in
326 249 518 350 aliquo
547 266 657 350 non
685 253 996 350 caecantur,
1029 255 1363 350 impossibile
1394 270 1497 318 est.
1538 262 1609 318 At
1630 261 1828 335 Gregu-
1861 269 1905 324 Α
1934 268 2125 336 purius
2150 270 2410 325 viverent.
2456 271 2588 339 Quae
2628 274 2808 329 omnia
2862 274 2982 332 fuse
3024 279 3375 350 prosequitur
3408 281 3509 338 Pe-

244 341 383 401 rium
405 383 424 409 ,
449 342 500 398 si
527 344 626 414 qui
648 346 910 403 conviciis
934 346 1326 407 lacessiverunt
1344 353 1464 423 ejus
1486 355 1785 412 adversarii
1810 400 1825 424 ,

244 433 372 488 satis
412 449 695 507 superque
740 438 1099 495 vendicarunt
1153 441 1297 498 illius
1357 447 1616 516 temporis
1680 448 1828 507 haud

202 600 207 605 Ι
246 523 508 594 ignobiles
531 536 809 595 auctores,
835 530 903 585 ad
931 547 1072 603 quos
1094 533 1350 591 lectorem
1384 537 1655 595 remittere
1691 556 1828 612 pne—

248 626 347 672 stat
372 633 551 688 quam
582 619 655 676 de
682 636 742 676 re
766 622 892 679 trita
915 633 972 679 et
995 624 1205 683 lubrica
1231 627 1387 699 plura
1411 629 1612 688 dicere.

308 706 429 765 lam
454 710 595 766 anni
620 714 860 784 amplius
886 725 1107 773 centum
1134 719 1455 777 eilluxerant
1475 737 1544 779 ea
1583 740 1697 797 quo
1712 725 1826 782 cle-

250 801 482 857 ricorum
508 805 800 863 delibatus
826 823 1002 876 sacer,
1032 810 1101 868 ad
1133 811 1187 867 id
1211 820 1425 884 tempus
1450 814 1826 885 intaminatus,

251 901 320 949 tot
344 895 687 953 saeculorum
714 915 839 966 usu,
865 908 945 957 tot
979 910 1364 976 tantorumque
1399 906 1642 964 virorum
1672 911 1830 981 pudi-

251 986 365 1042 citia
403 995 463 1043 et
504 991 840 1049 auctoritate
876 1003 1249 1064 consecratus,
1275 998 1346 1054 ab
1365 998 1830 1061 incontinentibus

252 1078 577 1147 quibusdam
596 1090 658 1138 et
674 1084 943 1163 corruptis
962 1084 1218 1144 Ecclesiae
1243 1088 1510 1148 ministris
1534 1101 1831 1152 attentatus

253 1169 438 1240 fuerat,
464 1188 604 1230 cum
625 1176 886 1233 nimirum
908 1179 1113 1254 indigni
1132 1181 1437 1241 Romanam
1473 1186 1655 1243 sedem
1694 1204 1831 1259 pon—

254 1264 413 1322 tiﬁces
440 1277 809 1338 occuparent;
833 1284 1005 1342 eoque
1027 1288 1117 1331 res
1147 1274 1439 1333 devenerat
1468 1286 1531 1333 ut
1560 1282 1830 1350 quosdam

255 1357 599 1430 presbyteros
620 1360 837 1431 publice
856 1377 1053 1422 uxores
1070 1365 1270 1423 ducere
1296 1383 1408 1425 non
1432 1370 1674 1441 puderet.
1698 1371 1831 1445 Ejus

255 1448 323 1503 rei
345 1464 523 1506 unum
548 1466 583 1508 e
617 1453 813 1523 primis
852 1457 1159 1528 exemplum
1189 1459 1456 1518 habemus
1497 1461 1554 1517 in
1593 1465 1833 1535 quodam

252 1542 567 1615 presbytero
614 1543 878 1615 (Anulect.
923 1557 963 1604 t.
994 1548 1085 1617 ll],
1120 1566 1175 1622 p.
1218 1552 1347 1623 458)
1378 1555 1652 1625 parochias
1668 1557 1833 1614 Cata-

1932 370 2054 417 trus
2079 359 2326 417 Damiani
2352 363 2407 417 in
2428 364 2656 434 epistola
2682 366 2751 423 ad
2775 365 3221 439 Hildebrandum,
3246 379 3375 429 tunc
3398 370 3511 430 Ro-

1931 468 2107 509 manae
2152 452 2408 513 Ecclesia:
2440 456 2886 515 archidiaconum
2913 502 2928 526 ,
2972 461 3133 533 cujus
3175 462 3294 519 sine
3342 461 3510 520 dubio

1930 548 2190 603 instinctu
2240 556 2298 603 et
2343 549 2574 605 consilio
2624 550 2678 607 id
2714 550 2919 609 factum
2949 562 3054 609 est.
3103 552 3305 611 Verum
3334 555 3429 612 ubi
3464 556 3515 612 is

1930 654 2182 696 summus
2203 639 2444 709 pontifex
2474 642 2667 708 evasit,
2694 657 2806 699 rem
2830 653 3109 716 utcunque
3129 655 3366 717 emptam
3389 646 3512 704 ubi-

1930 745 2037 800 que
2077 731 2368 801 promovit,
2414 746 2479 788 ac
2517 732 2738 790 demum
2776 735 3021 806 perfecit,
3047 735 3425 795 frondentibus
3455 738 3511 793 in

1929 840 2055 881 eum
2077 822 2368 895 impudicis
2397 823 2611 885 clericis
2634 866 2652 893 ,
2683 836 2739 882 et
2769 827 3076 887 calumnias
3106 828 3162 885 in
3193 829 3317 900 ejus
3352 828 3512 900 pudi-

1929 921 2114 977 citiam
2143 917 2500 990 jactantibus,
2545 919 2640 975 sed
2667 928 2781 975 tum
2803 935 2945 977 vano
2956 929 3167 976 conatu
3206 929 3266 975 at
3293 936 3385 975 nec
3410 920 3512 975 mi-

1924 1014 2129 1067 nimam
2152 1011 2365 1067 sinistri
2401 1010 2629 1065 rumoris
2654 1011 2919 1066 maculam
2947 1012 3356 1067 conversationis
3394 1010 3511 1080 ejus

1930 1102 2232 1159 sublimitas
2264 1102 2587 1170 admitteret,
2622 1103 2798 1173 inquit
2826 1101 3152 1164 Lambertus
3176 1101 3511 1161 Scafnabur-
3632 1098 3643 1112 '

1930 1195 2134 1266 gensis.
2160 1195 2323 1251 Certe
2347 1194 2485 1251 adeo
2504 1203 2818 1265 portentosa
2844 1203 2901 1249 et
2923 1202 3076 1249 extra
3101 1208 3321 1249 omnem
3344 1193 3507 1251 iidem

1930 1289 2049 1344 visa
2090 1295 2175 1343 est
2212 1287 2378 1343 etiam
2421 1285 2667 1342 Bennoni
2691 1328 2708 1353 ,
2759 1285 3111 1343 schismatico
3153 1285 3418 1343 cardinali
3459 1293 3516 1342 α

1933 1378 2179 1452 Gregorii
2202 1379 2347 1436 hosti
2384 1378 2775 1448 infensissimo,
2803 1377 2920 1434 haec
2944 1377 3222 1436 calumnia
3266 1385 3358 1445 ut,
3389 1376 3519 1443 licet

1934 1471 2106 1527 multa
2136 1472 2192 1528 in
2213 1486 2341 1529 eum
2360 1471 2707 1535 confinxerit,
2736 1470 2841 1527 hoc
2870 1469 3079 1526 crimen
3109 1482 3391 1539 nunquam
3434 1467 3516 1523 illi

1934 1562 2213 1633 objecerit.
2250 1562 2327 1618 De
2364 1563 2450 1619 his
2494 1563 2651 1634 plura
2697 1562 2878 1618 dicere
2908 1560 3352 1632 supersedemus,
3388 1574 3543 1635 cum‘

254 1634 531 1693 launensis
555 1636 616 1691 in
643 1636 853 1706 Gallia,
869 1643 1091 1698 nomine
1112 1643 1419 1718 Augelrico,
1453 1648 1548 1719 qui
1573 1647 1832 1706 feminam
1868 1643 1909 1696 Β
1936 1655 2190 1712 omnibus
2214 1655 2373 1711 obvia
2405 1656 2531 1710 sint.

259 1727 547 1797 quamdam
602 1745 792 1787 coram
848 1737 1177 1805 parcecianis
1226 1737 1341 1795 suis
1385 1739 1829 1811 desponsaverat.

260 1816 400 1876 Hanc
425 1829 619 1877 autem
654 1840 784 1880 cum
811 1826 1009 1884 ducere
1037 1829 1262 1887 domum
1304 1841 1583 1904 pergeret,
1622 1836 1833 1891 restite-

260 1921 373 1966 rant
400 1915 734 1984 aequissimo
771 1920 985 1974 conatui
1024 1921 1139 1991 ejus
1182 1921 1303 1977 boni
1344 1932 1395 1977 et
1428 1926 1506 1994 pii
1554 1926 1836 1998 ﬁdelesque

260 2004 505 2076 homines,
535 2008 635 2080 qui
670 2024 800 2064 cum
831 2012 974 2082 apud
1003 2011 1334 2071 Mantioncm
1383 2016 1700 2089 episcopum
1743 2034 1835 2076 ac-

261 2109 533 2155 cusarunt.
572 2099 793 2158 Citatus
841 2104 931 2160 ille
983 2106 1054 2161 ad
1103 2107 1345 2178 episcopi
1395 2110 1740 2179 praesentiam
1779 2112 1836 2168 in

262 2191 461 2261 synodo
492 2191 668 2252 Nonis
693 2194 844 2264 Maii,
879 2197 1197 2255 Catalaunis
1226 2199 1434 2267 habita,
1457 2202 1675 2272 culpam
1703 2219 1837 2260 con-

261 2282 431 2342 fessus
487 2296 573 2342 est
595 2328 612 2353 ,
661 2287 976 2361 missusque
1023 2292 1094 2347 ab
1137 2292 1394 2364 episcopo
1427 2295 1497 2351 ad
1542 2295 1836 2354 Fulconem

264 2379 678 2459 metropolitam,
711 2380 923 2439 incerto
956 2399 1020 2440 ac
1053 2384 1337 2442 dubitante
1366 2402 1476 2458 qua
1514 2389 1839 2459 correptione

260 2480 312 2528 ct
342 2487 505 2542 pcena
554 2488 758 2528 novam
810 2474 958 2531 illam
1011 2495 1076 2532 ac
1125 2479 1326 2535 malam
1376 2483 1838 2553 praesumptionem

262 2566 532 2621 multaret.
570 2565 714 2633 Quid
744 2566 852 2624 hac
883 2568 951 2624 de
985 2585 1046 2626 re
1079 2569 1247 2628 Fulco
1294 2572 1675 2644 rescripserit,
1728 2590 1837 2630 non

262 2659 447 2731 liquet;
472 2661 570 2717 sed
590 2668 779 2717 tamen
807 2677 875 2719 ex
903 2662 1197 2722 Mantionis
1224 2664 1455 2737 epistola
1489 2654 1842 2739 intelligimus

262 2768 461 2808 novum
496 2753 629 2810 illud
658 2752 876 2812 facinus
910 2754 1081 2813 fuisse
1113 2764 1170 2812 et
1196 2756 1265 2813 ad
1297 2756 1353 2813 id
1387 2759 1649 2829 temporis
1682 2753 1844 2816 inau-'

261 2845 451 2900 ditum.
491 2843 695 2901 Verum
739 2847 943 2903 sensim
990 2862 1057 2903 eo
1101 2848 1371 2920 prowssit
1407 2849 1689 2907 abnormis
1725 2850 1840 2907 haec

262 2936 477 2992 licentia
525 2946 588 2992 ut
621 2937 824 2994 saeculo
868 2939 1157 2997 undecimo
1190 2943 1421 3015 publica:
1454 2942 1696 3001 infamiae
1726 2960 1840 2999 mc-
1867 2980 1909 3035 ρ

263 3031 427 3086 ritum
456 3030 695 3087 dedecus
723 3046 864 3101 pene
884 3033 1147 3091 exuisset.
1176 3033 1353 3091 Tanto
1372 3035 1616 3093 ecclesia
1638 3035 1841 3107 probro

262 3121 517 3180 Nicolaus
557 3121 604 3177 ll
644 3112 1044 3181 occurrendum
1085 3126 1298 3183 censuit
1341 3128 1643 3184 constituto
1695 3126 1843 3184 edito

265 3217 318 3271 in
342 3214 769 3274 concubinarios
796 3216 1058 3285 clericos;
1094 3227 1147 3274 et
1169 3220 1299 3291 quia
1325 3219 1381 3274 in
1411 3220 1558 3275 clero
1583 3217 1845 3275 Mediola—

265 3310 416 3375 nensi
443 3308 683 3364 maxime
703 3307 921 3380 vigebat
938 3309 1054 3367 hac
1076 3312 1266 3381 pestis,
1301 3326 1371 3368 eo
1397 3311 1597 3367 direxit
1620 3309 1840 3367 Petrum

270 3401 512 3459 Damiani
546 3400 885 3457 cardinalem
917 3411 972 3458 et
1003 3403 1321 3475 episcopum
1354 3402 1663 3459 Ostiensem
1716 3418 1842 3457 cum

272 3495 525 3551 Ansclmo
558 3492 796 3550 Lucensi
822 3495 1080 3567 episcopo
1104 3539 1120 3564 ,
1170 3504 1232 3551 ut
1272 3512 1396 3552 eam
1427 3495 1738 3563 emendare,
1771 3495 1845 3550 si-

270 3590 485 3661 mulque
506 3584 882 3643 Simoniacam
906 3587 1105 3655 labem,
1127 3604 1253 3660 qua:
1283 3586 1429 3643 illius
1457 3586 1714 3645 Ecclesia:
1740 3587 1845 3641 mi-

268 3683 465 3739 nistros
510 3678 780 3735 infecerat
801 3720 817 3745 ,
849 3679 1037 3736 tollere
1066 3680 1493 3736 conniterentur.
1532 3679 1845 3735 Convenere

268 3775 333 3829 ad
355 3773 624 3845 synodum
660 3770 851 3827 clerici
883 3784 1069 3827 coram
1099 3771 1291 3844 legatis
1321 3780 1473 3826 tanto
1515 3772 1752 3827 tumultu
1785 3779 1846 3825 ut

267 3867 350 3922 vix
390 3882 594 3923 manus
633 3865 706 3920 ab
748 3864 833 3919 eis
872 3863 1269 3930 abstinuerint;
1314 3861 1409 3919 sed
1444 3862 1663 3919 tandem
1697 3861 1845 3916 Petri

261 3960 507 4016 Damiani
556 3960 812 4013 oratione
863 3974 927 4013 ac
978 3956 1265 4027 prudentia
1312 3956 1615 4025 composita
1649 3954 1845 4010 seditio

257 4062 375 4120 est,
415 4054 784 4130 juratumque
831 4062 862 4103 a
908 4048 1120 4107 clericis
1153 4056 1212 4102 ut
1247 4047 1498 4115 deinceps
1532 4046 1769 4127 castiusdp
1783 4062 1844 4101 ac
1880 4040 1883 4045 ’

289 4180 3237 4225 Μ*-

918 4282 1590 4396 SANC'I'I
1646 4274 2552 4394 GBEGOBII
2609 4274 2895 4389 νιι

2004 1744 2465 1803 Adinvestituras
2487 1745 2634 1816 quod
2660 1745 2872 1811 attinet,
2894 1745 2991 1801 diu
3020 1760 3146 1801 cum
3172 1744 3525 1815 imperatori-.

1935 1836 2040 1893 bus
2069 1836 2387 1893 luctandum
2417 1836 2540 1901 fuit,
2566 1844 2629 1890 ut
2660 1835 2874 1891 tandem
2901 1836 3116 1907 utrique
3145 1835 3399 1905 imperio,
3426 1850 3518 1889 sa-

1936 1942 2033 1983 cro
2071 1937 2128 1984 et
2167 1927 2433 2000 profano,
2464 1943 2564 1984 sua
2585 1928 2710 1998 jura
2738 1937 3107 1985 servarentur.
3147 1926 3253 1984 Sed
3297 1926 3517 1983 tandem

1936 2031 2062 2093 post
2088 2022 2292 2082 multas
2328 2021 2713 2078 altercationes
2738 2062 2752 2088 ,
2791 2021 2849 2076 in
2889 2020 3090 2091 quibus
3126 2019 3196 2076 ad
3235 2028 3516 2085 extrema,

1938 2130 2049 2170 non
2078 2116 2201 2172 sine
2218 2115 2506 2185 utriusque
2522 2114 2696 2185 partis
2718 2115 2878 2185 culpa
2897 2121 3122 2168 ventum
3143 2120 3259 2179 est,
3295 2110 3525 2166 tandem

1938 2208 2043 2263 sub
2075 2208 2302 2264 Callisto
2331 2206 2375 2261 ll
2405 2223 2495 2264 res
2535 2208 2611 2263 ita
2646 2205 2951 2278 composita
2985 2203 3087 2259 fuit
3117 2211 3179 2260 ut
3219 2203 3520 2272 imperatae-

1939 2316 2028 2356 res
2049 2301 2171 2356 loco
2192 2300 2380 2355 annuli
2409 2307 2466 2355 et
2505 2298 2706 2367 baculi,
2730 2313 2871 2370 quos
2899 2297 3057 2353 novis
3081 2293 3354 2367 episcopis
3386 2292 3535 2357 (iam,

1940 2402 2335 2449 consueveth
2357 2432 2374 2458 ,
2416 2405 2530 2449 eos.
2545 2399 2763 2462 sceptro
2810 2398 3022 2447 tantum
3059 2387 3259 2443 tradito
3304 2383 3531 2443 investi»

1940 2491 2100 2551 rent;
2142 2497 2253 2554 quo
2289 2481 2687 2554 significaretur
2719 2496 2816 2537 eos
2849 2478 3170 2552 temporalia
3211 2477 3338 2552 jura
3375 2475 3520 2531 acci-

1941 2590 2068 2644 pere
2102 2575 2171 2630 ab
2198 2575 2523 2647 imperatore
2548 2616 2563 2642 ,
2595 2573 2743 2645 quod
2776 2573 2865 2629 ille
2898 2588 2996 2645 per
3031 2569 3383 2628 investituras
3416 2565 3520 2623 sibi

1941 2666 2215 2723 vindicare
2254 2666 2646 2733 contendebat;
2671 2673 2728 2723 et
2769 2664 3074 2736 spiritualia
3112 2677 3223 2718 non
3258 2661 3519 2731 recipere,

1941 2759 2084 2829 quod
2108 2759 2393 2831 pontifices
2417 2758 2613 2813 merito
2644 2758 2745 2830 ipsi
2785 2756 3144 2828 denegabant.
3183 2754 3316 2823 Quae
3357 2754 3522 2822 hujus

1940 2852 2053 2908 litis
2080 2850 2469 2922 componenda;
2511 2849 2652 2905 ratio
2700 2850 2748 2907 si
2800 2850 2869 2907 ab
2915 2848 3036 2920 ipso
3070 2846 3338 2918 principio
3387 2844 3521 2899 inita

1942 2942 2154 3010 fuisset,
2191 2941 2379 2998 multis
2410 2950 2466 2996 ct
2494 2941 2750 2997 maximis
2785 2939 3057 2997 scandalis
3080 2980 3096 3005 ,
3136 2938 3292 2992 bellis
3317 2951 3382 2990 ac
3416 2951 3520 2989 cae-

1941 3037 2104 3092 dibus
2144 3036 2360 3105 obviam
2404 3035 2541 3089 itum
2584 3042 2750 3089 esset.
2783 3032 2951 3088 Breve
2976 3074 2992 3098 ,
3024 3030 3118 3086 sed
3150 3028 3424 3084 eruditum
3457 3042 3531 3081 ac.

1943 3130 2177 3185 solidum
2212 3128 2315 3186 hac
2339 3126 2406 3183 de
2430 3142 2490 3182 re
2518 3127 2844 3197 opusculum
2866 3124 3031 3181 edidit
3050 3121 3325 3178 Goﬂ'ridus
3352 3118 3522 3175 abbas

1944 3220 2384 3287 Vindocinensis,
2415 3220 2470 3274 in
2508 3234 2618 3289 quo
2650 3226 2798 3275 recte
2824 3218 2952 3290 jura
2982 3212 3238 3272 Ecclesiae
3270 3228 3337 3268 ac
3367 3210 3523 3282 regni

1941 3316 2245 3387 distinguit.
2298 3312 2458 3367 Morti
2505 3311 2790 3381 proximus
2825 3307 3122 3379 Gregorius
3146 3347 3161 3373 ,
3204 3303 3523 3376 rogantibus

1942 3406 2311 3463 cardinalibus
2340 3404 2634 3461 consilium
2657 3402 2805 3458 dedit
2830 3410 2909 3469 ut,
2941 3401 2987 3458 si
3015 3398 3210 3455 vellent
3245 3396 3520 3452 hominem

1944 3500 1998 3555 in
2023 3499 2222 3555 saeculo
2247 3506 2545 3570 potentem,
2589 3495 2851 3567 eligerent
2889 3490 3228 3548 Desiderium
3269 3488 3517 3543 abbatem

1942 3590 2326 3647 Cassinensem
2346 3589 2441 3661 qui
2462 3588 2758 3644 volentiam
2772 3584 3018 3653 .Wiberti
3044 3582 3311 3652 antipapai
3336 3577 3525 3632 infrin-

1943 3690 2110 3753 geret;
2148 3682 2234 3736 sin
2267 3679 2698 3736 ecclesiasticum
2754 3686 2810 3734 et
2841 3677 3185 3747 eloquentem
3214 3671 3523 3741 acciperent

1942 3774 2258 3844 episcopum
2304 3769 2609 3827 Ostiensem
2655 3768 2921 3826 Oilonem.
2968 3766 3056 3821 Ita
3102 3765 3231 3819 obiit
3268 3764 3348 3817 vir
3382 3761 3531 3843 apud.

1943 3865 2111 3919 Deum
2169 3864 2341 3936 felicis
2386 3856 2626 3934 gratias,
2694 3861 2836 3932 apud
2897 3859 3130 3913 homines
3192 3852 3522 3909 austeritatis

1943 3956 2187 4025 fortassis
2228 3957 2404 4010 nimia:
2428 3996 2442 4019 ,
2476 3953 2653 4024 inquit
2685 3952 2992 4008 Willelmus
3024 3943 3521 4004 Malmesburiensis

1942 4046 2253 4118 (Wnbntn,
2278 4047 2369 4101 lih.
2402 4062 2481 4116 ru,
2512 4046 2576 4100 de
2600 4044 2726 4116 Reg.
2759 4043 2965 4115 Angl.).

3242 4174 3512 4198 .___._.....,

1566 4442 1947 4525 murmurs
1983 4466 2233 4525 MAXIM!
2548 4488 2553 4493 ~

824 4578 1220 4728 VITA,
1314 4486 2324 4728 Ειέὲἷῖὂξωῖἓδ
2411 4488 2959 4695 GESTAE.

1320 4775 1662 4836 AUCTORE
1697 4776 2094 4837 ONUPHRIO
2130 4778 2283 4832 ΡΑΝ
2300 4777 2505 4833 γιΝο.

2592 4896 2597 4907 t

1209 4911 1353 4995 (Lib
1383 4929 1445 4976 ιν
1471 4915 1562 4977 De
1597 4913 1771 4979 varia
1806 4911 2129 4976 creatione
2162 4913 2348 4974 Rom.
2387 4912 2598 4991 Pont.)
2662 4908 2669 4915 ’
2724 4976 2727 4977 ν

832 5031 1023 5088 Edidit
1050 5032 1392 5097 Gnsrsznns,
1423 5032 1651 5104 Operam
1677 5044 1818 5090 temo
1845 5033 1932 5100 11,
1960 5049 2080 5103 pag.
2114 5032 2205 5098 97,
2230 5048 2296 5087 ex
2324 5032 2632 5089 bibliotheca
2659 5031 2943 5089 Bavarica.

1663 5162 2116 5183 ο--υ--Ρ-

1674 5244 2141 5328 LECTORI.

2288 5374 2340 5386 η.
2412 5376 2426 5386 .
2534 5376 2547 5386 .
2570 5378 2575 5386 .
2596 5373 2642 5386 -.
2944 5378 2958 5386 .
3104 5372 3129 5386 ,τ
3148 5359 3342 5386 __-_.:..:
3363 5355 3524 5386 "Mer
