3986 5386
213 242 315 297 ηδ

1164 237 1692 296 PROLEGOMENA.
1723 270 1794 282 —-
1830 242 2013 296 ACTA
2051 241 2104 296 S.
2148 242 2490 300 CREGORH.

3356 251 3378 304 i
3391 251 3457 309 5.5

212 352 372 409 nohio
404 349 779 415 Cluniacensi,
827 350 963 405 viris
998 351 1364 408 sanctissimis
1390 368 1488 423 per
1537 369 1603 410 ea
1645 361 1787 410 tem-
1816 367 1862 424 Α
1886 365 2212 412 moreretur.
2237 356 2419 424 Quare
2438 357 2625 413 statim
2653 358 2725 412 ab
2744 358 2962 425 abbate,
2988 367 3042 415 et
3064 361 3455 419 monachorum

213 460 340 517 pora
383 442 775 510 refertissimo,
827 443 932 498 sub
975 441 1202 499 0dilone
1254 444 1451 501 abbate
1502 445 1784 516 professus

275 626 417 684 Sunt
442 627 549 697 qui
591 626 776 684 dicant
809 625 984 699 (l97),
1008 643 1135 684 eum
1168 627 1360 686 inﬁmo
1401 643 1468 687 ac
1501 646 1640 702 pene
1660 645 1784 687 sor-

209 720 329 777 dido
348 719 477 775 loco
500 727 717 788 natum,
738 718 991 790 fabrique
1016 720 1234 793 lignarii
1265 722 1440 778 filium
1479 721 1671 791 fuisse,
1708 731 1786 779 at-

208 823 308 880 que
337 808 526 865 adhuc
554 824 783 880 puerum
814 808 885 866 ad
910 810 1092 865 aulam
1115 809 1450 881 imperialem
1478 810 1782 882 profectum

206 903 258 956 in
287 899 531 957 Caesaris
558 900 864 969 Chunradi,
908 909 964 957 et
996 901 1117 972 ejus
1158 901 1258 958 ﬁlii
1282 901 1502 959 Henrici
1531 902 1601 958 lll
1629 903 1783 961 curia

206 991 528 1047 adolevisse.
555 990 633 1047 De
665 1007 778 1063 quo
803 994 1244 1050 comminiscitur
1272 993 1460 1050 nescio
1478 995 1605 1065 quis
1626 994 1785 1051 fabu-

204 1081 337 1136 lator
364 1080 735 1139 inconcinnas
765 1080 991 1137 fabellas
1026 1100 1040 1137 :
1083 1082 1233 1153 quod
1282 1097 1409 1138 cum
1451 1083 1597 1139 ﬁlius
1638 1092 1786 1140 esset

204 1173 334 1228 fabri
369 1172 619 1244 lignarii,
661 1188 730 1228 ex
767 1172 1062 1230 sarmentis
1106 1172 1301 1229 ordine
1344 1173 1665 1243 compositis
1705 1172 1786 1227 in-

204 1265 369 1321 scium
410 1266 599 1336 ipsum
634 1265 736 1322 has
770 1265 980 1322 litteras
1030 1265 1223 1322 ordine
1264 1268 1631 1335 conseruisse,
1666 1267 1787 1339 qui-

202 1357 297 1413 bus
325 1366 521 1413 astans
556 1358 726 1415 homo
762 1358 1035 1414 litteratus
1075 1359 1286 1430 legerit,
1324 1374 1394 1415 ex
1417 1374 1481 1414 ea
1502 1360 1783 1430 composi-

203 1447 339 1502 tione
392 1446 830 1513 scandularum,
875 1446 1202 1502 Dominabor
1247 1465 1282 1502 a
1338 1449 1478 1502 mari
1510 1464 1674 1518 usque
1711 1447 1784 1501 ad

205 1551 373 1600 mare;
407 1536 521 1603 vel,
555 1543 621 1592 ut
653 1536 750 1591 alii
775 1536 985 1604 dicunt,
1033 1538 1227 1608 spiritu
1264 1538 1584 1609 prophetico
1608 1538 1783 1611 magis

204 1626 388 1681 ductus
438 1641 613 1696 quam
660 1626 985 1695 instructus,
1014 1631 1403 1685 monstraverit
1430 1645 1490 1685 se
1533 1628 1778 1686 futurum

1884 460 2181 515 consensu,
2203 449 2556 520 magistratus
2574 449 2689 516 ille,
2711 444 3076 508 Hildebrando
3101 451 3466 511 demandatus

1883 545 1987 594 est.
2025 536 2177 608 (202)
2209 536 2332 605 Quo
2356 547 2599 611 tempore
2630 539 2963 609 Drusonem,
2995 542 3302 600 Romanum
3322 560 3461 616 porr

1885 625 2084 682 tiﬁcem
2108 627 2343 685 electum
2364 628 2650 697 Cluniaco,
2684 632 2773 686 vel
2798 646 2897 703 per
2920 632 3229 691 Bisuntium
3279 645 3461 692 trans—

1882 718 1966 775 ire
2011 720 2243 792 contigit
2286 739 2302 775 :
2341 736 2526 792 quem,
2574 722 2715 779 clam
2749 733 3101 794 conventum,
3137 726 3256 807 zelo
3286 727 3461 783 hono-

1884 811 1965 866 ris
1986 810 2083 867 Dei
2108 812 2304 883 plenus
2336 812 2736 875 Hildebrandus
2777 818 3224 874 constantissime
3243 819 3313 877 de
3340 819 3460 889 ipsa

1883 902 2124 961 novitate
2144 903 2445 977 redarguit,
2462 906 2852 964 inconveniens
2870 909 3099 965 omnino
3110 923 3236 967 esse
3247 910 3457 975 dicens,

1883 1005 1941 1054 et
1958 1006 2153 1055 contra
2172 1007 2493 1056 sanctorum
2516 1000 2743 1058 Patrum
2769 1002 3041 1072 instituta,
3064 1020 3095 1060 a
3120 1016 3288 1062 manu
3318 1002 3458 1061 laica

1884 1088 2185 1145 maximum
2219 1088 2520 1147 Christiani
2555 1093 2705 1148 orbis
2727 1094 3038 1165 pontiﬁcem
3063 1096 3130 1151 ad
3161 1096 3332 1152 totius
3351 1095 3463 1152 Ec-

1883 1178 2062 1236 clesiat
2090 1181 2333 1251 regimen
2364 1181 2419 1236 vi
2451 1181 2711 1239 immitti:
2741 1201 2956 1253 verum,
2993 1186 3044 1240 si
3070 1186 3460 1243 suis’conailiis

1883 1268 2231 1341 acquiescere
2258 1272 2438 1341 vellet,
2495 1289 2557 1330 se
2583 1282 2880 1347 utrumque
2922 1276 3211 1347 pollicetur
3237 1277 3461 1334 enectu-

1882 1375 2030 1428 rum,
2062 1368 2120 1416 et
2141 1361 2289 1433 quod
2325 1361 2677 1434 Imperatoris
2711 1364 3139 1438 indignationem
3174 1376 3464 1439 propterea

1882 1464 1993 1505 non
2017 1450 2340 1520 incurreret,
2364 1454 2619 1526 quodque
2657 1455 2884 1513 libertas
2912 1458 3285 1515 ecclesiastica
3304 1459 3361 1513 in
3384 1459 3462 1514 le-

1882 1539 2096 1611 gitima,
2141 1540 2401 1612 justaque
2446 1545 2723 1614 pontiﬁcis
2768 1546 3114 1603 ordinatione
3133 1548 3303 1604 illesa
3324 1561 3459 1604 con-

1883 1640 2206 1703 servataque
2233 1640 2500 1690 maneret.
2537 1633 2710 1705 Cujus
2744 1636 2969 1695 monitis
2990 1637 3076 1693 vir
3096 1637 3241 1709 pius,
3263 1645 3319 1693 et
3340 1652 3473 1695 san—_

203 1715 473 1771 dominum
515 1732 549 1772 a
596 1718 740 1773 mari
771 1733 948 1788 usque
989 1719 1058 1775 ad
1102 1734 1273 1775 mare.
1304 1719 1432 1775 inde
1465 1721 1781 1792 conjectaus
1812 1718 1855 1773 B
1881 1728 2005 1778 ctus
2024 1721 2305 1778 humiliter
2325 1738 2546 1793 parens,
2577 1739 2910 1796 purpuream
2945 1734 3152 1785 vestem
3166 1727 3381 1794 statim,
3406 1736 3465 1783 et

204 1805 278 1860 vir
307 1806 395 1861 ille
438 1807 722 1863 litteratus
754 1808 1000 1864 divinum
1045 1810 1252 1881 aliquid
1277 1812 1333 1866 in
1367 1826 1560 1882 puero,
1604 1813 1781 1869 suasit

202 1896 330 1964 patri
358 1905 422 1951 ut
452 1911 588 1952 eum
635 1897 834 1955 litteris
870 1898 1109 1955 traderet
1143 1916 1156 1953 :
1189 1900 1445 1967 traditus,
1492 1901 1567 1957 ita
1597 1902 1782 1973 profe-

203 1988 269 2041 cit
287 1995 343 2043 ut
367 1988 423 2043 in
448 1989 844 2045 cancellariam
868 1991 1216 2060 imperatoris
1237 1994 1585 2063 pervenerit:
1624 1993 1777 2066 (198)

202 2078 284 2133 ubi
325 2079 551 2135 somnio
614 2080 937 2136 admonitus
980 2082 1281 2152 imperator
1320 2083 1389 2138 de
1423 2083 1614 2138 eodem
1660 2090 1777 2139 tum

204 2170 479 2225 scriniario
509 2185 643 2239 suo,
673 2171 820 2243 quod
871 2161 1078 2228 cornua
1118 2173 1397 2230 videretur
1425 2173 1626 2230 habere
1650 2174 1778 2245 qui-

201 2259 294 2316 bus
328 2259 503 2316 ﬁlium
563 2261 687 2331 ejus
740 2270 1081 2329 contereret,
1135 2262 1412 2318 hominem
1455 2263 1511 2317 in
1560 2262 1779 2320 vincula

205 2352 510 2421 conjecisse,
559 2353 659 2409 sed
688 2353 763 2409 ab
795 2353 1141 2424 imperatrice
1183 2351 1427 2424 Hagnete
1447 2354 1681 2409 vinculis
1711 2353 1780 2409 li-

205 2443 458 2509 beratum,
498 2442 873 2500 Cluniacense
917 2444 1313 2499 monasterium
1355 2443 1599 2513 petiisse,
1621 2443 1776 2499 inde—

208 2548 298 2603 que
324 2533 633 2605 profecisse
678 2534 915 2604 primum
949 2535 1005 2589 in
1046 2533 1465 2601 subdiaconum,
1502 2534 1695 2589 deinde
1721 2533 1777 2589 in

208 2623 540 2691 cardinalem,
591 2623 893 2679 novissime
940 2624 997 2678 in
1055 2622 1383 2695 Gregorium
1418 2638 1616 2693 papam
1661 2621 1772 2678 γιι.

210 2712 416 2785 Sedego
448 2714 802 2770 levissimum
826 2715 1106 2769 hominem
1140 2715 1425 2770 ridendum
1452 2715 1593 2771 dico.
1631 2714 1779 2772 Satis

211 2815 370 2861 tamen
413 2813 645 2864 constat
676 2820 803 2861 eum
830 2821 895 2860 ex
931 2807 1057 2861 aula
1083 2805 1350 2876 imperiali
1375 2806 1440 2861 ad
1464 2807 1776 2862 coenobium

206 2893 546 2953 Cluniacense
583 2894 894 2968 profbctum
929 2912 941 2948 :
972 2896 1028 2950 in
1055 2910 1185 2967 quo,
1212 2910 1340 2952 cum
1375 2896 1462 2951 vir
1489 2899 1776 2963 evasisset,

208 2988 352 3044 rebus
385 2988 649 3060 gerendis
696 2988 934 3043 maxime
987 2985 1242 3054 idoneus,
1272 2994 1440 3056 atque
1481 2984 1774 3042 admodum

208 3094 374 3151 sagax,
394 3091 449 3137 et
483 3081 736 3152 prudens
764 3081 835 3137 ab
872 3080 1130 3137 omnibus
1173 3079 1583 3136 existimaretur
1611 3098 1626 3133 ε
1660 3077 1776 3135 Ro-

208 3183 336 3225 mam
363 3172 433 3227 ab
452 3173 655 3229 eodem
698 3170 897 3227 abbate
923 3185 1026 3226 suo
1050 3170 1256 3227 missus
1284 3178 1389 3237 est,
1413 3178 1476 3224 ut
1496 3177 1778 3227 monaste-

207 3261 267 3316 rii
310 3272 362 3323 et
386 3263 863 3336 congregationis
921 3261 1301 3318 Cluniacensis
1367 3260 1586 3332 negotia
1608 3260 1775 3331 apud

208 3353 541 3421 apostolicam
592 3353 783 3411 sedem
817 3358 1150 3422 percuraret.
1197 3349 1300 3406 Diu
1323 3360 1505 3406 autem
1554 3351 1611 3407 in
1655 3364 1778 3407 mo-

208 3443 426 3498 nasterio
467 3444 727 3515 ejusdem
769 3442 1206 3516 congregationis
1256 3451 1577 3499 sanctorum
1628 3440 1778 3499 Lau-

210 3534 350 3588 rentii
389 3543 443 3592 et
489 3534 770 3606 Stephani
813 3544 968 3592 extra
1001 3549 1193 3591 muros
1228 3533 1393 3592 Urbis
1426 3534 1777 3593 laudabiliter

208 3624 355 3682 vitam
397 3627 675 3699 transegit
701 3627 998 3684 Benedicto
1026 3627 1177 3701 (199)
1211 3627 1282 3682 lx
1308 3628 1468 3685 Rom.
1494 3628 1774 3700 pontiﬁce,

162 3716 171 3723 ”
209 3731 304 3787 quo
332 3726 572 3790 tempore
600 3718 840 3774 maxima
876 3718 1247 3775 familiaritate
1271 3735 1408 3776 usus
1436 3728 1520 3775 est
1546 3718 1776 3776 Joannis

213 3804 435 3864 Gratiani
489 3808 552 3864 8.
620 3807 688 3863 Β.
740 3808 802 3862 Ε.
851 3808 1167 3875 cardinalis,
1217 3816 1272 3864 et
1317 3810 1775 3881 archipresbyteri

213 3893 262 3951 S.
286 3892 500 3957 Joannis
533 3908 672 3957 ante
723 3908 939 3970 portam
980 3899 1263 3967 Latinam,
1294 3901 1391 3972 qui
1433 3909 1625 3971 postea
1663 3900 1776 3956 Ro-

212 4005 386 4047 manus
433 3991 713 4063 pontifex,
755 3992 932 4048 tribus
973 3992 1340 4048 schismaticis
1372 3992 1771 4059 abdicantibus,

212 4077 385 4149 factus,
414 4083 569 4156 (200)
603 4082 901 4154 Gregorius
926 4082 994 4138 Vl
1024 4084 1328 4155 appellatus
1368 4091 1472 4139 est.
1506 4081 1608 4139 Hic
1650 4081 1772 4138 Hil-

210 4172 521 4233 debrandum
564 4175 687 4247 jam
711 4175 1066 4242 monachum,
1099 4183 1324 4246 propter
1355 4174 1476 4245 ejus
1502 4173 1770 4230 suavissi-

212 4277 317 4318 mos
335 4281 531 4331 mores,
568 4264 942 4336 prudentiam,
966 4272 1132 4336 atque
1152 4263 1531 4320 admirabilem
1563 4261 1739 4318 doctri
1759 4291 1771 4304 -

213 4370 344 4423 nam,
368 4361 608 4415 maxime
629 4357 908 4430 diligebat.
949 4357 1029 4412 Eo
1065 4365 1250 4413 autem
1274 4356 1329 4412 in
1357 4356 1593 4412 concilio
1619 4353 1768 4425 (2M)

216 4444 363 4501 Sutrii
387 4457 740 4522 congregato,
766 4465 834 4505 ex
864 4449 1193 4505 auctoritate
1224 4447 1444 4503 Henrici
1469 4447 1770 4518 Imperato-

214 4538 280 4591 ris
302 4538 364 4594 [ll
393 4543 717 4613 pontiﬁcatu
760 4542 996 4612 privato,
1030 4541 1153 4610 ejus
1173 4556 1283 4595 non
1310 4539 1597 4595 immemor
1630 4537 1771 4595 ami-

214 4629 354 4698 citiae,
383 4641 437 4687 et
468 4634 883 4701 beneﬁciorum,
931 4632 1112 4703 ipsum
1140 4640 1364 4688 secutus
1395 4639 1482 4687 est
1507 4645 1684 4701 usque
1705 4629 1773 4684 ad

213 4731 353 4781 suum
368 4718 725 4780 Cluniacense
745 4721 1167 4788 monasterium,
1190 4721 1337 4791 quod
1353 4720 1422 4775 ab
1442 4719 1773 4790 lmperatore

203 4802 429 4876 Henrico,
455 4812 673 4870 vitandi
703 4812 1021 4868 schismatis
1055 4827 1247 4879 causa,
1278 4811 1550 4881 relegatus
1571 4809 1770 4876 fuerat,

202 4897 281 4953 ubi
323 4916 433 4957 non
478 4904 656 4977 longe
693 4913 840 4974 post,
875 4904 1173 4975 Gregorius
1208 4903 1326 4972 ipse
1367 4902 1538 4957 animi
1584 4901 1775 4957 dolore

213 4992 469 5053 mniectus
501 4996 649 5053 diem
688 4996 887 5052 clausit
915 5005 1243 5051 extremum.

272 5082 499 5159 Contigit
517 5104 647 5144 vero
683 5095 746 5141 ut
785 5088 975 5144 eodem
1009 5102 1157 5141 anno
1180 5084 1335 5154 prior
1368 5084 1606 5141 coenobii
1635 5081 1773 5137 Clu-

215 5174 487 5247 macensis,
533 5195 656 5250 qua:
694 5180 932 5235 secunda
964 5189 1086 5249 post
1120 5178 1373 5233 abbatem
1404 5178 1640 5249 dignitas
1665 5185 1771 5244 est,

281 5366 412 5386 IIA~\
446 5370 486 5386 Ι-
555 5373 590 5386 Ιι
989 5375 1119 5386 ιιι--

1879 1813 1987 1870 alia
2019 1812 2362 1871 Pontiﬁcalia
2404 1814 2723 1872 indumenta
2759 1816 3051 1887 deposuit;
3081 1816 3479 1888 peregrinique.

1880 1901 2073 1959 habitu
2114 1910 2393 1973 suscepto,
2425 1918 2614 1959 secum
2648 1904 2829 1975 ipsum
2875 1904 3299 1975 Hildebrandum
3335 1923 3459 1965 mo-

1879 1992 2139 2059 nachum,
2172 1990 2266 2064 qui
2290 1993 2511 2049 salubre
2541 1994 2832 2051 consilium
2875 1996 2981 2057 sibi
3010 1997 3254 2068 dederat,
3285 2000 3460 2067 comi-

1880 2093 1988 2142 tem
2029 2085 2430 2157 assumpsit,vet
2449 2095 2689 2158 emptum
2710 2089 2815 2147 iter
2851 2088 3459 2149 Romamversusjoum

1879 2178 2075 2250 legatis
2104 2177 2390 2247 Romanis,
2430 2188 2488 2237 et
2524 2181 2650 2238 aliis
2688 2182 2984 2239 comitibus
3013 2181 3286 2253 episcopis
3314 2180 3465 2251 arii-

1877 2266 2017 2336 puit.
2058 2265 2249 2324 Roma:
2306 2268 2862 2341 honoriﬁcentissime
2917 2278 3208 2342 susceptus
3227 2310 3247 2339 ,
3289 2268 3462 2327 altero

1876 2367 2003 2429 post
2052 2359 2346 2415 adventum
2391 2376 2553 2417 suum
2610 2361 2722 2430 die,
2754 2361 3103 2434 congregatis
3146 2360 3204 2416 in
3236 2359 3461 2421 basilica

1881 2447 1939 2505 8.
1971 2447 2116 2504 Petri
2146 2450 2539 2519 cardinalibus,
2563 2453 2732 2519 clero,
2758 2460 2975 2519 senatu,
3008 2453 3316 2522 populoque
3346 2450 3462 2507 Ro-

1878 2555 2065 2608 mano,
2087 2556 2185 2597 eos
2233 2541 2321 2596 his
2344 2542 2524 2598 verbis
2557 2542 2628 2597 ab
2657 2539 3024 2599 Hildebrando
3063 2542 3367 2607 instructus
3389 2540 3463 2595 ai-

1878 2630 2095 2685 locutus
2117 2637 2220 2685 est.

1950 2717 2190 2786 Fratres,
2219 2727 2269 2773 et
2293 2718 2455 2775 amici
2484 2719 2542 2775 in
2565 2716 2777 2776 Christo
2800 2718 2929 2775 mihi
2950 2719 3277 2787 charissimi,
3312 2719 3459 2791 lega-

1879 2809 2020 2863 tione
2048 2819 2221 2865 vestra
2252 2812 2485 2882 cognita,
2522 2808 2594 2865 ad
2623 2811 2994 2883 imperatorem
3025 2811 3290 2883 profectus
3320 2827 3459 2883 sum,

1878 2906 1936 2953 ut
1970 2898 2292 2955 voluntatem
2328 2908 2381 2955 et
2407 2902 2736 2972 propositum
2766 2919 2921 2955 suum
2954 2903 3310 2973 requirerem:
3335 2919 3458 2971 non,

1877 2998 1936 3043 ut
1964 2991 2029 3042 ab
2052 3006 2111 3043 eo
2134 2988 2403 3045 Romanus
2436 2992 2675 3061 pontifex
2715 2991 2934 3062 eligerer
2957 2992 3105 3063 (205)
3133 3009 3146 3045 :
3169 3008 3320 3063 quem
3350 2993 3464 3047 scio
3490 3040 3495 3045 .

1802 3053 1844 3113 θ
1877 3079 2014 3134 nihil
2052 3079 2199 3149 juris
2242 3082 2300 3136 in
2328 3053 2632 3153 hujusmodi
2664 3053 2917 3137 electione
2962 3053 3153 3138 habere
3217 3082 3309 3137 sed
3342 3098 3460 3137 eam

1875 3170 1947 3224 ad
1974 3187 2061 3225 vos
2085 3170 2245 3227 libere
2272 3174 2549 3244 pertinere.
2582 3171 2702 3227 Huc
2723 3182 2899 3228 autem
2927 3189 3031 3228 non
3054 3173 3117 3228 ob
3139 3173 3304 3228 aliam
3328 3172 3459 3229 eau-
3502 3192 3513 3231 ﬁ

1874 3277 1990 3317 sam
2024 3264 2160 3331 veni,
2182 3279 2343 3336 quam
2364 3272 2427 3318 ut
2446 3263 2808 3335 apostolorum
2845 3263 3035 3320 limina
3060 3265 3352 3320 visitarem.
3385 3262 3460 3320 Et
3502 3300 3509 3307 -

1873 3350 2124 3425 quaniam
2162 3354 2274 3411 hac
2321 3355 2617 3427 apostolica
2648 3357 2817 3423 sedes,
2847 3357 2968 3427 jam
2994 3356 3095 3411 diu
3127 3364 3337 3428 pastore
3367 3373 3460 3411 va-

1874 3446 2033 3512 cavit,
2058 3462 2175 3500 eam
2197 3445 2426 3518 amplius
2448 3449 2527 3503 sic
2551 3464 2761 3503 manere
2791 3464 2894 3502 non
2938 3446 3168 3523 expedit.
3210 3446 3475 3519 Quapro
3510 3454 3513 3465 '

1871 3538 1988 3608 pter
2006 3552 2095 3591 vos
2130 3553 2304 3593 omnes
2332 3539 2534 3607 hortor,
2563 3548 2614 3594 et
2636 3556 2840 3606 moneo,
2865 3526 2943 3606 ut,
2969 3537 3117 3593 nulla
3145 3539 3458 3611 interposita
3488 3590 3491 3595 .
3514 3534 3519 3539 ’

1873 3645 2045 3696 mora,
2081 3630 2327 3684 idoneum
2350 3630 2492 3685 vobis
2523 3620 2915 3703 quamprimum
2938 3628 3149 3701 eligatis
3170 3638 3457 3702 pastorem,
3512 3646 3519 3679 ξ

1870 3728 1922 3775 et
1947 3722 2267 3792 episcopum.
2309 3719 2507 3777 Statim
2537 3731 2719 3777 autem
2752 3716 3102 3777 Hildebrandi
3129 3722 3360 3777 consilio
3388 3720 3458 3777 ab

1874 3813 2133 3869 omnibus
2163 3813 2436 3885 episc0pis
2476 3813 2868 3881 cardinalibus,
2903 3814 3222 3885 ueterisque
3259 3812 3457 3868 nobili:

1871 3903 1977 3960 bus
2005 3905 2055 3960 ei
2082 3921 2414 3977 responsum
2448 3914 2533 3961 est
2561 3924 2574 3960 :
2601 3913 2655 3961 te
2689 3921 2884 3973 unum,
2914 3912 2969 3961 et
3000 3920 3112 3960 non
3147 3904 3315 3959 alium
3358 3918 3457 3959 vo-

1870 3994 2075 4064 lumus,
2124 4006 2288 4067 atque
2341 3997 2398 4051 in
2451 3995 2761 4052 Romanum
2819 3996 3132 4068 pontiﬁcem
3179 3994 3452 4067 eligimus.

1871 4083 2136 4157 Tuncque
2182 4087 2604 4142 archidiaconus
2651 4085 2709 4142 S.
2764 4088 2830 4141 Β.
2885 4086 2946 4140 Ε.
2993 4101 3146 4140 more
3182 4087 3454 4155 majorum

1870 4177 2127 4232 clamavit
2160 4196 2174 4231 :
2207 4178 2509 4231 Brunonem
2569 4176 2870 4248 episcopum
2921 4176 2987 4230 Β.
3038 4175 3229 4229 Petrus
3274 4168 3451 4245 elegit.

1872 4266 2121 4340 Dumque
2150 4268 2329 4324 omnis
2358 4269 2562 4335 clerus,
2589 4274 2644 4323 et
2663 4267 2900 4338 populus
2945 4266 3051 4321 hoc
3093 4267 3272 4336 ipsum
3315 4279 3452 4320 con-

1872 4359 2154 4427 clamaret,
2190 4359 2373 4414 statim
2419 4358 2489 4415 ab
2531 4358 2788 4413 omnibus
2823 4365 3013 4428 raptus
3049 4350 3106 4411 in
3146 4354 3452 4410 Pontiﬁcali

1872 4451 2013 4506 solio
2034 4450 2335 4506 collocatus
2367 4459 2478 4518 est;
2511 4457 2864 4506 consecratus
2886 4455 2973 4505 est
2995 4456 3175 4503 autem
3198 4445 3451 4501 Pontifex

1872 4542 1943 4597 ab
1995 4544 2268 4613 episcopis
2311 4542 2704 4607 cardinalibus,
2737 4549 2792 4596 et
2822 4540 3125 4595 diademate
3161 4535 3217 4592 S.
3265 4536 3332 4591 R.
3370 4532 3446 4591 Ε.

1872 4632 2158 4688 redimitus
2188 4633 2376 4689 Romae
2419 4635 2474 4689 in
2519 4632 2743 4688 basilica
2787 4630 2844 4687 S.
2881 4629 3027 4686 Petri
3071 4630 3128 4684 in
3167 4628 3447 4693 Vaticano,

1871 4725 2178 4780 astantibus
2233 4726 2383 4780 clero
2429 4734 2484 4780 et
2517 4724 2738 4796 populo,
2791 4723 2879 4777 die
2933 4721 3218 4777 Dominica
3268 4720 3449 4792 prima

1871 4816 2313 4887 Quadragcsimze
2338 4817 2514 4887 pridie
2552 4815 2675 4869 idus
2704 4812 3010 4881 Februarii,
3050 4829 3195 4869 anno
3231 4811 3452 4893 Domini
3550 4856 3555 4860 .

1866 4910 2022 4976 1059,
2078 4909 2297 4978 Leoque
2346 4906 2415 4960 lx
2461 4906 2764 4977 appellatus
2812 4915 2913 4962 cst.
2963 4904 3117 4963 Sedit
3177 4917 3361 4963 autem
3399 4904 3457 4957 in

1863 5001 2159 5071 apostolica
2183 5001 2310 5055 sede
2334 5014 2510 5056 annos
2536 5015 2588 5077 v,
2614 5013 2832 5054 menses
2860 5017 2922 5067 ιι,
2945 5001 3061 5056 dies
3089 5016 3207 5055 vm.
3346 4995 3349 4998 ⁴
3386 4992 3387 4999 “

1935 5093 2302 5147 Contsecratus
2333 5090 2500 5160 igitur
2530 5088 2793 5159 pontifex,
2826 5091 3006 5161 ipsum
3031 5087 3463 5147 llildcbrandum

1864 5185 2216 5249 monachum,
2279 5180 2440 5250 cujus
2489 5194 2627 5238 sano
2674 5181 2908 5237 consilio
2943 5185 3060 5239 inec
3096 5182 3281 5236 omnia
3321 5176 3467 5231 facta

1938 5358 2085 5386 (ann
2125 5356 2260 5386 Ἠετιη
2296 5355 2472 5386 ρων...
2554 5354 2692 5386 ante:
2730 5383 2735 5386 _
