  <div class='ocr_page' id='page_1' title='image "/cluster/home/n/w/nwhite01/storage/ocr_20150623/148/hvd.32044015471840/083.png"; bbox 0 0 3986 5386; ppageno 0'>
   <div class='ocr_carea' id='block_1_1' title="bbox 487 315 592 370">
    <p class='ocr_par' dir='ltr' id='par_1_1' title="bbox 487 315 592 370">
     <span class='ocr_line' id='line_1_1' title="bbox 487 315 592 370; baseline -0.01 0"><span class='ocrx_word' id='word_1_1' title='bbox 487 315 592 370; x_wconf 70' lang='grc' dir='ltr'>1ὸὸ</span> 
     </span>
    </p>
   </div>
   <div class='ocr_carea' id='block_1_2' title="bbox 1700 271 2552 342">
    <p class='ocr_par' dir='ltr' id='par_1_2' title="bbox 1700 271 2552 342">
     <span class='ocr_line' id='line_1_2' title="bbox 1700 271 2552 342; baseline -0.018 -2"><span class='ocrx_word' id='word_1_2' title='bbox 1700 284 1756 340; x_wconf 85' lang='lat' dir='ltr'><strong>S.</strong></span> <span class='ocrx_word' id='word_1_3' title='bbox 1779 275 2192 342; x_wconf 76' lang='lat' dir='ltr'><strong>.CREC-ORIUS</strong></span> <span class='ocrx_word' id='word_1_4' title='bbox 2229 275 2318 333; x_wconf 78' lang='lat' dir='ltr'><strong>Vll</strong></span> <span class='ocrx_word' id='word_1_5' title='bbox 2355 271 2552 330; x_wconf 71' lang='lat' dir='ltr'><strong>PAI‘A.</strong></span> 
     </span>
    </p>
   </div>
   <div class='ocr_carea' id='block_1_3' title="bbox 3655 256 3754 310">
    <p class='ocr_par' dir='ltr' id='par_1_3' title="bbox 3655 256 3754 310">
     <span class='ocr_line' id='line_1_3' title="bbox 3655 256 3754 310; baseline -0.01 0"><span class='ocrx_word' id='word_1_6' title='bbox 3655 256 3754 310; x_wconf 79' lang='grc'><strong>156</strong></span> 
     </span>
    </p>
   </div>
   <div class='ocr_carea' id='block_1_4' title="bbox 485 369 3757 492">
    <p class='ocr_par' dir='ltr' id='par_1_4' title="bbox 485 369 3757 492">
     <span class='ocr_line' id='line_1_4' title="bbox 485 369 3757 492; baseline -0.017 -11"><span class='ocrx_word' id='word_1_7' title='bbox 485 434 723 492; x_wconf 73' lang='lat' dir='ltr'><strong>fuerant,</strong></span> <span class='ocrx_word' id='word_1_8' title='bbox 755 421 1153 482; x_wconf 85' lang='lat' dir='ltr'><strong>subdiaconum</strong></span> <span class='ocrx_word' id='word_1_9' title='bbox 1177 407 1536 474; x_wconf 84' lang='lat' dir='ltr'><strong>cardinalem,</strong></span> <span class='ocrx_word' id='word_1_10' title='bbox 1567 401 1850 460; x_wconf 73' lang='lat' dir='ltr'><strong>custodem</strong></span> <span class='ocrx_word' id='word_1_11' title='bbox 1877 396 2068 456; x_wconf 89' lang='lat' dir='ltr'><strong>altaris</strong></span> <span class='ocrx_word' id='word_1_12' title='bbox 2097 397 2142 454; x_wconf 77' lang='grc' dir='ltr'><strong>Α</strong></span> <span class='ocrx_word' id='word_1_13' title='bbox 2167 408 2235 448; x_wconf 77' lang='lat' dir='ltr'><strong>ex</strong></span> <span class='ocrx_word' id='word_1_14' title='bbox 2273 391 2360 446; x_wconf 85' lang='lat' dir='ltr'><strong>his</strong></span> <span class='ocrx_word' id='word_1_15' title='bbox 2395 406 2454 444; x_wconf 86' lang='lat' dir='ltr'><strong>se</strong></span> <span class='ocrx_word' id='word_1_16' title='bbox 2479 381 2826 442; x_wconf 83' lang='lat' dir='ltr'><strong>Simoniacos</strong></span> <span class='ocrx_word' id='word_1_17' title='bbox 2862 378 3032 434; x_wconf 88' lang='lat' dir='ltr'><strong>fuisse</strong></span> <span class='ocrx_word' id='word_1_18' title='bbox 3053 374 3290 432; x_wconf 76' lang='lat' dir='ltr'><strong>confessi</strong></span> <span class='ocrx_word' id='word_1_19' title='bbox 3314 373 3426 430; x_wconf 89' lang='lat' dir='ltr'><strong>sint</strong></span> <span class='ocrx_word' id='word_1_20' title='bbox 3467 380 3526 426; x_wconf 88' lang='lat' dir='ltr'><strong>et</strong></span> <span class='ocrx_word' id='word_1_21' title='bbox 3546 369 3757 442; x_wconf 86' lang='lat' dir='ltr'><strong>episco-</strong></span> 
     </span>
     <span class='ocr_line' id='line_1_5' title="bbox 1978 467 3287 492; baseline 0 0"><span class='ocrx_word' id='word_1_22' title='bbox 1978 491 1983 492; x_wconf 63' lang='lat'><strong><em>,</em></strong></span> <span class='ocrx_word' id='word_1_23' title='bbox 2268 483 2300 492; x_wconf 85' lang='grc'><strong>..</strong></span> <span class='ocrx_word' id='word_1_24' title='bbox 2698 491 2703 492; x_wconf 63' lang='lat'><strong><em>,</em></strong></span> <span class='ocrx_word' id='word_1_25' title='bbox 2726 480 2870 492; x_wconf 31' lang='grc' dir='ltr'><strong>μέγ-ι</strong></span> <span class='ocrx_word' id='word_1_26' title='bbox 2920 467 3287 492; x_wconf 57' lang='grc' dir='ltr'><strong>,ιυιξηιικιιηξκι</strong></span> 
     </span>
    </p>
   </div>
   <div class='ocr_carea' id='block_1_5' title="bbox 483 491 2069 588">
    <p class='ocr_par' dir='ltr' id='par_1_5' title="bbox 483 491 2069 588">
     <span class='ocr_line' id='line_1_6' title="bbox 483 491 2069 588; baseline -0.021 -10"><span class='ocrx_word' id='word_1_27' title='bbox 483 524 546 578; x_wconf 77' lang='lat' dir='ltr'><strong>S.</strong></span> <span class='ocrx_word' id='word_1_28' title='bbox 573 491 718 577; x_wconf 77' lang='lat' dir='ltr'><strong>Petri</strong></span> <span class='ocrx_word' id='word_1_29' title='bbox 737 513 973 588; x_wconf 73' lang='lat' dir='ltr'><strong>apostoli</strong></span> <span class='ocrx_word' id='word_1_30' title='bbox 1003 509 1062 566; x_wconf 90' lang='lat' dir='ltr'><strong>S.</strong></span> <span class='ocrx_word' id='word_1_31' title='bbox 1100 507 1168 562; x_wconf 75' lang='grc' dir='ltr'><strong>Β.</strong></span> <span class='ocrx_word' id='word_1_32' title='bbox 1206 504 1268 560; x_wconf 81' lang='grc' dir='ltr'><strong>Ε.</strong></span> <span class='ocrx_word' id='word_1_33' title='bbox 1299 513 1672 564; x_wconf 85' lang='lat' dir='ltr'><strong>oeconomum,</strong></span> <span class='ocrx_word' id='word_1_34' title='bbox 1702 502 1866 566; x_wconf 89' lang='lat' dir='ltr'><strong>atque</strong></span> <span class='ocrx_word' id='word_1_35' title='bbox 1902 491 2069 548; x_wconf 88' lang='lat' dir='ltr'><strong>abba-</strong></span> 
     </span>
    </p>
   </div>
   <div class='ocr_carea' id='block_1_6' title="bbox 484 585 2068 671">
    <p class='ocr_par' dir='ltr' id='par_1_6' title="bbox 484 585 2068 671">
     <span class='ocr_line' id='line_1_7' title="bbox 484 585 2068 671; baseline -0.022 3"><span class='ocrx_word' id='word_1_36' title='bbox 484 629 599 671; x_wconf 82' lang='lat' dir='ltr'><strong>tem</strong></span> <span class='ocrx_word' id='word_1_37' title='bbox 639 585 964 670; x_wconf 70' lang='lat' dir='ltr'><strong>monasterii</strong></span> <span class='ocrx_word' id='word_1_38' title='bbox 1009 603 1069 658; x_wconf 89' lang='lat' dir='ltr'><strong>S.</strong></span> <span class='ocrx_word' id='word_1_39' title='bbox 1113 599 1270 656; x_wconf 82' lang='lat' dir='ltr'><strong>Pauli</strong></span> <span class='ocrx_word' id='word_1_40' title='bbox 1321 604 1478 653; x_wconf 64' lang='lat' dir='ltr'><strong>extra</strong></span> <span class='ocrx_word' id='word_1_41' title='bbox 1531 605 1722 648; x_wconf 89' lang='lat' dir='ltr'><strong>muros</strong></span> <span class='ocrx_word' id='word_1_42' title='bbox 1773 585 2068 652; x_wconf 81' lang='lat' dir='ltr'><strong>Urbisvia</strong></span> 
     </span>
    </p>
   </div>
   <div class='ocr_carea' id='block_1_7' title="bbox 485 685 2072 766">
    <p class='ocr_par' dir='ltr' id='par_1_7' title="bbox 485 685 2072 766">
     <span class='ocr_line' id='line_1_8' title="bbox 485 685 2072 766; baseline -0.02 -1"><span class='ocrx_word' id='word_1_43' title='bbox 485 706 728 765; x_wconf 78' lang='lat' dir='ltr'><strong>Ostiensi</strong></span> <span class='ocrx_word' id='word_1_44' title='bbox 759 699 967 762; x_wconf 89' lang='lat' dir='ltr'><strong>creavit</strong></span> <span class='ocrx_word' id='word_1_45' title='bbox 991 717 1005 753; x_wconf 90' lang='lat'>:</span> <span class='ocrx_word' id='word_1_46' title='bbox 1029 695 1190 766; x_wconf 85' lang='lat' dir='ltr'><strong>cujus</strong></span> <span class='ocrx_word' id='word_1_47' title='bbox 1224 698 1416 762; x_wconf 85' lang='lat' dir='ltr'><strong>postea</strong></span> <span class='ocrx_word' id='word_1_48' title='bbox 1457 685 1726 752; x_wconf 80' lang='lat' dir='ltr'><strong>consiliis,</strong></span> <span class='ocrx_word' id='word_1_49' title='bbox 1777 690 1834 738; x_wconf 90' lang='lat' dir='ltr'><strong>et</strong></span> <span class='ocrx_word' id='word_1_50' title='bbox 1881 688 2072 738; x_wconf 87' lang='lat' dir='ltr'><strong>aucto-</strong></span> 
     </span>
    </p>
   </div>
   <div class='ocr_carea' id='block_1_8' title="bbox 490 773 2072 858">
    <p class='ocr_par' dir='ltr' id='par_1_8' title="bbox 490 773 2072 858">
     <span class='ocr_line' id='line_1_9' title="bbox 490 773 2072 858; baseline -0.02 1"><span class='ocrx_word' id='word_1_51' title='bbox 490 795 652 858; x_wconf 83' lang='lat' dir='ltr'><strong>ritate</strong></span> <span class='ocrx_word' id='word_1_52' title='bbox 676 799 736 854; x_wconf 85' lang='lat' dir='ltr'><strong>in</strong></span> <span class='ocrx_word' id='word_1_53' title='bbox 757 794 1015 853; x_wconf 85' lang='lat' dir='ltr'><strong>omnibus</strong></span> <span class='ocrx_word' id='word_1_54' title='bbox 1027 796 1208 846; x_wconf 86' lang='lat' dir='ltr'><strong>totum</strong></span> <span class='ocrx_word' id='word_1_55' title='bbox 1225 785 1340 847; x_wconf 79' lang='lat' dir='ltr'><strong>fere</strong></span> <span class='ocrx_word' id='word_1_56' title='bbox 1363 779 1719 854; x_wconf 82' lang='lat' dir='ltr'><strong>pontificatus</strong></span> <span class='ocrx_word' id='word_1_57' title='bbox 1745 773 1834 832; x_wconf 88' lang='lat' dir='ltr'><strong>sui</strong></span> <span class='ocrx_word' id='word_1_58' title='bbox 1856 781 2072 843; x_wconf 81' lang='lat' dir='ltr'><strong>tempus</strong></span> 
     </span>
    </p>
   </div>
   <div class='ocr_carea' id='block_1_9' title="bbox 491 865 2071 965">
    <p class='ocr_par' dir='ltr' id='par_1_9' title="bbox 491 865 2071 965">
     <span class='ocr_line' id='line_1_10' title="bbox 491 865 2071 965; baseline -0.02 -15"><span class='ocrx_word' id='word_1_59' title='bbox 491 891 776 965; x_wconf 75' lang='lat' dir='ltr'><strong>transegit.</strong></span> <span class='ocrx_word' id='word_1_60' title='bbox 801 889 886 944; x_wconf 78' lang='lat' dir='ltr'><strong>Ab</strong></span> <span class='ocrx_word' id='word_1_61' title='bbox 915 901 984 942; x_wconf 91' lang='lat' dir='ltr'><strong>eo</strong></span> <span class='ocrx_word' id='word_1_62' title='bbox 1026 882 1174 940; x_wconf 88' lang='lat' dir='ltr'><strong>enim</strong></span> <span class='ocrx_word' id='word_1_63' title='bbox 1208 875 1540 940; x_wconf 83' lang='lat' dir='ltr'><strong>admonitus,</strong></span> <span class='ocrx_word' id='word_1_64' title='bbox 1577 873 1770 930; x_wconf 81' lang='lat' dir='ltr'><strong>beatus</strong></span> <span class='ocrx_word' id='word_1_65' title='bbox 1791 865 2071 940; x_wconf 78' lang='lat' dir='ltr'><strong>pontifex,</strong></span> 
     </span>
    </p>
   </div>
   <div class='ocr_carea' id='block_1_10' title="bbox 493 959 2076 1048">
    <p class='ocr_par' dir='ltr' id='par_1_10' title="bbox 493 959 2076 1048">
     <span class='ocr_line' id='line_1_11' title="bbox 493 959 2076 1048; baseline -0.02 -4"><span class='ocrx_word' id='word_1_66' title='bbox 493 990 636 1044; x_wconf 88' lang='lat' dir='ltr'><strong>inter</strong></span> <span class='ocrx_word' id='word_1_67' title='bbox 681 959 792 1042; x_wconf 72' lang='lat' dir='ltr'><strong>alia</strong></span> <span class='ocrx_word' id='word_1_68' title='bbox 838 981 1032 1046; x_wconf 87' lang='lat' dir='ltr'><strong>multa,</strong></span> <span class='ocrx_word' id='word_1_69' title='bbox 1064 990 1193 1048; x_wconf 61' lang='lat' dir='ltr'><strong>qua:</strong></span> <span class='ocrx_word' id='word_1_70' title='bbox 1220 971 1369 1039; x_wconf 87' lang='lat' dir='ltr'><strong>fecit,</strong></span> <span class='ocrx_word' id='word_1_71' title='bbox 1396 967 1666 1042; x_wconf 81' lang='lat' dir='ltr'><strong>synodum</strong></span> <span class='ocrx_word' id='word_1_72' title='bbox 1689 975 1908 1035; x_wconf 90' lang='lat' dir='ltr'><strong>quoque</strong></span> <span class='ocrx_word' id='word_1_73' title='bbox 1933 959 2076 1016; x_wconf 89' lang='lat' dir='ltr'><strong>cele-</strong></span> 
     </span>
    </p>
   </div>
   <div class='ocr_carea' id='block_1_11' title="bbox 491 1053 2072 1148">
    <p class='ocr_par' dir='ltr' id='par_1_11' title="bbox 491 1053 2072 1148">
     <span class='ocr_line' id='line_1_12' title="bbox 491 1053 2072 1148; baseline -0.02 -11"><span class='ocrx_word' id='word_1_74' title='bbox 491 1079 691 1146; x_wconf 82' lang='lat' dir='ltr'><strong>bravit,</strong></span> <span class='ocrx_word' id='word_1_75' title='bbox 719 1079 777 1132; x_wconf 87' lang='lat' dir='ltr'><strong>in</strong></span> <span class='ocrx_word' id='word_1_76' title='bbox 801 1091 914 1148; x_wconf 89' lang='lat' dir='ltr'><strong>qua</strong></span> <span class='ocrx_word' id='word_1_77' title='bbox 935 1072 1196 1145; x_wconf 85' lang='lat' dir='ltr'><strong>pleraque</strong></span> <span class='ocrx_word' id='word_1_78' title='bbox 1216 1071 1412 1124; x_wconf 86' lang='lat' dir='ltr'><strong>contra</strong></span> <span class='ocrx_word' id='word_1_79' title='bbox 1447 1065 1710 1117; x_wconf 82' lang='lat' dir='ltr'><strong>uxoratos</strong></span> <span class='ocrx_word' id='word_1_80' title='bbox 1739 1053 2072 1118; x_wconf 79' lang='lat' dir='ltr'><strong>sacerdotes,</strong></span> 
     </span>
    </p>
   </div>
   <div class='ocr_carea' id='block_1_12' title="bbox 491 1155 1878 1236">
    <p class='ocr_par' dir='ltr' id='par_1_12' title="bbox 491 1155 1878 1236">
     <span class='ocr_line' id='line_1_13' title="bbox 491 1155 1878 1236; baseline -0.02 -6"><span class='ocrx_word' id='word_1_81' title='bbox 491 1183 548 1230; x_wconf 89' lang='lat' dir='ltr'><strong>et</strong></span> <span class='ocrx_word' id='word_1_82' title='bbox 577 1170 926 1228; x_wconf 87' lang='lat' dir='ltr'><strong>Simoniacos</strong></span> <span class='ocrx_word' id='word_1_83' title='bbox 949 1163 1238 1236; x_wconf 89' lang='lat' dir='ltr'><strong>episcopos</strong></span> <span class='ocrx_word' id='word_1_84' title='bbox 1261 1157 1480 1214; x_wconf 86' lang='lat' dir='ltr'><strong>decreta</strong></span> <span class='ocrx_word' id='word_1_85' title='bbox 1503 1158 1710 1210; x_wconf 87' lang='lat' dir='ltr'><strong>statuta</strong></span> <span class='ocrx_word' id='word_1_86' title='bbox 1731 1155 1878 1204; x_wconf 87' lang='lat' dir='ltr'><strong>sunt.</strong></span> 
     </span>
    </p>
   </div>
   <div class='ocr_carea' id='block_1_13' title="bbox 564 1241 2078 1322">
    <p class='ocr_par' dir='ltr' id='par_1_13' title="bbox 564 1241 2078 1322">
     <span class='ocr_line' id='line_1_14' title="bbox 564 1241 2078 1322; baseline -0.018 0"><span class='ocrx_word' id='word_1_87' title='bbox 564 1265 644 1322; x_wconf 83' lang='lat' dir='ltr'><strong>Eo</strong></span> <span class='ocrx_word' id='word_1_88' title='bbox 699 1276 831 1319; x_wconf 88' lang='lat' dir='ltr'><strong>vero</strong></span> <span class='ocrx_word' id='word_1_89' title='bbox 879 1264 1121 1322; x_wconf 84' lang='lat' dir='ltr'><strong>mortuo,</strong></span> <span class='ocrx_word' id='word_1_90' title='bbox 1170 1247 1575 1307; x_wconf 82' lang='lat' dir='ltr'><strong>Hildebrandus</strong></span> <span class='ocrx_word' id='word_1_91' title='bbox 1617 1241 1988 1302; x_wconf 83' lang='lat' dir='ltr'><strong>subdiaconus</strong></span> <span class='ocrx_word' id='word_1_92' title='bbox 2045 1254 2078 1294; x_wconf 90' lang='lat' dir='ltr'><strong>a</strong></span> 
     </span>
    </p>
   </div>
   <div class='ocr_carea' id='block_1_14' title="bbox 493 1333 2081 1426">
    <p class='ocr_par' dir='ltr' id='par_1_14' title="bbox 493 1333 2081 1426">
     <span class='ocr_line' id='line_1_15' title="bbox 493 1333 2081 1426; baseline -0.02 -10"><span class='ocrx_word' id='word_1_93' title='bbox 493 1361 663 1426; x_wconf 75' lang='lat' dir='ltr'><strong>clero,</strong></span> <span class='ocrx_word' id='word_1_94' title='bbox 678 1361 895 1419; x_wconf 84' lang='lat' dir='ltr'><strong>senatu,</strong></span> <span class='ocrx_word' id='word_1_95' title='bbox 910 1343 1492 1422; x_wconf 62' lang='lat' dir='ltr'><strong>populoqueﬁomano</strong></span> <span class='ocrx_word' id='word_1_96' title='bbox 1514 1339 1746 1410; x_wconf 83' lang='lat' dir='ltr'><strong>legatus,</strong></span> <span class='ocrx_word' id='word_1_97' title='bbox 1762 1334 1830 1390; x_wconf 92' lang='lat' dir='ltr'><strong>ad</strong></span> <span class='ocrx_word' id='word_1_98' title='bbox 1847 1333 2081 1402; x_wconf 87' lang='lat' dir='ltr'><strong>impera-</strong></span> 
     </span>
    </p>
   </div>
   <div class='ocr_carea' id='block_1_15' title="bbox 496 1423 2079 1508">
    <p class='ocr_par' dir='ltr' id='par_1_15' title="bbox 496 1423 2079 1508">
     <span class='ocr_line' id='line_1_16' title="bbox 496 1423 2079 1508; baseline -0.018 -2"><span class='ocrx_word' id='word_1_99' title='bbox 496 1423 675 1508; x_wconf 87' lang='lat' dir='ltr'><strong>torem</strong></span> <span class='ocrx_word' id='word_1_100' title='bbox 727 1445 933 1504; x_wconf 89' lang='lat' dir='ltr'><strong>missus</strong></span> <span class='ocrx_word' id='word_1_101' title='bbox 971 1448 1080 1507; x_wconf 84' lang='lat' dir='ltr'><strong>est,</strong></span> <span class='ocrx_word' id='word_1_102' title='bbox 1125 1445 1188 1493; x_wconf 90' lang='lat' dir='ltr'><strong>ut</strong></span> <span class='ocrx_word' id='word_1_103' title='bbox 1238 1449 1446 1492; x_wconf 86' lang='lat' dir='ltr'><strong>novum</strong></span> <span class='ocrx_word' id='word_1_104' title='bbox 1488 1431 1558 1487; x_wconf 89' lang='lat' dir='ltr'><strong>ab</strong></span> <span class='ocrx_word' id='word_1_105' title='bbox 1602 1430 1723 1500; x_wconf 88' lang='lat' dir='ltr'><strong>ipso</strong></span> <span class='ocrx_word' id='word_1_106' title='bbox 1765 1423 2079 1500; x_wconf 82' lang='lat' dir='ltr'><strong>pontiﬁcem</strong></span> 
     </span>
    </p>
   </div>
   <div class='ocr_carea' id='block_1_16' title="bbox 499 1519 2083 1615">
    <p class='ocr_par' dir='ltr' id='par_1_16' title="bbox 499 1519 2083 1615">
     <span class='ocr_line' id='line_1_17' title="bbox 499 1519 2083 1615; baseline -0.016 -15"><span class='ocrx_word' id='word_1_107' title='bbox 499 1541 840 1615; x_wconf 81' lang='lat' dir='ltr'><strong>postularet:</strong></span> <span class='ocrx_word' id='word_1_108' title='bbox 863 1551 896 1592; x_wconf 91' lang='lat' dir='ltr'><strong>a</strong></span> <span class='ocrx_word' id='word_1_109' title='bbox 917 1549 1028 1606; x_wconf 89' lang='lat' dir='ltr'><strong>quo</strong></span> <span class='ocrx_word' id='word_1_110' title='bbox 1050 1545 1182 1588; x_wconf 89' lang='lat' dir='ltr'><strong>cum</strong></span> <span class='ocrx_word' id='word_1_111' title='bbox 1224 1526 1374 1601; x_wconf 69' lang='grc'>(204)</span> <span class='ocrx_word' id='word_1_112' title='bbox 1402 1522 1756 1615; x_wconf 86' lang='lat' dir='ltr'><strong>Gebehardus</strong></span> <span class='ocrx_word' id='word_1_113' title='bbox 1791 1519 2083 1590; x_wconf 87' lang='lat' dir='ltr'><strong>episcopus</strong></span> 
     </span>
    </p>
   </div>
   <div class='ocr_carea' id='block_1_17' title="bbox 498 1613 2085 1692">
    <p class='ocr_par' dir='ltr' id='par_1_17' title="bbox 498 1613 2085 1692">
     <span class='ocr_line' id='line_1_18' title="bbox 498 1613 2085 1692; baseline -0.013 -3"><span class='ocrx_word' id='word_1_114' title='bbox 498 1613 902 1692; x_wconf 56' lang='lat' dir='ltr'><strong>itichstatensis</strong></span> <span class='ocrx_word' id='word_1_115' title='bbox 951 1627 1178 1690; x_wconf 88' lang='lat' dir='ltr'><strong>electus,</strong></span> <span class='ocrx_word' id='word_1_116' title='bbox 1232 1619 1530 1690; x_wconf 80' lang='lat' dir='ltr'><strong>Victorque</strong></span> <span class='ocrx_word' id='word_1_117' title='bbox 1566 1614 1612 1670; x_wconf 86' lang='lat' dir='ltr'><strong>II</strong></span> <span class='ocrx_word' id='word_1_118' title='bbox 1657 1613 1963 1684; x_wconf 88' lang='lat' dir='ltr'><strong>appellatus</strong></span> <span class='ocrx_word' id='word_1_119' title='bbox 1994 1625 2085 1668; x_wconf 86' lang='lat' dir='ltr'><strong>es-</strong></span> 
     </span>
    </p>
   </div>
   <div class='ocr_carea' id='block_1_18' title="bbox 497 1703 2082 1796">
    <p class='ocr_par' dir='ltr' id='par_1_18' title="bbox 497 1703 2082 1796">
     <span class='ocr_line' id='line_1_19' title="bbox 497 1703 2082 1796; baseline -0.018 -11"><span class='ocrx_word' id='word_1_120' title='bbox 497 1736 616 1796; x_wconf 90' lang='lat' dir='ltr'><strong>set,</strong></span> <span class='ocrx_word' id='word_1_121' title='bbox 669 1739 799 1782; x_wconf 90' lang='lat' dir='ltr'><strong>eum</strong></span> <span class='ocrx_word' id='word_1_122' title='bbox 858 1719 1094 1776; x_wconf 84' lang='lat' dir='ltr'><strong>Romam</strong></span> <span class='ocrx_word' id='word_1_123' title='bbox 1138 1709 1574 1773; x_wconf 85' lang='lat' dir='ltr'><strong>consecrandum</strong></span> <span class='ocrx_word' id='word_1_124' title='bbox 1626 1706 1857 1763; x_wconf 80' lang='lat' dir='ltr'><strong>adduxit</strong></span> <span class='ocrx_word' id='word_1_125' title='bbox 1892 1723 1906 1759; x_wconf 90' lang='lat'>:</span> <span class='ocrx_word' id='word_1_126' title='bbox 1937 1703 2082 1773; x_wconf 90' lang='lat' dir='ltr'><strong>apud</strong></span> 
     </span>
    </p>
   </div>
   <div class='ocr_carea' id='block_1_19' title="bbox 497 1780 2162 1890">
    <p class='ocr_par' dir='ltr' id='par_1_19' title="bbox 497 1780 2162 1890">
     <span class='ocr_line' id='line_1_20' title="bbox 497 1780 2162 1890; baseline -0.017 -13"><span class='ocrx_word' id='word_1_127' title='bbox 497 1780 665 1890; x_wconf 65' lang='lat' dir='ltr'><strong>quem</strong></span> <span class='ocrx_word' id='word_1_128' title='bbox 680 1780 857 1873; x_wconf 78' lang='lat' dir='ltr'><strong>etiam</strong></span> <span class='ocrx_word' id='word_1_129' title='bbox 885 1810 1208 1885; x_wconf 86' lang='lat' dir='ltr'><strong>plurimum,</strong></span> <span class='ocrx_word' id='word_1_130' title='bbox 1238 1813 1300 1863; x_wconf 88' lang='lat' dir='ltr'><strong>ut</strong></span> <span class='ocrx_word' id='word_1_131' title='bbox 1320 1811 1376 1861; x_wconf 90' lang='lat' dir='ltr'><strong>et</strong></span> <span class='ocrx_word' id='word_1_132' title='bbox 1419 1801 1566 1873; x_wconf 88' lang='lat' dir='ltr'><strong>apud</strong></span> <span class='ocrx_word' id='word_1_133' title='bbox 1597 1798 1836 1854; x_wconf 87' lang='lat' dir='ltr'><strong>Leonem</strong></span> <span class='ocrx_word' id='word_1_134' title='bbox 1886 1795 1982 1864; x_wconf 82' lang='lat' dir='ltr'><strong>IX,</strong></span> <span class='ocrx_word' id='word_1_135' title='bbox 2003 1867 2008 1873; x_wconf 29' lang='lat'>.</span> <span class='ocrx_word' id='word_1_136' title='bbox 2027 1793 2084 1850; x_wconf 91' lang='lat' dir='ltr'><strong>in</strong></span> <span class='ocrx_word' id='word_1_137' title='bbox 2119 1780 2162 1835; x_wconf 78' lang='grc' dir='ltr'>Β</span> 
     </span>
    </p>
   </div>
   <div class='ocr_carea' id='block_1_20' title="bbox 498 1889 2098 1974">
    <p class='ocr_par' dir='ltr' id='par_1_20' title="bbox 498 1889 2098 1974">
     <span class='ocr_line' id='line_1_21' title="bbox 498 1889 2098 1974; baseline -0.017 -5"><span class='ocrx_word' id='word_1_138' title='bbox 498 1913 761 1968; x_wconf 89' lang='lat' dir='ltr'><strong>omnibus</strong></span> <span class='ocrx_word' id='word_1_139' title='bbox 792 1905 984 1974; x_wconf 81' lang='lat' dir='ltr'><strong>valuit,</strong></span> <span class='ocrx_word' id='word_1_140' title='bbox 1021 1909 1140 1960; x_wconf 87' lang='lat' dir='ltr'><strong>erat</strong></span> <span class='ocrx_word' id='word_1_141' title='bbox 1179 1899 1328 1956; x_wconf 89' lang='lat' dir='ltr'><strong>enim</strong></span> <span class='ocrx_word' id='word_1_142' title='bbox 1372 1895 1460 1954; x_wconf 89' lang='lat' dir='ltr'><strong>vir</strong></span> <span class='ocrx_word' id='word_1_143' title='bbox 1499 1907 1686 1950; x_wconf 88' lang='lat' dir='ltr'><strong>rerum</strong></span> <span class='ocrx_word' id='word_1_144' title='bbox 1721 1889 2098 1964; x_wconf 87' lang='lat' dir='ltr'><strong>gerendarum</strong></span> 
     </span>
    </p>
   </div>
   <div class='ocr_carea' id='block_1_21' title="bbox 499 1982 2082 2075">
    <p class='ocr_par' dir='ltr' id='par_1_21' title="bbox 499 1982 2082 2075">
     <span class='ocr_line' id='line_1_22' title="bbox 499 1982 2082 2075; baseline -0.018 -13"><span class='ocrx_word' id='word_1_145' title='bbox 499 2005 696 2075; x_wconf 85' lang='lat' dir='ltr'><strong>peritia</strong></span> <span class='ocrx_word' id='word_1_146' title='bbox 717 2001 872 2058; x_wconf 80' lang='lat' dir='ltr'><strong>valde</strong></span> <span class='ocrx_word' id='word_1_147' title='bbox 891 1999 1074 2056; x_wconf 86' lang='lat' dir='ltr'><strong>clarus</strong></span> <span class='ocrx_word' id='word_1_148' title='bbox 1101 2013 1112 2048; x_wconf 91' lang='lat'>:</span> <span class='ocrx_word' id='word_1_149' title='bbox 1137 1992 1227 2050; x_wconf 91' lang='lat' dir='ltr'><strong>cui</strong></span> <span class='ocrx_word' id='word_1_150' title='bbox 1241 1990 1408 2050; x_wconf 88' lang='lat' dir='ltr'><strong>etiam</strong></span> <span class='ocrx_word' id='word_1_151' title='bbox 1429 1984 1727 2046; x_wconf 78' lang='lat' dir='ltr'><strong>maximam</strong></span> <span class='ocrx_word' id='word_1_152' title='bbox 1743 1982 2082 2056; x_wconf 76' lang='lat' dir='ltr'><strong>religionem,</strong></span> 
     </span>
    </p>
   </div>
   <div class='ocr_carea' id='block_1_22' title="bbox 503 2084 1762 2168">
    <p class='ocr_par' dir='ltr' id='par_1_22' title="bbox 503 2084 1762 2168">
     <span class='ocr_line' id='line_1_23' title="bbox 503 2084 1762 2168; baseline -0.019 -16"><span class='ocrx_word' id='word_1_153' title='bbox 503 2098 738 2168; x_wconf 61' lang='lat' dir='ltr'><strong>vitaeque</strong></span> <span class='ocrx_word' id='word_1_154' title='bbox 769 2088 1178 2151; x_wconf 80' lang='lat' dir='ltr'><strong>observantiam</strong></span> <span class='ocrx_word' id='word_1_155' title='bbox 1212 2084 1556 2157; x_wconf 89' lang='lat' dir='ltr'><strong>adjunxerat.</strong></span> <span class='ocrx_word' id='word_1_156' title='bbox 1753 2120 1762 2128; x_wconf 92' lang='lat'><strong><em>.</em></strong></span> 
     </span>
    </p>
   </div>
   <div class='ocr_carea' id='block_1_23' title="bbox 573 2167 2090 2250">
    <p class='ocr_par' dir='ltr' id='par_1_23' title="bbox 573 2167 2090 2250">
     <span class='ocr_line' id='line_1_24' title="bbox 573 2167 2090 2250; baseline -0.019 -2"><span class='ocrx_word' id='word_1_157' title='bbox 573 2167 708 2247; x_wconf 80' lang='lat' dir='ltr'><strong>Post</strong></span> <span class='ocrx_word' id='word_1_158' title='bbox 721 2187 932 2245; x_wconf 91' lang='lat' dir='ltr'><strong>obitum</strong></span> <span class='ocrx_word' id='word_1_159' title='bbox 952 2180 1190 2238; x_wconf 77' lang='lat' dir='ltr'><strong>Victoris</strong></span> <span class='ocrx_word' id='word_1_160' title='bbox 1213 2178 1262 2234; x_wconf 90' lang='lat' dir='ltr'><strong>ll</strong></span> <span class='ocrx_word' id='word_1_161' title='bbox 1281 2178 1482 2250; x_wconf 88' lang='lat' dir='ltr'><strong>dignus</strong></span> <span class='ocrx_word' id='word_1_162' title='bbox 1505 2167 1756 2230; x_wconf 77' lang='lat' dir='ltr'><strong>Romano</strong></span> <span class='ocrx_word' id='word_1_163' title='bbox 1768 2167 2090 2242; x_wconf 74' lang='lat' dir='ltr'><strong>pontificatu</strong></span> 
     </span>
    </p>
   </div>
   <div class='ocr_carea' id='block_1_24' title="bbox 507 2249 2092 2341">
    <p class='ocr_par' dir='ltr' id='par_1_24' title="bbox 507 2249 2092 2341">
     <span class='ocr_line' id='line_1_25' title="bbox 507 2249 2092 2341; baseline -0.016 -1"><span class='ocrx_word' id='word_1_164' title='bbox 507 2283 687 2341; x_wconf 65' lang='lat' dir='ltr'><strong>adhuc</strong></span> <span class='ocrx_word' id='word_1_165' title='bbox 727 2278 1096 2338; x_wconf 85' lang='lat' dir='ltr'><strong>subdiaconus</strong></span> <span class='ocrx_word' id='word_1_166' title='bbox 1129 2271 1476 2330; x_wconf 85' lang='lat' dir='ltr'><strong>existimatus</strong></span> <span class='ocrx_word' id='word_1_167' title='bbox 1506 2277 1610 2324; x_wconf 90' lang='lat' dir='ltr'><strong>est.</strong></span> <span class='ocrx_word' id='word_1_168' title='bbox 1635 2263 1841 2322; x_wconf 80' lang='lat' dir='ltr'><strong>Verum</strong></span> <span class='ocrx_word' id='word_1_169' title='bbox 1879 2249 2006 2319; x_wconf 90' lang='lat' dir='ltr'><strong>cum</strong></span> <span class='ocrx_word' id='word_1_170' title='bbox 2040 2259 2092 2315; x_wconf 92' lang='lat' dir='ltr'><strong>ei</strong></span> 
     </span>
    </p>
   </div>
   <div class='ocr_carea' id='block_1_25' title="bbox 511 2357 2092 2448">
    <p class='ocr_par' dir='ltr' id='par_1_25' title="bbox 511 2357 2092 2448">
     <span class='ocr_line' id='line_1_26' title="bbox 511 2357 2092 2448; baseline -0.015 -18"><span class='ocrx_word' id='word_1_171' title='bbox 511 2375 822 2448; x_wconf 85' lang='lat' dir='ltr'><strong>Stephanus</strong></span> <span class='ocrx_word' id='word_1_172' title='bbox 845 2385 988 2443; x_wconf 89' lang='lat' dir='ltr'><strong>papa</strong></span> <span class='ocrx_word' id='word_1_173' title='bbox 1026 2365 1100 2423; x_wconf 75' lang='lat' dir='ltr'><strong>IX</strong></span> <span class='ocrx_word' id='word_1_174' title='bbox 1127 2363 1278 2440; x_wconf 74' lang='lat'><strong>(205)</strong></span> <span class='ocrx_word' id='word_1_175' title='bbox 1330 2362 1610 2435; x_wconf 69' lang='lat' dir='ltr'><strong>praelatus,</strong></span> <span class='ocrx_word' id='word_1_176' title='bbox 1635 2357 1918 2414; x_wconf 82' lang='lat' dir='ltr'><strong>Romanus</strong></span> <span class='ocrx_word' id='word_1_177' title='bbox 1950 2367 2092 2425; x_wconf 86' lang='lat' dir='ltr'><strong>pon—</strong></span> 
     </span>
    </p>
   </div>
   <div class='ocr_carea' id='block_1_26' title="bbox 509 2445 2096 2530">
    <p class='ocr_par' dir='ltr' id='par_1_26' title="bbox 509 2445 2096 2530">
     <span class='ocr_line' id='line_1_27' title="bbox 509 2445 2096 2530; baseline -0.015 -7"><span class='ocrx_word' id='word_1_178' title='bbox 509 2445 644 2525; x_wconf 73' lang='lat' dir='ltr'><strong>tifex</strong></span> <span class='ocrx_word' id='word_1_179' title='bbox 667 2473 886 2526; x_wconf 88' lang='lat' dir='ltr'><strong>creatus</strong></span> <span class='ocrx_word' id='word_1_180' title='bbox 916 2468 1084 2528; x_wconf 87' lang='lat' dir='ltr'><strong>esset,</strong></span> <span class='ocrx_word' id='word_1_181' title='bbox 1133 2457 1280 2530; x_wconf 85' lang='lat' dir='ltr'><strong>apud</strong></span> <span class='ocrx_word' id='word_1_182' title='bbox 1329 2470 1458 2512; x_wconf 90' lang='lat' dir='ltr'><strong>eum</strong></span> <span class='ocrx_word' id='word_1_183' title='bbox 1487 2465 1710 2524; x_wconf 91' lang='lat' dir='ltr'><strong>quoque</strong></span> <span class='ocrx_word' id='word_1_184' title='bbox 1751 2449 1809 2504; x_wconf 90' lang='lat' dir='ltr'><strong>in</strong></span> <span class='ocrx_word' id='word_1_185' title='bbox 1853 2445 2096 2522; x_wconf 85' lang='lat' dir='ltr'><strong>maxima</strong></span> 
     </span>
    </p>
   </div>
   <div class='ocr_carea' id='block_1_27' title="bbox 507 2539 2104 2626">
    <p class='ocr_par' dir='ltr' id='par_1_27' title="bbox 507 2539 2104 2626">
     <span class='ocr_line' id='line_1_28' title="bbox 507 2539 2104 2626; baseline -0.018 -6"><span class='ocrx_word' id='word_1_186' title='bbox 507 2561 840 2621; x_wconf 83' lang='lat' dir='ltr'><strong>auctoritate</strong></span> <span class='ocrx_word' id='word_1_187' title='bbox 887 2555 1022 2624; x_wconf 86' lang='lat' dir='ltr'><strong>fuit;</strong></span> <span class='ocrx_word' id='word_1_188' title='bbox 1053 2569 1086 2610; x_wconf 89' lang='lat' dir='ltr'><strong>a</strong></span> <span class='ocrx_word' id='word_1_189' title='bbox 1121 2567 1254 2626; x_wconf 89' lang='lat' dir='ltr'><strong>quo,</strong></span> <span class='ocrx_word' id='word_1_190' title='bbox 1284 2547 1600 2606; x_wconf 89' lang='lat' dir='ltr'><strong>Simoniaca</strong></span> <span class='ocrx_word' id='word_1_191' title='bbox 1642 2543 1766 2599; x_wconf 86' lang='lat' dir='ltr'><strong>labe</strong></span> <span class='ocrx_word' id='word_1_192' title='bbox 1807 2539 2020 2596; x_wconf 90' lang='lat' dir='ltr'><strong>Italiam</strong></span> <span class='ocrx_word' id='word_1_193' title='bbox 2043 2545 2104 2592; x_wconf 84' lang='lat' dir='ltr'><strong>et.</strong></span> 
     </span>
    </p>
   </div>
   <div class='ocr_carea' id='block_1_28' title="bbox 514 2633 2100 2724">
    <p class='ocr_par' dir='ltr' id='par_1_28' title="bbox 514 2633 2100 2724">
     <span class='ocr_line' id='line_1_29' title="bbox 514 2633 2100 2724; baseline -0.018 -12"><span class='ocrx_word' id='word_1_194' title='bbox 514 2655 744 2712; x_wconf 81' lang='lat' dir='ltr'><strong>Calliam</strong></span> <span class='ocrx_word' id='word_1_195' title='bbox 779 2655 1131 2724; x_wconf 85' lang='lat' dir='ltr'><strong>pervagante,</strong></span> <span class='ocrx_word' id='word_1_196' title='bbox 1159 2643 1309 2718; x_wconf 74' lang='lat'><strong>(206)</strong></span> <span class='ocrx_word' id='word_1_197' title='bbox 1341 2635 1654 2714; x_wconf 67' lang='lat' dir='ltr'><strong>apostolica:</strong></span> <span class='ocrx_word' id='word_1_198' title='bbox 1697 2633 1842 2692; x_wconf 87' lang='lat' dir='ltr'><strong>sedis</strong></span> <span class='ocrx_word' id='word_1_199' title='bbox 1888 2633 2100 2706; x_wconf 76' lang='lat' dir='ltr'><strong>legatus</strong></span> 
     </span>
    </p>
   </div>
   <div class='ocr_carea' id='block_1_29' title="bbox 517 2723 2102 2806">
    <p class='ocr_par' dir='ltr' id='par_1_29' title="bbox 517 2723 2102 2806">
     <span class='ocr_line' id='line_1_30' title="bbox 517 2723 2102 2806; baseline -0.018 -3"><span class='ocrx_word' id='word_1_200' title='bbox 517 2748 724 2805; x_wconf 89' lang='lat' dir='ltr'><strong>missus</strong></span> <span class='ocrx_word' id='word_1_201' title='bbox 753 2723 923 2805; x_wconf 77' lang='lat' dir='ltr'><strong>estin</strong></span> <span class='ocrx_word' id='word_1_202' title='bbox 965 2738 1170 2797; x_wconf 86' lang='lat' dir='ltr'><strong>Gallias</strong></span> <span class='ocrx_word' id='word_1_203' title='bbox 1203 2750 1333 2793; x_wconf 91' lang='lat' dir='ltr'><strong>cum</strong></span> <span class='ocrx_word' id='word_1_204' title='bbox 1358 2731 1688 2806; x_wconf 84' lang='lat' dir='ltr'><strong>quibusdam</strong></span> <span class='ocrx_word' id='word_1_205' title='bbox 1713 2723 2008 2798; x_wconf 89' lang='lat' dir='ltr'><strong>episcopis,</strong></span> <span class='ocrx_word' id='word_1_206' title='bbox 2039 2729 2102 2776; x_wconf 92' lang='lat' dir='ltr'><strong>ut</strong></span> 
     </span>
    </p>
   </div>
   <div class='ocr_carea' id='block_1_30' title="bbox 513 2816 2103 2914">
    <p class='ocr_par' dir='ltr' id='par_1_30' title="bbox 513 2816 2103 2914">
     <span class='ocr_line' id='line_1_31' title="bbox 513 2816 2103 2914; baseline -0.017 -18"><span class='ocrx_word' id='word_1_207' title='bbox 513 2831 752 2914; x_wconf 77' lang='lat' dir='ltr'><strong>synodo,</strong></span> <span class='ocrx_word' id='word_1_208' title='bbox 783 2851 951 2910; x_wconf 90' lang='lat' dir='ltr'><strong>quam</strong></span> <span class='ocrx_word' id='word_1_209' title='bbox 983 2840 1177 2914; x_wconf 89' lang='lat' dir='ltr'><strong>contra</strong></span> <span class='ocrx_word' id='word_1_210' title='bbox 1204 2829 1459 2902; x_wconf 74' lang='lat' dir='ltr'><strong>praelatos</strong></span> <span class='ocrx_word' id='word_1_211' title='bbox 1486 2821 1830 2880; x_wconf 89' lang='lat' dir='ltr'><strong>Simoniacos</strong></span> <span class='ocrx_word' id='word_1_212' title='bbox 1852 2816 2103 2890; x_wconf 81' lang='lat' dir='ltr'><strong>Lugduni</strong></span> 
     </span>
    </p>
   </div>
   <div class='ocr_carea' id='block_1_31' title="bbox 521 2909 2104 3006">
    <p class='ocr_par' dir='ltr' id='par_1_31' title="bbox 521 2909 2104 3006">
     <span class='ocr_line' id='line_1_32' title="bbox 521 2909 2104 3006; baseline -0.016 -15"><span class='ocrx_word' id='word_1_213' title='bbox 521 2909 854 3006; x_wconf 78' lang='lat' dir='ltr'><strong>congregare</strong></span> <span class='ocrx_word' id='word_1_214' title='bbox 887 2912 1150 3002; x_wconf 73' lang='lat' dir='ltr'><strong>iusserat,</strong></span> <span class='ocrx_word' id='word_1_215' title='bbox 1189 2921 1489 2995; x_wconf 90' lang='lat' dir='ltr'><strong>apostolica</strong></span> <span class='ocrx_word' id='word_1_216' title='bbox 1533 2917 1652 2974; x_wconf 84' lang='lat' dir='ltr'><strong>vice</strong></span> <span class='ocrx_word' id='word_1_217' title='bbox 1685 2913 2018 2988; x_wconf 71' lang='lat' dir='ltr'><strong>pmsideret.</strong></span> <span class='ocrx_word' id='word_1_218' title='bbox 2043 2909 2104 2966; x_wconf 91' lang='lat' dir='ltr'><strong>In</strong></span> 
     </span>
    </p>
   </div>
   <div class='ocr_carea' id='block_1_32' title="bbox 521 3005 2108 3100">
    <p class='ocr_par' dir='ltr' id='par_1_32' title="bbox 521 3005 2108 3100">
     <span class='ocr_line' id='line_1_33' title="bbox 521 3005 2108 3100; baseline -0.014 -17"><span class='ocrx_word' id='word_1_219' title='bbox 521 3005 872 3100; x_wconf 20' lang='lat' dir='ltr'><strong>quaisynodo</strong></span> <span class='ocrx_word' id='word_1_220' title='bbox 917 3022 1156 3079; x_wconf 82' lang='lat' dir='ltr'><strong>maxime</strong></span> <span class='ocrx_word' id='word_1_221' title='bbox 1198 3013 1553 3073; x_wconf 83' lang='lat' dir='ltr'><strong>Hildebrandi</strong></span> <span class='ocrx_word' id='word_1_222' title='bbox 1596 3010 1773 3066; x_wconf 87' lang='lat' dir='ltr'><strong>virtus</strong></span> <span class='ocrx_word' id='word_1_223' title='bbox 1813 3005 2010 3064; x_wconf 90' lang='lat' dir='ltr'><strong>enituit</strong></span> <span class='ocrx_word' id='word_1_224' title='bbox 2052 3012 2108 3062; x_wconf 89' lang='lat' dir='ltr'><strong>et</strong></span> 
     </span>
    </p>
   </div>
   <div class='ocr_carea' id='block_1_33' title="bbox 2171 467 3308 556">
    <p class='ocr_par' dir='ltr' id='par_1_33' title="bbox 2171 467 3308 556">
     <span class='ocr_line' id='line_1_34' title="bbox 2171 467 3308 556; baseline -0.018 -15"><span class='ocrx_word' id='word_1_225' title='bbox 2171 483 2412 556; x_wconf 85' lang='lat' dir='ltr'><strong>patibus,</strong></span> <span class='ocrx_word' id='word_1_226' title='bbox 2447 494 2592 552; x_wconf 90' lang='lat' dir='ltr'><strong>quos</strong></span> <span class='ocrx_word' id='word_1_227' title='bbox 2625 480 2894 540; x_wconf 88' lang='lat' dir='ltr'><strong>emerant,</strong></span> <span class='ocrx_word' id='word_1_228' title='bbox 2917 467 3308 526; x_wconf 86' lang='lat' dir='ltr'><strong>abdicaverint.</strong></span> 
     </span>
    </p>
   </div>
   <div class='ocr_carea' id='block_1_34' title="bbox 2240 553 3760 642">
    <p class='ocr_par' dir='ltr' id='par_1_34' title="bbox 2240 553 3760 642">
     <span class='ocr_line' id='line_1_35' title="bbox 2240 553 3760 642; baseline -0.017 -10"><span class='ocrx_word' id='word_1_229' title='bbox 2240 575 2528 632; x_wconf 77' lang='lat' dir='ltr'><strong>Celebrate</strong></span> <span class='ocrx_word' id='word_1_230' title='bbox 2553 567 2784 642; x_wconf 84' lang='lat' dir='ltr'><strong>synodo,</strong></span> <span class='ocrx_word' id='word_1_231' title='bbox 2804 572 2860 620; x_wconf 90' lang='lat' dir='ltr'><strong>et</strong></span> <span class='ocrx_word' id='word_1_232' title='bbox 2881 555 3266 620; x_wconf 88' lang='lat' dir='ltr'><strong>ecclesiasticis</strong></span> <span class='ocrx_word' id='word_1_233' title='bbox 3299 553 3534 627; x_wconf 89' lang='lat' dir='ltr'><strong>negotiis</strong></span> <span class='ocrx_word' id='word_1_234' title='bbox 3564 563 3760 624; x_wconf 79' lang='lat' dir='ltr'><strong>magna</strong></span> 
     </span>
    </p>
   </div>
   <div class='ocr_carea' id='block_1_35' title="bbox 2171 648 3759 739">
    <p class='ocr_par' dir='ltr' id='par_1_35' title="bbox 2171 648 3759 739">
     <span class='ocr_line' id='line_1_36' title="bbox 2171 648 3759 739; baseline -0.019 -13"><span class='ocrx_word' id='word_1_235' title='bbox 2171 683 2298 726; x_wconf 91' lang='lat' dir='ltr'><strong>cum</strong></span> <span class='ocrx_word' id='word_1_236' title='bbox 2321 660 2668 739; x_wconf 87' lang='lat' dir='ltr'><strong>providentia</strong></span> <span class='ocrx_word' id='word_1_237' title='bbox 2689 653 2985 720; x_wconf 88' lang='lat' dir='ltr'><strong>ordinatis,</strong></span> <span class='ocrx_word' id='word_1_238' title='bbox 3019 651 3088 708; x_wconf 88' lang='lat' dir='ltr'><strong>ad</strong></span> <span class='ocrx_word' id='word_1_239' title='bbox 3121 648 3329 706; x_wconf 89' lang='lat' dir='ltr'><strong>Urbem</strong></span> <span class='ocrx_word' id='word_1_240' title='bbox 3363 658 3624 702; x_wconf 83' lang='lat' dir='ltr'><strong>reversus</strong></span> <span class='ocrx_word' id='word_1_241' title='bbox 3656 651 3759 698; x_wconf 86' lang='lat' dir='ltr'><strong>est.</strong></span> 
     </span>
    </p>
   </div>
   <div class='ocr_carea' id='block_1_36' title="bbox 2172 739 3764 830">
    <p class='ocr_par' dir='ltr' id='par_1_36' title="bbox 2172 739 3764 830">
     <span class='ocr_line' id='line_1_37' title="bbox 2172 739 3764 830; baseline -0.018 -14"><span class='ocrx_word' id='word_1_242' title='bbox 2172 759 2326 816; x_wconf 89' lang='lat' dir='ltr'><strong>Tune</strong></span> <span class='ocrx_word' id='word_1_243' title='bbox 2351 775 2384 814; x_wconf 90' lang='lat' dir='ltr'><strong>a</strong></span> <span class='ocrx_word' id='word_1_244' title='bbox 2409 771 2553 830; x_wconf 88' lang='lat' dir='ltr'><strong>papa</strong></span> <span class='ocrx_word' id='word_1_245' title='bbox 2575 751 2724 828; x_wconf 76' lang='grc'>(207)</span> <span class='ocrx_word' id='word_1_246' title='bbox 2749 747 3030 820; x_wconf 85' lang='lat' dir='ltr'><strong>Stephano</strong></span> <span class='ocrx_word' id='word_1_247' title='bbox 3053 741 3124 798; x_wconf 76' lang='lat' dir='ltr'><strong>IX</strong></span> <span class='ocrx_word' id='word_1_248' title='bbox 3152 749 3278 817; x_wconf 90' lang='lat' dir='ltr'><strong>post</strong></span> <span class='ocrx_word' id='word_1_249' title='bbox 3309 739 3556 796; x_wconf 87' lang='lat' dir='ltr'><strong>solemne</strong></span> <span class='ocrx_word' id='word_1_250' title='bbox 3577 750 3764 792; x_wconf 87' lang='lat' dir='ltr'><strong>sacra-</strong></span> 
     </span>
    </p>
   </div>
   <div class='ocr_carea' id='block_1_37' title="bbox 2174 825 3764 918">
    <p class='ocr_par' dir='ltr' id='par_1_37' title="bbox 2174 825 3764 918">
     <span class='ocr_line' id='line_1_38' title="bbox 2174 825 3764 918; baseline -0.017 -10"><span class='ocrx_word' id='word_1_251' title='bbox 2174 825 2446 918; x_wconf 75' lang='lat' dir='ltr'><strong>mentum,</strong></span> <span class='ocrx_word' id='word_1_252' title='bbox 2468 825 2536 904; x_wconf 86' lang='lat' dir='ltr'><strong>de</strong></span> <span class='ocrx_word' id='word_1_253' title='bbox 2565 825 2676 918; x_wconf 84' lang='lat' dir='ltr'><strong>quo</strong></span> <span class='ocrx_word' id='word_1_254' title='bbox 2711 843 2768 898; x_wconf 91' lang='lat' dir='ltr'><strong>in</strong></span> <span class='ocrx_word' id='word_1_255' title='bbox 2797 841 2918 910; x_wconf 86' lang='lat' dir='ltr'><strong>ejus</strong></span> <span class='ocrx_word' id='word_1_256' title='bbox 2966 833 3090 894; x_wconf 75' lang='lat' dir='ltr'><strong>Vita</strong></span> <span class='ocrx_word' id='word_1_257' title='bbox 3135 832 3474 890; x_wconf 88' lang='lat' dir='ltr'><strong>mentionem</strong></span> <span class='ocrx_word' id='word_1_258' title='bbox 3508 825 3764 892; x_wconf 85' lang='lat' dir='ltr'><strong>fecimus,</strong></span> 
     </span>
    </p>
   </div>
   <div class='ocr_carea' id='block_1_38' title="bbox 2173 919 3765 1007">
    <p class='ocr_par' dir='ltr' id='par_1_38' title="bbox 2173 919 3765 1007">
     <span class='ocr_line' id='line_1_39' title="bbox 2173 919 3765 1007; baseline -0.019 -6"><span class='ocrx_word' id='word_1_259' title='bbox 2173 944 2224 1000; x_wconf 89' lang='lat' dir='ltr'><strong>ei</strong></span> <span class='ocrx_word' id='word_1_260' title='bbox 2249 943 2319 1000; x_wconf 89' lang='lat' dir='ltr'><strong>ab</strong></span> <span class='ocrx_word' id='word_1_261' title='bbox 2353 939 2614 998; x_wconf 90' lang='lat' dir='ltr'><strong>omnibus</strong></span> <span class='ocrx_word' id='word_1_262' title='bbox 2637 931 2912 1007; x_wconf 89' lang='lat' dir='ltr'><strong>episcopis</strong></span> <span class='ocrx_word' id='word_1_263' title='bbox 2941 938 2999 986; x_wconf 93' lang='lat' dir='ltr'><strong>et</strong></span> <span class='ocrx_word' id='word_1_264' title='bbox 3039 923 3411 984; x_wconf 87' lang='lat' dir='ltr'><strong>cardiualibus</strong></span> <span class='ocrx_word' id='word_1_265' title='bbox 3432 919 3765 993; x_wconf 68' lang='lat' dir='ltr'><strong>praestitum,</strong></span> 
     </span>
    </p>
   </div>
   <div class='ocr_carea' id='block_1_39' title="bbox 2175 1007 3767 1102">
    <p class='ocr_par' dir='ltr' id='par_1_39' title="bbox 2175 1007 3767 1102">
     <span class='ocr_line' id='line_1_40' title="bbox 2175 1007 3767 1102; baseline -0.018 -14"><span class='ocrx_word' id='word_1_266' title='bbox 2175 1033 2378 1102; x_wconf 70' lang='lat' dir='ltr'><strong>de,non</strong></span> <span class='ocrx_word' id='word_1_267' title='bbox 2406 1021 2661 1102; x_wconf 84' lang='lat' dir='ltr'><strong>eligendo</strong></span> <span class='ocrx_word' id='word_1_268' title='bbox 2690 1023 2942 1080; x_wconf 83' lang='lat' dir='ltr'><strong>Romano</strong></span> <span class='ocrx_word' id='word_1_269' title='bbox 2971 1017 3251 1092; x_wconf 88' lang='lat' dir='ltr'><strong>pontifice,</strong></span> <span class='ocrx_word' id='word_1_270' title='bbox 3283 1013 3331 1070; x_wconf 90' lang='lat' dir='ltr'><strong>si</strong></span> <span class='ocrx_word' id='word_1_271' title='bbox 3362 1027 3423 1069; x_wconf 90' lang='lat' dir='ltr'><strong>se</strong></span> <span class='ocrx_word' id='word_1_272' title='bbox 3452 1007 3598 1066; x_wconf 91' lang='lat' dir='ltr'><strong>mori</strong></span> <span class='ocrx_word' id='word_1_273' title='bbox 3631 1023 3767 1063; x_wconf 89' lang='lat' dir='ltr'><strong>con-</strong></span> 
     </span>
    </p>
   </div>
   <div class='ocr_carea' id='block_1_40' title="bbox 2177 1102 3772 1198">
    <p class='ocr_par' dir='ltr' id='par_1_40' title="bbox 2177 1102 3772 1198">
     <span class='ocr_line' id='line_1_41' title="bbox 2177 1102 3772 1198; baseline -0.019 -16"><span class='ocrx_word' id='word_1_274' title='bbox 2177 1125 2412 1198; x_wconf 87' lang='lat' dir='ltr'><strong>tigisset,</strong></span> <span class='ocrx_word' id='word_1_275' title='bbox 2443 1121 2621 1186; x_wconf 83' lang='lat' dir='ltr'><strong>donec</strong></span> <span class='ocrx_word' id='word_1_276' title='bbox 2653 1112 3080 1178; x_wconf 81' lang='lat' dir='ltr'><strong>Hildebrandus,</strong></span> <span class='ocrx_word' id='word_1_277' title='bbox 3119 1107 3216 1181; x_wconf 85' lang='lat' dir='ltr'><strong>qui</strong></span> <span class='ocrx_word' id='word_1_278' title='bbox 3253 1115 3388 1163; x_wconf 90' lang='lat' dir='ltr'><strong>tunc</strong></span> <span class='ocrx_word' id='word_1_279' title='bbox 3423 1102 3492 1159; x_wconf 88' lang='lat' dir='ltr'><strong>ad</strong></span> <span class='ocrx_word' id='word_1_280' title='bbox 3530 1102 3772 1172; x_wconf 89' lang='lat' dir='ltr'><strong>impera-</strong></span> 
     </span>
    </p>
   </div>
   <div class='ocr_carea' id='block_1_41' title="bbox 2178 1194 3773 1286">
    <p class='ocr_par' dir='ltr' id='par_1_41' title="bbox 2178 1194 3773 1286">
     <span class='ocr_line' id='line_1_42' title="bbox 2178 1194 3773 1286; baseline -0.021 -10"><span class='ocrx_word' id='word_1_281' title='bbox 2178 1194 2358 1276; x_wconf 66' lang='lat' dir='ltr'><strong>torem</strong></span> <span class='ocrx_word' id='word_1_282' title='bbox 2385 1229 2548 1286; x_wconf 89' lang='lat' dir='ltr'><strong>super</strong></span> <span class='ocrx_word' id='word_1_283' title='bbox 2584 1213 2692 1269; x_wconf 90' lang='lat' dir='ltr'><strong>hoc</strong></span> <span class='ocrx_word' id='word_1_284' title='bbox 2725 1207 2945 1280; x_wconf 86' lang='lat' dir='ltr'><strong>negotio</strong></span> <span class='ocrx_word' id='word_1_285' title='bbox 2973 1201 3314 1264; x_wconf 85' lang='lat' dir='ltr'><strong>mittebatur,</strong></span> <span class='ocrx_word' id='word_1_286' title='bbox 3341 1194 3615 1260; x_wconf 88' lang='lat' dir='ltr'><strong>rediisset,</strong></span> <span class='ocrx_word' id='word_1_287' title='bbox 3642 1205 3773 1262; x_wconf 89' lang='lat' dir='ltr'><strong>apo—</strong></span> 
     </span>
    </p>
   </div>
   <div class='ocr_carea' id='block_1_42' title="bbox 2179 1283 3773 1374">
    <p class='ocr_par' dir='ltr' id='par_1_42' title="bbox 2179 1283 3773 1374">
     <span class='ocr_line' id='line_1_43' title="bbox 2179 1283 3773 1374; baseline -0.02 -6"><span class='ocrx_word' id='word_1_288' title='bbox 2179 1309 2387 1368; x_wconf 65' lang='lat' dir='ltr'><strong>stolica:</strong></span> <span class='ocrx_word' id='word_1_289' title='bbox 2413 1283 2562 1364; x_wconf 79' lang='lat' dir='ltr'><strong>sedis</strong></span> <span class='ocrx_word' id='word_1_290' title='bbox 2599 1305 2810 1374; x_wconf 82' lang='lat' dir='ltr'><strong>legatus</strong></span> <span class='ocrx_word' id='word_1_291' title='bbox 2832 1299 2900 1356; x_wconf 91' lang='lat' dir='ltr'><strong>ad</strong></span> <span class='ocrx_word' id='word_1_292' title='bbox 2924 1297 3334 1369; x_wconf 88' lang='lat' dir='ltr'><strong>imperatorem,</strong></span> <span class='ocrx_word' id='word_1_293' title='bbox 3357 1296 3414 1345; x_wconf 90' lang='lat' dir='ltr'><strong>et</strong></span> <span class='ocrx_word' id='word_1_294' title='bbox 3435 1286 3559 1358; x_wconf 85' lang='lat' dir='ltr'><strong>ejus</strong></span> <span class='ocrx_word' id='word_1_295' title='bbox 3600 1283 3773 1340; x_wconf 88' lang='lat' dir='ltr'><strong>filium</strong></span> 
     </span>
    </p>
   </div>
   <div class='ocr_carea' id='block_1_43' title="bbox 2181 1380 3822 1458">
    <p class='ocr_par' dir='ltr' id='par_1_43' title="bbox 2181 1380 3822 1458">
     <span class='ocr_line' id='line_1_44' title="bbox 2181 1380 3822 1458; baseline -0.02 0"><span class='ocrx_word' id='word_1_296' title='bbox 2181 1400 2583 1458; x_wconf 86' lang='lat' dir='ltr'><strong>adolescentem</strong></span> <span class='ocrx_word' id='word_1_297' title='bbox 2615 1390 2915 1450; x_wconf 84' lang='lat' dir='ltr'><strong>Ilenricum</strong></span> <span class='ocrx_word' id='word_1_298' title='bbox 2945 1385 3016 1442; x_wconf 82' lang='lat' dir='ltr'><strong>IV</strong></span> <span class='ocrx_word' id='word_1_299' title='bbox 3054 1380 3266 1441; x_wconf 82' lang='lat' dir='ltr'><strong>missus</strong></span> <span class='ocrx_word' id='word_1_300' title='bbox 3284 1388 3390 1438; x_wconf 86' lang='lat' dir='ltr'><strong>est.</strong></span> <span class='ocrx_word' id='word_1_301' title='bbox 3819 1449 3822 1452; x_wconf 8' lang='grc' dir='ltr'><strong><em>ἢ</em></strong></span> 
     </span>
    </p>
   </div>
   <div class='ocr_carea' id='block_1_44' title="bbox 2252 1463 3774 1550">
    <p class='ocr_par' dir='ltr' id='par_1_44' title="bbox 2252 1463 3774 1550">
     <span class='ocr_line' id='line_1_45' title="bbox 2252 1463 3774 1550; baseline -0.022 0"><span class='ocrx_word' id='word_1_302' title='bbox 2252 1492 2393 1550; x_wconf 90' lang='lat' dir='ltr'><strong>Cum</strong></span> <span class='ocrx_word' id='word_1_303' title='bbox 2422 1498 2606 1546; x_wconf 87' lang='lat' dir='ltr'><strong>autem</strong></span> <span class='ocrx_word' id='word_1_304' title='bbox 2637 1481 2828 1542; x_wconf 90' lang='lat' dir='ltr'><strong>audita</strong></span> <span class='ocrx_word' id='word_1_305' title='bbox 2881 1476 3147 1549; x_wconf 87' lang='lat' dir='ltr'><strong>Stephani</strong></span> <span class='ocrx_word' id='word_1_306' title='bbox 3181 1471 3253 1530; x_wconf 79' lang='lat' dir='ltr'><strong>IX</strong></span> <span class='ocrx_word' id='word_1_307' title='bbox 3288 1479 3466 1528; x_wconf 90' lang='lat' dir='ltr'><strong>morte</strong></span> <span class='ocrx_word' id='word_1_308' title='bbox 3496 1463 3774 1550; x_wconf 82' lang='lat' dir='ltr'><strong>rediisset,</strong></span> 
     </span>
    </p>
   </div>
   <div class='ocr_carea' id='block_1_45' title="bbox 2183 1549 3778 1644">
    <p class='ocr_par' dir='ltr' id='par_1_45' title="bbox 2183 1549 3778 1644">
     <span class='ocr_line' id='line_1_46' title="bbox 2183 1549 3778 1644; baseline -0.021 -8"><span class='ocrx_word' id='word_1_309' title='bbox 2183 1549 2478 1636; x_wconf 81' lang='lat' dir='ltr'><strong>Benedicto</strong></span> <span class='ocrx_word' id='word_1_310' title='bbox 2508 1572 2577 1642; x_wconf 85' lang='grc' dir='ltr'><strong>Χ,</strong></span> <span class='ocrx_word' id='word_1_311' title='bbox 2601 1571 2697 1644; x_wconf 89' lang='lat' dir='ltr'><strong>qui</strong></span> <span class='ocrx_word' id='word_1_312' title='bbox 2730 1577 2866 1641; x_wconf 87' lang='lat' dir='ltr'><strong>post</strong></span> <span class='ocrx_word' id='word_1_313' title='bbox 2891 1579 3020 1624; x_wconf 90' lang='lat' dir='ltr'><strong>eum</strong></span> <span class='ocrx_word' id='word_1_314' title='bbox 3068 1559 3428 1634; x_wconf 87' lang='lat' dir='ltr'><strong>apostolicam</strong></span> <span class='ocrx_word' id='word_1_315' title='bbox 3457 1553 3648 1610; x_wconf 89' lang='lat' dir='ltr'><strong>sedem</strong></span> <span class='ocrx_word' id='word_1_316' title='bbox 3695 1549 3778 1604; x_wconf 87' lang='lat' dir='ltr'><strong>in-</strong></span> 
     </span>
    </p>
   </div>
   <div class='ocr_carea' id='block_1_46' title="bbox 2183 1642 3778 1738">
    <p class='ocr_par' dir='ltr' id='par_1_46' title="bbox 2183 1642 3778 1738">
     <span class='ocr_line' id='line_1_47' title="bbox 2183 1642 3778 1738; baseline -0.019 -11"><span class='ocrx_word' id='word_1_317' title='bbox 2183 1676 2424 1738; x_wconf 89' lang='lat' dir='ltr'><strong>vaserat,</strong></span> <span class='ocrx_word' id='word_1_318' title='bbox 2455 1665 2576 1738; x_wconf 90' lang='lat' dir='ltr'><strong>ejus</strong></span> <span class='ocrx_word' id='word_1_319' title='bbox 2605 1642 2934 1718; x_wconf 78' lang='lat' dir='ltr'><strong>auctoritate</strong></span> <span class='ocrx_word' id='word_1_320' title='bbox 2959 1655 3244 1726; x_wconf 86' lang='lat' dir='ltr'><strong>abrogato,</strong></span> <span class='ocrx_word' id='word_1_321' title='bbox 3273 1651 3422 1725; x_wconf 73' lang='lat'><strong>(208)</strong></span> <span class='ocrx_word' id='word_1_322' title='bbox 3447 1648 3716 1704; x_wconf 80' lang='lat' dir='ltr'><strong>Nicolaus</strong></span> <span class='ocrx_word' id='word_1_323' title='bbox 3735 1642 3778 1697; x_wconf 88' lang='grc' dir='ltr'>ιι</span> 
     </span>
    </p>
   </div>
   <div class='ocr_carea' id='block_1_47' title="bbox 2189 1734 3782 1832">
    <p class='ocr_par' dir='ltr' id='par_1_47' title="bbox 2189 1734 3782 1832">
     <span class='ocr_line' id='line_1_48' title="bbox 2189 1734 3782 1832; baseline -0.018 -16"><span class='ocrx_word' id='word_1_324' title='bbox 2189 1734 2436 1832; x_wconf 85' lang='lat' dir='ltr'><strong>pontifex</strong></span> <span class='ocrx_word' id='word_1_325' title='bbox 2479 1734 2758 1809; x_wconf 85' lang='lat' dir='ltr'><strong>maximus</strong></span> <span class='ocrx_word' id='word_1_326' title='bbox 2822 1744 3174 1803; x_wconf 87' lang='lat' dir='ltr'><strong>renuntiatus</strong></span> <span class='ocrx_word' id='word_1_327' title='bbox 3202 1751 3288 1798; x_wconf 90' lang='lat' dir='ltr'><strong>est</strong></span> <span class='ocrx_word' id='word_1_328' title='bbox 3325 1760 3338 1796; x_wconf 91' lang='lat'><strong>:</strong></span> <span class='ocrx_word' id='word_1_329' title='bbox 3375 1740 3472 1812; x_wconf 87' lang='lat' dir='ltr'><strong>qui</strong></span> <span class='ocrx_word' id='word_1_330' title='bbox 3527 1734 3782 1794; x_wconf 87' lang='lat' dir='ltr'><strong>beneficii</strong></span> 
     </span>
    </p>
   </div>
   <div class='ocr_carea' id='block_1_48' title="bbox 2185 1827 3780 1919">
    <p class='ocr_par' dir='ltr' id='par_1_48' title="bbox 2185 1827 3780 1919">
     <span class='ocr_line' id='line_1_49' title="bbox 2185 1827 3780 1919; baseline -0.018 -10"><span class='ocrx_word' id='word_1_331' title='bbox 2185 1865 2426 1916; x_wconf 89' lang='lat' dir='ltr'><strong>memor,</strong></span> <span class='ocrx_word' id='word_1_332' title='bbox 2479 1845 2627 1919; x_wconf 86' lang='lat' dir='ltr'><strong>quod</strong></span> <span class='ocrx_word' id='word_1_333' title='bbox 2670 1843 2820 1900; x_wconf 89' lang='lat' dir='ltr'><strong>enim</strong></span> <span class='ocrx_word' id='word_1_334' title='bbox 2871 1836 3124 1912; x_wconf 76' lang='lat' dir='ltr'><strong>pontifex</strong></span> <span class='ocrx_word' id='word_1_335' title='bbox 3171 1833 3455 1891; x_wconf 81' lang='lat' dir='ltr'><strong>Romanus</strong></span> <span class='ocrx_word' id='word_1_336' title='bbox 3495 1838 3669 1896; x_wconf 89' lang='lat' dir='ltr'><strong>esset,</strong></span> <span class='ocrx_word' id='word_1_337' title='bbox 3704 1827 3780 1882; x_wconf 90' lang='lat' dir='ltr'><strong>illi</strong></span> 
     </span>
    </p>
   </div>
   <div class='ocr_carea' id='block_1_49' title="bbox 2187 1918 3779 2014">
    <p class='ocr_par' dir='ltr' id='par_1_49' title="bbox 2187 1918 3779 2014">
     <span class='ocr_line' id='line_1_50' title="bbox 2187 1918 3779 2014; baseline -0.019 -12"><span class='ocrx_word' id='word_1_338' title='bbox 2187 1951 2471 2014; x_wconf 86' lang='lat' dir='ltr'><strong>acceptum</strong></span> <span class='ocrx_word' id='word_1_339' title='bbox 2511 1918 2810 2001; x_wconf 86' lang='lat' dir='ltr'><strong>referebat,</strong></span> <span class='ocrx_word' id='word_1_340' title='bbox 2845 1933 3026 2003; x_wconf 89' lang='lat' dir='ltr'><strong>ipsum</strong></span> <span class='ocrx_word' id='word_1_341' title='bbox 3071 1936 3198 2002; x_wconf 87' lang='lat' dir='ltr'><strong>post</strong></span> <span class='ocrx_word' id='word_1_342' title='bbox 3219 1925 3505 1990; x_wconf 84' lang='lat' dir='ltr'><strong>Mincium,</strong></span> <span class='ocrx_word' id='word_1_343' title='bbox 3535 1919 3596 1978; x_wconf 89' lang='lat' dir='ltr'><strong>S.</strong></span> <span class='ocrx_word' id='word_1_344' title='bbox 3623 1920 3693 1975; x_wconf 77' lang='grc' dir='ltr'><strong>Β.</strong></span> <span class='ocrx_word' id='word_1_345' title='bbox 3719 1918 3779 1972; x_wconf 88' lang='grc' dir='ltr'><strong>Ε.</strong></span> 
     </span>
    </p>
   </div>
   <div class='ocr_carea' id='block_1_50' title="bbox 2187 2014 3784 2094">
    <p class='ocr_par' dir='ltr' id='par_1_50' title="bbox 2187 2014 3784 2094">
     <span class='ocr_line' id='line_1_51' title="bbox 2187 2014 3784 2094; baseline -0.018 -2"><span class='ocrx_word' id='word_1_346' title='bbox 2187 2023 2640 2094; x_wconf 86' lang='lat' dir='ltr'><strong>archidiaconum</strong></span> <span class='ocrx_word' id='word_1_347' title='bbox 2673 2021 2898 2084; x_wconf 89' lang='lat' dir='ltr'><strong>creavit.</strong></span> <span class='ocrx_word' id='word_1_348' title='bbox 2926 2021 3084 2092; x_wconf 84' lang='lat' dir='ltr'><strong>Apud</strong></span> <span class='ocrx_word' id='word_1_349' title='bbox 3117 2017 3402 2074; x_wconf 78' lang='lat' dir='ltr'><strong>Nicolaum</strong></span> <span class='ocrx_word' id='word_1_350' title='bbox 3427 2014 3611 2086; x_wconf 84' lang='lat' dir='ltr'><strong>ipsum</strong></span> <span class='ocrx_word' id='word_1_351' title='bbox 3633 2018 3784 2066; x_wconf 83' lang='lat' dir='ltr'><strong>tanta</strong></span> 
     </span>
    </p>
   </div>
   <div class='ocr_carea' id='block_1_51' title="bbox 2189 2103 3788 2201">
    <p class='ocr_par' dir='ltr' id='par_1_51' title="bbox 2189 2103 3788 2201">
     <span class='ocr_line' id='line_1_52' title="bbox 2189 2103 3788 2201; baseline -0.017 -18"><span class='ocrx_word' id='word_1_352' title='bbox 2189 2127 2387 2201; x_wconf 85' lang='lat' dir='ltr'><strong>gratia,</strong></span> <span class='ocrx_word' id='word_1_353' title='bbox 2419 2133 2474 2181; x_wconf 89' lang='lat' dir='ltr'><strong>et</strong></span> <span class='ocrx_word' id='word_1_354' title='bbox 2507 2117 2836 2179; x_wconf 85' lang='lat' dir='ltr'><strong>auctoritate</strong></span> <span class='ocrx_word' id='word_1_355' title='bbox 2865 2113 3057 2181; x_wconf 89' lang='lat' dir='ltr'><strong>valuit,</strong></span> <span class='ocrx_word' id='word_1_356' title='bbox 3087 2119 3151 2167; x_wconf 90' lang='lat' dir='ltr'><strong>ut</strong></span> <span class='ocrx_word' id='word_1_357' title='bbox 3180 2107 3318 2166; x_wconf 84' lang='lat' dir='ltr'><strong>nihil</strong></span> <span class='ocrx_word' id='word_1_358' title='bbox 3365 2122 3432 2164; x_wconf 90' lang='lat' dir='ltr'><strong>eo</strong></span> <span class='ocrx_word' id='word_1_359' title='bbox 3474 2103 3788 2161; x_wconf 86' lang='lat' dir='ltr'><strong>inconsulto</strong></span> 
     </span>
    </p>
   </div>
   <div class='ocr_carea' id='block_1_52' title="bbox 2192 2205 3076 2290">
    <p class='ocr_par' dir='ltr' id='par_1_52' title="bbox 2192 2205 3076 2290">
     <span class='ocr_line' id='line_1_53' title="bbox 2192 2205 3076 2290; baseline -0.017 -16"><span class='ocrx_word' id='word_1_360' title='bbox 2192 2232 2435 2290; x_wconf 83' lang='lat' dir='ltr'><strong>unquam</strong></span> <span class='ocrx_word' id='word_1_361' title='bbox 2473 2211 2717 2287; x_wconf 83' lang='lat' dir='ltr'><strong>pontifex</strong></span> <span class='ocrx_word' id='word_1_362' title='bbox 2750 2205 3076 2266; x_wconf 71' lang='lat' dir='ltr'><strong>decreverit.</strong></span> 
     </span>
    </p>
   </div>
   <div class='ocr_carea' id='block_1_53' title="bbox 2265 2286 3796 2378">
    <p class='ocr_par' dir='ltr' id='par_1_53' title="bbox 2265 2286 3796 2378">
     <span class='ocr_line' id='line_1_54' title="bbox 2265 2286 3796 2378; baseline -0.017 -12"><span class='ocrx_word' id='word_1_363' title='bbox 2265 2286 2388 2378; x_wconf 54' lang='lat' dir='ltr'><strong>duo</strong></span> <span class='ocrx_word' id='word_1_364' title='bbox 2422 2286 2666 2372; x_wconf 86' lang='lat' dir='ltr'><strong>mortuo,</strong></span> <span class='ocrx_word' id='word_1_365' title='bbox 2698 2297 3090 2358; x_wconf 73' lang='lat' dir='ltr'><strong>ecclesiasticae</strong></span> <span class='ocrx_word' id='word_1_366' title='bbox 3123 2291 3393 2350; x_wconf 86' lang='lat' dir='ltr'><strong>libertatis</strong></span> <span class='ocrx_word' id='word_1_367' title='bbox 3427 2289 3652 2354; x_wconf 84' lang='lat' dir='ltr'><strong>anxius,</strong></span> <span class='ocrx_word' id='word_1_368' title='bbox 3684 2286 3796 2341; x_wconf 81' lang='lat' dir='ltr'><strong>Ro-</strong></span> 
     </span>
    </p>
   </div>
   <div class='ocr_carea' id='block_1_54' title="bbox 2187 2381 3796 2470">
    <p class='ocr_par' dir='ltr' id='par_1_54' title="bbox 2187 2381 3796 2470">
     <span class='ocr_line' id='line_1_55' title="bbox 2187 2381 3796 2470; baseline -0.014 -17"><span class='ocrx_word' id='word_1_369' title='bbox 2187 2399 2348 2458; x_wconf 88' lang='lat' dir='ltr'><strong>.mani</strong></span> <span class='ocrx_word' id='word_1_370' title='bbox 2394 2393 2676 2470; x_wconf 84' lang='lat' dir='ltr'><strong>pontificis</strong></span> <span class='ocrx_word' id='word_1_371' title='bbox 2702 2390 3047 2455; x_wconf 84' lang='lat' dir='ltr'><strong>electionem,</strong></span> <span class='ocrx_word' id='word_1_372' title='bbox 3079 2401 3148 2442; x_wconf 87' lang='lat' dir='ltr'><strong>ex</strong></span> <span class='ocrx_word' id='word_1_373' title='bbox 3184 2398 3352 2440; x_wconf 91' lang='lat' dir='ltr'><strong>manu</strong></span> <span class='ocrx_word' id='word_1_374' title='bbox 3393 2381 3796 2452; x_wconf 89' lang='lat' dir='ltr'><strong>imperatorum</strong></span> 
     </span>
    </p>
   </div>
   <div class='ocr_carea' id='block_1_55' title="bbox 2197 2471 3797 2564">
    <p class='ocr_par' dir='ltr' id='par_1_55' title="bbox 2197 2471 3797 2564">
     <span class='ocr_line' id='line_1_56' title="bbox 2197 2471 3797 2564; baseline -0.017 -13"><span class='ocrx_word' id='word_1_375' title='bbox 2197 2495 2409 2564; x_wconf 89' lang='lat' dir='ltr'><strong>eripere</strong></span> <span class='ocrx_word' id='word_1_376' title='bbox 2437 2491 2554 2562; x_wconf 89' lang='lat' dir='ltr'><strong>jam</strong></span> <span class='ocrx_word' id='word_1_377' title='bbox 2594 2486 2870 2558; x_wconf 88' lang='lat' dir='ltr'><strong>aspirans,</strong></span> <span class='ocrx_word' id='word_1_378' title='bbox 2907 2480 3186 2538; x_wconf 81' lang='lat' dir='ltr'><strong>maximus</strong></span> <span class='ocrx_word' id='word_1_379' title='bbox 3231 2485 3427 2533; x_wconf 89' lang='lat' dir='ltr'><strong>auctor</strong></span> <span class='ocrx_word' id='word_1_380' title='bbox 3455 2473 3584 2540; x_wconf 88' lang='lat' dir='ltr'><strong>fuit,</strong></span> <span class='ocrx_word' id='word_1_381' title='bbox 3629 2479 3694 2527; x_wconf 91' lang='lat' dir='ltr'><strong>ut</strong></span> <span class='ocrx_word' id='word_1_382' title='bbox 3740 2471 3797 2524; x_wconf 88' lang='lat' dir='ltr'><strong>in</strong></span> 
     </span>
    </p>
   </div>
   <div class='ocr_carea' id='block_1_56' title="bbox 2198 2562 3798 2646">
    <p class='ocr_par' dir='ltr' id='par_1_56' title="bbox 2198 2562 3798 2646">
     <span class='ocr_line' id='line_1_57' title="bbox 2198 2562 3798 2646; baseline -0.016 -6"><span class='ocrx_word' id='word_1_383' title='bbox 2198 2562 2467 2640; x_wconf 76' lang='lat' dir='ltr'><strong>electione</strong></span> <span class='ocrx_word' id='word_1_384' title='bbox 2493 2577 2730 2634; x_wconf 83' lang='lat' dir='ltr'><strong>Romani</strong></span> <span class='ocrx_word' id='word_1_385' title='bbox 2761 2571 3039 2646; x_wconf 79' lang='lat' dir='ltr'><strong>pontiﬁcis</strong></span> <span class='ocrx_word' id='word_1_386' title='bbox 3069 2567 3316 2626; x_wconf 88' lang='lat' dir='ltr'><strong>Ecclesia</strong></span> <span class='ocrx_word' id='word_1_387' title='bbox 3341 2565 3593 2621; x_wconf 79' lang='lat' dir='ltr'><strong>Romana</strong></span> <span class='ocrx_word' id='word_1_388' title='bbox 3625 2562 3798 2616; x_wconf 89' lang='lat' dir='ltr'><strong>liber-</strong></span> 
     </span>
    </p>
   </div>
   <div class='ocr_carea' id='block_1_57' title="bbox 2200 2655 3799 2742">
    <p class='ocr_par' dir='ltr' id='par_1_57' title="bbox 2200 2655 3799 2742">
     <span class='ocr_line' id='line_1_58' title="bbox 2200 2655 3799 2742; baseline -0.015 -10"><span class='ocrx_word' id='word_1_389' title='bbox 2200 2685 2366 2732; x_wconf 86' lang='lat' dir='ltr'><strong>tatem</strong></span> <span class='ocrx_word' id='word_1_390' title='bbox 2394 2687 2552 2730; x_wconf 89' lang='lat' dir='ltr'><strong>suam</strong></span> <span class='ocrx_word' id='word_1_391' title='bbox 2570 2671 2687 2742; x_wconf 90' lang='lat' dir='ltr'><strong>jam</strong></span> <span class='ocrx_word' id='word_1_392' title='bbox 2719 2668 2814 2724; x_wconf 91' lang='lat' dir='ltr'><strong>diu</strong></span> <span class='ocrx_word' id='word_1_393' title='bbox 2835 2665 2892 2720; x_wconf 91' lang='lat' dir='ltr'><strong>in</strong></span> <span class='ocrx_word' id='word_1_394' title='bbox 2922 2664 3188 2720; x_wconf 90' lang='lat' dir='ltr'><strong>electione</strong></span> <span class='ocrx_word' id='word_1_395' title='bbox 3216 2674 3446 2718; x_wconf 87' lang='lat' dir='ltr'><strong>suorum</strong></span> <span class='ocrx_word' id='word_1_396' title='bbox 3473 2655 3799 2730; x_wconf 82' lang='lat' dir='ltr'><strong>pontificum</strong></span> 
     </span>
    </p>
   </div>
   <div class='ocr_carea' id='block_1_58' title="bbox 2203 2745 3801 2830">
    <p class='ocr_par' dir='ltr' id='par_1_58' title="bbox 2203 2745 3801 2830">
     <span class='ocr_line' id='line_1_59' title="bbox 2203 2745 3801 2830; baseline -0.015 -9"><span class='ocrx_word' id='word_1_397' title='bbox 2203 2764 2464 2822; x_wconf 88' lang='lat' dir='ltr'><strong>amissam</strong></span> <span class='ocrx_word' id='word_1_398' title='bbox 2516 2771 2844 2830; x_wconf 88' lang='lat' dir='ltr'><strong>recuperare</strong></span> <span class='ocrx_word' id='word_1_399' title='bbox 2895 2752 3182 2826; x_wconf 88' lang='lat' dir='ltr'><strong>inceperit.</strong></span> <span class='ocrx_word' id='word_1_400' title='bbox 3212 2750 3420 2808; x_wconf 91' lang='lat' dir='ltr'><strong>Cadolo</strong></span> <span class='ocrx_word' id='word_1_401' title='bbox 3456 2747 3608 2804; x_wconf 88' lang='lat' dir='ltr'><strong>enim</strong></span> <span class='ocrx_word' id='word_1_402' title='bbox 3658 2745 3801 2800; x_wconf 86' lang='lat' dir='ltr'><strong>Par-</strong></span> 
     </span>
    </p>
   </div>
   <div class='ocr_carea' id='block_1_59' title="bbox 2203 2837 3802 2926">
    <p class='ocr_par' dir='ltr' id='par_1_59' title="bbox 2203 2837 3802 2926">
     <span class='ocr_line' id='line_1_60' title="bbox 2203 2837 3802 2926; baseline -0.015 -13"><span class='ocrx_word' id='word_1_403' title='bbox 2203 2855 2381 2913; x_wconf 90' lang='lat' dir='ltr'><strong>mensi</strong></span> <span class='ocrx_word' id='word_1_404' title='bbox 2421 2853 2704 2926; x_wconf 87' lang='lat' dir='ltr'><strong>episeopo,</strong></span> <span class='ocrx_word' id='word_1_405' title='bbox 2743 2849 2840 2922; x_wconf 91' lang='lat' dir='ltr'><strong>qui</strong></span> <span class='ocrx_word' id='word_1_406' title='bbox 2885 2848 2954 2904; x_wconf 90' lang='lat' dir='ltr'><strong>ab</strong></span> <span class='ocrx_word' id='word_1_407' title='bbox 3008 2847 3339 2918; x_wconf 86' lang='lat' dir='ltr'><strong>imperatore</strong></span> <span class='ocrx_word' id='word_1_408' title='bbox 3370 2841 3578 2896; x_wconf 90' lang='lat' dir='ltr'><strong>electus</strong></span> <span class='ocrx_word' id='word_1_409' title='bbox 3601 2837 3802 2901; x_wconf 85' lang='lat' dir='ltr'><strong>fuerat,</strong></span> 
     </span>
    </p>
   </div>
   <div class='ocr_carea' id='block_1_60' title="bbox 2199 2928 3804 3018">
    <p class='ocr_par' dir='ltr' id='par_1_60' title="bbox 2199 2928 3804 3018">
     <span class='ocr_line' id='line_1_61' title="bbox 2199 2928 3804 3018; baseline -0.014 -15"><span class='ocrx_word' id='word_1_410' title='bbox 2199 2947 2492 3018; x_wconf 82' lang='lat' dir='ltr'><strong>abrogato,</strong></span> <span class='ocrx_word' id='word_1_411' title='bbox 2545 2941 2702 3016; x_wconf 71' lang='lat'><strong>(209)</strong></span> <span class='ocrx_word' id='word_1_412' title='bbox 2752 2937 3077 2996; x_wconf 83' lang='lat' dir='ltr'><strong>Anselmum</strong></span> <span class='ocrx_word' id='word_1_413' title='bbox 3121 2933 3440 3006; x_wconf 84' lang='lat' dir='ltr'><strong>episcopum</strong></span> <span class='ocrx_word' id='word_1_414' title='bbox 3495 2928 3804 2985; x_wconf 84' lang='lat' dir='ltr'><strong>Lucensem</strong></span> 
     </span>
    </p>
   </div>
   <div class='ocr_carea' id='block_1_61' title="bbox 2208 3020 3806 3096">
    <p class='ocr_par' dir='ltr' id='par_1_61' title="bbox 2208 3020 3806 3096">
     <span class='ocr_line' id='line_1_62' title="bbox 2208 3020 3806 3096; baseline -0.012 -4"><span class='ocrx_word' id='word_1_415' title='bbox 2208 3037 2398 3092; x_wconf 59' lang='lat' dir='ltr'><strong>Romae</strong></span> <span class='ocrx_word' id='word_1_416' title='bbox 2425 3033 2616 3092; x_wconf 86' lang='lat' dir='ltr'><strong>liberis</strong></span> <span class='ocrx_word' id='word_1_417' title='bbox 2661 3028 3024 3088; x_wconf 88' lang='lat' dir='ltr'><strong>cardinalium</strong></span> <span class='ocrx_word' id='word_1_418' title='bbox 3069 3021 3345 3096; x_wconf 70' lang='lat' dir='ltr'><strong>suﬂ&#39;ragiis</strong></span> <span class='ocrx_word' id='word_1_419' title='bbox 3376 3020 3503 3092; x_wconf 89' lang='lat' dir='ltr'><strong>eligi</strong></span> <span class='ocrx_word' id='word_1_420' title='bbox 3533 3030 3806 3091; x_wconf 82' lang='lat' dir='ltr'><strong>procura-</strong></span> 
     </span>
    </p>
   </div>
   <div class='ocr_carea' id='block_1_62' title="bbox 520 3098 3806 3198">
    <p class='ocr_par' dir='ltr' id='par_1_62' title="bbox 520 3098 3806 3198">
     <span class='ocr_line' id='line_1_63' title="bbox 520 3098 3806 3198; baseline -0.016 -21"><span class='ocrx_word' id='word_1_421' title='bbox 520 3119 736 3193; x_wconf 85' lang='lat' dir='ltr'><strong>religio.</strong></span> <span class='ocrx_word' id='word_1_422' title='bbox 773 3114 1161 3174; x_wconf 82' lang='lat' dir='ltr'><strong>Residentibus</strong></span> <span class='ocrx_word' id='word_1_423' title='bbox 1192 3111 1341 3168; x_wconf 91' lang='lat' dir='ltr'><strong>enim</strong></span> <span class='ocrx_word' id='word_1_424' title='bbox 1376 3106 1634 3164; x_wconf 90' lang='lat' dir='ltr'><strong>omnibus</strong></span> <span class='ocrx_word' id='word_1_425' title='bbox 1656 3098 2104 3198; x_wconf 81' lang='lat' dir='ltr'><strong>archiepiscopis,</strong></span> <span class='ocrx_word' id='word_1_426' title='bbox 2131 3125 2174 3184; x_wconf 63' lang='grc' dir='ltr'><strong><em>ε</em></strong></span> <span class='ocrx_word' id='word_1_427' title='bbox 2207 3128 2286 3184; x_wconf 57' lang='lat' dir='ltr'><strong>vi,</strong></span> <span class='ocrx_word' id='word_1_428' title='bbox 2312 3145 2324 3182; x_wconf 51' lang='grc' dir='ltr'>ε</span> <span class='ocrx_word' id='word_1_429' title='bbox 2350 3127 2580 3198; x_wconf 67' lang='lat' dir='ltr'><strong>ejusque</strong></span> <span class='ocrx_word' id='word_1_430' title='bbox 2618 3123 2735 3194; x_wconf 62' lang='lat' dir='ltr'><strong>iam</strong></span> <span class='ocrx_word' id='word_1_431' title='bbox 2769 3117 2928 3178; x_wconf 47' lang='lat' dir='ltr'><strong>electi</strong></span> <span class='ocrx_word' id='word_1_432' title='bbox 2983 3124 3040 3172; x_wconf 54' lang='lat' dir='ltr'><strong>et</strong></span> <span class='ocrx_word' id='word_1_433' title='bbox 3069 3111 3381 3171; x_wconf 47' lang='lat' dir='ltr'><strong>consecrati</strong></span> <span class='ocrx_word' id='word_1_434' title='bbox 3416 3117 3604 3182; x_wconf 45' lang='lat' dir='ltr'><strong>partes</strong></span> <span class='ocrx_word' id='word_1_435' title='bbox 3635 3120 3806 3178; x_wconf 69' lang='lat' dir='ltr'><strong>quam</strong></span> 
     </span>
    </p>
   </div>
   <div class='ocr_carea' id='block_1_63' title="bbox 521 3193 2108 3285">
    <p class='ocr_par' dir='ltr' id='par_1_63' title="bbox 521 3193 2108 3285">
     <span class='ocr_line' id='line_1_64' title="bbox 521 3193 2108 3285; baseline -0.014 -15"><span class='ocrx_word' id='word_1_436' title='bbox 521 3213 795 3285; x_wconf 88' lang='lat' dir='ltr'><strong>episcopis</strong></span> <span class='ocrx_word' id='word_1_437' title='bbox 817 3253 834 3280; x_wconf 93' lang='lat'><strong>,</strong></span> <span class='ocrx_word' id='word_1_438' title='bbox 887 3205 1177 3265; x_wconf 83' lang='lat' dir='ltr'><strong>abbatibus</strong></span> <span class='ocrx_word' id='word_1_439' title='bbox 1220 3203 1278 3258; x_wconf 91' lang='lat' dir='ltr'><strong>in</strong></span> <span class='ocrx_word' id='word_1_440' title='bbox 1332 3199 1567 3259; x_wconf 91' lang='lat' dir='ltr'><strong>concilio</strong></span> <span class='ocrx_word' id='word_1_441' title='bbox 1606 3216 1621 3254; x_wconf 91' lang='lat'><strong>:</strong></span> <span class='ocrx_word' id='word_1_442' title='bbox 1658 3193 2108 3266; x_wconf 86' lang='lat' dir='ltr'><strong>archiepiscopus</strong></span> 
     </span>
    </p>
   </div>
   <div class='ocr_carea' id='block_1_64' title="bbox 529 3288 2110 3377">
    <p class='ocr_par' dir='ltr' id='par_1_64' title="bbox 529 3288 2110 3377">
     <span class='ocr_line' id='line_1_65' title="bbox 529 3288 2110 3377; baseline -0.015 -15"><span class='ocrx_word' id='word_1_443' title='bbox 529 3307 753 3377; x_wconf 88' lang='lat' dir='ltr'><strong>quidam</strong></span> <span class='ocrx_word' id='word_1_444' title='bbox 775 3304 859 3359; x_wconf 89' lang='lat' dir='ltr'><strong>vir</strong></span> <span class='ocrx_word' id='word_1_445' title='bbox 882 3302 1154 3358; x_wconf 88' lang='lat' dir='ltr'><strong>litteratus</strong></span> <span class='ocrx_word' id='word_1_446' title='bbox 1187 3304 1242 3352; x_wconf 89' lang='lat' dir='ltr'><strong>et</strong></span> <span class='ocrx_word' id='word_1_447' title='bbox 1257 3295 1540 3364; x_wconf 87' lang='lat' dir='ltr'><strong>eloquens,</strong></span> <span class='ocrx_word' id='word_1_448' title='bbox 1566 3289 1712 3362; x_wconf 90' lang='lat' dir='ltr'><strong>quod</strong></span> <span class='ocrx_word' id='word_1_449' title='bbox 1735 3288 2110 3358; x_wconf 77' lang='lat' dir='ltr'><strong>episcopatum</strong></span> 
     </span>
    </p>
   </div>
   <div class='ocr_carea' id='block_1_65' title="bbox 530 3378 2112 3454">
    <p class='ocr_par' dir='ltr' id='par_1_65' title="bbox 530 3378 2112 3454">
     <span class='ocr_line' id='line_1_66' title="bbox 530 3378 2112 3454; baseline -0.012 -2"><span class='ocrx_word' id='word_1_450' title='bbox 530 3395 756 3453; x_wconf 87' lang='lat' dir='ltr'><strong>emisset</strong></span> <span class='ocrx_word' id='word_1_451' title='bbox 787 3401 1080 3451; x_wconf 85' lang='lat' dir='ltr'><strong>accusatus</strong></span> <span class='ocrx_word' id='word_1_452' title='bbox 1107 3396 1210 3446; x_wconf 91' lang='lat' dir='ltr'><strong>est.</strong></span> <span class='ocrx_word' id='word_1_453' title='bbox 1259 3386 1387 3454; x_wconf 84' lang='lat' dir='ltr'><strong>Qui,</strong></span> <span class='ocrx_word' id='word_1_454' title='bbox 1415 3383 1674 3440; x_wconf 89' lang='lat' dir='ltr'><strong>omnibus</strong></span> <span class='ocrx_word' id='word_1_455' title='bbox 1697 3378 2112 3436; x_wconf 88' lang='lat' dir='ltr'><strong>accusatoribus</strong></span> 
     </span>
    </p>
   </div>
   <div class='ocr_carea' id='block_1_66' title="bbox 535 3469 2114 3560">
    <p class='ocr_par' dir='ltr' id='par_1_66' title="bbox 535 3469 2114 3560">
     <span class='ocr_line' id='line_1_67' title="bbox 535 3469 2114 3560; baseline -0.014 -14"><span class='ocrx_word' id='word_1_456' title='bbox 535 3491 652 3546; x_wconf 91' lang='lat' dir='ltr'><strong>suis</strong></span> <span class='ocrx_word' id='word_1_457' title='bbox 662 3487 888 3560; x_wconf 88' lang='lat' dir='ltr'><strong>profusa</strong></span> <span class='ocrx_word' id='word_1_458' title='bbox 899 3484 1187 3556; x_wconf 89' lang='lat' dir='ltr'><strong>largitione</strong></span> <span class='ocrx_word' id='word_1_459' title='bbox 1213 3477 1510 3550; x_wconf 88' lang='lat' dir='ltr'><strong>corruptis,</strong></span> <span class='ocrx_word' id='word_1_460' title='bbox 1537 3475 1594 3530; x_wconf 91' lang='lat' dir='ltr'><strong>in</strong></span> <span class='ocrx_word' id='word_1_461' title='bbox 1617 3471 1884 3546; x_wconf 84' lang='lat' dir='ltr'><strong>synodum</strong></span> <span class='ocrx_word' id='word_1_462' title='bbox 1900 3470 2006 3526; x_wconf 87' lang='lat' dir='ltr'><strong>alia</strong></span> <span class='ocrx_word' id='word_1_463' title='bbox 2025 3469 2114 3525; x_wconf 91' lang='lat' dir='ltr'><strong>die</strong></span> 
     </span>
    </p>
   </div>
   <div class='ocr_carea' id='block_1_67' title="bbox 534 3562 2118 3649">
    <p class='ocr_par' dir='ltr' id='par_1_67' title="bbox 534 3562 2118 3649">
     <span class='ocr_line' id='line_1_68' title="bbox 534 3562 2118 3649; baseline -0.015 -11"><span class='ocrx_word' id='word_1_464' title='bbox 534 3597 810 3649; x_wconf 86' lang='lat' dir='ltr'><strong>reversus,</strong></span> <span class='ocrx_word' id='word_1_465' title='bbox 841 3591 1041 3649; x_wconf 88' lang='lat' dir='ltr'><strong>magna</strong></span> <span class='ocrx_word' id='word_1_466' title='bbox 1089 3587 1217 3630; x_wconf 91' lang='lat' dir='ltr'><strong>eum</strong></span> <span class='ocrx_word' id='word_1_467' title='bbox 1257 3569 1492 3626; x_wconf 82' lang='lat' dir='ltr'><strong>audacia</strong></span> <span class='ocrx_word' id='word_1_468' title='bbox 1512 3566 1688 3623; x_wconf 80' lang='lat' dir='ltr'><strong>dixit:</strong></span> <span class='ocrx_word' id='word_1_469' title='bbox 1716 3562 1950 3620; x_wconf 87' lang='lat' dir='ltr'><strong>Ubinam</strong></span> <span class='ocrx_word' id='word_1_470' title='bbox 1988 3569 2118 3618; x_wconf 88' lang='lat' dir='ltr'><strong>sunt</strong></span> 
     </span>
    </p>
   </div>
   <div class='ocr_carea' id='block_1_68' title="bbox 537 3659 2113 3738">
    <p class='ocr_par' dir='ltr' id='par_1_68' title="bbox 537 3659 2113 3738">
     <span class='ocr_line' id='line_1_69' title="bbox 537 3659 2113 3738; baseline -0.015 -6"><span class='ocrx_word' id='word_1_471' title='bbox 537 3684 885 3732; x_wconf 87' lang='lat' dir='ltr'><strong>accusatores</strong></span> <span class='ocrx_word' id='word_1_472' title='bbox 922 3668 1064 3726; x_wconf 86' lang='lat' dir='ltr'><strong>mei?</strong></span> <span class='ocrx_word' id='word_1_473' title='bbox 1093 3665 1334 3738; x_wconf 84' lang='lat' dir='ltr'><strong>Surgam</strong></span> <span class='ocrx_word' id='word_1_474' title='bbox 1369 3663 1426 3718; x_wconf 92' lang='lat' dir='ltr'><strong>in</strong></span> <span class='ocrx_word' id='word_1_475' title='bbox 1456 3659 1734 3734; x_wconf 85' lang='lat' dir='ltr'><strong>publicum</strong></span> <span class='ocrx_word' id='word_1_476' title='bbox 1765 3665 1956 3713; x_wconf 87' lang='lat' dir='ltr'><strong>contra</strong></span> <span class='ocrx_word' id='word_1_477' title='bbox 1996 3669 2113 3710; x_wconf 88' lang='lat' dir='ltr'><strong>me:</strong></span> 
     </span>
    </p>
   </div>
   <div class='ocr_carea' id='block_1_69' title="bbox 537 3745 2120 3840">
    <p class='ocr_par' dir='ltr' id='par_1_69' title="bbox 537 3745 2120 3840">
     <span class='ocr_line' id='line_1_70' title="bbox 537 3745 2120 3840; baseline -0.015 -15"><span class='ocrx_word' id='word_1_478' title='bbox 537 3769 702 3825; x_wconf 90' lang='lat' dir='ltr'><strong>modo</strong></span> <span class='ocrx_word' id='word_1_479' title='bbox 735 3767 1020 3840; x_wconf 88' lang='lat' dir='ltr'><strong>prodeant.</strong></span> <span class='ocrx_word' id='word_1_480' title='bbox 1065 3759 1294 3817; x_wconf 87' lang='lat' dir='ltr'><strong>Cunctis</strong></span> <span class='ocrx_word' id='word_1_481' title='bbox 1337 3764 1522 3814; x_wconf 86' lang='lat' dir='ltr'><strong>autem</strong></span> <span class='ocrx_word' id='word_1_482' title='bbox 1569 3749 1902 3816; x_wconf 85' lang='lat' dir='ltr'><strong>tacentibus,</strong></span> <span class='ocrx_word' id='word_1_483' title='bbox 1937 3745 2120 3803; x_wconf 84' lang='lat' dir='ltr'><strong>Hilde-</strong></span> 
     </span>
    </p>
   </div>
   <div class='ocr_carea' id='block_1_70' title="bbox 541 3837 2120 3928">
    <p class='ocr_par' dir='ltr' id='par_1_70' title="bbox 541 3837 2120 3928">
     <span class='ocr_line' id='line_1_71' title="bbox 541 3837 2120 3928; baseline -0.014 -12"><span class='ocrx_word' id='word_1_484' title='bbox 541 3837 784 3917; x_wconf 80' lang='lat' dir='ltr'><strong>brandus</strong></span> <span class='ocrx_word' id='word_1_485' title='bbox 811 3871 1064 3928; x_wconf 90' lang='lat' dir='ltr'><strong>surgens,</strong></span> <span class='ocrx_word' id='word_1_486' title='bbox 1088 3861 1144 3911; x_wconf 90' lang='lat' dir='ltr'><strong>et</strong></span> <span class='ocrx_word' id='word_1_487' title='bbox 1172 3868 1232 3910; x_wconf 89' lang='lat' dir='ltr'><strong>se</strong></span> <span class='ocrx_word' id='word_1_488' title='bbox 1255 3851 1325 3908; x_wconf 87' lang='lat' dir='ltr'><strong>ad</strong></span> <span class='ocrx_word' id='word_1_489' title='bbox 1347 3849 1502 3904; x_wconf 91' lang='lat' dir='ltr'><strong>illum</strong></span> <span class='ocrx_word' id='word_1_490' title='bbox 1525 3851 1882 3908; x_wconf 89' lang='lat' dir='ltr'><strong>convertens;</strong></span> <span class='ocrx_word' id='word_1_491' title='bbox 1914 3837 2120 3904; x_wconf 82' lang='lat' dir='ltr'><strong>Credis,</strong></span> 
     </span>
    </p>
   </div>
   <div class='ocr_carea' id='block_1_71' title="bbox 543 3933 2124 4023">
    <p class='ocr_par' dir='ltr' id='par_1_71' title="bbox 543 3933 2124 4023">
     <span class='ocr_line' id='line_1_72' title="bbox 543 3933 2124 4023; baseline -0.013 -16"><span class='ocrx_word' id='word_1_492' title='bbox 543 3951 743 4023; x_wconf 90' lang='lat' dir='ltr'><strong>inquit,</strong></span> <span class='ocrx_word' id='word_1_493' title='bbox 766 3948 1175 4019; x_wconf 74' lang='lat' dir='ltr'><strong>arcleiepiscope,</strong></span> <span class='ocrx_word' id='word_1_494' title='bbox 1201 3941 1464 4016; x_wconf 81' lang='lat' dir='ltr'><strong>Spiritum</strong></span> <span class='ocrx_word' id='word_1_495' title='bbox 1489 3946 1734 3995; x_wconf 66' lang='lat' dir='ltr'><strong>satiatum</strong></span> <span class='ocrx_word' id='word_1_496' title='bbox 1759 3933 1996 4006; x_wconf 80' lang='lat' dir='ltr'><strong>ejusdem</strong></span> <span class='ocrx_word' id='word_1_497' title='bbox 2014 3945 2124 3986; x_wconf 80' lang='lat' dir='ltr'><strong>esse</strong></span> 
     </span>
    </p>
   </div>
   <div class='ocr_carea' id='block_1_72' title="bbox 544 4022 2124 4110">
    <p class='ocr_par' dir='ltr' id='par_1_72' title="bbox 544 4022 2124 4110">
     <span class='ocr_line' id='line_1_73' title="bbox 544 4022 2124 4110; baseline -0.014 -12"><span class='ocrx_word' id='word_1_498' title='bbox 544 4022 665 4098; x_wconf 72' lang='lat' dir='ltr'><strong>cuin</strong></span> <span class='ocrx_word' id='word_1_499' title='bbox 701 4041 882 4106; x_wconf 86' lang='lat' dir='ltr'><strong>Patre,</strong></span> <span class='ocrx_word' id='word_1_500' title='bbox 913 4038 1162 4110; x_wconf 82' lang='lat' dir='ltr'><strong>Filioque</strong></span> <span class='ocrx_word' id='word_1_501' title='bbox 1195 4035 1533 4100; x_wconf 60' lang='lat' dir='ltr'><strong>substantias,</strong></span> <span class='ocrx_word' id='word_1_502' title='bbox 1565 4040 1616 4086; x_wconf 87' lang='lat' dir='ltr'><strong>et</strong></span> <span class='ocrx_word' id='word_1_503' title='bbox 1639 4025 1976 4084; x_wconf 80' lang='lat' dir='ltr'><strong>divinitatis?</strong></span> <span class='ocrx_word' id='word_1_504' title='bbox 1999 4022 2124 4089; x_wconf 83' lang='lat' dir='ltr'><strong>Cui,</strong></span> 
     </span>
    </p>
   </div>
   <div class='ocr_carea' id='block_1_73' title="bbox 541 4117 2129 4202">
    <p class='ocr_par' dir='ltr' id='par_1_73' title="bbox 541 4117 2129 4202">
     <span class='ocr_line' id='line_1_74' title="bbox 541 4117 2129 4202; baseline -0.016 -9"><span class='ocrx_word' id='word_1_505' title='bbox 541 4123 604 4194; x_wconf 80' lang='lat' dir='ltr'><strong>se</strong></span> <span class='ocrx_word' id='word_1_506' title='bbox 626 4134 848 4191; x_wconf 88' lang='lat' dir='ltr'><strong>credere</strong></span> <span class='ocrx_word' id='word_1_507' title='bbox 890 4129 1260 4202; x_wconf 84' lang='lat' dir='ltr'><strong>respondenti,</strong></span> <span class='ocrx_word' id='word_1_508' title='bbox 1294 4127 1460 4193; x_wconf 85' lang='lat' dir='ltr'><strong>dixit;</strong></span> <span class='ocrx_word' id='word_1_509' title='bbox 1491 4123 1618 4180; x_wconf 90' lang='lat' dir='ltr'><strong>Dic:</strong></span> <span class='ocrx_word' id='word_1_510' title='bbox 1639 4121 1828 4178; x_wconf 79' lang='lat' dir='ltr'><strong>Gloria</strong></span> <span class='ocrx_word' id='word_1_511' title='bbox 1869 4117 2050 4184; x_wconf 88' lang='lat' dir='ltr'><strong>Patri,</strong></span> <span class='ocrx_word' id='word_1_512' title='bbox 2077 4123 2129 4194; x_wconf 75' lang='lat' dir='ltr'><strong>et</strong></span> 
     </span>
    </p>
   </div>
   <div class='ocr_carea' id='block_1_74' title="bbox 555 4212 2129 4298">
    <p class='ocr_par' dir='ltr' id='par_1_74' title="bbox 555 4212 2129 4298">
     <span class='ocr_line' id='line_1_75' title="bbox 555 4212 2129 4298; baseline -0.013 -13"><span class='ocrx_word' id='word_1_513' title='bbox 555 4227 720 4297; x_wconf 80' lang='lat' dir='ltr'><strong>Filio,</strong></span> <span class='ocrx_word' id='word_1_514' title='bbox 756 4233 807 4282; x_wconf 85' lang='lat' dir='ltr'><strong>et</strong></span> <span class='ocrx_word' id='word_1_515' title='bbox 848 4223 1076 4298; x_wconf 81' lang='lat' dir='ltr'><strong>Spiritui</strong></span> <span class='ocrx_word' id='word_1_516' title='bbox 1123 4231 1326 4278; x_wconf 84' lang='lat' dir='ltr'><strong>sancto.</strong></span> <span class='ocrx_word' id='word_1_517' title='bbox 1383 4218 1634 4289; x_wconf 87' lang='lat' dir='ltr'><strong>Cumque</strong></span> <span class='ocrx_word' id='word_1_518' title='bbox 1684 4212 2129 4284; x_wconf 88' lang='lat' dir='ltr'><strong>archiepiscopus</strong></span> 
     </span>
    </p>
   </div>
   <div class='ocr_carea' id='block_1_75' title="bbox 548 4303 2130 4382">
    <p class='ocr_par' dir='ltr' id='par_1_75' title="bbox 548 4303 2130 4382">
     <span class='ocr_line' id='line_1_76' title="bbox 548 4303 2130 4382; baseline -0.015 -3"><span class='ocrx_word' id='word_1_519' title='bbox 548 4319 880 4378; x_wconf 89' lang='lat' dir='ltr'><strong>versiculum</strong></span> <span class='ocrx_word' id='word_1_520' title='bbox 906 4316 1237 4382; x_wconf 89' lang='lat' dir='ltr'><strong>inehoasset,</strong></span> <span class='ocrx_word' id='word_1_521' title='bbox 1267 4312 1452 4370; x_wconf 83' lang='lat' dir='ltr'><strong>Gloria</strong></span> <span class='ocrx_word' id='word_1_522' title='bbox 1481 4319 1534 4366; x_wconf 84' lang='lat' dir='ltr'><strong>et</strong></span> <span class='ocrx_word' id='word_1_523' title='bbox 1573 4308 1732 4364; x_wconf 86' lang='lat' dir='ltr'><strong>Patri</strong></span> <span class='ocrx_word' id='word_1_524' title='bbox 1779 4315 1830 4362; x_wconf 84' lang='lat' dir='ltr'><strong>et</strong></span> <span class='ocrx_word' id='word_1_525' title='bbox 1853 4303 2000 4360; x_wconf 81' lang='lat' dir='ltr'><strong>Filio</strong></span> <span class='ocrx_word' id='word_1_526' title='bbox 2030 4317 2130 4358; x_wconf 85' lang='lat' dir='ltr'><strong>ex-</strong></span> 
     </span>
    </p>
   </div>
   <div class='ocr_carea' id='block_1_76' title="bbox 550 4395 2132 4486">
    <p class='ocr_par' dir='ltr' id='par_1_76' title="bbox 550 4395 2132 4486">
     <span class='ocr_line' id='line_1_77' title="bbox 550 4395 2132 4486; baseline -0.016 -13"><span class='ocrx_word' id='word_1_527' title='bbox 550 4415 730 4486; x_wconf 82' lang='lat' dir='ltr'><strong>pedite</strong></span> <span class='ocrx_word' id='word_1_528' title='bbox 755 4411 1002 4470; x_wconf 85' lang='lat' dir='ltr'><strong>dicebat:</strong></span> <span class='ocrx_word' id='word_1_529' title='bbox 1027 4409 1144 4476; x_wconf 88' lang='lat' dir='ltr'><strong>sed,</strong></span> <span class='ocrx_word' id='word_1_530' title='bbox 1173 4406 1407 4478; x_wconf 83' lang='lat' dir='ltr'><strong>Spiritus</strong></span> <span class='ocrx_word' id='word_1_531' title='bbox 1441 4403 1614 4462; x_wconf 80' lang='lat' dir='ltr'><strong>sancti</strong></span> <span class='ocrx_word' id='word_1_532' title='bbox 1641 4413 1833 4457; x_wconf 88' lang='lat' dir='ltr'><strong>vocem</strong></span> <span class='ocrx_word' id='word_1_533' title='bbox 1867 4395 2018 4450; x_wconf 87' lang='lat' dir='ltr'><strong>nulla</strong></span> <span class='ocrx_word' id='word_1_534' title='bbox 2042 4408 2132 4448; x_wconf 85' lang='lat' dir='ltr'><strong>ra—</strong></span> 
     </span>
    </p>
   </div>
   <div class='ocr_carea' id='block_1_77' title="bbox 2211 3198 3805 3280">
    <p class='ocr_par' dir='ltr' id='par_1_77' title="bbox 2211 3198 3805 3280">
     <span class='ocr_line' id='line_1_78' title="bbox 2211 3198 3805 3280; baseline -0.014 -6"><span class='ocrx_word' id='word_1_535' title='bbox 2211 3219 2448 3276; x_wconf 82' lang='lat' dir='ltr'><strong>maxime</strong></span> <span class='ocrx_word' id='word_1_536' title='bbox 2473 3223 2684 3272; x_wconf 86' lang='lat' dir='ltr'><strong>tutatus</strong></span> <span class='ocrx_word' id='word_1_537' title='bbox 2705 3221 2809 3270; x_wconf 88' lang='lat' dir='ltr'><strong>est.</strong></span> <span class='ocrx_word' id='word_1_538' title='bbox 2831 3209 2900 3266; x_wconf 90' lang='lat' dir='ltr'><strong>Et</strong></span> <span class='ocrx_word' id='word_1_539' title='bbox 2924 3207 3097 3280; x_wconf 90' lang='lat' dir='ltr'><strong>ipsius</strong></span> <span class='ocrx_word' id='word_1_540' title='bbox 3124 3204 3343 3260; x_wconf 80' lang='lat' dir='ltr'><strong>tandem</strong></span> <span class='ocrx_word' id='word_1_541' title='bbox 3365 3216 3533 3272; x_wconf 90' lang='lat' dir='ltr'><strong>opera</strong></span> <span class='ocrx_word' id='word_1_542' title='bbox 3549 3198 3805 3255; x_wconf 75' lang='lat' dir='ltr'><strong>effectum</strong></span> 
     </span>
    </p>
   </div>
   <div class='ocr_carea' id='block_1_78' title="bbox 2211 3287 3809 3379">
    <p class='ocr_par' dir='ltr' id='par_1_78' title="bbox 2211 3287 3809 3379">
     <span class='ocr_line' id='line_1_79' title="bbox 2211 3287 3809 3379; baseline -0.016 -12"><span class='ocrx_word' id='word_1_543' title='bbox 2211 3319 2316 3378; x_wconf 90' lang='lat' dir='ltr'><strong>est,</strong></span> <span class='ocrx_word' id='word_1_544' title='bbox 2349 3318 2412 3364; x_wconf 89' lang='lat' dir='ltr'><strong>ut</strong></span> <span class='ocrx_word' id='word_1_545' title='bbox 2454 3306 2606 3379; x_wconf 74' lang='grc'>(210)</span> <span class='ocrx_word' id='word_1_546' title='bbox 2664 3303 2906 3359; x_wconf 88' lang='lat' dir='ltr'><strong>Cadolus</strong></span> <span class='ocrx_word' id='word_1_547' title='bbox 2937 3300 3076 3370; x_wconf 88' lang='lat' dir='ltr'><strong>ipse,</strong></span> <span class='ocrx_word' id='word_1_548' title='bbox 3110 3297 3203 3368; x_wconf 91' lang='lat' dir='ltr'><strong>qui</strong></span> <span class='ocrx_word' id='word_1_549' title='bbox 3245 3302 3460 3351; x_wconf 85' lang='lat' dir='ltr'><strong>armata</strong></span> <span class='ocrx_word' id='word_1_550' title='bbox 3513 3306 3686 3346; x_wconf 88' lang='lat' dir='ltr'><strong>manu</strong></span> <span class='ocrx_word' id='word_1_551' title='bbox 3724 3287 3809 3344; x_wconf 83' lang='lat' dir='ltr'><strong>bis</strong></span> 
     </span>
    </p>
   </div>
   <div class='ocr_carea' id='block_1_79' title="bbox 2215 3379 3809 3462">
    <p class='ocr_par' dir='ltr' id='par_1_79' title="bbox 2215 3379 3809 3462">
     <span class='ocr_line' id='line_1_80' title="bbox 2215 3379 3809 3462; baseline -0.014 -7"><span class='ocrx_word' id='word_1_552' title='bbox 2215 3399 2447 3455; x_wconf 86' lang='lat' dir='ltr'><strong>Romam</strong></span> <span class='ocrx_word' id='word_1_553' title='bbox 2485 3403 2734 3462; x_wconf 81' lang='lat' dir='ltr'><strong>venerat,</strong></span> <span class='ocrx_word' id='word_1_554' title='bbox 2779 3391 2966 3449; x_wconf 87' lang='lat' dir='ltr'><strong>sedem</strong></span> <span class='ocrx_word' id='word_1_555' title='bbox 2991 3388 3052 3444; x_wconf 89' lang='grc' dir='ltr'><strong>Β.</strong></span> <span class='ocrx_word' id='word_1_556' title='bbox 3101 3387 3248 3442; x_wconf 85' lang='lat' dir='ltr'><strong>Petri</strong></span> <span class='ocrx_word' id='word_1_557' title='bbox 3293 3390 3688 3454; x_wconf 86' lang='lat' dir='ltr'><strong>occupaturus,</strong></span> <span class='ocrx_word' id='word_1_558' title='bbox 3726 3379 3809 3434; x_wconf 83' lang='lat' dir='ltr'><strong>bis</strong></span> 
     </span>
    </p>
   </div>
   <div class='ocr_carea' id='block_1_80' title="bbox 2216 3472 3807 3546">
    <p class='ocr_par' dir='ltr' id='par_1_80' title="bbox 2216 3472 3807 3546">
     <span class='ocr_line' id='line_1_81' title="bbox 2216 3472 3807 3546; baseline -0.013 -3"><span class='ocrx_word' id='word_1_559' title='bbox 2216 3487 2386 3544; x_wconf 90' lang='lat' dir='ltr'><strong>armis</strong></span> <span class='ocrx_word' id='word_1_560' title='bbox 2433 3484 2638 3542; x_wconf 86' lang='lat' dir='ltr'><strong>auxilio</strong></span> <span class='ocrx_word' id='word_1_561' title='bbox 2692 3481 2850 3538; x_wconf 90' lang='lat' dir='ltr'><strong>ducis</strong></span> <span class='ocrx_word' id='word_1_562' title='bbox 2885 3477 3154 3536; x_wconf 87' lang='lat' dir='ltr'><strong>Gotefridi</strong></span> <span class='ocrx_word' id='word_1_563' title='bbox 3195 3489 3480 3546; x_wconf 89' lang='lat' dir='ltr'><strong>repressus</strong></span> <span class='ocrx_word' id='word_1_564' title='bbox 3514 3472 3608 3536; x_wconf 87' lang='lat' dir='ltr'><strong>sit,</strong></span> <span class='ocrx_word' id='word_1_565' title='bbox 3641 3478 3807 3540; x_wconf 80' lang='lat' dir='ltr'><strong>atque</strong></span> 
     </span>
    </p>
   </div>
   <div class='ocr_carea' id='block_1_81' title="bbox 2219 3559 3806 3649">
    <p class='ocr_par' dir='ltr' id='par_1_81' title="bbox 2219 3559 3806 3649">
     <span class='ocr_line' id='line_1_82' title="bbox 2219 3559 3806 3649; baseline -0.013 -15"><span class='ocrx_word' id='word_1_566' title='bbox 2219 3578 2364 3636; x_wconf 87' lang='lat' dir='ltr'><strong>Urbe</strong></span> <span class='ocrx_word' id='word_1_567' title='bbox 2397 3577 2737 3649; x_wconf 89' lang='lat' dir='ltr'><strong>fugatus:et</strong></span> <span class='ocrx_word' id='word_1_568' title='bbox 2777 3572 3000 3630; x_wconf 90' lang='lat' dir='ltr'><strong>demum</strong></span> <span class='ocrx_word' id='word_1_569' title='bbox 3048 3569 3106 3624; x_wconf 91' lang='lat' dir='ltr'><strong>in</strong></span> <span class='ocrx_word' id='word_1_570' title='bbox 3141 3565 3380 3624; x_wconf 89' lang='lat' dir='ltr'><strong>concilio</strong></span> <span class='ocrx_word' id='word_1_571' title='bbox 3423 3562 3684 3628; x_wconf 66' lang='lat' dir='ltr'><strong>Mantuae,</strong></span> <span class='ocrx_word' id='word_1_572' title='bbox 3734 3559 3806 3615; x_wconf 85' lang='lat' dir='ltr'><strong>oh</strong></span> 
     </span>
    </p>
   </div>
   <div class='ocr_carea' id='block_1_82' title="bbox 2217 3651 3809 3738">
    <p class='ocr_par' dir='ltr' id='par_1_82' title="bbox 2217 3651 3809 3738">
     <span class='ocr_line' id='line_1_83' title="bbox 2217 3651 3809 3738; baseline -0.015 -9"><span class='ocrx_word' id='word_1_573' title='bbox 2217 3688 2342 3729; x_wconf 88' lang='lat' dir='ltr'><strong>eam</strong></span> <span class='ocrx_word' id='word_1_574' title='bbox 2377 3684 2604 3728; x_wconf 88' lang='lat' dir='ltr'><strong>causam</strong></span> <span class='ocrx_word' id='word_1_575' title='bbox 2633 3672 2992 3738; x_wconf 87' lang='lat' dir='ltr'><strong>congregato,</strong></span> <span class='ocrx_word' id='word_1_576' title='bbox 3040 3659 3394 3734; x_wconf 86' lang='lat' dir='ltr'><strong>pontificatus</strong></span> <span class='ocrx_word' id='word_1_577' title='bbox 3426 3656 3478 3712; x_wconf 88' lang='lat' dir='ltr'><strong>ei</strong></span> <span class='ocrx_word' id='word_1_578' title='bbox 3509 3671 3578 3710; x_wconf 83' lang='lat' dir='ltr'><strong>ex</strong></span> <span class='ocrx_word' id='word_1_579' title='bbox 3615 3651 3809 3725; x_wconf 86' lang='lat' dir='ltr'><strong>synodi</strong></span> 
     </span>
    </p>
   </div>
   <div class='ocr_carea' id='block_1_83' title="bbox 2219 3743 3812 3832">
    <p class='ocr_par' dir='ltr' id='par_1_83' title="bbox 2219 3743 3812 3832">
     <span class='ocr_line' id='line_1_84' title="bbox 2219 3743 3812 3832; baseline -0.016 -11"><span class='ocrx_word' id='word_1_580' title='bbox 2219 3763 2492 3822; x_wconf 85' lang='lat' dir='ltr'><strong>sententia</strong></span> <span class='ocrx_word' id='word_1_581' title='bbox 2517 3762 2816 3832; x_wconf 88' lang='lat' dir='ltr'><strong>abrogatus</strong></span> <span class='ocrx_word' id='word_1_582' title='bbox 2840 3755 3027 3823; x_wconf 88' lang='lat' dir='ltr'><strong>fuerit,</strong></span> <span class='ocrx_word' id='word_1_583' title='bbox 3063 3751 3412 3810; x_wconf 86' lang='lat' dir='ltr'><strong>ordinatione</strong></span> <span class='ocrx_word' id='word_1_584' title='bbox 3439 3745 3738 3804; x_wconf 78' lang='lat' dir='ltr'><strong>Alexandri</strong></span> <span class='ocrx_word' id='word_1_585' title='bbox 3771 3743 3812 3796; x_wconf 89' lang='lat' dir='ltr'><strong>ll</strong></span> 
     </span>
    </p>
   </div>
   <div class='ocr_carea' id='block_1_84' title="bbox 2221 3835 3814 3928">
    <p class='ocr_par' dir='ltr' id='par_1_84' title="bbox 2221 3835 3814 3928">
     <span class='ocr_line' id='line_1_85' title="bbox 2221 3835 3814 3928; baseline -0.016 -15"><span class='ocrx_word' id='word_1_586' title='bbox 2221 3872 2376 3928; x_wconf 66' lang='lat' dir='ltr'><strong>papae</strong></span> <span class='ocrx_word' id='word_1_587' title='bbox 2410 3853 2733 3925; x_wconf 87' lang='lat' dir='ltr'><strong>approbata,</strong></span> <span class='ocrx_word' id='word_1_588' title='bbox 2775 3858 3038 3920; x_wconf 88' lang='lat' dir='ltr'><strong>tanquam</strong></span> <span class='ocrx_word' id='word_1_589' title='bbox 3073 3859 3198 3916; x_wconf 71' lang='lat' dir='ltr'><strong>qum</strong></span> <span class='ocrx_word' id='word_1_590' title='bbox 3239 3840 3498 3914; x_wconf 87' lang='lat' dir='ltr'><strong>legitimis</strong></span> <span class='ocrx_word' id='word_1_591' title='bbox 3542 3835 3814 3907; x_wconf 75' lang='lat' dir='ltr'><strong>suffragiis</strong></span> 
     </span>
    </p>
   </div>
   <div class='ocr_carea' id='block_1_85' title="bbox 2224 3922 3810 4008">
    <p class='ocr_par' dir='ltr' id='par_1_85' title="bbox 2224 3922 3810 4008">
     <span class='ocr_line' id='line_1_86' title="bbox 2224 3922 3810 4008; baseline -0.015 -8"><span class='ocrx_word' id='word_1_592' title='bbox 2224 3922 2368 4000; x_wconf 72' lang='lat' dir='ltr'><strong>facta</strong></span> <span class='ocrx_word' id='word_1_593' title='bbox 2422 3922 2646 4008; x_wconf 80' lang='lat' dir='ltr'><strong>fuisset;</strong></span> <span class='ocrx_word' id='word_1_594' title='bbox 2679 3937 2992 3994; x_wconf 81' lang='lat' dir='ltr'><strong>Alexandro</strong></span> <span class='ocrx_word' id='word_1_595' title='bbox 3021 3949 3154 3990; x_wconf 88' lang='lat' dir='ltr'><strong>vero</strong></span> <span class='ocrx_word' id='word_1_596' title='bbox 3185 3930 3254 4004; x_wconf 90' lang='lat' dir='ltr'><strong>II,</strong></span> <span class='ocrx_word' id='word_1_597' title='bbox 3303 3926 3703 4004; x_wconf 87' lang='lat' dir='ltr'><strong>patrimonium</strong></span> <span class='ocrx_word' id='word_1_598' title='bbox 3751 3922 3810 3977; x_wconf 86' lang='grc' dir='ltr'><strong>Β.</strong></span> 
     </span>
    </p>
   </div>
   <div class='ocr_carea' id='block_1_86' title="bbox 2225 4021 3814 4102">
    <p class='ocr_par' dir='ltr' id='par_1_86' title="bbox 2225 4021 3814 4102">
     <span class='ocr_line' id='line_1_87' title="bbox 2225 4021 3814 4102; baseline -0.015 -10"><span class='ocrx_word' id='word_1_599' title='bbox 2225 4036 2372 4092; x_wconf 80' lang='lat' dir='ltr'><strong>Petri</strong></span> <span class='ocrx_word' id='word_1_600' title='bbox 2407 4035 2463 4090; x_wconf 92' lang='lat' dir='ltr'><strong>in</strong></span> <span class='ocrx_word' id='word_1_601' title='bbox 2495 4031 2821 4102; x_wconf 87' lang='lat' dir='ltr'><strong>Campania,</strong></span> <span class='ocrx_word' id='word_1_602' title='bbox 2859 4027 3008 4099; x_wconf 90' lang='lat' dir='ltr'><strong>quod</strong></span> <span class='ocrx_word' id='word_1_603' title='bbox 3037 4021 3363 4080; x_wconf 87' lang='lat' dir='ltr'><strong>Nortmanni</strong></span> <span class='ocrx_word' id='word_1_604' title='bbox 3385 4022 3814 4090; x_wconf 80' lang='lat' dir='ltr'><strong>occupaverant,</strong></span> 
     </span>
    </p>
   </div>
   <div class='ocr_carea' id='block_1_87' title="bbox 2227 4107 3818 4189">
    <p class='ocr_par' dir='ltr' id='par_1_87' title="bbox 2227 4107 3818 4189">
     <span class='ocr_line' id='line_1_88' title="bbox 2227 4107 3818 4189; baseline -0.016 -3"><span class='ocrx_word' id='word_1_605' title='bbox 2227 4129 2403 4185; x_wconf 89' lang='lat' dir='ltr'><strong>accito</strong></span> <span class='ocrx_word' id='word_1_606' title='bbox 2442 4126 2582 4183; x_wconf 88' lang='lat' dir='ltr'><strong>duce</strong></span> <span class='ocrx_word' id='word_1_607' title='bbox 2623 4121 2928 4189; x_wconf 89' lang='lat' dir='ltr'><strong>Gotefrido,</strong></span> <span class='ocrx_word' id='word_1_608' title='bbox 2973 4133 3100 4175; x_wconf 91' lang='lat' dir='ltr'><strong>cum</strong></span> <span class='ocrx_word' id='word_1_609' title='bbox 3133 4116 3402 4188; x_wconf 84' lang='lat' dir='ltr'><strong>ejusdem,</strong></span> <span class='ocrx_word' id='word_1_610' title='bbox 3443 4121 3502 4168; x_wconf 90' lang='lat' dir='ltr'><strong>et</strong></span> <span class='ocrx_word' id='word_1_611' title='bbox 3541 4107 3818 4165; x_wconf 81' lang='lat' dir='ltr'><strong>Mathildis</strong></span> 
     </span>
    </p>
   </div>
   <div class='ocr_carea' id='block_1_88' title="bbox 2229 4202 3820 4282">
    <p class='ocr_par' dir='ltr' id='par_1_88' title="bbox 2229 4202 3820 4282">
     <span class='ocr_line' id='line_1_89' title="bbox 2229 4202 3820 4282; baseline -0.012 -8"><span class='ocrx_word' id='word_1_612' title='bbox 2229 4217 2524 4274; x_wconf 77' lang='lat' dir='ltr'><strong>eomitissa:</strong></span> <span class='ocrx_word' id='word_1_613' title='bbox 2555 4212 2906 4278; x_wconf 86' lang='lat' dir='ltr'><strong>exercitibus,</strong></span> <span class='ocrx_word' id='word_1_614' title='bbox 2947 4208 3149 4282; x_wconf 86' lang='lat' dir='ltr'><strong>fugatis</strong></span> <span class='ocrx_word' id='word_1_615' title='bbox 3169 4202 3555 4271; x_wconf 25' lang='lat' dir='ltr'><strong>,Nortmannis,</strong></span> <span class='ocrx_word' id='word_1_616' title='bbox 3597 4213 3820 4271; x_wconf 84' lang='lat' dir='ltr'><strong>recupe—</strong></span> 
     </span>
    </p>
   </div>
   <div class='ocr_carea' id='block_1_89' title="bbox 2233 4311 3406 4368">
    <p class='ocr_par' dir='ltr' id='par_1_89' title="bbox 2233 4311 3406 4368">
     <span class='ocr_line' id='line_1_90' title="bbox 2233 4311 3406 4368; baseline -0.013 -1"><span class='ocrx_word' id='word_1_617' title='bbox 2233 4311 2391 4368; x_wconf 86' lang='lat' dir='ltr'><strong>ravit.</strong></span> <span class='ocrx_word' id='word_1_618' title='bbox 3399 4331 3406 4338; x_wconf 67' lang='grc' dir='ltr'>ι</span> 
     </span>
    </p>
   </div>
   <div class='ocr_carea' id='block_1_90' title="bbox 2295 4387 3821 4475">
    <p class='ocr_par' dir='ltr' id='par_1_90' title="bbox 2295 4387 3821 4475">
     <span class='ocr_line' id='line_1_91' title="bbox 2295 4387 3821 4475; baseline -0.01 -18"><span class='ocrx_word' id='word_1_619' title='bbox 2295 4401 2455 4475; x_wconf 71' lang='grc'>(211)</span> <span class='ocrx_word' id='word_1_620' title='bbox 2509 4397 2820 4454; x_wconf 86' lang='lat' dir='ltr'><strong>Alexandro</strong></span> <span class='ocrx_word' id='word_1_621' title='bbox 2867 4395 3089 4458; x_wconf 85' lang='lat' dir='ltr'><strong>demum</strong></span> <span class='ocrx_word' id='word_1_622' title='bbox 3147 4389 3404 4448; x_wconf 87' lang='lat' dir='ltr'><strong>Laterani</strong></span> <span class='ocrx_word' id='word_1_623' title='bbox 3451 4389 3564 4445; x_wconf 86' lang='lat' dir='ltr'><strong>vita</strong></span> <span class='ocrx_word' id='word_1_624' title='bbox 3612 4387 3821 4450; x_wconf 90' lang='lat' dir='ltr'><strong>functo,</strong></span> 
     </span>
    </p>
   </div>
   <div class='ocr_carea' id='block_1_91' title="bbox 555 4479 2100 4578">
    <p class='ocr_par' dir='ltr' id='par_1_91' title="bbox 555 4479 2100 4578">
     <span class='ocr_line' id='line_1_92' title="bbox 555 4479 2100 4578; baseline -0.015 -16"><span class='ocrx_word' id='word_1_625' title='bbox 555 4479 701 4564; x_wconf 75' lang='lat' dir='ltr'><strong>tione</strong></span> <span class='ocrx_word' id='word_1_626' title='bbox 735 4503 983 4578; x_wconf 85' lang='lat' dir='ltr'><strong>proferre</strong></span> <span class='ocrx_word' id='word_1_627' title='bbox 1029 4514 1273 4571; x_wconf 89' lang='lat' dir='ltr'><strong>unquam</strong></span> <span class='ocrx_word' id='word_1_628' title='bbox 1305 4496 1504 4568; x_wconf 88' lang='lat' dir='ltr'><strong>potuit.</strong></span> <span class='ocrx_word' id='word_1_629' title='bbox 1539 4493 1791 4563; x_wconf 88' lang='lat' dir='ltr'><strong>Cumque</strong></span> <span class='ocrx_word' id='word_1_630' title='bbox 1817 4487 2100 4558; x_wconf 88' lang='lat' dir='ltr'><strong>frequente</strong></span> 
     </span>
    </p>
   </div>
   <div class='ocr_carea' id='block_1_92' title="bbox 2205 4479 3823 4578">
    <p class='ocr_par' dir='ltr' id='par_1_92' title="bbox 2205 4479 3823 4560">
     <span class='ocr_line' id='line_1_93' title="bbox 2205 4479 3823 4560; baseline -0.012 -10"><span class='ocrx_word' id='word_1_631' title='bbox 2205 4500 2207 4521; x_wconf 76' lang='lat'><strong>’</strong></span> <span class='ocrx_word' id='word_1_632' title='bbox 2231 4494 2319 4550; x_wconf 91' lang='lat' dir='ltr'><strong>die</strong></span> <span class='ocrx_word' id='word_1_633' title='bbox 2343 4493 2527 4549; x_wconf 84' lang='lat' dir='ltr'><strong>obitus</strong></span> <span class='ocrx_word' id='word_1_634' title='bbox 2549 4491 2692 4560; x_wconf 89' lang='lat' dir='ltr'><strong>ejus,</strong></span> <span class='ocrx_word' id='word_1_635' title='bbox 2717 4503 2845 4545; x_wconf 92' lang='lat' dir='ltr'><strong>cum</strong></span> <span class='ocrx_word' id='word_1_636' title='bbox 2865 4495 3015 4544; x_wconf 89' lang='lat' dir='ltr'><strong>esset</strong></span> <span class='ocrx_word' id='word_1_637' title='bbox 3041 4486 3097 4540; x_wconf 92' lang='lat' dir='ltr'><strong>in</strong></span> <span class='ocrx_word' id='word_1_638' title='bbox 3121 4482 3296 4540; x_wconf 88' lang='lat' dir='ltr'><strong>sacris</strong></span> <span class='ocrx_word' id='word_1_639' title='bbox 3326 4481 3532 4537; x_wconf 88' lang='lat' dir='ltr'><strong>litteris</strong></span> <span class='ocrx_word' id='word_1_640' title='bbox 3561 4479 3823 4536; x_wconf 85' lang='lat' dir='ltr'><strong>eruditis—</strong></span> 
     </span>
    </p>
   </div>
   <div class='ocr_carea' id='block_1_93' title="bbox 557 4579 2133 4668">
    <p class='ocr_par' dir='ltr' id='par_1_93' title="bbox 557 4579 2133 4668">
     <span class='ocr_line' id='line_1_94' title="bbox 557 4579 2133 4668; baseline -0.015 -12"><span class='ocrx_word' id='word_1_641' title='bbox 557 4607 822 4668; x_wconf 80' lang='lat' dir='ltr'><strong>rcpctcret</strong></span> <span class='ocrx_word' id='word_1_642' title='bbox 841 4605 895 4653; x_wconf 90' lang='lat' dir='ltr'><strong>et</strong></span> <span class='ocrx_word' id='word_1_643' title='bbox 916 4594 1050 4651; x_wconf 90' lang='lat' dir='ltr'><strong>nihil</strong></span> <span class='ocrx_word' id='word_1_644' title='bbox 1076 4591 1382 4664; x_wconf 86' lang='lat' dir='ltr'><strong>proficeret,</strong></span> <span class='ocrx_word' id='word_1_645' title='bbox 1395 4600 1738 4660; x_wconf 80' lang='lat' dir='ltr'><strong>cognoscens</strong></span> <span class='ocrx_word' id='word_1_646' title='bbox 1757 4598 1818 4639; x_wconf 88' lang='lat' dir='ltr'><strong>se</strong></span> <span class='ocrx_word' id='word_1_647' title='bbox 1841 4583 2027 4638; x_wconf 88' lang='lat' dir='ltr'><strong>divino</strong></span> <span class='ocrx_word' id='word_1_648' title='bbox 2045 4579 2133 4650; x_wconf 90' lang='lat' dir='ltr'><strong>ju—</strong></span> 
     </span>
    </p>
   </div>
   <div class='ocr_carea' id='block_1_94' title="bbox 2236 4570 3827 4648">
    <p class='ocr_par' dir='ltr' id='par_1_94' title="bbox 2236 4570 3827 4648">
     <span class='ocr_line' id='line_1_95' title="bbox 2236 4570 3827 4648; baseline -0.014 -6"><span class='ocrx_word' id='word_1_649' title='bbox 2236 4583 2432 4648; x_wconf 88' lang='lat' dir='ltr'><strong>simus,</strong></span> <span class='ocrx_word' id='word_1_650' title='bbox 2469 4589 2524 4637; x_wconf 89' lang='lat' dir='ltr'><strong>et</strong></span> <span class='ocrx_word' id='word_1_651' title='bbox 2553 4580 2608 4635; x_wconf 93' lang='lat' dir='ltr'><strong>in</strong></span> <span class='ocrx_word' id='word_1_652' title='bbox 2635 4579 2884 4634; x_wconf 83' lang='lat' dir='ltr'><strong>Romana</strong></span> <span class='ocrx_word' id='word_1_653' title='bbox 2909 4575 3176 4640; x_wconf 83' lang='lat' dir='ltr'><strong>Ecclesia,</strong></span> <span class='ocrx_word' id='word_1_654' title='bbox 3206 4581 3288 4628; x_wconf 91' lang='lat' dir='ltr'><strong>tot</strong></span> <span class='ocrx_word' id='word_1_655' title='bbox 3320 4570 3644 4642; x_wconf 88' lang='lat' dir='ltr'><strong>pontificum</strong></span> <span class='ocrx_word' id='word_1_656' title='bbox 3669 4582 3827 4638; x_wconf 75' lang='lat' dir='ltr'><strong>supr—</strong></span> 
     </span>
    </p>
   </div>
   <div class='ocr_carea' id='block_1_95' title="bbox 557 4657 2100 4754">
    <p class='ocr_par' dir='ltr' id='par_1_95' title="bbox 557 4657 2100 4754">
     <span class='ocr_line' id='line_1_96' title="bbox 557 4657 2100 4754; baseline -0.013 -9"><span class='ocrx_word' id='word_1_657' title='bbox 557 4690 702 4745; x_wconf 79' lang='lat' dir='ltr'><strong>dicio</strong></span> <span class='ocrx_word' id='word_1_658' title='bbox 731 4689 1065 4752; x_wconf 85' lang='lat' dir='ltr'><strong>convictum,</strong></span> <span class='ocrx_word' id='word_1_659' title='bbox 1090 4683 1159 4741; x_wconf 86' lang='lat' dir='ltr'><strong>ad</strong></span> <span class='ocrx_word' id='word_1_660' title='bbox 1179 4681 1345 4754; x_wconf 83' lang='lat' dir='ltr'><strong>legati</strong></span> <span class='ocrx_word' id='word_1_661' title='bbox 1370 4657 1536 4750; x_wconf 80' lang='lat' dir='ltr'><strong>pedes</strong></span> <span class='ocrx_word' id='word_1_662' title='bbox 1559 4691 1619 4734; x_wconf 89' lang='lat' dir='ltr'><strong>se</strong></span> <span class='ocrx_word' id='word_1_663' title='bbox 1642 4674 1960 4746; x_wconf 86' lang='lat' dir='ltr'><strong>projiciens,</strong></span> <span class='ocrx_word' id='word_1_664' title='bbox 1981 4684 2100 4726; x_wconf 80' lang='lat' dir='ltr'><strong>erro</strong></span> 
     </span>
    </p>
   </div>
   <div class='ocr_carea' id='block_1_96' title="bbox 2205 4657 3826 4754">
    <p class='ocr_par' dir='ltr' id='par_1_96' title="bbox 2240 4657 3826 4743">
     <span class='ocr_line' id='line_1_97' title="bbox 2240 4657 3826 4743; baseline -0.013 -10"><span class='ocrx_word' id='word_1_665' title='bbox 2240 4677 2448 4734; x_wconf 90' lang='lat' dir='ltr'><strong>riorum</strong></span> <span class='ocrx_word' id='word_1_666' title='bbox 2493 4682 2760 4743; x_wconf 90' lang='lat' dir='ltr'><strong>tempore,</strong></span> <span class='ocrx_word' id='word_1_667' title='bbox 2799 4669 2952 4725; x_wconf 90' lang='lat' dir='ltr'><strong>omni</strong></span> <span class='ocrx_word' id='word_1_668' title='bbox 2997 4668 3261 4723; x_wconf 89' lang='lat' dir='ltr'><strong>virtutum</strong></span> <span class='ocrx_word' id='word_1_669' title='bbox 3309 4663 3510 4736; x_wconf 80' lang='lat' dir='ltr'><strong>genere</strong></span> <span class='ocrx_word' id='word_1_670' title='bbox 3537 4657 3826 4716; x_wconf 85' lang='lat' dir='ltr'><strong>celeberri-</strong></span> 
     </span>
    </p>
   </div>
   <div class='ocr_carea' id='block_1_97' title="bbox 557 4750 3830 4852">
    <p class='ocr_par' dir='ltr' id='par_1_97' title="bbox 557 4750 3830 4852">
     <span class='ocr_line' id='line_1_98' title="bbox 557 4750 3830 4852; baseline -0.012 -14"><span class='ocrx_word' id='word_1_671' title='bbox 557 4800 675 4838; x_wconf 69' lang='lat' dir='ltr'><strong>rctn</strong></span> <span class='ocrx_word' id='word_1_672' title='bbox 709 4797 869 4839; x_wconf 89' lang='lat' dir='ltr'><strong>suum</strong></span> <span class='ocrx_word' id='word_1_673' title='bbox 921 4796 1018 4852; x_wconf 80' lang='lat' dir='ltr'><strong>per</strong></span> <span class='ocrx_word' id='word_1_674' title='bbox 1050 4776 1300 4834; x_wconf 88' lang='lat' dir='ltr'><strong>ordinem</strong></span> <span class='ocrx_word' id='word_1_675' title='bbox 1344 4770 1638 4828; x_wconf 87' lang='lat' dir='ltr'><strong>confessus</strong></span> <span class='ocrx_word' id='word_1_676' title='bbox 1667 4775 1793 4833; x_wconf 84' lang='lat' dir='ltr'><strong>est;</strong></span> <span class='ocrx_word' id='word_1_677' title='bbox 1831 4780 1957 4822; x_wconf 89' lang='lat' dir='ltr'><strong>cum</strong></span> <span class='ocrx_word' id='word_1_678' title='bbox 2009 4777 2140 4819; x_wconf 89' lang='lat' dir='ltr'><strong>vero</strong></span> <span class='ocrx_word' id='word_1_679' title='bbox 2241 4785 2386 4836; x_wconf 87' lang='lat' dir='ltr'><strong>mus,</strong></span> <span class='ocrx_word' id='word_1_680' title='bbox 2444 4763 2694 4821; x_wconf 88' lang='lat' dir='ltr'><strong>omnium</strong></span> <span class='ocrx_word' id='word_1_681' title='bbox 2741 4759 3128 4825; x_wconf 86' lang='lat' dir='ltr'><strong>eardinalium,</strong></span> <span class='ocrx_word' id='word_1_682' title='bbox 3193 4764 3250 4811; x_wconf 90' lang='lat' dir='ltr'><strong>et</strong></span> <span class='ocrx_word' id='word_1_683' title='bbox 3295 4753 3430 4812; x_wconf 84' lang='lat' dir='ltr'><strong>cleri</strong></span> <span class='ocrx_word' id='word_1_684' title='bbox 3456 4785 3498 4819; x_wconf 59' lang='grc' dir='ltr'><strong><em>,ι</em></strong></span> <span class='ocrx_word' id='word_1_685' title='bbox 3539 4750 3830 4822; x_wconf 79' lang='lat' dir='ltr'><strong>populique</strong></span> 
     </span>
    </p>
   </div>
   <div class='ocr_carea' id='block_1_98' title="bbox 561 4847 3830 4944">
    <p class='ocr_par' dir='ltr' id='par_1_98' title="bbox 561 4847 3830 4944">
     <span class='ocr_line' id='line_1_99' title="bbox 561 4847 3830 4944; baseline -0.012 -15"><span class='ocrx_word' id='word_1_686' title='bbox 561 4875 812 4930; x_wconf 87' lang='lat' dir='ltr'><strong>omnium</strong></span> <span class='ocrx_word' id='word_1_687' title='bbox 841 4871 1050 4944; x_wconf 89' lang='lat' dir='ltr'><strong>judicio</strong></span> <span class='ocrx_word' id='word_1_688' title='bbox 1079 4868 1269 4926; x_wconf 84' lang='lat' dir='ltr'><strong>statim</strong></span> <span class='ocrx_word' id='word_1_689' title='bbox 1301 4861 1598 4936; x_wconf 84' lang='lat' dir='ltr'><strong>episcopali</strong></span> <span class='ocrx_word' id='word_1_690' title='bbox 1628 4873 1856 4916; x_wconf 89' lang='lat' dir='ltr'><strong>munere</strong></span> <span class='ocrx_word' id='word_1_691' title='bbox 1877 4857 2142 4914; x_wconf 86' lang='lat' dir='ltr'><strong>multatus</strong></span> <span class='ocrx_word' id='word_1_692' title='bbox 2243 4857 2479 4916; x_wconf 76' lang='lat' dir='ltr'><strong>Romani</strong></span> <span class='ocrx_word' id='word_1_693' title='bbox 2513 4852 2787 4924; x_wconf 76' lang='lat' dir='ltr'><strong>suffragiis</strong></span> <span class='ocrx_word' id='word_1_694' title='bbox 2811 4849 3016 4921; x_wconf 88' lang='lat' dir='ltr'><strong>ingenti</strong></span> <span class='ocrx_word' id='word_1_695' title='bbox 3049 4847 3272 4919; x_wconf 86' lang='lat' dir='ltr'><strong>gaudio,</strong></span> <span class='ocrx_word' id='word_1_696' title='bbox 3318 4853 3374 4899; x_wconf 88' lang='lat' dir='ltr'><strong>et</strong></span> <span class='ocrx_word' id='word_1_697' title='bbox 3415 4857 3656 4906; x_wconf 83' lang='lat' dir='ltr'><strong>summa,</strong></span> <span class='ocrx_word' id='word_1_698' title='bbox 3699 4853 3830 4894; x_wconf 85' lang='lat' dir='ltr'><strong>con-</strong></span> 
     </span>
    </p>
   </div>
   <div class='ocr_carea' id='block_1_99' title="bbox 563 4947 2142 5032">
    <p class='ocr_par' dir='ltr' id='par_1_99' title="bbox 563 4947 2142 5032">
     <span class='ocr_line' id='line_1_100' title="bbox 563 4947 2142 5032; baseline -0.012 -11"><span class='ocrx_word' id='word_1_699' title='bbox 563 4975 728 5032; x_wconf 82' lang='lat' dir='ltr'><strong>esset,</strong></span> <span class='ocrx_word' id='word_1_700' title='bbox 764 4963 948 5020; x_wconf 82' lang='lat' dir='ltr'><strong>Gloria</strong></span> <span class='ocrx_word' id='word_1_701' title='bbox 978 4961 1158 5026; x_wconf 83' lang='lat' dir='ltr'><strong>Patri,</strong></span> <span class='ocrx_word' id='word_1_702' title='bbox 1185 4967 1236 5010; x_wconf 74' lang='lat' dir='ltr'><strong>et</strong></span> <span class='ocrx_word' id='word_1_703' title='bbox 1286 4956 1449 5022; x_wconf 70' lang='lat' dir='ltr'><strong>Filio,</strong></span> <span class='ocrx_word' id='word_1_704' title='bbox 1485 4965 1536 5010; x_wconf 86' lang='lat' dir='ltr'><strong>et</strong></span> <span class='ocrx_word' id='word_1_705' title='bbox 1573 4952 1804 5025; x_wconf 87' lang='lat' dir='ltr'><strong>Spiritui</strong></span> <span class='ocrx_word' id='word_1_706' title='bbox 1841 4958 2051 5015; x_wconf 77' lang='lat' dir='ltr'><strong>sancta,</strong></span> <span class='ocrx_word' id='word_1_707' title='bbox 2081 4947 2142 5002; x_wconf 89' lang='lat' dir='ltr'><strong>li-</strong></span> 
     </span>
    </p>
   </div>
   <div class='ocr_carea' id='block_1_100' title="bbox 2247 4932 3830 5020">
    <p class='ocr_par' dir='ltr' id='par_1_100' title="bbox 2247 4932 3830 5020">
     <span class='ocr_line' id='line_1_101' title="bbox 2247 4932 3830 5020; baseline -0.015 -14"><span class='ocrx_word' id='word_1_708' title='bbox 2247 4950 2509 5020; x_wconf 73' lang='lat' dir='ltr'><strong>cet-dique</strong></span> <span class='ocrx_word' id='word_1_709' title='bbox 2541 4943 2790 5004; x_wconf 64' lang='lat' dir='ltr'><strong>omniun1</strong></span> <span class='ocrx_word' id='word_1_710' title='bbox 2825 4940 3110 4999; x_wconf 72' lang='lat' dir='ltr'><strong>voluntate</strong></span> <span class='ocrx_word' id='word_1_711' title='bbox 3150 4935 3391 5008; x_wconf 74' lang='lat' dir='ltr'><strong>pontifex</strong></span> <span class='ocrx_word' id='word_1_712' title='bbox 3426 4932 3704 4992; x_wconf 78' lang='lat' dir='ltr'><strong>maximus</strong></span> <span class='ocrx_word' id='word_1_713' title='bbox 3745 4942 3830 4982; x_wconf 88' lang='lat' dir='ltr'><strong>re-</strong></span> 
     </span>
    </p>
   </div>
  </div>
