3986 5386
219 152 317 208 137

1180 145 1712 205 PROLEGOMENA.
1740 176 1809 184 ——
1850 145 2032 202 ACTA
2067 145 2124 201 S.
2163 140 2510 199 GllECORll.

3389 136 3493 191 158

223 276 397 342 postea
426 264 820 337 gravissimum
835 272 1089 320 exortum
1116 275 1234 321 est:
1260 264 1551 321 occasione
1576 270 1799 333 accepta
1832 262 1875 317 Α
1902 271 2086 318 autem
2119 260 2286 314 fuerit
2316 266 2554 322 creatus,
2573 263 2627 310 et
2649 262 2869 325 quantae
2894 253 2978 307 vir
3004 262 3136 307 tunc
3168 250 3221 306 in
3246 249 3495 307 Romana

224 360 357 432 quod
388 359 605 428 absque
630 356 978 429 imperatoris
1022 371 1299 413 consensu
1338 371 1438 427 per
1480 355 1827 410 electionem.

227 461 421 509 tantum
450 449 588 505 Cleri
619 448 858 504 Romani
878 448 1212 505 constitutus
1247 446 1429 503 fuerit.
1457 447 1575 519 Ipse
1596 453 1801 509 autem,

225 544 309 614 qui
354 541 531 597 multo
581 550 832 612 tempore
880 541 949 596 ad
1007 540 1317 596 libertatem
1372 539 1801 595 ecclesiasticam

228 633 588 699 obtinendam,
607 632 731 704 jam
764 632 889 689 inde
932 647 965 688 a
996 630 1244 704 Gregorii
1276 646 1431 702 papa:
1460 628 1531 683 Vl
1562 630 1801 700 abroga-

230 720 359 785 tione
401 726 663 799 privatus
711 726 1086 793 laboraverat,
1129 725 1247 796 jam
1300 724 1369 781 ad
1421 724 1801 796 pontiﬁcatum

228 826 511 889 promotus,
548 833 583 874 a
614 826 799 889 empto
827 817 1089 874 desistere
1134 815 1419 887 indignum
1443 814 1669 883 ducens,
1689 822 1801 868 tam

229 911 289 964 ob
319 908 456 964 hanc
490 924 613 964 rem
663 923 832 980 quam
875 922 975 979 pro
1028 904 1278 963 Simonia
1328 905 1702 977 exstirpanda,
1747 913 1804 961 et

230 1000 532 1057 clericorum
558 999 961 1055 incontinentia
989 998 1356 1070 reprimenda,
1389 997 1685 1068 plurimum
1706 997 1802 1051 de—

230 1091 456 1149 sudabat.
522 1090 806 1163 Denique,
855 1106 966 1146 non
1018 1094 1199 1147 solum
1256 1089 1646 1160 imperatorem
1701 1103 1801 1159 pro

229 1183 477 1253 ejusmodi
504 1182 681 1240 rebus
705 1183 773 1237 ad
808 1182 1087 1254 synodalia
1118 1197 1383 1253 responsa
1418 1182 1611 1237 crebro
1634 1196 1801 1235 voca-

228 1274 332 1328 vit:
360 1274 456 1329 sed
475 1274 673 1339 etiam,
710 1273 873 1330 editis
897 1274 1154 1338 decretis,
1177 1272 1505 1328 clericorum
1526 1288 1557 1326 a
1581 1271 1802 1328 subdia-

226 1379 408 1424 coaatu
462 1370 536 1425 ad
603 1369 983 1440 episcopatum
1047 1368 1344 1435 connubia,
1398 1366 1454 1421 in
1500 1375 1617 1423 toto
1671 1366 1803 1422 orbe

227 1461 460 1518 Romano
510 1461 829 1532 prohibuit;
881 1460 1167 1531 formaque
1198 1460 1378 1533 gregis
1413 1459 1611 1525 factus,
1656 1458 1804 1530 quod

223 1554 376 1608 verbo
413 1552 628 1620 docuit,
661 1553 914 1622 exemplo
955 1552 1355 1609 demonstravit
1381 1570 1393 1606 :
1421 1568 1486 1607 ac
1515 1550 1674 1607 fortis
1707 1566 1804 1620 per

222 1645 395 1700 omnia
417 1644 637 1729 athleta.
652 1659 875 1700 murum
921 1660 981 1701 se
1014 1659 1115 1716 pro
1143 1643 1311 1700 domo
1344 1642 1566 1699 Domini
1595 1658 1803 1714 ponere

222 1749 325 1791 non
352 1735 593 1807 expavit.

284 1824 449 1896 Igitur
476 1841 631 1885 anno
660 1824 883 1883 Domini
928 1825 1088 1896 1075,
1129 1836 1349 1887 mortuo
1388 1842 1529 1899 papa
1564 1826 1804 1882 Alexan—

217 1917 313 1972 dro
344 1915 609 1988 ll,-eoque
643 1918 700 1973 in
727 1917 1088 1977 Lateranensi
1110 1918 1344 1976 Basilica
1375 1920 1680 1977 honoriﬁce
1714 1935 1804 1975 se—

216 2007 384 2077 pulto,
419 2009 615 2064 eodem
646 2008 772 2080 ejus
797 2009 983 2067 obitus
1010 2019 1066 2064 et
1106 2012 1401 2081 sepulturae
1423 2012 1534 2080 die,
1556 2010 1809 2068 videlicet

217 2114 248 2151 x
291 2096 410 2153 Kal.
450 2097 618 2163 Maii,
663 2098 800 2155 dum
843 2099 1025 2159 adhuc
1064 2110 1214 2159 esset
1256 2101 1313 2156 in
1365 2102 1487 2173 ejus
1528 2102 1807 2174 obsequiis

217 2191 279 2262 [Ῐ.
292 2190 594 2265 exsequiis]
618 2190 1022 2250 llildebrandus
1040 2193 1464 2251 archidiaconus
1482 2204 1804 2267 occupatus,

217 2293 432 2355 repente
454 2282 638 2341 factus
667 2294 756 2342 est
788 2286 847 2340 in
876 2286 993 2357 ipsa
1031 2287 1261 2343 ecclesia
1293 2288 1569 2344 maximus
1587 2288 1719 2343 cleri
1753 2296 1809 2343 et

218 2375 393 2445 populi
421 2373 662 2432 Romani
688 2390 996 2432 concursus
1018 2376 1377 2433 clamantium
1395 2386 1450 2434 et
1467 2378 1767 2434 dicentium
1793 2397 1806 2432 :

219 2465 641 2523 Hildebrandum
663 2468 1106 2525 archidiaconum
1132 2469 1189 2526 S.
1220 2470 1414 2527 Petrus
1441 2471 1619 2543 elegit.
1650 2471 1811 2540 Quod

217 2558 439 2615 audiens
472 2558 594 2629 ipse
624 2560 1073 2629 archidiaconus,
1102 2578 1272 2633 quam
1307 2563 1547 2619 maxime
1594 2564 1805 2632 timuit;

216 2650 380 2705 milita
420 2650 632 2708 veritus
667 2650 810 2723 (erat
842 2646 991 2720 enim
1044 2653 1130 2709 vir
1166 2654 1653 2728 prudentissimus)
1688 2672 1811 2727 quae

218 2740 270 2797 in
296 2742 621 2812 bujusmodi
658 2744 1037 2801 tumultuariis
1071 2746 1434 2804 electionibus
1463 2747 1811 2803 incommoda

216 2836 426 2893 evenire
441 2836 647 2894 solent.
661 2836 745 2894 Ad
768 2838 1240 2911 pulpitumigitur,
1252 2840 1398 2911 quod
1411 2850 1531 2896 erat
1552 2840 1608 2895 in
1631 2841 1810 2897 media

215 2925 434 2985 ecdesia
455 2927 844 2997 Lateranensi,
857 2946 1108 2999 currens,
1120 2932 1382 3002 populum
1398 2932 1578 3002 ipsum
1606 2932 1809 3003 alloqui

216 3029 266 3074 et
308 3020 508 3077 sedare
541 3019 764 3077 volebat
790 3040 804 3078 :
828 3029 905 3088 et,
938 3031 999 3078 ut
1032 2990 1258 3080 ali-bac
1289 2990 1621 3082 desisterent
1652 2990 1810 3080 novi-
1837 2990 1883 3053 Ο

217 3117 341 3176 tate,
375 3124 612 3167 monere
645 3118 811 3182 atque
856 3112 1139 3168 adhortari
1165 3132 1177 3166 :
1203 3114 1427 3185 quippe,
1468 3130 1591 3185 quae
1619 3123 1809 3171 contra

218 3214 483 3267 canones,
519 3201 620 3274 qui
639 3201 841 3274 jubent
885 3218 954 3259 ne
980 3210 1107 3260 ante
1138 3204 1285 3261 diem
1310 3206 1537 3262 tertium
1564 3206 1634 3263 ab
1657 3206 1810 3262 obitu

219 3291 451 3360 pastoris
487 3306 670 3349 novus
709 3290 959 3363 pontifex
1001 3293 1323 3365 eligeretur,
1353 3304 1408 3351 et
1435 3304 1628 3353 contra
1673 3312 1809 3352 con-

221 3383 587 3452 suetudinem,
617 3399 745 3455 quae
770 3401 869 3456 per
913 3402 978 3443 ea
1018 3396 1268 3459 tempora
1303 3391 1696 3461 usurpabatur,
1722 3392 1810 3445 in-

221 3476 467 3531 consulto
522 3476 781 3533 videlicet
842 3478 1175 3549 imperatore
1198 3522 1214 3546 ,
1263 3480 1320 3536 in
1385 3482 1513 3536 novi
1576 3480 1811 3537 Romani

222 3566 492 3635 pontiﬁcis
519 3566 823 3635 electione,
869 3579 1025 3625 erat:
1051 3572 1222 3641 quod,
1261 3588 1389 3628 cum
1418 3588 1530 3643 prae
1552 3574 1808 3640 tumultu,

222 3663 273 3710 et
293 3657 481 3728 popuh
513 3656 754 3714 furentis
774 3659 1053 3715 celeritate
1075 3660 1254 3719 facere
1280 3678 1392 3717 non
1438 3672 1624 3733 posset
1657 3663 1810 3735 (sua-

223 3745 372 3804 dente
395 3764 643 3805 maxime
666 3749 823 3821 (215)
850 3749 1081 3823 Hugone
1103 3752 1307 3811 Blanco
1326 3754 1647 3812 Tridentin
1671 3757 1813 3811 tituli

226 3834 279 3890 S.
310 3837 615 3895 Clementis
653 3840 958 3908 cardinale,
999 3843 1475 3917 archipresbytero
1502 3846 1559 3901 δ.
1611 3845 1677 3901 R.
1720 3845 1809 3913 E.,

225 3929 331 3999 qui,
381 3930 480 3987 ubi
514 3931 768 3987 omnium
814 3942 943 3988 vota
976 3932 1032 3989 in
1078 3936 1335 3993 eumdem
1383 3936 1812 3994 llildebranuum

226 4019 422 4078 directa
450 4037 580 4078 esse
611 4024 892 4094 cognovit,
915 4024 983 4081 ab
1014 4026 1241 4098 incepto
1266 4027 1511 4095 destitit,
1545 4036 1605 4085 ut
1629 4028 1812 4084 archi-

226 4109 430 4166 diaconi
468 4111 798 4168 electionem
846 4112 1153 4185 impediret,
1205 4126 1263 4173 et
1293 4118 1673 4188 pontiﬁcatum
1707 4116 1815 4173 Ro-

229 4216 469 4273 manum,
490 4220 659 4276 quem
693 4207 933 4263 maxime
955 4209 1245 4279 ambierat,
1273 4211 1502 4282 peteret)
1527 4211 1579 4266 vi
1602 4220 1812 4282 raptus,

1904 351 2148 408 Ecclesia
2183 347 2610 406 existimationis
2656 344 2841 411 fuerit,
2889 342 3162 414 subjicere
3205 342 3404 413 placet,
3427 356 3497 397 ex

1902 445 2025 515 ejus
2070 441 2354 498 electionis
2401 439 2601 504 forma,
2637 452 2762 507 qua:
2798 436 2857 490 in
2907 435 3049 491 libro
3085 433 3324 505 Registri
3374 433 3498 504 ejus

1902 544 2164 593 annotata
2196 542 2282 589 est
2306 533 2360 586 in
2391 532 2537 585 hunc
2564 529 2831 584 modum:

1973 628 2242 701 Regnante
2265 624 2491 681 Domino
2526 631 2709 678 nostra
2726 619 2856 678 Iesu
2880 619 3093 677 Christo
3110 660 3124 674 .
3146 659 3163 675 .
3184 660 3200 675 .
3220 659 3236 675 .
3275 618 3499 689 Reliqua

1901 726 2018 782 vide
2040 724 2097 779 in
2121 723 2384 795 Registro.

1973 817 2127 872 Tunc
2160 814 2318 887 Hugo
2356 811 2636 868 Candidus
2677 810 2961 882 presbyter
3015 808 3311 865 cardinalis
3354 807 3501 863 tituli

1905 911 2095 968 Sancti
2119 907 2442 972 Clementis,
2464 921 2593 961 cum
2628 912 2828 975 praster
2856 903 3185 959 sententiam
3219 900 3341 973 ejus
3364 900 3502 957 Gre-

1901 1006 2091 1079 gorius
2132 1004 2249 1074 ipse
2290 1018 2321 1057 a
2365 998 2741 1057 cardinalibus
2766 1011 2907 1067 papa
2941 995 3288 1051 renuntiatus
3330 1001 3500 1058 esset,

1901 1097 2147 1169 deposita
2174 1093 2474 1159 simultate,
2497 1102 2553 1147 et
2573 1090 2814 1146 amicitia
2837 1090 2905 1145 ad
2934 1098 3150 1159 tempus
3166 1086 3318 1159 (ΞΗ)
3335 1086 3505 1143 simu.

1901 1194 2032 1259 lata,
2049 1189 2196 1262 quod
2216 1196 2361 1246 esset
2380 1186 2440 1241 S.
2461 1184 2526 1239 R.
2551 1182 2611 1239 E.
2631 1181 3090 1254 archipresbyter,
3115 1179 3234 1234 vice
3254 1177 3501 1234 omnium

1903 1266 2262 1341 cardinalmm
2291 1281 2412 1353 ejus
2439 1280 2776 1337 creationem
2806 1274 3113 1332 honoriﬁco
3149 1273 3348 1344 elogio,
3391 1287 3504 1342 quo

1903 1380 1953 1434 ei
1989 1377 2411 1450 gratiﬁcaretur,
2460 1374 2549 1429 bis
2588 1371 2772 1428 verbis
2820 1384 2974 1425 more
3013 1367 3286 1438 majorum
3335 1363 3501 1419 fecit:

1909 1469 2270 1536 Nobilissimi,
2321 1467 2519 1538 inquit,
2555 1466 2715 1531 cives,
2764 1461 2961 1517 nemini
3009 1458 3239 1515 vestram
3287 1456 3507 1511 dubiant

1906 1580 2143 1636 unquam
2189 1562 2325 1634 fuit,
2376 1561 2503 1633 quin
2560 1555 2961 1612 llildebrandus
3010 1560 3205 1607 nostrae
3252 1548 3509 1603 Ecclesia:

1905 1656 2337 1720 archidiaconus,
2362 1654 2443 1707 vir
2465 1647 2930 1723 prudentissimus,
2981 1652 3033 1698 et
3078 1648 3326 1713 spectata:
3369 1640 3509 1692 inter

1905 1764 2081 1804 omnes
2112 1745 2260 1816 ﬁdei,
2292 1752 2343 1798 et
2368 1740 2670 1814 probitatis,
2707 1751 2825 1791 eam
2845 1734 2964 1804 jam
2987 1731 3109 1787 inde
3130 1748 3163 1785 a
3191 1729 3384 1784 Leonis
3422 1725 3507 1780 IX

1907 1852 2136 1911 tempore
2162 1837 2355 1891 mirum
2376 1835 2433 1889 in
2464 1831 2677 1887 modum
2705 1828 2816 1882 suis
2841 1824 3125 1881 virtutibus
3150 1820 3507 1885 exornarem,

1905 1931 2179 1987 laboribus
2224 1927 2455 1993 auxerit,
2498 1921 2699 1989 studio,
2747 1928 2800 1976 et
2847 1916 3118 1972 industria
3167 1921 3371 1967 tutatus
3412 1911 3507 1977 sit,

1908 2032 2064 2093 atque
2102 2036 2134 2074 a
2166 2017 2349 2072 multis
2380 2012 2633 2086 periculis
2670 2008 2945 2080 eripuerit.
2995 2003 3347 2071 Quamobrem
3388 2018 3509 2055 cum

1908 2090 2101 2169 Patres
2140 2108 2401 2163 neminem
2439 2121 2500 2161 eo
2544 2103 2802 2175 aptiorem
2839 2095 3202 2169 judicaverint
3250 2093 3319 2147 ad
3354 2090 3509 2164 urbis

1909 2212 2125 2267 uostrw,
2152 2209 2203 2255 et
2228 2198 2483 2254 Romanis
2517 2192 2755 2250 ecclesia:
2776 2190 3009 2261 regimen
3046 2184 3378 2249 obeundum,
3415 2197 3513 2252 ego

1907 2300 2083 2369 ipsum
2118 2293 2353 2349 omnium
2389 2290 2776 2361 episcoporum,
2813 2282 3258 2355 presbyterorum,
3291 2284 3344 2331 et
3383 2275 3510 2327 dia-

1910 2403 2161 2445 conorum
2197 2384 2255 2440 S.
2306 2382 2372 2437 Ii.
2421 2380 2486 2436 E.
2547 2375 2910 2433 cardinalium
2964 2371 3205 2437 nomine,
3264 2364 3510 2421 omnibus

1908 2480 2151 2539 electioni
2211 2473 2689 2537 consentientibus,
2759 2467 2941 2534 nobis,
3003 2462 3249 2533 vobisque
3303 2458 3510 2529 cpisco-

1910 2587 2034 2641 pum
2072 2568 2391 2631 Romanum,
2439 2572 2489 2618 ει
2527 2562 2831 2615 animarum
2886 2565 3192 2611 nostrarum
3241 2558 3509 2621 pastorem

1909 2662 2215 2732 pronuntio.

1980 2752 2103 2819 Quo
2157 2750 2322 2815 facto,
2376 2746 2561 2803 statim
2613 2749 2897 2813 arreptus,
2941 2747 2996 2793 ct
3035 2750 3188 2792 more
3233 2724 3508 2803 majorum

1911 2855 2063 2903 veste
2115 2857 2393 2915 purpurea
2446 2839 2696 2904 indutus,
2743 2831 3162 2909 Pontiﬁcalique
3204 2826 3511 2884 diademate

1914 2938 2222 3004 redimitus,
2260 2934 2487 3000 invitus,
2531 2940 2587 2986 et
2617 2929 2897 2985 reluctans
2942 2925 2997 2980 in
3035 2920 3338 2994 apostolica
3380 2917 3510 2974 sede

1914 3031 2221 3104 magniﬁce,
2256 3041 2475 3085 summo
2519 3039 2645 3080 cum
2681 3020 2882 3094 gaudio
2932 3028 2987 3075 et
3038 3015 3226 3072 lzetitia
3262 3011 3365 3068 fuit
3394 3010 3509 3066 col-

1914 3129 2159 3191 locatus;
2199 3123 2423 3194 quippe,
2460 3119 2555 3190 qui
2590 3132 2718 3173 eum
2764 3128 2940 3169 unum
2987 3117 3199 3165 tantum
3234 3119 3359 3162 esse
3385 3118 3507 3160 cre-

1912 3219 2133 3283 debant,
2187 3214 2284 3286 qui
2344 3227 2458 3267 rem
2510 3206 2944 3266 ecclesiasticam
2998 3199 3313 3264 restituere,
3344 3203 3510 3265 atque

1916 3309 2221 3364 Romanam
2281 3302 2583 3359 Ecclesium
2645 3298 2742 3355 diu
2810 3310 3047 3362 servam,
3108 3292 3164 3346 in
3220 3288 3508 3361 pristinam

1912 3402 2216 3458 libertatem
2247 3411 2314 3451 ex
2350 3390 2696 3465 imperatoris
2721 3404 2887 3443 manu
2912 3399 3125 3449 eruere,
3149 3390 3205 3437 et
3229 3379 3510 3435 vindicare

1913 3493 2158 3561 auderet,
2202 3498 2258 3545 et
2294 3494 2498 3558 posset.
2536 3484 2757 3540 Electus
2794 3489 2976 3536 autem
3029 3477 3313 3531 Romanus
3356 3472 3507 3529 Pon-

1915 3584 2046 3640 tifex
2106 3596 2263 3638 more
2321 3578 2595 3649 majorum
2658 3573 2843 3630 abbati
2896 3569 3238 3634 Cassincnsi,
3298 3574 3354 3621 et
3411 3582 3507 3619 ar-

1912 3675 2263 3746 chiepiscopo
2292 3669 2597 3726 Ravennati
2647 3665 2868 3736 scripsit
2890 3662 3154 3734 epistolas
3175 3659 3347 3732 (215),
3379 3656 3508 3727 qui-

1913 3768 2018 3823 bus
2054 3781 2152 3822 eos
2187 3764 2255 3821 de
2292 3761 2579 3819 electionis
2618 3775 2735 3816 suae
2772 3757 2950 3813 forma
3006 3764 3063 3810 et
3099 3754 3264 3809 modo
3300 3750 3507 3807 certio-

1915 3874 2002 3913 res
2034 3856 2182 3912 facit.

1956 3947 2204 4002 .Electus
2262 3917 2430 4014 igitur
2495 3939 2897 3998 llildebrandus
2967 3935 3390 3992 archidiaconus
3450 3931 3514 3985 in

1916 4039 2226 4094 Romanum
2250 4035 2593 4106 pontiﬁcem,
2638 4041 2856 4101 tempus
2882 4038 3255 4100 opportunum
3290 4025 3509 4080 ven-isse

1916 4137 2072 4186 ratus
2105 4134 2212 4193 est,
2237 4140 2350 4197 quo
2372 4121 2801 4180 ecclesiasticam
2839 4121 3144 4177 libertatem
3168 4126 3281 4172 tam
3303 4113 3509 4169 Roma-

1919 4240 2002 4280 na:
2054 4220 2332 4287 Ecclesiae,
2383 4234 2551 4290 quam
2605 4216 2859 4282 aliarum,
2907 4227 3007 4283 pro
3067 4225 3179 4281 qua
3225 4214 3511 4275 tantopere

231 4302 379 4388 ΞΨθ
408 4297 485 4352 ad
517 4293 763 4354 “unum
796 4298 857 4355 δ’
892 4299 1036 4359 Ρθίτί
1084 4304 1154 4358 ad
1200 4302 1450 4373 νίηουιίι»
1482 4305 1578 4375 (ιιιί
1612 4305 1815 4362 (Παίων
1851 4336 1891 4388 ι)
1917 4313 2163 4385 privatus
2199 4311 2564 4376 laboraverat,
2585 4307 2699 4379 jam
2730 4303 2974 4377 pontifex
3000 4301 3274 4357 maximus
3305 4310 3513 4351 renun-

232 4380 506 4454 Eudoxiaa,
536 4388 838 4456 deductus,
878 4390 1077 4447 ibidem
1110 4392 1235 4464 ipso
1269 4394 1378 4461 die,
1412 4411 1478 4450 ex
1514 4396 1810 4462 monacho,

232 4484 280 4531 et
306 4476 362 4532 S.
378 4478 649 4536 Romanae
672 4480 928 4539 Ecclesia:
945 4484 1359 4554 archidiacono,
1374 4503 1407 4543 a
1420 4488 1812 4555 cardinalibus,

234 4568 385 4639 clero,
399 4582 624 4642 senatu,
651 4575 966 4647 populoque
990 4575 1263 4643 Romano,
1285 4578 1339 4633 in
1362 4580 1814 4650 papaaAlexandri

236 4657 399 4719 locum
424 4680 649 4722 summo
671 4668 919 4723 omnium
944 4683 1218 4729 consensu
1244 4669 1528 4729 Romanus
1546 4671 1812 4744 pontifex,

236 4761 413 4849 contra
463 4754 619 4849 illius
669 4759 933 4849 temporis
963 4761 1447 4832 consuetudinem,
1485 4763 1817 4835 imperatore

232 4846 562 4913 inconsulto,
587 4848 850 4919 nullaque
873 4850 1016 4921 ejus,
1055 4860 1150 4909 aut
1184 4851 1493 4917 Germaniae
1527 4854 1815 4926 episcopo-

239 4944 369 5035 rum,
387 4945 453 4993 et
468 4938 775 5010 principum
801 4940 1123 5012 interposita
1172 4953 1269 5000 aut
1291 4955 1604 5017 exspectata
1623 4956 1817 5005 aucto-

241 5033 407 5096 ritate,
452 5034 799 5090 renuntiatus
833 5042 939 5092 est.
997 5033 1147 5093 Sedit
1180 5048 1366 5096 autem
1410 5042 1468 5098 in
1518 5040 1818 5113 apostolica

243 5115 356 5206 sede
389 5119 721 5195 imperatore
741 5123 965 5183 Caesare
988 5124 1223 5187 Henrico
1250 5129 1319 5189 lY
1342 5130 1612 5206 Augusto,
1644 5148 1821 5189 annos

245 5202 534 5281 duodecim,
559 5230 812 5273 mensem
838 5232 1033 5285 unum,
1070 5231 1126 5276 et
1144 5221 1262 5279 dies
1292 5202 1577 5291 tresiQua
1611 5223 1821 5280 ratione

306 5342 385 5386 (9|
395 5348 451 5386 !\

500 5351 603 5386 nn:
648 5361 843 5386 nemina
911 5369 939 5386 ο
992 5352 1252 5386 annua-2A
1308 5360 1372 5386 ..ι-1
1435 5359 1819 5386 ..ιιιιίι--ριξηηη

1916 4405 2106 4471 tiatus,
2142 4416 2394 4458 asserere
2427 4407 2636 4471 posset,
2669 4396 2965 4465 omniaque
2986 4393 3040 4448 in
3067 4388 3355 4462 pristinam
3371 4400 3511 4440 ven-

1916 4498 2103 4553 dicare
2137 4497 2464 4552 libertatem.
2496 4492 2698 4550 Verum
2728 4490 2965 4546 maxime
2989 4486 3132 4558 apud
3155 4481 3511 4552 semetipsum

1917 4586 2253 4652 contristari,
2277 4593 2332 4641 et
2365 4594 2600 4642 aestuare
2622 4583 2806 4653 carpit,
2853 4588 3020 4650 atque
3051 4575 3420 4641 considerare,
3454 4573 3513 4626 in

1919 4688 2056 4750 qupt
2121 4677 2307 4751 gravia
2381 4677 2698 4734 schismatis
2732 4683 2800 4729 'et
2849 4672 3084 4727 aliarum
3138 4665 3515 4724 calamitatum

1921 4771 2183 4843 pericula,
2211 4771 2259 4826 si
2288 4771 2668 4841 pontiﬁcatum
2694 4766 2866 4822 semel
2907 4771 3253 4834 assumptum
3280 4758 3516 4813 retinere

1922 4860 2101 4928 vellet,
2161 4876 2239 4927 se,
2308 4870 2363 4915 et
2421 4860 2727 4915 Romanam
2789 4854 3091 4913 Ecclesium
3148 4847 3514 4920 conjecisset:

1920 4951 2121 5022 (ιιιῑιιρθ
2154 4951 2249 5022 (Illi
2283 4951 2491 5020 absque
2533 4946 2903 5020 imperatoris,
2930 4956 2987 5002 et
3020 4940 3327 5003 Germania:
3367 4935 3521 5009 prin-

1923 5040 2104 5111 cipum
2129 5055 2426 5107 consensu,
2469 5037 2757 5096 Romanus
2777 5036 3025 5108 pontifex
3068 5040 3264 5091 contra
3287 5040 3526 5085 consue~

1926 5136 2168 5191 tudinem
2192 5143 2412 5192 creatus
2433 5144 2598 5191 esset.
2623 5133 3045 5191 Recordabatur.
3055 5128 3205 5188 enim
3231 5122 3523 5182 malorum,

1925 5229 2275 5295 seditionum,
2304 5237 2359 5283 et
2380 5228 2719 5298 schismatis,
2755 5242 2880 5299 quae
2906 5226 2963 5281 in
2986 5219 3266 5282 creatione
3290 5214 3526 5268 Alexan-

2001 5362 2080 5386 [οι
2096 5361 2147 5386 ιη
2189 5360 2395 5386 η..-ε.-.
2420 5362 2600 5386 Α---..ι
2628 5366 2733 5386 _2___
2762 5366 2862 5386 ι.--
2896 5362 3152 5386 --ε-.-ιι.η
3196 5351 3306 5386 Nnc
3339 5342 3530 5386 nmini-
