3986 5386
519 306 620 363 151)

1686 304 1741 363 Β.
1782 300 2178 368 GIiEGORlUS
2226 306 2310 357 νιι
2348 298 2543 357 ΡΑΡΑ.

3640 292 3742 348 ilio

498 425 582 482 dri
620 425 665 480 ll
698 440 794 498 per
831 412 1241 496 lmpcratOrem.
1276 429 1330 476 et
1374 418 1636 475 Cadolum
1689 413 2072 489 [Cadaloum]
2102 424 2148 478 Α
2173 425 2258 472 tos
2290 432 2422 473 suos
2460 430 2681 473 causam
2737 423 2791 469 rt
2822 413 3043 469 modum
3087 410 3377 469 electionis
3416 408 3491 465 de
3540 421 3603 464 se
3648 421 3748 477 per

500 515 641 572 facta
664 516 899 571 fuerant.
932 512 1182 567 Timebat
1204 510 1585 580 imperatorem
1608 504 2067 577 potentissimum,

497 605 771 674 juvenem,
802 602 1087 664 audacem,
1115 599 1349 654 maxime
1384 596 1618 652 ferocem
1653 595 1946 651 Henricum
1977 592 2068 663 IV,

500 709 661 763 quem
685 692 829 747 haud
851 704 1164 760 passurum,
1192 696 1254 743 ut
1285 686 1501 756 imperii
1529 684 1675 757 (216)
1718 684 1848 755 jura
1881 683 2072 753 deper-

497 785 650 839 deret
673 825 688 850 ,
742 781 1125 837 arbitrabatur.
1174 780 1419 850 Augebat
1467 786 1724 848 praeterea
1772 776 2068 843 hominem,

497 888 661 943 quem
680 872 913 928 invisum
933 886 993 926 se
1014 870 1162 942 (2H)
1183 869 1372 925 multis
1392 868 1695 925 Germania:
1712 866 2070 938 principibus,

497 971 553 1017 et
596 961 779 1032 magni
822 959 1061 1015 nominis
1094 960 1365 1031 episcopis
1420 973 1480 1015 se
1519 973 1642 1014 esse
1685 956 2067 1028 cognoscebat.

499 1050 652 1121 Saepe
673 1050 816 1107 enim
840 1051 944 1106 sub
961 1050 1453 1122 praeJecessoribus
1490 1049 1607 1105 suis
1625 1047 1694 1102 ad
1728 1046 2072 1117 imperatoris

495 1141 677 1195 aulam
700 1141 909 1214 legatus
938 1141 1165 1209 missus,
1198 1141 1489 1196 maximam
1521 1138 1916 1209 Episcoporum
1946 1153 2075 1194 con-

496 1241 737 1297 traxerat
776 1234 1138 1301 inimicitiam,
1168 1249 1470 1306 eorumque
1504 1234 1559 1287 in
1585 1247 1644 1289 se
1677 1232 1801 1287 odia
1826 1233 2071 1288 concita-

493 1332 665 1393 verat,
690 1327 790 1398 qui
809 1328 973 1384 nimis
994 1342 1173 1398 asper,
1200 1328 1391 1394 durus,
1413 1334 1467 1382 et
1497 1325 1849 1383 ecclesiastici
1876 1323 2073 1396 rigoris

495 1419 651 1474 valde
688 1426 851 1474 tenax
891 1434 1016 1475 esse
1044 1420 1396 1475 crederetur:
1449 1426 1612 1488 atque
1640 1433 1706 1472 eo
1742 1416 1915 1488 magis
1940 1430 2074 1472 con-

496 1511 835 1578 tristabatur,
866 1512 1012 1581 quod
1055 1512 1101 1569 si
1132 1510 1350 1567 occasio
1372 1511 1427 1565 in
1452 1511 1735 1581 pristinam
1771 1510 2072 1564 libertatem

497 1599 1136 1657 reducendi‘Ecclesiam
1187 1601 1293 1657 hoc
1348 1609 1589 1671 tempore
1639 1600 1853 1656 sublata
1904 1611 2071 1668 esset,

497 1703 844 1762 nequaquam
880 1692 1115 1762 amplius
1144 1698 1332 1761 postea
1357 1698 1571 1762 tempus
1596 1692 1676 1746 sic
1707 1697 2073 1762 opportunum

495 1782 683 1837 venire
732 1797 894 1852 posse
953 1782 1339 1839 arbitrabatur.
1401 1781 1540 1838 Nam
1593 1789 1723 1838 tunc
1777 1782 2074 1852 imperator

497 1871 811 1926 adolescens
844 1880 981 1939 erat,
1011 1880 1068 1928 et
1086 1872 1329 1928 nondum
1355 1872 1513 1943 plane
1540 1872 1594 1926 in
1617 1871 1847 1942 imperio
1868 1870 2073 1926 conﬁr-

497 1970 729 2020 matus:
783 1963 1040 2020 maximis
1085 1978 1306 2035 quoque
1344 1963 1610 2020 bellorum
1657 1962 1968 2017 turbinibus
2020 1960 2075 2014 in

501 2054 739 2110 Saxonia
779 2056 1117 2111 vexabatur:
1165 2070 1307 2125 qum,
1344 2062 1405 2109 ut
1438 2054 1505 2109 ad
1541 2054 1648 2108 alia
1695 2052 1938 2108 animum
1988 2052 2075 2105 in-

499 2143 763 2211 tenderet,
811 2158 936 2199 cum
988 2144 1224 2229 maxime
1262 2144 1625 2214 prohibebant
1666 2142 1837 2213 (218).
1885 2139 2076 2196 Plures

497 2237 645 2291 enim
673 2236 834 2307 primi
859 2219 1089 2295 ordinis
1114 2238 1216 2293 viri
1264 2237 1511 2295 Saxones
1542 2238 1611 2293 ab
1642 2253 1708 2293 eo
1745 2235 2074 2303 defecerant,

500 2327 821 2384 rebelliones
842 2329 1110 2385 maximas
1139 2329 1346 2396 moliti;
1396 2328 1500 2384 sibi
1534 2341 1665 2383 vero
1699 2341 1800 2383 nec
1831 2326 2074 2381 animum

500 2435 601 2475 nec
632 2420 776 2478 vires
797 2420 1079 2479 defuturas
1107 2422 1458 2479 existimabat
1498 2422 1566 2478 ad
1596 2423 1713 2477 haec
1735 2422 1918 2476 omnia
1952 2435 2077 2491 pcr-

499 2510 746 2566 licicnda.
794 2511 863 2567 Et
885 2513 1100 2583 quidem
1134 2514 1337 2583 optime
1380 2521 1608 2568 noverat
1654 2520 1917 2583 quantam
1958 2526 2076 2571 rem

500 2602 801 2672 moliretur,
826 2618 992 2673 quam
1013 2603 1303 2671 difficilem,
1333 2603 1582 2670 arduam,
1616 2612 1671 2658 et
1694 2602 2073 2673 periculosam.

502 2691 721 2749 Difﬁcile
756 2711 980 2766 quoque
1030 2697 1083 2750 in
1140 2704 1420 2766 posterum
1465 2696 1582 2751 fore
1622 2695 1986 2762 existimabat,
2019 2704 2081 2750 ut

502 2781 781 2841 Romanus
810 2785 1053 2856 pontifex
1080 2786 1354 2857 quispiam
1380 2794 1545 2852 esset,
1581 2785 1677 2855 qui
1718 2786 1835 2839 11:ch
1868 2792 2079 2839 tentare

502 2875 744 2945 auderet,
777 2877 1321 2948 idque‘superiorum
1367 2892 1594 2932 suorum
1635 2875 1902 2945 exemplo.
1939 2874 2075 2929 Cum

500 2964 648 3021 enim
689 2967 968 3024 multoties
995 2965 1274 3039 Stephano
1296 2964 1395 3034 IX,
1421 2965 1644 3022 Nicolao
1680 2964 1725 3019 ll
1756 2974 1812 3021 et
1844 2965 2080 3021 Alexan-

501 3059 603 3115 dro
637 3058 684 3114 ll
721 3061 1085 3132 persuasisset
1127 3069 1190 3118 ut
1239 3062 1358 3118 haec
1403 3062 1746 3130 molirentur,
1795 3076 2077 3133 nunquam

2168 504 2479 560 violentiam
2510 505 2882 559 Romanorum
2904 500 3061 558 factae
3084 499 3433 567 renuntiavit,
3465 512 3747 565 asserens,

2168 605 2224 652 et
2261 598 2308 653 si
2351 598 2556 654 electus
2596 605 2763 663 esset,
2801 594 2929 667 quia
2981 594 3168 666 populi
3212 593 3441 649 furentis
3471 589 3749 647 voluntati

2169 687 2425 743 resistere
2454 701 2563 741 non
2587 687 2878 757 potuisset,
2923 700 2984 741 se
3026 693 3205 740 tamen
3237 697 3519 754 nunquam
3547 695 3751 737 conse—

2170 778 2312 833 crari
2340 777 2603 845 voluisse,
2641 791 2742 832 nec
2774 776 2932 842 velle,
2981 789 3082 830 nec
3123 772 3471 844 pontificatus
3503 769 3747 827 adminir
3786 806 3791 809 ι

2171 867 2489 923 strationem
2514 882 2573 923 se
2590 881 2830 937 unquam
2852 873 3223 934 accepturum,
3246 861 3350 917 nisi
3375 860 3528 932 prius
3549 857 3756 930 Ipsius,
3788 916 3793 921 ,

2171 959 2587 1029 Germaniaeque
2641 960 3020 1030 episcoporum
3064 964 3121 1010 et
3170 952 3475 1025 principum
3530 949 3755 1005 adesset

2172 1066 2493 1108 consensus.
2526 1050 2703 1120 Atque
2741 1047 2811 1102 ob
2846 1061 2968 1102 eam
3002 1060 3246 1114 causam,
3277 1039 3689 1115 quamprimum
3719 1055 3753 1093 a

2170 1143 2394 1214 populo,
2419 1147 2545 1212 post
2576 1140 2897 1196 electionem
2930 1153 3108 1205 suam,
3151 1136 3289 1192 liber
3325 1135 3587 1190 dimissus
3624 1130 3751 1196 fuit,

2172 1231 2357 1288 statim
2388 1230 2658 1285 Albanum
2679 1237 2833 1284 extra
2863 1225 3063 1283 Urbem
3085 1225 3438 1292 concessisse,
3463 1238 3532 1279 ne
3556 1229 3754 1279 contra

2172 1339 2381 1379 morem
2432 1323 2503 1379 ab
2553 1323 2743 1378 eodem
2804 1319 3005 1393 pOpulo
3058 1315 3487 1376 consecrationis
3544 1327 3755 1371 munus

2172 1415 2420 1486 accipere
2449 1422 2754 1485 cogeretur.

2243 1522 2462 1582 Litteris
2504 1533 2687 1581 autem
2729 1522 2844 1579 suis
2874 1522 2943 1578 ab
2973 1521 3301 1592 imperatore
3341 1517 3601 1589 acceptis,
3637 1514 3769 1586 epi-

2173 1630 2573 1688 scoporumque
2615 1621 2885 1668 conventu
2920 1619 3269 1683 congregato,
3303 1609 3590 1679 diligenter
3617 1605 3773 1660 Gre—-

2173 1704 2311 1776 gorii
2347 1702 2438 1758 Vll
2482 1703 2674 1760 electio
2720 1701 3027 1758 examinata
3078 1698 3180 1756 fuit
3220 1698 3390 1771 (221).
3435 1696 3575 1752 Cum
3620 1708 3771 1750 vero-

2171 1795 2470 1865 imperator
2517 1808 2638 1849 eam
2692 1791 2990 1863 legitimam
3039 1804 3188 1856 esse,
3234 1788 3591 1854 omniumque
3640 1792 3757 1849 tam

2104 1942 2107 1945 ,
2173 1886 2305 1941 cleri
2340 1900 2506 1957 quam
2543 1883 2728 1956 populi
2764 1880 2997 1937 Romani
3024 1878 3212 1937 liberis
3246 1874 3521 1946 suffragiis
3546 1871 3765 1935 factam
3798 1920 3803 1929 .

2172 1974 2342 2031 fuisse
2371 1974 2738 2046 cognovisset,
2764 1983 2878 2028 tam
2912 1972 3027 2042 ipse
3057 1984 3223 2041 quam
3266 1965 3450 2023 caeteri
3478 1962 3760 2034 principes

2173 2074 2349 2120 ratam
2391 2080 2512 2121 esse
2546 2064 2858 2131 voluerunt,
2907 2062 3067 2132 eique
3111 2062 3526 2115 consenserunt.
3577 2052 3761 2109 Fuere

2174 2165 2355 2210 autem
2403 2155 2459 2209 in
2503 2155 2596 2210 illo
2630 2161 2902 2210 conventu
2952 2150 3110 2207 multi
3159 2146 3462 2204 Germaniae
3520 2143 3760 2216 przelati,

2174 2243 2410 2313 episcopi
2440 2251 2496 2298 et
2530 2243 2776 2311 abbates,
2809 2242 2925 2312 qui,
2953 2240 3105 2313 gravi
3158 2237 3416 2308 scrupulo
3468 2224 3757 2299 commoti,

2175 2336 2420 2392 eamdem
2450 2336 2768 2392 electionem
2804 2333 3188 2406 oppugnabant
3214 2350 3227 2385 :
3251 2331 3345 2401 qui
3376 2329 3549 2399 ipsius
3574 2326 3760 2381 Hilde-

2174 2427 2369 2483 brandi
2392 2442 2594 2493 mores,
2618 2440 2707 2481 res
2729 2433 2929 2497 gestas,
2972 2412 3322 2478 inﬂexibilem
3355 2416 3775 2488 constantiam,

2174 2518 2636 2577 ferventissimum
2680 2518 2849 2573 divini
2902 2517 3128 2572 honoris
3172 2516 3369 2582 zelum,
3404 2522 3462 2569 et
3506 2520 3760 2569 tenacem

2175 2612 2440 2683 propositi
2487 2611 2572 2667 sui
2617 2611 2950 2666 voluntatem
2981 2623 3077 2679 per
3107 2607 3309 2662 multos
3353 2613 3499 2659 retro
3554 2616 3777 2666 annos,

2177 2703 2375 2772 quibus
2424 2700 2479 2756 in
2533 2702 2657 2756 aula
2708 2699 2974 2771 imperiali
3028 2705 3300 2763 versatus,
3355 2704 3467 2751 tam
3508 2693 3761 2764 privatus

2177 2808 2341 2863 quam
2394 2792 2452 2847 in
2510 2790 2742 2862 publicis
2799 2789 2854 2844 S.
2915 2788 2979 2843 Β.
3016 2786 3078 2842 Ε.
3135 2786 3498 2858 legationibus
3550 2781 3775 2847 fuerat..

2177 2872 2379 2954 optime
2401 2890 2684 2937 noverant.
2711 2879 2998 2935 Timebant
3026 2878 3172 2933 enim
3210 2892 3277 2932 ne
3310 2878 3395 2930 vir
3418 2872 3764 2931 vehementis

2177 2974 2402 3046 ingenii,
2439 2980 2494 3028 et
2517 2972 2661 3030 acris
2695 2987 2823 3042 erga
2854 2969 3025 3024 Deum
3064 2968 3211 3035 fidei,
3242 2956 3486 3023 strictius
3520 2980 3618 3020 eos
3656 2978 3761 3035 pro

2178 3064 2519 3138 negligentiis
2540 3062 2657 3120 suis
2685 3060 3012 3133 quandoque
3030 3059 3346 3125 discuteret,
3381 3056 3760 3124 rationemque

502 3149 623 3207 hac
647 3151 763 3222 ipsa
787 3161 996 3210 tentare
1033 3155 1155 3211 ausi
1180 3153 1311 3223 sint,
1365 3156 1711 3226 imperatoris
1732 3128 2079 3225 romnia-pos-
2107 3128 2148 3185 (δ
2181 3128 2360 3213 abvei's
2389 3156 2457 3213 de
2489 3128 2742 3229 gregibus
2785 3151 2890 3209 sibi
2915 3128 3227 3208 commissis
3248 3148 3540 3209 arctiorem
3562 3146 3773 3215 exquZ—~

503 3240 732 3298 sidentis
758 3245 1057 3312 potentiam
1087 3245 1266 3300 veriti.
1312 3242 1371 3299 Si
1411 3245 1558 3299 enim
1590 3244 1733 3300 seoin
1769 3241 2078 3298 Romanum

503 3328 822 3387 Pontificem
846 3335 1160 3392 confirmari
1182 3351 1291 3391 non
1314 3334 1653 3406 contigisset,
1695 3333 1762 3389 de
1784 3333 2082 3389 Ecclesias-

507 3419 614 3474 tica
661 3420 938 3490 libertate,
984 3423 1055 3480 ad
1107 3439 1272 3495 quam
1333 3425 1459 3480 totis
1509 3423 1717 3480 viribus
1770 3423 2078 3491 anhelabat,

504 3517 686 3566 actum
707 3526 830 3569 esse
853 3514 1257 3584 arbitrabatur;
1290 3504 1417 3571 nam
1442 3531 1502 3573 se
1529 3530 1701 3571 unum
1736 3500 1889 3571 tanto
1922 3529 2083 3587 nego-

506 3603 586 3658 tio
614 3603 871 3661 idoneum
896 3622 1019 3664 esse
1048 3608 1294 3680 putabat.

578 3723 657 3783 Ne
677 3727 841 3807 igitur
861 3728 1154 3801 aliquando
1184 3731 1558 3788 controversia
1593 3730 1775 3803 aliqua
1795 3729 1929 3786 oriri
1953 3744 2081 3800 pos-

507 3826 609 3887 set,
654 3823 800 3891 quod
840 3822 1021 3880 minus
1042 3824 1299 3895 legitimis
1333 3825 1607 3896 suffragiis
1635 3825 1839 3881 electus
1868 3831 1923 3878 et
1949 3837 2080 3877 eon-

508 3921 752 3968 secratus
779 3911 1021 3982 pontifex
1046 3923 1209 3981 esset,
1253 3922 1309 3969 et
1334 3915 1476 3970 hanc
1505 3915 1575 3970 ob
1606 3929 1830 3970 causam
1854 3913 1921 3968 de
1945 3928 2081 3983 pon-

511 4000 714 4057 tiﬁcatu
758 4019 884 4059 cum
929 4003 1277 4076 imperatore,
1312 4022 1475 4078 quem
1511 4007 1747 4088 graviter
1789 3992 2081 4077 passurum

508 4109 630 4151 esse
682 4110 793 4152 non
857 4096 1162 4170 ignorabat,
1213 4100 1360 4171 quod
1408 4114 1475 4154 eo
1518 4098 1855 4165 inconsulto,
1889 4104 2081 4152 contra

509 4186 955 4243 consuetudinem
981 4190 1359 4262 maiorumque
1384 4204 1608 4247 suorum
1630 4188 1908 4261 privilegia
1930 4187 2078 4260 (219)

512 4276 930 4349 imperatoribus
982 4283 1052 4338 ab
1099 4284 1398 4354 apostolica
1443 4283 1571 4340 sede
1624 4296 1907 4349 concessa,
1964 4280 2080 4351 ipse

511 4366 792 4427 Romanus
849 4372 1091 4442 pontifex
1149 4375 1494 4430 renuntiatus
1543 4380 1720 4440 esset,
1784 4371 2077 4441 aliquando

2180 3257 2341 3306 reret.

2248 3359 2338 3427 lli,
2364 3356 2641 3415 communi
2663 3355 2894 3412 consilio
2917 3352 3190 3411 Cursarem
3213 3349 3419 3419 adorti,
3439 3349 3551 3420 ipsi.
3568 3346 3773 3404 Hilde-

2179 3454 2449 3509 brandum
2507 3450 2744 3513 maxime
2796 3447 3101 3505 cavendum
3164 3459 3287 3501 esse
3337 3440 3702 3513 suggerebant
3740 3459 3754 3496 :

2178 3546 2614 3618 persuadereque
2637 3543 2687 3598 ei
2710 3541 3073 3605 conabantur,
3099 3544 3164 3595 ut
3181 3535 3327 3591 nulla
3350 3533 3563 3590 ratione
3584 3530 3764 3586 bomiq

2179 3636 2267 3693 nis
2328 3635 2432 3692 sibi
2499 3630 2855 3689 infensissimi
2915 3627 3091 3685 futuri
3149 3626 3205 3682 in
3260 3632 3373 3683 tam
3427 3635 3642 3677 summa
3702 3625 3769 3674 et

2179 3727 2417 3783 maxima
2447 3732 2719 3797 potestate
2741 3719 2996 3777 electioni
3022 3715 3332 3781 assentiret,
3367 3725 3599 3781 eamque
3632 3717 3758 3763 tan-

2178 3837 2344 3894 quam
2374 3820 2586 3891 injussu
2624 3831 2727 3874 suo
2751 3814 2972 3880 factam,
2999 3810 3209 3865 irritam
3238 3819 3380 3873 esse,
3415 3804 3753 3863 decerneret.

2177 3913 2448 3969 Futurum
2479 3909 2624 3965 enim
2653 3905 3111 3968 vaticinabantur,
3144 3897 3289 3970 quod
3334 3894 3440 3951 nisi
3489 3894 3755 3962 impetum

2178 4004 2419 4060 hominis
2444 3999 2740 4073 praevenire
2765 4002 3088 4058 maturaret,
3125 3999 3187 4047 ut
3210 3989 3280 4044 ab
3302 3988 3423 4058 ipso
3445 3984 3755 4039 Romanum

2179 4096 2468 4166 imperium
2519 4092 2815 4147 maximam
2871 4093 3020 4143 esset
3082 4083 3353 4154 iacturam
3415 4089 3708 4148 passurum
3736 4112 3765 4131 λ

2179 4164 2402 4257 ipseque
2436 4184 2751 4254 imperator,
2779 4175 2966 4233 multis
3011 4169 3413 4249 calamitatibus
3448 4173 3509 4257 et
3544 4164 3756 4219 incom-

2178 4256 2356 4333 modis
2388 4275 2458 4331 ab
2481 4289 2547 4330 eo
2579 4272 2949 4327 involveretur
2976 4283 2991 4320 :
3024 4272 3188 4334 atque
3231 4261 3338 4316 hoc
3378 4256 3607 4320 malum,
3642 4268 3752 4307 non

2179 4368 2234 4422 in
2267 4366 2435 4422 alium
2462 4371 2738 4435 postremo
2767 4357 2986 4430 gravius
3008 4367 3174 4425 quam
3204 4351 3259 4405 in
3281 4349 3465 4435 ipsum,
3482 4342 3757 4435 Cursarem

509 4432 868 4516 contenderet
883 4481 896 4515 :
954 4470 1028 4527 et,
1077 4468 1140 4517 ut
1176 4464 1245 4519 ab
1280 4464 1535 4519 omnibus
1563 4432 1802 4533 legitima
1833 4432 2078 4531 ejusdem
2110 4476 2153 4530 ι)
2178 4432 2629 4512 redundaturum.
2686 4449 2745 4504 Id
2790 4459 3009 4530 quoque
3060 4447 3357 4533 prodcerto-
3390 4432 3753 4533 allirmabant,

510 4552 780 4608 ordinatio
809 4555 996 4610 haberi
1017 4525 1242 4626 posset,
1274 4571 1373 4611 nec
1414 4555 1471 4610 in
1514 4525 1741 4610 dubium
1785 4525 2076 4624 aliquando
2110 4525 2140 4530 ἡ
2176 4546 2323 4617 quod
2343 4552 2532 4615 postea
2559 4537 2841 4604 usuvcnit,
2867 4525 3044 4605 ipsum
3067 4530 3203 4586 nihil
3219 4527 3767 4626 magiscuraturum,

512 4644 806 4700 vertenda:
843 4646 1013 4714 (nam,
1050 4648 1097 4703 si
1133 4646 1186 4702 id
1212 4644 1502 4714 evenisset,
1534 4647 1668 4702 nihil
1709 4613 1921 4713 eorum,
1955 4660 2080 4717 quat
2178 4650 2344 4705 (ιυθιιι
2391 4640 2453 4688 ιη
2495 4630 2876 4702 episcoporum
2918 4623 3286 4690 amammque
3329 4613 3665 4717 Ῡ⁰Π³ἘῙ⁰¹¹Ϋ⁵
3687 4624 3761 4663 δι’

511 4706 862 4805 cogitaverat,
903 4706 1163 4809 perlicere
1195 4706 1498 4811 potuisset),
1519 4739 1666 4796 nulla
1714 4706 2078 4810 unquam-ra—
2181 4721 2525 4795 imperatoris
2568 4717 2823 4775 manibus
2867 4723 2922 4770 et
2963 4718 3232 4811 potestate
3272 4706 3527 4777 eriperet,
3583 4706 3759 4770 impc-

515 4823 661 4878 tione
689 4825 881 4881 adduci
913 4828 1110 4898 potuit,
1134 4839 1196 4885 ut
1223 4827 1532 4905 consecrari
1552 4829 1710 4883 vellet
1736 4838 1792 4884 et
1807 4830 2080 4894 coronari,
2183 4814 2435 4885 ι’ὶυωίιυο
2460 4812 2638 4883 ipsum
2670 4807 2895 4863 οωηίηο
2927 4800 3303 4875 Pessuma?“-

512 4914 688 4971 donec
740 4917 1102 4988 imperatoris,
1155 4931 1209 4976 et
1251 4922 1559 4992 principum
1616 4936 1780 4990 super
1823 4920 2085 4975 electione
2253 4925 2350 4984 His
2375 4925 2595 4992 auditis,
2630 4938 2725 4978 rex
2762 4918 3036 4990 paulisper
3056 4918 3384 4975 commotus,
3405 4904 3632 4974 alatere
3654 4915 3763 4958 suo

512 5019 610 5044 sum
636 5007 941 5044 ργηιιῖιηιη-ηί
963 5010 1267 5044 υηὶηηθηθηρ
1294 5010 1439 5044 I06)!“
1492 5008 1731 5044 Dnimnm
1778 5009 1942 5044 init-nn
1971 5016 2075 5044 cM-

2184 5016 2556 5044 ιπληηιηυιηηι
2589 5011 2840 5044 namnam
2878 5008 2957 5044 im
2990 5003 3149 5044 iniecit
3203 5000 3295 5044 mli
3319 4997 3597 5044 Romanos
3627 5004 3752 5044 nro-

1492 5008 1731 5044 Drimnm
1778 5009 1942 5044 ἰηῖιην
1971 5016 2085 5044 cM-
2184 5016 2556 5044 DL--L--A..m
2589 5011 2840 5044 nominant
2878 5008 2957 5044 ira
