3986 5386
144 378 228 436 ltil
1128 371 1659 431 PROLEGOMENA.
1692 404 1759 416 —
1793 371 1978 431 ACTA
2018 375 2075 431 S.
2115 376 2462 434 GRECORII.

3333 386 3440 442 162

140 505 460 562 imumque,
513 491 565 547 si
606 503 716 546 non
764 489 958 545 idonee
999 489 1360 557 satisfaceret,
1413 490 1484 545 ab
1524 496 1747 560 accepta
1776 491 1823 548 Α
1848 492 2032 562 magni
2067 493 2326 563 ponderis
2353 503 2529 563 erant,
2558 504 2613 551 et
2639 494 2787 553 haud
2820 498 2896 554 ita
2927 494 3086 557 facile
3109 515 3437 561 successura

137 582 321 637 illicite
367 580 654 654 dignitate
701 579 954 657 abdicare
1009 578 1346 650 praeciperet.
1416 579 1468 634 ls
1521 578 1746 634 veniens

140 672 394 739 Romam,
458 672 698 743 benigne
745 688 776 725 a
826 686 964 741 papa
995 670 1260 743 Gregorio
1291 680 1580 741 susceptus
1618 678 1741 725 est:

130 780 372 836 cumque
428 763 527 819 ille
595 763 853 819 mandato
905 762 1050 834 regis
1099 762 1473 833 exposuisset,
1530 762 1741 829 eadem,

134 874 249 931 qua:
286 857 413 929 regi
450 857 775 927 scripserat,
818 856 1103 927 respondit
1133 871 1211 921 se,
1240 854 1354 910 Deo
1380 862 1537 921 teste,
1564 855 1742 908 hono-

134 955 203 1009 ris
245 951 430 1024 hujus
484 951 701 1021 apicem
743 964 1025 1020 nunquam
1062 963 1161 1019 per
1214 946 1569 1002 ambitionem
1614 945 1746 999 aﬂ‘e-

130 1056 329 1112 ctasse,
372 1046 476 1102 sed
514 1046 752 1101 electum
784 1059 844 1101 se
878 1060 909 1098 a
938 1043 1225 1111 Romanis,
1255 1051 1311 1099 et
1335 1043 1600 1098 violenter
1638 1040 1743 1098 sibi

131 1136 453 1208 impositam
478 1134 653 1192 fuisse
665 1135 1021 1191 ecclesiastici
1045 1134 1324 1206 regiminis
1338 1133 1737 1190 necessitatem.

127 1228 256 1301 Cogi
308 1237 507 1284 tamen
564 1229 719 1284 nullo
762 1228 927 1283 modo
983 1227 1252 1298 potuisse,
1306 1234 1369 1281 ut
1402 1224 1647 1281 ordinari
1683 1240 1743 1281 se

128 1318 499 1389 peimittcret,
543 1320 722 1375 donec
756 1320 810 1374 in
844 1319 1167 1374 electionem
1202 1333 1361 1374 suam
1407 1326 1521 1372 tam
1558 1333 1739 1388 regem

126 1422 292 1477 quam
336 1406 630 1478 principes
666 1406 952 1462 Teutonici
996 1407 1149 1478 regni
1194 1406 1541 1462 consensisse
1591 1414 1741 1461 certa

127 1500 408 1572 legatione
438 1508 823 1571 cognosceret.
862 1497 976 1555 Hac
1016 1499 1230 1554 ratione
1255 1498 1535 1555 distulisse
1559 1497 1739 1552 adhuc

126 1593 542 1647 ordinationem
575 1607 756 1659 suam,
791 1600 848 1647 et
877 1592 997 1648 sine
1026 1591 1196 1648 dubio
1219 1591 1539 1658 dilaturum,
1564 1591 1739 1647 donec

126 1682 226 1738 sibi
275 1683 438 1754 regis
472 1682 815 1737 voluntatem
862 1690 1046 1738 certus
1085 1683 1211 1738 inde
1252 1682 1478 1738 veniens
1510 1681 1738 1737 nuntius

126 1774 386 1845 aperiret.
413 1773 533 1831 Hoc
556 1774 651 1830 ubi
674 1784 759 1830 est
780 1775 891 1847 regi
916 1776 1315 1843 renuntiatum,
1338 1775 1521 1830 divina
1542 1776 1738 1829 volun-

1847 580 1952 636 sibi
1985 583 2256 652 sperabat,
2289 585 2479 641 statuit
2505 602 2619 642 rem
2648 588 2934 658 paulatim,
2965 594 3258 649 et-sensim
3293 597 3434 653 inci-

1845 688 1992 744 pere,
2024 682 2307 746 totumque
2331 676 2443 732 fere
2466 694 2670 733 annum
2706 681 2791 735 sui
2812 683 3185 754 pontiﬁcatus,
3208 687 3263 742 in
3283 687 3434 758 ejus—

1845 768 1992 822 modi
2028 769 2295 836 consiliis,
2339 786 2515 841 usque
2551 772 2617 828 ad
2662 773 2897 830 mediam
2944 775 3435 850 Quadragesimam

1843 867 2060 930 tempus
2088 863 2483 933 congreganda:
2513 865 2706 936 synodi
2732 881 2763 921 a
2786 867 2901 923 suis
2936 869 3435 939 priedecessoribus

1844 950 2224 1023 priescriptum
2262 955 2623 1025 consumpsit.

1915 1039 2076 1095 Anno
2108 1041 2274 1113 igitur
2303 1042 2523 1099 Domini
2548 1044 2706 1113 ton,
2731 1047 2825 1117 qui
2863 1049 3043 1106 adhuc
3070 1052 3283 1123 primus
3314 1064 3437 1111 erat

1843 1130 1930 1185 sui
1962 1132 2335 1201 pontiﬁcatus,
2363 1143 2509 1189 stato
2538 1144 2780 1206 tempore
2807 1139 2911 1196 hac
2930 1142 3142 1199 ratione
3164 1145 3431 1216 principia

1840 1226 2228 1296 recuperanda:
2267 1227 2652 1284 ecclesiasticae
2680 1229 2950 1288 libertatis
2966 1233 3119 1304 jecit.
3147 1234 3225 1306 _In
3250 1238 3429 1294 media

1839 1315 1987 1370 enim
2010 1315 2440 1389 Quadragcsima
2475 1319 2662 1376 Roma:
2701 1322 2756 1376 in
2792 1323 3021 1380 basilica
3048 1326 3430 1395 Lateranensi,

1840 1420 1963 1476 qua:
1985 1404 2441 1463 Constantiniana
2465 1411 2791 1480 appellatur,
2823 1412 3003 1482 primo
3040 1416 3308 1487 synodum
3338 1432 3433 1487 ge—

1840 1495 2083 1549 neralem
2106 1497 2408 1552 multorum
2420 1500 2805 1571 episcoporum
2826 1502 3109 1571 abbatum,
3125 1513 3180 1560 et
3193 1506 3431 1561 aliorum

1838 1583 2193 1641 Prtelatorum
2241 1590 2620 1661 congregavit;
2653 1591 2708 1646 in
2750 1609 2881 1663 qua,
2928 1595 3076 1653 circa
3114 1612 3225 1651 xxx
3263 1597 3434 1654 edidit

1838 1677 2077 1748 capitula
2110 1679 2282 1751 (224),
2316 1696 2415 1735 seu
2445 1696 2707 1750 canones,
2735 1699 2879 1754 quos
2914 1685 3150 1741 dictatus
3191 1688 3432 1758 appella-

1838 1767 1957 1822 vit:
1987 1784 2226 1839 quorum
2248 1770 2426 1841 major
2452 1788 2581 1842 pars
2606 1781 2765 1829 antea
2787 1791 2985 1845 parum
3013 1777 3066 1831 in
3090 1793 3211 1837 usu,
3227 1778 3429 1848 fuerat,

126 1873 230 1921 tate
268 1882 369 1923 res
409 1866 691 1922 humanas
740 1866 816 1921 ita
852 1846 1209 1938 disponente,
1259 1882 1386 1923 eum
1444 1867 1733 1937 imperium
1768 1846 1810 1901 Β
1835 1867 1890 1915 et
1923 1877 1954 1916 a
1990 1862 2207 1918 nemine
2231 1865 2698 1934 praedecessorum
2731 1882 2962 1923 suorum
2986 1884 3235 1939 unquam
3252 1846 3433 1925 atten¥

126 1956 444 2013 Romanum
473 1973 506 2012 a
538 1957 868 2013 sacerdotali
893 1965 1163 2029 potestate
1183 1958 1543 2014 minuenoum
1567 1966 1732 2026 esset,

125 2058 177 2106 et
220 2050 292 2107 ad
334 2050 582 2106 nihilum
618 2049 734 2106 fere
764 2050 1143 2123 redigendum,
1182 2051 1298 2123 ipse
1332 2051 1563 2108 libenter
1594 2052 1736 2107 hanc

124 2141 570 2199 satisfactionem
607 2144 891 2215 suscepit;
939 2143 1245 2216 iisdemque
1290 2143 1582 2215 episcopis,
1638 2143 1734 2215 qui

126 2249 246 2311 vera
271 2235 586 2307 praedicare
630 2235 975 2302 videbantur,
1027 2235 1344 2308 futuraque,
1380 2246 1442 2293 ut
1461 2238 1734 2308 prieterita

125 2328 559 2398 cognoscebant,
604 2327 835 2383 minime
881 2328 1342 2397 acquiescendum
1369 2329 1563 2383 duxit:
1600 2327 1736 2384 Gre—

126 2418 343 2487 gorium
381 2432 642 2475 asserens
672 2432 793 2475 esse
822 2417 1003 2473 virum
1037 2429 1313 2486 sanctum,
1360 2427 1417 2474 et
1450 2426 1604 2473 tanto
1645 2433 1735 2474 sa-

126 2509 377 2566 cerdotio
434 2508 829 2582 dignissimum
854 2552 871 2579 ,
927 2518 1092 2581 atque
1140 2526 1431 2583 nunquam
1483 2509 1733 2567 beneficii

128 2603 221 2659 abs
250 2618 314 2659 se
346 2603 563 2673 accepti
596 2601 898 2658 obliturum
924 2621 938 2670 ;
994 2603 1312 2674 statimque,
1354 2612 1416 2659 ut
1444 2619 1733 2660 consecra—

128 2700 293 2761 retur,
329 2692 623 2750 laetissimo
671 2692 933 2765 suﬂragio
969 2694 1271 2766 rescripsit,
1313 2703 1367 2750 et
1410 2694 1732 2768 Gregorium

129 2782 451 2853 episcopum
497 2779 902 2839 Vercellensem
944 2780 1116 2839 Italici
1158 2784 1311 2856 regni
1343 2787 1730 2841 caucellarium

130 2880 191 2934 ad
230 2877 446 2935 Urbem
499 2879 834 2943 transmisit,
866 2880 958 2950 qui
1006 2879 1355 2951 imperatoris
1408 2879 1733 2935 auctoritate

126 2971 453 3027 electionem
494 2968 670 3042 ipsam
702 2980 882 3026 ratam
924 2968 1146 3039 faceret,
1183 2979 1239 3026 et
1274 2970 1395 3042 ejus
1439 2986 1732 3028 consecra-

130 3062 255 3117 tioni
280 3062 602 3117 interesset.

191 3144 504 3224 Gregorius
562 3151 728 3222 igitur
782 3160 980 3221 praztcr
1041 3165 1193 3221 spem
1249 3152 1398 3222 quod
1449 3159 1729 3223 tantopere

127 3244 477 3300 desiderabat
508 3253 817 3310 assecutus,
853 3252 915 3297 ut
940 3243 993 3298 in
1023 3244 1145 3315 ejus
1176 3245 1444 3299 electione
1465 3245 1729 3314 impera-

127 3334 260 3389 toris
294 3341 455 3389 esset
497 3346 830 3399 consensus,
881 3333 1019 3387 nihil
1063 3333 1424 3388 diﬁerendum
1466 3342 1642 3400 ratus,
1671 3334 1727 3388 in

128 3426 384 3496 proximo
409 3424 766 3481 Pentecostes
796 3423 960 3491 festo,
992 3426 1372 3497 presbyterum
1397 3441 1456 3481 se
1483 3426 1728 3481 ordinari

130 3518 285 3586 fecit;
341 3528 401 3574 et
434 3518 608 3573 natali
655 3518 745 3573 die
780 3517 1160 3588 apostolorum
1196 3515 1345 3572 Petri
1388 3524 1443 3571 et
1476 3516 1632 3572 Pauli
1669 3518 1726 3571 in

130 3610 447 3668 Romanum
483 3611 799 3681 pontiﬁcem
832 3620 1211 3677 consecratus,
1255 3625 1373 3666 sua:
1416 3610 1729 3666 coronatio—

131 3703 211 3760 nis
226 3702 487 3775 insignia
525 3703 785 3773 suscepit.
809 3685 1183 3759 Coixﬁrmatus
1209 3703 1376 3774 igitur
1397 3704 1452 3758 in
1479 3702 1728 3759 Remana

130 3798 275 3864 sedc,
316 3782 486 3867 quasi
518 3796 664 3851 nulla
717 3795 959 3867 amplius
1004 3796 1277 3852 haesitatio
1306 3796 1364 3849 in
1394 3796 1594 3851 animis
1628 3796 1731 3851 ho-

130 3890 342 3943 minum
366 3887 633 3958 obrepere
663 3895 855 3958 posset
880 3888 948 3942 de
982 3888 1226 3959 legitima
1256 3888 1377 3958 ejus
1410 3887 1688 3943 creatione
1712 3905 1725 3941 :

128 3979 354 4049 quippe,
380 3978 530 4047 quod
553 3992 583 4032 a
613 3975 1016 4044 cardinalibus,
1050 3978 1218 4044 clero,
1255 3986 1472 4043 senatu,
1498 3977 1730 4048 pepule-

129 4085 235 4139 que
256 4068 536 4134 Romano,
565 4082 870 4135 consensu,
895 4075 951 4121 et
972 4068 1256 4123 voluntate
1279 4067 1649 4138 imperatoris,
1677 4074 1731 4121 et

128 4159 442 4229 principum
497 4159 814 4225 accedente,
849 4160 963 4229 jam
1005 4160 1233 4226 electus,
1271 4166 1326 4214 et
1375 4168 1731 4215 consecratus

128 4260 266 4319 erat,
311 4261 483 4322 atque
526 4260 660 4308 tunc
706 4266 809 4322 pro
850 4252 1113 4323 legitimo,
1140 4268 1293 4320 vero,
1317 4260 1373 4307 et
1423 4252 1731 4308 indubitato

128 4343 390 4413 pontiﬁce
421 4342 767 4399 habebatur:
803 4358 910 4398 non
934 4345 1095 4417 longe
1128 4352 1255 4416 post
1286 4344 1408 4414 ejus
1436 4340 1730 4400 consecra-

131 4438 360 4502 tionem,
383 4436 535 4506 quod
556 4437 647 4493 diu
674 4446 805 4491 ante
826 4437 1011 4492 animo
1027 4435 1373 4507 conceperat,
1390 4435 1727 4492 exsecutioni

1840 1959 1950 2009 tata
1985 1970 2218 2010 :verum
2260 1956 2330 2011 ad
2357 1956 2737 2015 ﬁrmissimum
2791 1959 3050 2017 Ecclesia:
3098 1971 3305 2019 statum
3343 1963 3432 2034 ja-

1837 2046 2112 2116 cieudum,
2139 2057 2194 2103 et
2227 2048 2295 2104 ad
2336 2051 2523 2106 omnia
2566 2053 2852 2121 tentanda,
2887 2069 3013 2125 qua:
3038 2054 3224 2110 animo
3256 2057 3432 2129 agita-

1835 2139 1948 2208 bat,
1985 2141 2198 2197 idonea.
2236 2142 2316 2198 Ex
2339 2144 2544 2215 quibus
2572 2144 2702 2201 illud
2728 2146 3135 2218 intelligebatur
3161 2165 3288 2219 qua:
3308 2158 3431 2206 tum

1838 2230 2072 2288 Romani
2097 2235 2373 2305 pontiﬁcis
2398 2238 2700 2294 auctoritas
2721 2237 2926 2296 fuerit:
2951 2241 3095 2297 inter
3126 2258 3274 2315 quae,
3314 2243 3431 2300 haec

1835 2325 2109 2395 praecipue
2132 2327 2373 2398 capitula
2397 2327 2571 2385 fuere.

1908 2414 2244 2488 (Omittimus
2274 2420 2547 2476 brevitatis
2583 2438 2767 2481 causa.
2822 2423 2952 2481 Vide
2992 2427 3141 2498 infra
3178 2428 3237 2482 in
3277 2443 3425 2483 cono.

1833 2503 1987 2560 Rom.
2020 2508 2148 2560 anni
2180 2507 2366 2581 1076.)

1906 2594 2117 2663 Quibus
2142 2598 2292 2669 (225)
2320 2600 2552 2659 decretis
2586 2605 2815 2674 gradum
2848 2606 2954 2665 sibi
2983 2606 3135 2675 fecit,
3177 2617 3233 2665 et
3259 2609 3427 2677 viam,

1834 2687 1903 2742 ad
1927 2703 1991 2743 ea
2030 2690 2236 2758 omnia,
2278 2708 2403 2763 qua:
2452 2695 2641 2771 animo
2681 2707 3028 2768 conceperat,
3070 2701 3375 2772 peragenda
3412 2720 3427 2757 :

1834 2776 2035 2846 quibus
2063 2778 2249 2849 jactis,
2283 2791 2339 2837 et
2363 2780 2525 2839 factis
2550 2783 2926 2846 fundamentis
2966 2790 3022 2845 in
3052 2792 3285 2863 synodo,
3306 2800 3429 2849 ten-

1835 2868 2007 2937 tandi,
2043 2870 2190 2940 quod
2229 2872 2599 2944 disposuerat,
2641 2878 2837 2948 gratia,
2888 2880 3123 2951 benigne
3158 2882 3423 2952 primum,

1833 2967 1889 3014 et
1934 2960 2249 3016 humaniter
2286 2962 2585 3022 Henricum
2644 2982 2831 3041 regem
2888 2988 2987 3042 per
3036 2974 3253 3032 litteras
3295 2992 3431 3032 suas

1832 3051 2154 3121 deprecatus
2203 3063 2307 3122 est,
2365 3066 2426 3112 ut
2469 3060 2866 3130 subjectionem
2910 3075 3116 3122 sanctae
3165 3067 3428 3125 Romamn

1834 3140 2090 3198 Ecclesiae
2115 3161 2224 3200 non
2247 3147 2532 3218 abnueret,
2552 3159 2814 3224 tanquam
2840 3154 3020 3212 bonus
3045 3167 3102 3214 et
3121 3161 3427 3221 catholicus

1830 3233 2103 3305 princcps,
2129 3248 2296 3309 atque
2338 3257 2398 3296 se
2426 3230 2601 3298 eidem
2637 3243 2899 3304 Ecclesia:
2936 3249 3200 3308 devotum
3244 3252 3418 3309 ﬁlium

1828 3329 2151 3400 exhiberet;
2192 3333 2556 3407 hortatusque
2582 3346 2667 3393 est
2706 3347 2823 3394 uta
2857 3339 3171 3402 Simoniaea
3203 3346 3422 3415 haeresi,

1830 3421 2009 3490 idest,
2051 3425 2121 3480 ab
2162 3425 2581 3497 episcopatuum
2608 3436 2663 3485 et
2706 3431 3053 3491 abbatiarum
3088 3437 3422 3503 venditione,

1830 3517 1943 3573 sive
1974 3528 2240 3587 mercatu,
2266 3537 2406 3591 quas
2440 3522 2731 3595 largitione
2759 3526 3053 3598 correptus
3082 3530 3424 3592 conferebat.

1828 3610 2056 3664 omnino
2089 3628 2148 3666 se
2178 3620 2505 3683 temperaret
2531 3633 2543 3669 :
2573 3624 2628 3670 et
2671 3632 2701 3671 a
2734 3618 2963 3689 reliquis
2992 3621 3162 3689 vitiis,
3192 3623 3262 3679 de
3295 3624 3425 3695 qui-

1829 3701 1933 3755 bus
1977 3703 2121 3772 apud
2167 3704 2353 3758 sedem
2392 3706 2772 3774 apostolicam,
2826 3716 2938 3765 tam
2984 3711 3091 3766 sub
3119 3713 3425 3781 praedeces~

1830 3805 1955 3846 sore
1980 3807 2084 3846 suo
2111 3792 2245 3848 Alex
2265 3794 2420 3848 .ndro
2452 3810 2589 3865 papa
2606 3795 2830 3867 "quam
2855 3814 2914 3853 se
2933 3801 3193 3870 pontiﬁce
3216 3819 3423 3860 renun-

1829 3881 1983 3949 tiato,
2020 3883 2319 3939 infamatus
2341 3894 2396 3940 et
2421 3897 2713 3943 accusatus
2747 3888 2954 3956 fuerat,
2994 3907 3052 3947 se
3076 3894 3420 3964 contineret;

1829 3974 2035 4045 alioqui
2078 3991 2137 4032 se
2171 3994 2408 4032 usurum
2449 3978 2506 4033 in
2549 3979 2728 4050 ipsum
2780 3991 2836 4039 et
2874 3984 3256 4057 delinquentes
3296 4005 3427 4045 cen-

1829 4068 1974 4123 suris
2000 4070 2407 4126 ecclesiasticis.

1899 4158 2032 4226 Qna:
2064 4162 2270 4229 omnia,
2300 4172 2362 4218 ut
2396 4175 2712 4220 accuratius
2746 4167 3151 4240 intelligantur,
3187 4181 3243 4227 et
3279 4173 3423 4228 unde

1832 4258 1911 4304 tot
1945 4251 2217 4306 malorum
2253 4261 2308 4306 et
2354 4254 2712 4309 schismatum
2752 4257 2907 4327 origo
2943 4260 3301 4327 inchoavcrit,
3330 4276 3425 4316 co-

1830 4350 2148 4412 gnoscatur,
2187 4356 2379 4399 eorum
2434 4353 2741 4415 temporum
2784 4350 3243 4407 consuetudinem
3281 4352 3425 4409 refe-

1829 4449 1968 4501 ram,
1998 4435 2228 4506 ejusque
2250 4437 2550 4508 primordia
2584 4439 2748 4509 paulo
2777 4440 2944 4497 altius
2971 4452 3236 4514 repetam.

131 4530 396 4585 mandare
412 4528 830 4601 disponit.Nam
850 4545 956 4584 non
974 4530 1155 4588 solum
1172 4531 1554 4602 imperatorem
1573 4529 1723 4603 (222)
1756 4555 1803 4609 Β
1899 4523 2031 4581 Erat
2066 4535 2183 4581 tum
2215 4528 2577 4595 consuetudo,
2610 4545 2639 4584 a
2676 4532 3014 4603 temporibus
3049 4534 3199 4607 (226)
3238 4533 3422 4591 Caroli

131 4620 397 4676 electione
440 4618 679 4675 Romani
727 4620 1024 4690 pontiﬁcis,
1066 4621 1216 4691 quod
1265 4630 1320 4676 et
1362 4620 1636 4677 Adrianus
1660 4619 1729 4674 lll

132 4711 430 4782 aliquando
450 4711 675 4780 fecerat,
704 4711 803 4768 sed
831 4721 885 4766 et
911 4712 1065 4768 omni
1099 4712 1250 4783 (225)
1277 4713 1593 4779 autoritate,
1621 4729 1728 4783 qua

134 4803 377 4873 reliquos
428 4803 712 4874 praelatos,
770 4802 1061 4874 episc0pos
1112 4802 1350 4869 scilicet,
1392 4812 1449 4858 et
1504 4803 1730 4859 abbates

134 4893 523 4960 constituebat,
567 4894 788 4964 primus
819 4894 1069 4951 omnium
1103 4892 1482 4949 Romanorum
1504 4893 1729 4965 pontiﬁ-

136 5001 259 5040 cum
287 4985 508 5057 privare
540 4986 778 5041 tentavit
810 5002 826 5041 :
866 4994 940 5054 et,
979 4987 1029 5043 si
1064 5001 1208 5057 opus
1244 4994 1412 5053 esset,
1452 4990 1600 5041 eum'
1620 5001 1729 5041 non

136 5078 601 5148 obtemperantem
630 5078 1145 5145 excommunicare,
1181 5086 1348 5148 atque
1381 5079 1612 5150 imperio
1637 5078 1731 5134 de-

1831 4617 2011 4689 Magni
2044 4620 2411 4690 imperatoris,
2444 4622 2682 4692 primmn
2722 4640 2791 4679 ex
2824 4627 3149 4683 auctoritate
3184 4626 3419 4684 Romam

1829 4712 2103 4780 pontiﬁcis
2127 4712 2353 4768 Adriani
2381 4711 2403 4767 Ι
2426 4714 2760 4784 introducta,
2789 4726 2850 4771 ut
2877 4718 3113 4790 alicujus
3136 4720 3315 4789 urbis,
3336 4721 3421 4775 vel

1830 4802 2060 4860 abbatizc
2089 4804 2369 4876 episcopo,
2389 4807 2696 4862 autabbate
2725 4808 2981 4877 mortuis,
3000 4812 3185 4867 statim
3214 4812 3416 4876 clerus,

1829 4893 1915 4948 vel
1943 4895 2202 4951 monachi
2234 4895 2289 4950 in
2325 4913 2497 4951 unum
2534 4899 2868 4969 congregati,
2899 4900 3112 4974 legatos
3150 4902 3219 4957 ad
3251 4902 3423 4972 impc-

1828 4994 2090 5056 ratorem,
2118 4988 2213 5059 qui
2243 4997 2372 5043 tunc
2400 4998 2539 5056 erat,
2569 4989 2886 5060 dirigerent,
2929 4997 2997 5051 ad
3029 5011 3195 5067 quem
3227 4990 3425 5050 defun-

1828 5077 1907 5132 cti
1938 5079 2148 5148 praelati
2182 5079 2380 5150 pedum
2427 5081 2740 5149 pontiﬁcale
2772 5092 2827 5138 et
2865 5090 3136 5145 annulum
3169 5083 3423 5141 deferen-
