3986 5386
573 357 676 412 165

1777 345 1834 402 S.
1875 343 2280 402 CRECORIUS
2320 347 2410 404 VII
2450 347 2647 406 PAPA.

3752 355 3855 413 164

566 474 810 540 gregale,
841 481 908 522 ex
944 466 1116 538 ipsius
1155 465 1478 537 plerumque
1515 462 1810 530 sententia,
1844 479 2016 518 unum
2063 463 2148 533 vel
2176 465 2228 523 Α
2255 481 2408 536 papa:
2439 465 2481 519 ll
2514 467 2734 522 saecula.
2776 466 2900 535 Quo
2925 477 3237 541 temporum
3271 478 3472 538 tractu,
3499 468 3855 542 Longobardi

566 575 635 614 ex
660 557 793 629 ipsis
820 558 1085 630 collegiis,
1120 557 1207 613 vel
1254 571 1322 612 ex
1357 553 1574 621 amicis,
1611 561 1668 610 et
1695 553 2013 625 capellanis,
2046 569 2151 611 cte-

567 651 809 721 terisquc
841 648 1181 714 domesticis,
1213 655 1269 703 et
1303 644 1666 702 familiaribus
1703 645 1843 712 suis,
1863 645 2021 715 juxta
2046 645 2157 704 loci

567 741 911 812 dignitatem,
939 748 998 796 ut
1019 739 1071 795 ei
1105 738 1322 794 libitum
1348 746 1488 804 erat,
1514 750 1618 808 pro
1645 735 1876 792 arbitrio
1909 752 1942 792 a
1964 751 2024 794 se
2043 736 2158 799 ele-

477 853 483 858 ’
567 843 738 901 ctum,
754 833 978 899 annulo,
1003 832 1222 905 etvirga
1242 829 1505 902 pastorali
1517 829 1728 900 praelati
1749 827 1990 885 defuncti
2016 832 2084 888 ad
2097 847 2158 888 se

565 921 911 980 transmissis
942 922 1203 988 donabat,
1247 935 1487 992 eumque
1516 919 1584 975 de
1607 919 1700 975 illo
1731 919 2042 976 sacerdotio
2072 921 2158 977 di-

565 1013 802 1084 plomate
825 1014 931 1070 suo
951 1011 1220 1083 imperiali
1243 1011 1326 1084 (ut
1350 1021 1466 1066 tum
1489 1009 1791 1080 dicebatur)
1815 1011 2154 1078 investitum,

565 1103 673 1159 hoc
707 1111 822 1171 est,
863 1102 958 1158 illa
991 1101 1256 1174 dignitate
1289 1101 1584 1168 donatum,
1632 1100 1688 1156 in
1719 1101 2040 1172 episcopum
2071 1103 2158 1158 vel

565 1195 817 1252 abbatem
843 1195 1157 1252 consecrari
1182 1193 1501 1262 mandabat,
1531 1194 1741 1266 absque
1783 1195 1888 1251 alia
1924 1196 2057 1252 cleri
2103 1204 2159 1255 ct

567 1290 966 1345 monachorum
999 1288 1251 1344 lectione.
1278 1285 1394 1344 Hoc
1413 1295 1598 1349 autem
1620 1303 1718 1359 per
1740 1285 1994 1356 Galliam,
2021 1287 2157 1346 Ger-

574 1385 839 1451 maniam,
862 1391 918 1440 et
940 1381 1171 1448 Italiam,
1199 1397 1322 1453 quae
1357 1390 1489 1437 tunc
1511 1380 1742 1438 Latinus
1775 1381 1925 1438 orbis
1965 1396 2158 1437 cense-

569 1476 754 1542 batur,
789 1475 1046 1545 usurpari
1077 1489 1196 1529 mos
1231 1483 1369 1528 erat.

636 1567 808 1638 Cujus
831 1567 1084 1638 exemplo
1105 1567 1284 1622 (ueteri
1309 1581 1532 1637 quoque
1561 1581 1739 1638 reges,
1773 1577 1834 1622 ut
1859 1565 2153 1638 Hispaniae,

568 1659 926 1725 Francorum,
984 1655 1296 1730 llungariaa,
1327 1666 1383 1713 et
1423 1659 1694 1730 ejusmodi
1748 1659 1945 1714 imitati
2001 1667 2150 1715 sunt.

567 1752 720 1810 Hanc
749 1761 934 1809 autem
971 1752 1457 1823 consuetudinem;
1492 1769 1620 1808 cum
1665 1767 1879 1818 omnes,
1924 1762 1988 1808 ut
2017 1751 2152 1818 dixi,

567 1845 746 1904 Latini
775 1848 927 1904 orbis
957 1845 1237 1912 Ecclesiae,
1275 1855 1393 1901 tum
1437 1861 1604 1917 saepe,
1637 1854 1694 1901 et
1725 1845 1816 1912 diu
1867 1845 1923 1900 in
1966 1845 2154 1904 multis

565 1955 793 1998 suorum
817 1939 1140 2011 pontificum
1165 1937 1496 1994 lectionibus
1517 1937 1756 1994 servavit
1780 1937 2030 1992 Romana
2052 1937 2152 1993 Ec,-

563 2029 752 2097 clesia,
787 2038 843 2085 et
881 2029 1183 2100 praesertim
1233 2029 1290 2084 in
1339 2027 1571 2085 Joannis
1617 2027 1756 2096 Xlll,
1805 2027 2051 2100 Gregorii
2085 2027 2150 2095 V,

568 2121 840 2190 Silvestri,
866 2123 1186 2188 Clementis,
1219 2121 1466 2188 Damasi,
1494 2121 1736 2178 Victoris
1759 2119 2080 2194 Nicolaiquc
2107 2122 2152 2176 il

565 2223 622 2272 et
651 2215 854 2274 Leonis
886 2214 957 2272 1X
991 2213 1368 2270 Romanorum
1417 2213 1738 2284 pontiﬁcum
1787 2215 2150 2271 lectionibus:

565 2306 660 2378 qui
692 2321 905 2372 omnes,
942 2315 1004 2362 ut
1043 2319 1208 2376 supra
1244 2305 1503 2370 vidimus,
1543 2305 1936 2378 imperatorum
1982 2303 2155 2362 Otho-

565 2399 702 2455 nis‘l
731 2406 788 2454 et
816 2397 902 2463 lll,
939 2396 1156 2455 Henrlei
1183 2411 1402 2468 quoque
1430 2393 1498 2452 lll
1539 2407 1594 2452 et
1624 2395 1691 2450 ιν
1717 2396 2006 2463 sententia,
2041 2395 2154 2452 Ro-

565 2475 712 2544 mani
757 2486 1044 2559 pontifices
1079 2487 1197 2544 sine
1238 2486 1369 2543 cleri
1423 2485 1659 2542 Romani
1689 2486 1964 2560 suﬂ'ragiis
2006 2487 2153 2556 lecti,

563 2589 620 2635 et
654 2579 724 2635 ab
747 2579 954 2636 eisdem
987 2577 1408 2650 imperatoribus
1428 2593 1528 2649 per
1555 2579 1819 2634 annulum
1854 2588 1910 2634 et
1945 2579 2152 2650 virgam

566 2669 635 2725 de
658 2679 860 2740 papatu
885 2668 1134 2724 Romano
1162 2669 1403 2724 investiti
1435 2668 1673 2724 fuerant.
1699 2667 1853 2724 lianc
1876 2684 1991 2724 rem
2028 2678 2156 2724 ante

567 2759 999 2831 quadringentos
1043 2775 1219 2816 annos
1272 2759 1440 2815 tradit
1484 2757 1808 2816 Guillelmus
1845 2758 2046 2831 Tyrius
2087 2758 2154 2812 li—

566 2851 669 2908 bro
693 2867 733 2918 ι,
762 2867 882 2922 cap.
911 2851 998 2917 l3,
1027 2851 1102 2906 De
1139 2851 1280 2909 bello
1315 2863 1494 2914 sacro,
1534 2849 1606 2904 ita
1650 2849 1800 2919 (227)
1835 2868 1848 2904 :
1889 2849 2153 2904 Henricus

571 2938 888 3008 Teutonicus
935 2957 1048 3006 rex,
1093 2949 1144 2994 et
1194 2941 1334 2995 idem
1379 2937 1740 2995 Romanorum
1780 2940 2070 3010 imperator
2122 2957 2156 2994 a

567 3029 821 3104 Gregorio
849 3049 989 3104 papa
1013 3029 1120 3086 VII
1140 3046 1328 3102 passus
1355 3029 1532 3101 fuerat
1555 3031 1920 3102 qrtarstionem,
1950 3040 1999 3085 et
2030 3047 2156 3084 con-

567 3126 878 3180 troversiam
910 3140 1013 3180 non
1037 3124 1303 3178 modicam
1348 3139 1506 3194 super
1539 3121 1738 3178 annulo
1784 3121 2154 3192 defunctorum

569 3215 934 3284 episcoporum
973 3221 1024 3267 et
1055 3211 1264 3266 baculo.
1312 3211 1607 3267 Incleverat
1647 3211 1784 3266 enim
1815 3212 2155 3278 consuetudo,

567 3305 861 3372 praesertim
883 3302 949 3356 de
991 3303 1234 3372 imperio,
1261 3302 1398 3372 quod
1425 3301 1790 3356 decedentibus
1814 3302 2158 3363 ecclesiarum

567 3393 830 3462 praelatis,
857 3391 1090 3446 annulus
1111 3400 1160 3446 et
1185 3392 1335 3461 virga
1355 3391 1647 3462 pastoralis
1672 3391 1742 3444 ad
1772 3391 1838 3444 Π.
1873 3391 2160 3464 imperato,-

569 3500 678 3536 rem
704 3482 1100 3560 dirigebantur;
1135 3481 1284 3556 unde
1305 3465 1642 3554 postmodum
1690 3467 1854 3539 unum
1889 3485 1954 3540 de
1997 3485 2160 3556 fanti-

567 3574 794 3630 liaribus
834 3583 883 3630 et
922 3575 1216 3646 capellanis
1249 3578 1362 3630 suis
1417 3576 1720 3631 investitum
1766 3575 1836 3632 ad
1883 3577 2160 3634 ecclesiam

569 3663 844 3722 vacantem
871 3667 1155 3739 dirigebat,
1188 3677 1243 3722 ut
1269 3668 1344 3722 ibi
1374 3668 1606 3738 pastoris
1634 3668 1939 3740 fungeretur
1969 3668 2158 3740 oﬁicio,

569 3774 674 3813 non
695 3751 995 3829 exspectata
1025 3758 1158 3814 cleri
1193 3758 1462 3814 electione.
1502 3757 1656 3824 Quod
1696 3775 1838 3831 papa
1871 3758 2160 3832 Gregorius

568 3857 754 3904 contra
778 3865 983 3903 onmem
1007 3850 1124 3920 ﬁeri
1146 3849 1856 3919 Itonestatem'considerans,
1881 3861 1932 3906 et
1950 3851 2081 3922 jura
2103 3851 2161 3906 in

567 3954 628 3993 eo
641 3937 784 4008 facto
807 3939 1110 3994 conculcari
1131 3941 1494 4014 ecclesiastica
1513 3941 1855 4012 perpendens,
1879 3941 2056 4010 semel,
2071 3958 2158 4006 se—

567 4029 764 4098 cundo,
800 4047 864 4084 ac
887 4031 1042 4085 tertio
1064 4031 1306 4086 eumdem
1336 4033 1710 4102 imperatorem
1731 4031 2074 4100 commonuit,
2100 4043 2160 4089 ut

567 4137 601 4175 α
632 4129 743 4176 tam
791 4121 1102 4202 detestabili.
1157 4123 1432 4180 desisteret
1487 4127 1897 4198 prcesumptione
1939 4142 1958 4181 :
2005 4143 2158 4198 quem

560 4213 844 4283 prwceptis
867 4211 1196 4268 salutaribus
1227 4217 1608 4272 communitum
1643 4233 1764 4272 cum
1790 4233 2032 4273 revocare
2057 4234 2159 4282 non

559 4297 771 4384 posset,
822 4303 1032 4359 vinculo
1087 4306 1445 4363 auat/remotis
1499 4309 1816 4376 innodavit,
1866 4311 2006 4381 quod
2069 4311 2157 4381 {a-

567 4403 710 4448 ctum
741 4393 902 4448 nimis
925 4394 1215 4465 imperator
1247 4399 1461 4470 indigne
1491 4401 1634 4466 tulit,
1669 4399 1775 4456 etc.
1826 4399 1951 4456 Haec
1976 4410 2158 4457 autem

559 4487 753 4541 omnia
786 4497 848 4542 ut
897 4489 1214 4546 accuratius
1256 4490 1484 4562 intelligi
1533 4502 1768 4562 queant,
1829 4493 1960 4564 quia
2028 4502 2158 4548 sunt

559 4577 793 4646 cognitu
833 4592 946 4632 non
999 4578 1241 4650 indigna,
1291 4595 1440 4635 nunc
1472 4581 1793 4640 brevissime
1831 4584 1902 4640 ab
1949 4585 2158 4656 origine

563 4675 837 4737 repetam,
859 4669 1124 4740 brevique
1152 4685 1405 4726 sermone
1429 4686 1769 4742 percurram,
1797 4691 1921 4746 quae
1941 4675 2157 4734 duobus

563 4754 724 4814 libris
753 4775 918 4832 supra
954 4759 1168 4833 scripsi.

637 4845 772 4906 Post
805 4847 1100 4909 Iustiniani
1141 4851 1487 4924 imperatoris
1531 4863 1776 4927 tempora
1815 4857 2156 4930 Gothosque,

567 4941 744 5009 Italia,
781 4958 891 5014 qua
923 4960 1021 5016 per
1047 4961 1230 5003 Lxxvn
1255 4963 1430 5004 annos
1471 4949 1630 5019 potiti
1663 4948 1902 5019 fuerant,
1935 4953 2006 5008 ab
2033 4951 2156 5022 ejus

571 5033 804 5088 ducibus
848 5033 1134 5088 Belisario-
1169 5047 1225 5088 et
1265 5037 1459 5088 Narse-
1509 5039 1652 5088 bello
1703 5057 1835 5088 tvm
1881 5057 2150 5088 nnnnrnm

2257 555 2362 612 sub
2392 555 2615 627 juniore
2641 556 2865 614 Justino
2899 559 3150 631 Augusto
3175 561 3228 615 in
3265 559 3418 617 Italia
3451 577 3518 617 ex
3549 559 3856 619 Pannoniis

2259 647 2516 720 ingressi,
2571 649 2694 720 ejus
2747 649 2986 722 primum
3048 652 3320 724 potiorem
3370 661 3606 724 partem,
3655 653 3857 711 deinde

2257 739 2518 810 paulatim
2546 739 2661 798 fere
2685 757 2928 811 omnem,
2963 754 3162 816 praeter
3185 761 3352 802 unam
3379 754 3591 802 tantum
3621 746 3854 802 Romam

2236 829 2445 901 (quam
2481 830 2537 886 in
2577 831 2698 902 ejus
2727 835 2906 904 gentis
2939 842 3287 906 potestatem,
3328 850 3450 892 eam
3498 835 3705 892 acriter
3747 835 3858 892 Ro-

2257 920 2437 977 manis
2450 922 2804 993 pontiﬁcibus
2823 925 3218 998 imperatorum
3236 925 3596 983 Orientalium
3619 927 3854 993 auxilio,

2235 1021 2311 1074 _et
2347 1012 2606 1083 praesidio
2645 1014 2800 1074 fultis
2839 1017 3281 1086 defendentibus,
3317 1035 3599 1092 nunquam
3635 1019 3857 1076 venisse

2256 1105 2496 1178 constat)
2533 1107 2838 1166 obtinuere.
2889 1109 3064 1168 Graeci
3093 1126 3278 1182 porro,
3326 1111 3674 1182 imperatoris
3714 1125 3856 1182 prat-

2257 1195 2412 1261 sidiis
2433 1198 2518 1254 vel
2547 1199 2744 1270 pulsis,
2772 1202 2856 1256 vel
2892 1201 3073 1271 caesis,
3095 1217 3224 1258 cum
3258 1201 3542 1269 Ravenna,
3579 1211 3639 1258 et
3670 1201 3851 1258 Exar-

2255 1287 2442 1355 chatu,
2475 1305 2600 1360 quae
2623 1291 2740 1348 sola
2778 1293 2834 1348 in
2875 1293 3226 1365 imperatoris
3256 1293 3854 1366 Constantinopolitaui

2255 1381 2464 1440 ditione
2506 1383 2787 1456 provincia
2829 1397 3131 1456 supererat,
3177 1387 3374 1458 captis,
3412 1384 3600 1442 Roma
3631 1401 3854 1457 quoque

2253 1476 2360 1531 sub
2405 1491 2532 1548 rege
2574 1474 2864 1548 Aistulpho
2915 1475 3268 1548 Longobardi
3312 1477 3610 1542 inhiarent,
3646 1476 3854 1531 multas

2257 1563 2541 1631 Romanis,
2579 1566 2674 1636 qui
2707 1565 3040 1621 deditionem
3087 1565 3267 1622 facere
3303 1581 3486 1629 ,suasu
3521 1563 3852 1626 Pontificum

2257 1657 2604 1725 recusabant,
2635 1657 2998 1724 calamitates,
3033 1667 3090 1714 et
3125 1657 3476 1716 incommodo
3521 1657 3852 1715 intulerunt.

2257 1748 2596 1807 Verebantur
2615 1751 2762 1806 enim
2787 1749 3022 1808 Romani
3045 1749 3329 1822 pontiﬁces
3364 1747 3852 1822 Longobardorum

2186 1831 2228 1888 Β
2257 1835 2527 1897 feritatem
2555 1850 2612 1898 et
2651 1841 2997 1910 barbariem;
3023 1841 3298 1912 simulque
3321 1855 3390 1898 ne
3406 1841 3596 1897 urbem
3621 1841 3854 1896 Romam

2256 1947 2371 1989 suae
2389 1932 2636 2003 ditionis,
2671 1949 2794 1990 eam
2827 1933 3228 2008 negligentibus
3261 1933 3470 1992 Crtecis
3500 1932 3855 2005 imperatori-

2255 2025 2378 2093 bus,
2427 2024 2650 2095 factam,
2688 2036 2743 2083 et
2778 2026 2938 2098 cujus
2982 2035 3246 2098 tanquam
3271 2025 3482 2082 domini
3523 2033 3704 2090 erant,
3751 2023 3854 2084 sibi

2247 2122 2547 2192 eriperent.
2592 2119 2714 2188 Quo
2747 2127 2994 2192 tempore
3031 2133 3159 2178 cum
3203 2117 3420 2189 imperii
3463 2117 3700 2174 Romani
3737 2132 3856 2174 ma-

2247 2213 2424 2284 jestas
2448 2211 2503 2268 in
2527 2210 2770 2280 Oriente,
2795 2213 2984 2272 omnia
3015 2211 3119 2269 sibi
3141 2210 3395 2268 barbaris
3425 2209 3852 2296 vindicantibus,

2255 2304 2643 2372 obsolesceret,
2691 2320 2756 2360 ac
2803 2304 3008 2360 sensim
3041 2303 3340 2369 laberetur,
3384 2303 3856 2374 imperatoresque

2255 2396 2852 2467 Constantinopolitani
2897 2396 2951 2451 in
3004 2394 3260 2453 haeresim
3310 2395 3448 2466 lapsi
3490 2395 3854 2452 orthodoxam

2256 2489 2438 2555 fidem,
2474 2487 2912 2558 eatholieamque
2935 2486 3240 2546 Romanam
3271 2484 3598 2552 Ecclesium,
3621 2501 3750 2556 qua:
3773 2485 3854 2542 eis

2255 2581 2526 2638 assentire
2546 2580 2786 2647 nolebat,
2816 2595 2982 2651 super
3013 2577 3318 2650 imaginum
3341 2577 3712 2648 depositione,
3759 2591 3855 2648 op-

2257 2675 2563 2745 pugnarent
2598 2673 2906 2744 (nunquam
2955 2671 3101 2727 enim
3149 2669 3349 2727 adduci
3397 2678 3707 2740 potuerunt
3751 2669 3858 2724 Ro-

2257 2763 2406 2820 mani
2440 2762 2750 2835 pontifices,
2785 2773 2845 2818 ut
2885 2763 3068 2834 impiis
3113 2762 3506 2819 aboleudarum
3551 2761 3855 2832 imaginum

2255 2854 2490 2910 decretis
2519 2853 2950 2920 subscriberent,
2971 2854 3082 2910 imo
3117 2867 3214 2910 eas
3239 2861 3432 2911 contra
3455 2851 3854 2922 imperatorum

2255 2947 2606 3005 orientalium
2635 2945 2875 3006 furorem
2915 2947 3146 3004 tuendas
3173 2945 3554 3016 susceperant)
3601 2943 3857 3000 Romana

2258 3038 2506 3097 Ecclesia
2533 3039 2605 3094 ob
2629 3055 2724 3094 cas
2761 3054 2959 3094 causas
3003 3037 3366 3093 orientalibus
3399 3035 3664 3092 destituta
3704 3037 3858 3092 auxi-

2259 3132 2367 3202 liis,
2399 3131 2602 3203 quibus
2632 3146 2807 3202 usque
2839 3131 2908 3186 ad
2943 3145 3006 3186 ea
3045 3137 3288 3200 tempora
3336 3129 3390 3183 iu
3423 3129 3624 3184 tuenda
3667 3137 3858 3184 contra

2263 3221 2654 3294 Longobardos
2684 3235 2783 3277 sua
2815 3221 3064 3276 libertate
3095 3235 3196 3277 usa
3219 3219 3417 3285 fuerat,
3445 3219 3514 3274 ab
3537 3219 3753 3276 eisdem
3795 3221 3858 3274 ad

2262 3315 2600 3372 Francorum
2634 3315 2932 3386 potentiam
2980 3323 3036 3370 et
3064 3313 3320 3370 virtutem
3361 3322 3476 3368 tum
3523 3314 3772 3368 maxime
3807 3314 3859 3368 in

2245 3401 2553 3460 .Occidente
2585 3403 2843 3462 florentes
2871 3405 3166 3477 respicere,
3197 3412 3252 3460 et
3287 3417 3348 3459 se
3373 3411 3702 3460 convertere
3744 3419 3858 3460 cm-

2261 3495 2359 3566 pit,
2391 3505 2557 3567 atque
2580 3495 2651 3551 ab
2685 3495 2768 3552 eis
2789 3496 2991 3551 atixilia
3023 3503 3214 3552 contra
3246 3492 3745 3565 Longobardorum
3769 3509 3860 3551 su-

2261 3588 2508 3659 perbiam
2534 3587 2838 3660 postulare.

2328 3677 2548 3738 Primus
2575 3677 2724 3736 enim
2764 3671 3076 3750 Stephanus
3095 3675 3162 3744 ll,
3187 3692 3312 3734 cum
3336 3677 3408 3732 ab
3439 3675 3683 3733 Aistulfo
3711 3677 3860 3734 Lon-

2242 3771 2629 3844 gobardorum
2655 3786 2783 3843 rege
2816 3771 3239 3842 opprimeretur,
3277 3785 3308 3824 a
3352 3767 3588 3840 Pippino
3613 3767 3858 3826 Franco-

2247 3877 2384 3920 rum
2412 3876 2561 3932 rege,
2587 3869 2644 3916 et
2671 3858 2879 3927 Caroli,
2903 3869 3096 3931 postea
3121 3859 3490 3940 imperatoris,
3512 3867 3673 3930 patre
3699 3861 3858 3916 auxi-

2241 3953 2335 4009 lia
2369 3959 2564 4009 contra
2594 3949 2989 4022 Longobardos
3020 3949 3352 4020 impetravit.
3399 3947 3504 4016 Qui
3542 3949 3598 4004 in
3637 3947 3855 4006 Italiam

2259 4044 2491 4101 veniens
2523 4043 2716 4101 urbem
2747 4041 2980 4098 Romam
2996 4042 3292 4112 sedemque
3311 4040 3674 4112 apostolicam
3700 4056 3856 4114 egre-

2259 4135 2344 4208 gie
2378 4143 2589 4192 tutatus
2608 4143 2713 4202 est,
2757 4133 3168 4205 Aistulfumque
3197 4133 3315 4190 acie
3357 4131 3568 4190 victum
3600 4141 3662 4189 et
3702 4132 3854 4204 pacis

2259 4227 2604 4284 conditiones
2629 4227 2877 4298 accipere
2910 4233 3184 4292 coactum,
3205 4224 3322 4292 diu,
3343 4223 3474 4282 dum
3499 4225 3659 4292 vixit,
3689 4225 3746 4282 in
3771 4225 3854 4281 of-

2261 4319 2385 4376 ficio
2407 4319 2700 4386 continuit,
2717 4327 2774 4374 et
2801 4319 3159 4376 exarchatum
3184 4317 3479 4382 Ravennae,
3501 4331 3670 4388 quem
3693 4319 3854 4390 paulo

2259 4417 2386 4466 ante
2405 4408 2677 4466 Aistuli‘us
2691 4409 2759 4465 de
2781 4407 2986 4466 Graecis
3001 4409 3054 4464 vi
3071 4408 3388 4474 abstulerat,
3411 4407 3494 4464 eis
3514 4408 3851 4480 ademptum,

2263 4499 2524 4558 Romanae
2553 4509 2666 4557 tum
2703 4501 2944 4572 primum
2971 4499 3232 4558 Ecclesia:
3261 4500 3513 4556 donavit.

2339 4591 2574 4650 Aistulfo
2609 4592 3093 4664 Langobardorum
3111 4633 3127 4656 ,
3149 4598 3205 4646 et
3232 4589 3462 4662 Pippino
3509 4590 3850 4650 Francorum

2259 4686 2480 4758 regibus
2503 4685 2617 4740 vita
2647 4683 2872 4748 functis,
2895 4683 3130 4740 Carolus
3171 4682 3420 4750 Francis,
3443 4691 3502 4738 et
3534 4681 3851 4742 Desiderius

2262 4775 2640 4848 Longobardis
2664 4773 2952 4846 praefuere.
2979 4773 3226 4842 Quorum
3271 4772 3363 4830 ille
3407 4774 3667 4846 obsequii
3721 4793 3849 4848 erga

2262 4867 2569 4926 Romanam.
2615 4866 2939 4932 Ecclesiam,
2987 4866 3080 4923 hic
3129 4881 3259 4924 vero
3291 4866 3404 4924 odii
3450 4866 3700 4925 hatredes
3731 4867 3849 4925 fue-

2260 4968 2410 5017 runt.
2483 4958 2797 5015 Desiderius
2810 5000 2826 5026 ,
2882 4959 3125 5016 Adriano
3168 4973 3330 5030 papa,
3380 4959 3522 5015 adeo
3571 4959 3848 5016 Romanos

2261 5067 2459 5088 novumc
2477 5060 2528 5088 nl
2559 5066 2878 5088 nnnnnnnl-n
2908 5051 3070 5088 nmni‘
3117 5061 3176 5080 ιιι
3226 5048 3470 5088 ηΛηΙὶσατ
3543 5053 3640 5088 ηιιό
3690 5053 3848 5088 lanna
