3986 5386
504 361 607 415 137

1706 367 1764 422 S.
1808 362 2214 424 GREGORlUS
2253 363 2343 420 Vll
2375 363 2573 419 PAPA.

3665 351 3762 410 £68

497 467 640 539 XIV,
687 472 805 543 XV,
844 475 992 550 (255)
1015 476 1154 533 XVI.
1191 476 1436 545 Quorum
1469 479 1824 547 novissimus,
1871 490 1934 537 ut
1968 482 2152 553 qni-,1
2177 477 2448 536 Victorem
2478 475 2545 545 ll,
2581 491 2684 534 suo
2730 475 2959 532 arbitrio
2991 473 3271 534 Romanos
3301 475 3586 546 pontiﬁces
3611 476 3751 532 desi-

497 564 624 620 dam
683 568 950 635 scribunt,
999 570 1144 641 quod
1189 571 1308 625 sine
1361 570 1708 642 imperatoris
1755 572 1985 630 Othonis
2022 572 2088 626 ΙΙΙ

498 669 770 713 consensu
791 659 994 715 electus
1016 669 1069 714 et
1089 669 1446 715 consecratus
1473 669 1637 728 esset,
1678 663 1813 718 urbe
1847 661 2086 734 fugatus,

495 747 801 802 sacerdotio
824 749 1084 802 multatus
1109 758 1211 814 est,
1253 747 1515 818 Gregorio
1545 746 1590 804 V
1633 751 1948 823 subrogato.

577 838 715 896 Huic
755 841 920 914 igitur
949 841 1228 914 privilegio
1277 859 1310 898 a
1357 842 1539 900 Leone
1585 841 1722 908 Vill,
1781 861 1954 916 usque
2003 847 2072 903 ad

492 922 821 1000 Gregorium
858 929 981 996 νη,
1011 947 1038 986 a
1067 931 1290 986 nemine
1323 949 1565 1003 unquam
1619 948 1758 1004 papa
1802 935 2070 990 reclama-

498 1027 614 1074 tum
649 1028 752 1084 est,
777 1035 1094 1092 quanquam
1131 1037 1241 1076 non
1271 1022 1497 1077 omnino
1548 1022 1714 1078 fuerit
1745 1023 2071 1095 negligentia

495 1113 888 1182 imperatorum
917 1115 1286 1169 observatum.
1311 1113 1515 1170 Verum
1551 1114 1764 1170 Othone
1795 1115 1862 1169 ΙΙΙ
1896 1117 2070 1186 impe-

495 1211 679 1260 ratore
703 1205 806 1260 sub
838 1203 1117 1277 Sylvestro
1144 1203 1188 1257 ll
1219 1205 1366 1260 circa
1413 1221 1620 1260 annum
1667 1203 1883 1262 Domini
1933 1207 2072 1262 l000

403 1341 413 1349 .
494 1303 735 1362 mortuo,
759 1294 856 1366 qui
887 1295 938 1350 ei
975 1295 1237 1350 successit
1271 1293 1534 1351 Henricus
1570 1295 1632 1362 ll,
1670 1295 1753 1350 vir
1787 1297 2072 1352 sanctissi-

491 1401 640 1453 mus,
663 1400 729 1441 ac
751 1386 892 1441 inter
911 1385 1065 1440 divos
1095 1385 1318 1451 relatus,
1346 1395 1401 1440 et
1425 1396 1546 1456 post
1565 1401 1690 1440 eum
1715 1385 2004 1441 Cunradus
2027 1383 2070 1439 ll

487 1475 762 1548 ejusmodi
793 1476 1135 1548 privilegium
1179 1491 1374 1532 curare
1412 1477 1515 1533 visi
1567 1493 1678 1531 non
1733 1486 1878 1533 sunt.
1931 1475 2068 1532 Nam

490 1575 617 1637 post
631 1565 978 1638 Sylvestrum
1007 1566 1330 1632 secundum,
1357 1566 1452 1636 qui
1476 1566 1578 1620 sub
1601 1565 1817 1622 lienrici
1845 1567 2070 1623 secundi

489 1657 723 1728 imperio
751 1657 907 1724 obiit,
933 1656 1164 1712 Romani
1209 1671 1402 1711 omnes
1445 1657 1730 1726 pontiﬁces
1774 1672 1948 1728 usque
2000 1658 2070 1713 ad

486 1743 825 1802 Clementem
859 1745 904 1800 ll
937 1745 1056 1802 sine
1085 1746 1478 1816 imperatorum
1513 1745 1840 1801 auctoritate
1864 1761 2070 1801 renun-

2174 568 2376 640 mavit.
2409 567 2696 635 Quomodo
2739 577 2944 634 autem,
2989 574 3045 622 et
3098 581 3207 636 qua
3251 565 3484 634 ratione,
3534 564 3608 620 ab
3645 563 3776 624 ele-.

2172 659 2354 713 ctione
2380 656 2678 713 Clementis
2699 655 2743 710 ll
2765 671 2941 726 usque
2964 657 3031 710 ad
3054 653 3302 726 Gregorii
3343 651 3436 708 Vll
3465 652 3758 724 pontiﬁca-

2171 758 2290 804 tum
2320 747 2568 804 Romana
2597 747 2843 803 Ecclesia
2870 748 2925 802 in
2960 745 3272 817 hujusmodi
3305 742 3671 800 electionibus
3696 758 3758 799 se

2169 840 2420 911 gesserit,
2447 847 2504 894 et
2548 855 2841 896 causarum
2879 837 3056 906 initia,
3107 851 3230 908 quae
3285 834 3610 906 Gregorium
3661 833 3756 888 VII

2170 947 2365 1002 papam
2391 930 2789 988 commoverint
2821 930 2890 985 ad
2911 929 3216 984 libertatem
3239 925 3666 986 ecclesiasticam
3699 925 3754 980 in

2169 1022 2463 1093 pontiﬁciis
2473 1022 2708 1078 comitiis
2731 1020 3102 1086 asserendam,
3116 1018 3250 1077 satis
3265 1034 3430 1089 supra
3452 1017 3749 1088 explicavi:

2172 1129 2321 1170 nunc
2343 1113 2548 1168 factum
2579 1127 2872 1183 exponam.
2950 1171 2957 1178 ,

2249 1202 2544 1276 Gregorius
2592 1201 2681 1258 VII
2732 1203 2848 1273 jam
2897 1201 3022 1258 inde
3072 1217 3104 1257 a
3151 1200 3398 1274 Gregorii
3457 1199 3528 1254 Vl
3573 1201 3751 1272 depo-

2169 1294 2366 1350 sitione
2433 1293 2624 1367 (258)
2674 1295 2816 1350 male
2882 1295 3146 1350 adversus
3211 1294 3570 1364 imperatores
3631 1295 3753 1352 ani-

2169 1395 2378 1453 matus,
2434 1385 2676 1456 pontifex
2735 1385 2912 1442 factus
2967 1385 3172 1442 nullam
3213 1385 3561 1442 occasionem
3612 1399 3754 1454 prae,-

2166 1478 2499 1534 termittebat
2551 1487 2660 1550 Qua
2717 1479 3072 1549 imperatores
3140 1463 3466 1534 auctoritate
3525 1475 3751 1533 creandi

2167 1571 2479 1640 pontiﬁcem
2513 1569 2823 1626 Romanum
2859 1570 3136 1642 spoliaret.
3183 1569 3285 1625 Cui
3329 1569 3410 1624 rei
3446 1563 3748 1624 maximum

2167 1661 2476 1718 inCendium
2507 1662 2705 1718 obtulit
2725 1661 3004 1718 comitissa
3030 1661 3446 1731 Matiiildis,quo
3463 1659 3591 1731 jure
3609 1673 3752 1730 quo-

2167 1753 2292 1808 dam
2315 1761 2506 1809 contra
2531 1755 2915 1825 impertitorem
2945 1753 3125 1824 ipsum
3171 1752 3465 1824 procedere
3508 1757 3748 1822 poterat.

487 1834 618 1890 tiati'
644 1841 791 1891 sunt.
827 1833 910 1889 An
945 1842 1130 1889 autem
1162 1846 1355 1888 eorum
1391 1849 1745 1902 consensum,
1775 1843 2067 1905 antequam
2101 1840 2144 1896 B
2169 1843 2441 1902 Matliiidis
2496 1846 2643 1912 enim
2693 1845 2924 1900 illustris
2954 1845 3066 1912 illa,
3089 1853 3145 1902 et
3171 1851 3284 1900 tota
3317 1841 3474 1899 italia
3505 1842 3752 1898 celebra-

486 1933 958 1993 consecrarentur,
999 1924 1369 1996 requisierint,
1421 1924 1524 1980 etsi
1577 1923 1714 1979 mihi
1772 1925 2068 1981 verisimile

485 2017 578 2086 sit,
606 2031 887 2089 nunquam
913 2025 1095 2072 tamen
1125 2016 1326 2071 inveni.
1353 2015 1502 2087 (254)
1527 2011 1644 2071 Hoc
1689 2023 1873 2072 autem
1917 2009 2066 2072 acci-

483 2107 636 2165 disse
666 2108 1024 2175 credendum,
1061 2115 1181 2162 tum
1209 2117 1434 2178 propter
1465 2105 1686 2162 Henrici
1732 2106 1778 2160 ll
1807 2107 2064 2162 eximiam

485 2197 854 2265 sanctitatem,
883 2198 980 2268 qui
1002 2198 1230 2253 liberam
1254 2197 1490 2254 voluerit
1521 2213 1642 2253 esse
1670 2195 1903 2253 Romani
1929 2213 2065 2269 pon-

484 2287 648 2345 tiﬁcis
677 2288 1020 2356 electionem,
1045 2288 1204 2358 cujus
1229 2288 1285 2342 in
1315 2287 1586 2359 superiori
1619 2287 1762 2342 libro
1803 2303 1864 2342 Ill
1906 2295 2064 2344 vetus

481 2379 649 2436 etiam
671 2378 1062 2436 documentum
1093 2379 1298 2446 retulit,
1323 2385 1440 2433 tum
1469 2379 1636 2434 etiam
1667 2386 1890 2450 propter
1912 2377 2064 2434 Cun-

481 2469 604 2526 radi
629 2468 673 2524 ll
703 2469 1119 2541 occupationes,
1143 2469 1346 2540 quibus
1365 2477 1422 2524 et
1443 2467 1700 2526 maximis
1733 2469 1910 2536 bellis,
1931 2469 2062 2524 dum

480 2561 637 2630 vixit,
663 2559 916 2616 detentus
945 2567 1058 2628 est,
1093 2560 1254 2631 longe
1301 2560 1371 2615 ab
1420 2557 1568 2616 Urbe
1607 2559 1826 2616 absens.
1877 2557 2063 2630 Neque

477 2653 644 2708 etiam
669 2667 910 2725 unquam
933 2653 1229 2724 contigisse
1253 2653 1468 2724 legitur,
1481 2661 1544 2709 ut
1564 2667 1709 2709 unus
1731 2668 1799 2708 ex
1816 2653 1903 2709 bis
1923 2653 2063 2708 duo-

478 2743 584 2800 bus
638 2743 1062 2814 imperatoribus
1119 2733 1325 2811 Romae,
1375 2744 1462 2822 vel
1517 2744 1576 2798 in
1627 2741 1778 2799 italia
1815 2745 2062 2801 vacantis

477 2832 624 2892 sedis
659 2843 904 2904 tempore
945 2833 1130 2890 fuerit.
1184 2833 1320 2889 Nam
1363 2833 1504 2890 forte
1563 2835 1730 2890 trium
1782 2833 2060 2890 Othonum

475 2924 944 2995 praedecessorum
981 2939 1208 2981 suorum
1235 2926 1486 2996 exemplo
1512 2925 1822 2981 Romanum
1876 2915 2060 2996 ponti-

474 3015 631 3074 ﬁcem
661 3017 959 3074 dedissent.
984 3016 1258 3074 Caeterum
1291 3033 1419 3072 cum
1449 3019 1522 3073 ob
1555 3033 1748 3074 eorum
1781 3017 1930 3090 (255)
1963 3033 2059 3074 ne-

473 3108 787 3179 gligentiam
845 3109 902 3164 in
962 3110 1177 3181 imperii
1231 3110 1356 3180 jure
1414 3111 1656 3175 tuendo,
1712 3111 2056 3182 privilegium

2169 1936 2382 1992 tissima
2423 1911 2648 2004 femina:
2675 1935 2942 1991 Bonifacii
2965 1936 3188 1991 maximi
3212 1951 3310 2007 per
3339 1935 3551 1990 italiam
3595 1933 3750 2004 prin-

2167 2028 2306 2098 cipis
2346 2028 2455 2084 ﬁlia
2487 2037 2545 2084 et
2585 2029 2780 2096 haeres,
2838 2027 3185 2098 imperatoris
3245 2025 3465 2084 Henxici
3511 2021 3586 2080 1V
3635 2024 3748 2080 vim

2169 2119 2386 2186 timens,
2411 2119 2559 2192 (259)
2597 2117 3012 2191 Longobardim,
3040 2117 3252 2176 Tuscia:
3283 2125 3342 2174 et
3371 2115 3610 2189 Liguriae
3647 2116 3752 2172 alio

2165 2220 2302 2282 quot
2335 2212 2500 2269 urbes
2520 2212 2646 2284 jure
2670 2210 3020 2267 haereditario
3043 2211 3201 2268 ad-se
3230 2210 3569 2282 pertinentes
3611 2207 3750 2276 Gre-

2165 2302 2319 2372 gorio
2342 2317 2494 2374 papa:
2514 2311 2570 2358 et
2591 2301 2650 2358 S.
2675 2301 2741 2357 Β.
2770 2301 2833 2357 Ε.
2859 2302 3103 2358 donavit.
3131 2301 3218 2374 (2A
3230 2302 3280 2373 il)
3308 2299 3446 2357 Hinc
3466 2299 3580 2356 odii
3604 2300 3750 2359 inter

2163 2393 2550 2466 imperatorem
2583 2403 2638 2450 et
2676 2393 2987 2466 pontiﬁcem
3033 2393 3391 2450 seminarium
3433 2390 3616 2464 primo
3649 2408 3750 2448 ex-

2163 2493 2366 2554 ortum,
2390 2501 2516 2550 eum
2547 2487 2843 2558 imperator
2875 2486 3229 2541 donationem
3261 2485 3410 2540 illam
3441 2484 3498 2539 in
3527 2483 3748 2554 imperii

2164 2578 2344 2650 (cujus
2367 2577 2644 2636 Hathildis
2668 2577 3016 2638 beneficiaria
3049 2577 3189 2648 erat)
3236 2576 3614 2650 praejudicium
3647 2592 3749 2646 ap-

2161 2671 2393 2740 probare
2422 2671 2570 2725 nulla
2595 2669 2806 2728 ratione
2829 2670 3122 2738 voluisset;
3147 2668 3259 2724 imo
3281 2683 3344 2724 ea
3365 2666 3549 2724 omnia
3571 2681 3746 2722 occu-

2163 2776 2312 2831 pare,
2347 2769 2607 2832 tanquam
2635 2762 2702 2815 ad
2731 2776 2790 2817 se
2817 2759 3070 2815 devoluta
3103 2765 3354 2814 tentaret.
3403 2756 3558 2814 Tunc
3593 2755 3746 2811 enim

2160 2851 2404 2921 pontifex
2460 2852 2924 2922 opportunitatem
2982 2859 3196 2918 nactus,
3245 2849 3390 2922 quod
3441 2848 3748 2919 imperator

2159 2943 2263 2998 sibi
2279 2943 2405 3014 jura
2430 2943 2734 2998 vindicaret
2758 2942 3033 3009 Ecclesiae,
3058 2950 3248 3016 postea
3270 2957 3394 2996 eum
3421 2955 3745 2994 excommu-

2158 3034 2380 3101 nicavit,
2407 3035 2510 3090 alia
2537 3036 2757 3090 demum
2788 3035 3100 3101 accedente,
3124 3049 3246 3104 qua:
3274 3031 3742 3104 periculosissima

2156 3137 2295 3196 erat,
2322 3144 2508 3183 causa.
2536 3126 2802 3184 Henricus
2823 3128 2969 3182 enim
2991 3125 3058 3180 ιν
3085 3126 3400 3196 imperator,
3427 3140 3554 3180 cum
3591 3122 3741 3178 mul-

473 3195 675 3253 Leonis
701 3197 815 3252 Vill
839 3197 983 3254 forte
1011 3199 1388 3266 obsolevisset,
1414 3207 1539 3254 octo
1566 3200 1652 3255 vel
1701 3215 1897 3256 novem
1945 3201 2054 3256 Ro-

2162 3219 2226 3276 Lis
2248 3229 2303 3276 et
2336 3221 2587 3276 maximis
2623 3220 2886 3284 bellorum
2937 3195 3386 3290 occupationibus
3439 3215 3741 3290 implicitus

473 3289 654 3344 manis
688 3289 1042 3358 pontiﬁcibus
1092 3290 1210 3346 sine
1264 3303 1456 3344 eorum
1509 3291 1744 3346 lectione
1805 3306 1836 3345 a
1885 3291 2051 3356 clero,

471 3384 664 3432 senatu
687 3377 996 3447 populoque
1013 3376 1262 3432 Romano
1281 3378 1498 3444 creatis,
1519 3379 1811 3434 occasione
1830 3378 2055 3433 maximi

471 3467 616 3524 inter
659 3476 768 3524 tres
799 3468 1102 3538 pontiﬁces
1134 3468 1448 3524 sebismatis
1474 3477 1716 3540 accepta,
1744 3469 1985 3526 Cunradi
2009 3468 2053 3526 ll

470 3558 618 3615 illius
653 3557 802 3630 (256)
837 3556 1106 3614 Henricus
1128 3556 1196 3612 ιιι
1226 3559 1281 3613 in
1303 3557 1513 3614 Italiam
1538 3560 1707 3628 venit,
1729 3559 2054 3632 imperiique

470 3647 578 3704 hoc
608 3646 948 3719 privilegium
981 3648 1270 3720 magniﬁce
1294 3649 1595 3706 vindicavit
1647 3651 1733 3721 (ut
1775 3665 1940 3721 supra
1995 3651 2050 3707 in

469 3740 768 3798 Clementis
789 3741 835 3796 ll
857 3740 976 3798 Vita
1003 3742 1187 3815 docui)
1210 3751 1284 3811 et,
1304 3745 1462 3815 juxta
1483 3745 1760 3816 privilegia
1782 3746 2008 3802 Adriani
2030 3745 2050 3800 l

468 3839 526 3886 et
551 3831 752 3890 Leonis
777 3831 888 3886 Vill
909 3832 1454 3914 formam,abrogatis
1480 3835 1657 3892 tribus
1678 3836 2049 3906 pontiﬁcibus,

469 3920 764 3980 Benedicto
782 3921 923 3990 .Vlll,
955 3921 1234 3995 Sylvestro
1263 3923 1331 3978 lii
1364 3933 1419 3979 et
1450 3923 1661 3981 Joanne
1699 3924 1820 3994 XX,
1845 3926 2052 3998 Grego-

467 4012 554 4066 rio
596 4027 817 4084 quoque
837 4011 907 4067 Vl
931 4014 1174 4084 privato,
1206 4029 1412 4070 novum
1438 4013 1751 4086 pontiﬁcem
1787 4015 2051 4074 Romana

467 4103 586 4158 sedi
627 4102 777 4160 dedit
807 4102 1164 4176 Suidegerum
1191 4103 1464 4161 Saxonem
1494 4107 1834 4178 capeiianum
1863 4125 2047 4178 suum,

462 4193 786 4264 episcopum
811 4203 942 4250 tunc
963 4193 1439 4267 Bambergensem,
1461 4211 1624 4268 quem
1647 4196 1980 4255 Clementem
2003 4199 2049 4254 ll

466 4286 776 4356 appellavit,
807 4287 1244 4360 cardinalesque,
1285 4289 1493 4344 clerum
1511 4330 1525 4355 ,
1559 4303 1626 4344 ac
1659 4298 1908 4346 senatum
1949 4307 2048 4362 po.

465 4377 765 4449 polumque
785 4376 1093 4434 Romanum
1115 4385 1462 4434 sacramento
1481 4379 1663 4450 adegit
1685 4380 1739 4434 in
1759 4383 1923 4437 verba
1945 4397 2045 4438 sua

458 4464 650 4535 jnrare
699 4481 926 4538 cogens,
973 4482 1033 4523 se
1067 4465 1378 4522 Romanum
1413 4467 1727 4538 pontiﬁcem
1779 4469 1884 4526 nisi
1941 4484 2046 4525 suo

2157 3313 2361 3384 ingenti
2387 3315 2632 3384 pecunim
2655 3314 2708 3368 vi
2740 3313 3027 3384 indigeret,
3063 3309 3412 3382 episcopatus
3455 3317 3513 3364 et
3566 3309 3740 3366 abba-

2157 3405 2280 3472 tias,
2312 3405 2633 3477 plerumque
2678 3405 2765 3461 his
2810 3403 2981 3477 (241),
3005 3403 3099 3476 qui
3147 3403 3273 3474 plus
3319 3401 3372 3458 ei
3413 3399 3736 3462 oﬁ‘crebant,

2153 3497 2516 3568 largiebatur,
2565 3513 2921 3568 personarum
2979 3495 3310 3553 conditionis
3352 3492 3503 3548 nulla
3547 3492 3734 3548 habita

2152 3589 2384 3644 ratione.
2412 3589 2568 3656 Quod
2595 3588 2800 3644 factum
2823 3587 3050 3646 haeresis
3076 3585 3402 3643 Simoniacze
3435 3585 3614 3642 labem
3649 3583 3736 3638 fu-

2151 3698 2278 3754 gere
2307 3698 2417 3738 non
2443 3691 2675 3754 poterat.
2705 3681 2782 3738 De
2813 3682 2916 3738 hac
2948 3679 3116 3753 igitur
3153 3695 3240 3746 re,
3275 3687 3332 3734 et
3372 3677 3497 3734 aliis
3546 3677 3735 3732 multis

2149 3775 2474 3832 criminibus
2494 3777 2637 3848 apud
2665 3757 2846 3832 sedem
2865 3774 3220 3845 apostolicam
3244 3780 3356 3828 tam
3378 3771 3480 3827 sub
3497 3771 3738 3828 Alexan‘a

2149 3867 2250 3924 dro
2279 3865 2323 3921 ll
2361 3883 2526 3940 quam
2559 3869 2662 3924 sub
2691 3865 2954 3938 Gregorio
2989 3863 3081 3919 Vll
3135 3873 3446 3929 accusatus,
3505 3877 3650 3932 saepe
3699 3875 3730 3914 a

2149 3957 2412 4030 Gregorio
2443 3957 2536 4012 Vll
2561 3957 2874 4014 admonitus
2916 3961 3077 4012 estet
3110 3955 3308 4012 acriter
3344 3953 3728 4026 reprehensus.

2149 4057 2321 4126 Quem
2347 4075 2472 4116 cum
2503 4058 2610 4116 sibi
2638 4067 2786 4116 recte
2816 4056 3130 4114 admonenti
3168 4057 3547 4127 obtemperare
3587 4053 3734 4110 nolle

2148 4149 2393 4222 pontifex
2423 4151 2788 4224 cognovisset,
2811 4163 2938 4206 eum
2986 4145 3182 4205 litteris
3235 4147 3510 4204 minarum
3553 4145 3731 4216 plenis

2148 4269 2343 4325 urgere
2365 4253 2549 4324 coepit.
2574 4252 2832 4324 Animum
2867 4266 3022 4322 papas
3063 4258 3255 4320 suapte
3297 4256 3493 4303 natura
3535 4256 3730 4302 contra

2147 4353 2532 4425 imperatorem
2568 4343 2905 4410 commotum
2935 4350 3248 4408 excitabant
3267 4348 3479 4420 aliquot
3501 4346 3729 4404 Germa-

2147 4453 2253 4508 niae
2281 4461 2336 4509 et
2382 4453 2638 4509 Saxoniaa
2677 4451 2976 4523 principes,
3010 4450 3246 4508 Henrico
3291 4449 3551 4537 rebelles,
3583 4463 3726 4520 quo-

458 4553 618 4623 jussu
652 4565 896 4610 creatum
919 4570 1030 4610 non
1059 4567 1430 4628 susceptums.
1459 4557 1586 4626 Qui,
1609 4559 1739 4614 dum
1769 4559 1926 4628 vixit,
1940 4560 2045 4617 hoc

2162 4568 2268 4608 ‘um
2294 4561 2350 4607 et
2368 4551 2832 4608 Nortmannorum
2856 4552 3149 4624 praesidiis,
3177 4551 3472 4608 comitissa:
3507 4567 3726 4626 quoque

465 4643 614 4718 (257)
644 4647 1157 4714 praestantissimum
1213 4649 1427 4722 imperii
1450 4651 1544 4722 jus
1589 4651 1868 4710 mordicus
1915 4653 2046 4710 reti-

464 4734 605 4801 nuit,
631 4743 689 4791 et
713 4736 1046 4795 Clementem
1071 4737 1138 4806 ll,
1167 4739 1464 4798 Damasum
1495 4741 1570 4812 ll,
1607 4741 1848 4800 Leonem
1882 4743 1950 4799 lX
1989 4755 2044 4802 et

554 4865 660 4922 255
710 4867 818 4933 Iste
842 4869 1082 4930 Joannes
1107 4873 1214 4930 fuit
1245 4874 1359 4932 anti
1432 4891 1522 4947 pa.

528 4867 680 5008 ἔεδᾼῖ
697 4935 755 4994 S.
784 4939 1050 5000 Henricus
1070 4944 1146 5003 id.
1165 4946 1311 5008 quod
1333 4892 1440 5002 silli
1463 4961 1522 5002 nt

462 5005 568 5088 lui}
593 5005 780 5088 itidem
801 5010 910 5088 sibi
931 5022 1136 5088 tepere
1155 5005 1433 5086 avi-rogare.
1459 5015 1663 5072 Eadem
1688 5033 1844 5074 mens
1870 5005 2041 5074 fuisse

460 5077 678 5134 videtur
697 5078 950 5136 Conrado
975 5080 1174 5140 Salico.

507 5196 512 5200 .
1020 5154 1136 5210 ulla
1157 5155 1518 5214 mentientia.
1550 5155 1791 5214 Obsecro
1818 5173 1918 5214 cur
1945 5158 2035 5214 vix

2145 4642 2420 4700 Matbildis
2453 4642 2878 4711 auxiliofretus,
2902 4644 3074 4700 multa
3098 4652 3291 4699 contra
3316 4643 3721 4714 imperatorem,

2142 4759 2270 4800 eum
2291 4741 2531 4816 primum
2556 4743 2756 4814 potuit,
2786 4743 2937 4815 (242)
2957 4756 3131 4801 ausus
3155 4751 3258 4799 est.

2133 4879 2264 4951 jure
2292 4877 2468 4936 scivit.
2495 4877 2698 4934 Saltem
2731 4877 3016 4951 catholicis
3037 4893 3149 4951 non
3170 4877 3398 4951 obiecit,
3423 4893 3526 4951 nec
3548 4877 3722 4934 ullum

697 4935 755 4994 S.
784 4939 1050 5021 Henricus
1070 4944 1146 5003 id.
1165 4946 1311 5015 quod
1333 4935 1574 5021 sibi'non
1596 4945 1915 5021 debebatur,
1933 4963 2041 5021 Ano-
2133 4935 2523 5021 argumentum
2558 4963 2660 5019 pro
2687 4963 2794 5021 suo
2823 4947 3059 5021 Henrico
3095 4948 3222 5004 inde
3249 4935 3426 5021 duxit.
3474 4947 3588 5004 Nec
3629 4963 3716 5021 ca-

2142 5017 2350 5085 tholici,
2372 5019 2467 5090 qui
2497 5017 2689 5074 omnes
2716 5017 3200 5090 'scliismaticorum
3227 5019 3567 5090 obiectiones
3611 5019 3720 5074 sol-

2139 5099 2298 5154 vunt,
2330 5089 2474 5160 hanc
2495 5104 2735 5160 unquam
2764 5089 3056 5160 attingunt.

2213 5159 2363 5224 (258)
2386 5158 2504 5214 Non
2530 5154 2694 5224 male,
2723 5158 2832 5214 nisi
2861 5154 2968 5224 qua
3011 5159 3154 5214 male
3189 5159 3281 5224 jus
3327 5154 3567 5214 alienum
3613 5158 3716 5214 sibi
