3986 5386
208 242 305 301 169

1171 212 1703 295 rnowcouerva.
1737 264 1804 273 —
1828 230 2010 289 acra
2040 233 2097 288 s.
2138 230 2488 290 GRBGORII.

3357 230 3459 286 170

166 344 172 351 ’
266 353 436 427 Igitur
456 370 608 412 anno
631 351 846 410 Domini
886 350 1024 409 l075
1064 353 1230 408 rebus
1245 360 1265 418 ,’
1300 366 1407 407 non
1438 349 1620 406 verbis
1665 362 1786 403 am-
1817 347 1862 405 Δ
1889 354 1970 401 tot
1991 345 2155 401 minis
2188 353 2414 401 coactus
2434 344 2489 399 in
2521 341 2751 410 Italiam,
2779 344 3050 415 superatis
3082 343 3307 415 Alpibus
3328 386 3343 410 ,
3384 346 3463 399 ri-

176 434 189 455 ‘
207 447 339 519 plius
378 447 797 519 transigendum
830 460 953 502 esse
978 454 1153 512 ratus,
1180 444 1385 516 legatos
1410 456 1541 499 suos
1571 439 1637 496 ad
1677 440 1781 496 im-

192 535 511 607 ‘peratorem
540 538 711 602 misit,
745 537 849 608 ipsi
872 537 1139 592 mandans
1165 544 1227 591 ut
1256 535 1493 592 secunda
1532 532 1665 588 feria
1696 546 1783 588 se-

206 627 389 682 cundm
424 626 787 683 hebdomade
820 627 876 682 in
910 624 1334 698 Quadragesima
1377 623 1507 679 anni
1548 620 1783 694 proximi

207 715 336 771 1076
379 715 618 773 Romam
642 717 714 773 ad
740 716 1009 790 synodum
1044 716 1286 782 veniret,
1323 713 1390 770 de
1419 711 1742 769 criminibus
1764 752 1782 777 ,

204 823 320 878 quae
348 807 402 864 ei
429 809 650 880 objecta
696 806 936 876 fuerant,
982 822 1208 864 causam
1231 806 1480 864 dicturus
1527 823 1540 860 :
1579 802 1784 875 alioqui

204 900 364 956 sciret
396 916 458 957 se
499 903 711 973 absque
736 902 885 956 omni
918 917 1072 958 mora
1097 901 1288 957 eodem
1325 900 1413 955 die
1440 898 1787 954 anathemate

204 999 449 1047 notatum
477 990 570 1047 iri.
602 990 737 1059 Quae
761 991 958 1064 legatio
979 992 1114 1048 adeo
1136 990 1429 1047 Henrieum
1473 986 1784 1060 permovit,

203 1090 281 1148 ut,
325 1081 551 1153 rejectis
590 1083 778 1140 statim
812 1084 962 1154 gravi
1015 1068 1140 1139 cum
1181 1080 1510 1159 contumelia
1558 1077 1783 1150 legatis.

204 1170 307 1226 duo
333 1182 453 1227 tum
480 1173 724 1243 primum
752 1172 983 1245 agitaret
1007 1192 1020 1228 :
1053 1187 1226 1228 unum
1252 1214 1267 1239 ,
1311 1180 1373 1226 ut
1416 1171 1557 1226 clam
1582 1168 1787 1239 Grego-

204 1260 341 1317 rium
372 1278 574 1334 capere
595 1262 683 1318 vel
716 1263 1018 1320 interﬁcere
1064 1262 1303 1329 faceret;
1346 1261 1492 1317 aliud
1518 1303 1534 1328 ,
1579 1269 1639 1315 nt
1678 1258 1785 1314 nisi

204 1351 473 1421 ejusmodi
499 1367 590 1407 res
614 1352 1002 1419 successisset,
1039 1352 1218 1424 ipsum
1255 1350 1569 1423 pontiﬁcatu
1606 1348 1787 1420 priva-

204 1449 300 1495 ret.
348 1440 537 1509 Quare
562 1442 777 1498 occulte
799 1458 895 1513 per
922 1443 1146 1499 nuntios
1187 1457 1320 1499 suos
1343 1441 1485 1512 egit,
1527 1449 1589 1496 ut
1627 1449 1787 1495 nocte

202 1528 410 1587 Natalis
465 1528 708 1600 Domini,
752 1533 883 1589 dum
928 1550 1066 1606 papa
1112 1534 1338 1590 missam
1389 1531 1708 1597 celebraret,
1755 1547 1785 1586 a

206 1622 352 1691 (243)
376 1621 586 1679 Ccneio
618 1622 863 1695 praefecti
896 1622 1060 1681 Urbis
1092 1625 1223 1692 ﬁlio,
1256 1624 1487 1680 satellite
1512 1639 1634 1690 suo,
1672 1623 1787 1693 ipse

1883 434 2167 510 gidissimo‘
2188 434 2318 491 anni
2345 443 2587 506 tempore
2618 434 2786 501 venit,
2811 443 2867 489 et
2887 449 3012 490 cum
3040 432 3303 515 Gregorio
3324 448 3461 506 papa

1884 528 2067 600 (quem
2093 521 2321 584 Canusii
2345 526 2648 598 invenerat)
2670 525 2795 597 post
2818 527 3018 582 multas
3043 540 3252 597 preces,
3288 526 3463 582 maxi-

1884 632 2139 689 mamque
2166 616 2568 688 preteritorum
2596 616 2968 690 paenitentiam
3003 626 3280 675 ostensam
3307 660 3323 686 ,
3366 633 3464 690 pa-

1882 722 2001 763 cem
2037 700 2365 778 quibusdam
2391 706 2544 763 duris
2573 707 2977 764 conditionibus
3000 750 3015 774 ,
3061 717 3260 781 praeter
3297 707 3465 765 Italiae

1883 796 2187 868 principum
2211 796 2571 863 voluntatem,
2604 795 2751 864 fecit,
2779 806 2942 870 atque
2976 796 3046 853 ab
3066 813 3132 853 eo
3154 812 3213 855 se
3237 799 3465 855 anathe-

1886 897 2031 943 mate
2061 886 2196 944 solvi
2231 886 2568 959 procuravit.
2598 886 2798 959 Sicque
2818 888 3123 961 principum
3157 886 3466 947 Germaniae

1885 978 1995 1033 vim
2024 1021 2039 1047 ,
2083 988 2138 1035 et
2182 979 2472 1036 inﬂexibile
2505 987 2697 1036 contra
2733 993 2859 1033 eum
2906 980 3247 1050 propositum
3281 978 3462 1051 fregit.

1888 1069 2001 1127 Hoc
2045 1071 2247 1128 factum
2278 1082 2363 1129 est
2402 1088 2437 1128 v
2472 1070 2699 1130 Kalend.
2745 1066 3070 1137 Februarii,
3118 1071 3467 1142 pontiﬁcatus

1887 1160 2131 1234 Gregorii
2158 1161 2246 1217 VII
2269 1179 2413 1219 anno
2436 1174 2654 1235 quarto,
2687 1161 2881 1221 salutis
2901 1177 3032 1217 vero
3061 1161 3218 1217 1077.

1956 1253 2227 1308 Caeterum
2253 1253 2436 1310 Caesar
2460 1255 2667 1331 ingenti
2715 1265 2863 1311 metu
2913 1252 3210 1322 liberatus,
3254 1251 3466 1309 Italico—

1887 1359 2120 1416 rumque
2172 1340 2479 1416 principum
2528 1346 2814 1417 promissis
2854 1347 3150 1414 incitatus,
3206 1341 3467 1415 Gregorio

1887 1435 2130 1508 pontiﬁci
2176 1436 2356 1493 denuo
2399 1436 2637 1504 rebellis,
2684 1447 2739 1494 et
2762 1437 3083 1495 manifestus
3106 1435 3280 1495 hostis
3314 1434 3464 1511 (248)

1889 1528 2086 1596 factus,
2111 1529 2291 1600 ipsum
2316 1529 2456 1586 clam
2489 1526 2682 1601 capere
2704 1530 2944 1587 Canusio
2978 1529 3209 1588 Romam
3237 1530 3470 1587 redeun-

1894 1628 2002 1676 tem
2025 1621 2271 1677 tentavit.
2299 1621 2456 1688 Quod
2479 1621 2574 1677 ubi
2600 1621 2896 1677 alienatum
2921 1622 2990 1678 ab
3022 1638 3081 1679 se
3102 1621 3335 1679 Ctesaris
3352 1624 3471 1679 ani-

157 1783 168 1795 θ
202 1723 509 1784 caperetur,
535 1690 683 1786 quod
719 1716 884 1772 etiam
916 1716 1118 1773 factum
1152 1690 1254 1774 est.
1288 1716 1488 1773 Verum
1524 1732 1555 1771 a
1581 1690 1784 1787 p0pulo
1822 1690 1865 1746 Β
1892 1727 2043 1767 mum
2077 1728 2216 1784 papa
2257 1713 2533 1785 cognovit,
2567 1712 2752 1768 statim
2791 1713 2847 1768 in
2882 1711 3227 1769 Germaniam
3257 1715 3325 1770 ad
3368 1714 3471 1769 im-

206 1802 453 1860 Romano
475 1805 679 1862 Cencio
708 1806 1015 1878 proscripto
1032 1850 1049 1875 ,
1072 1807 1332 1862 liberatus
1361 1805 1589 1877 impium
1618 1819 1785 1861 cona-

203 1903 315 1949 tum
338 1895 690 1966 imperatoris
721 1895 903 1952 elusit.

271 1984 482 2053 Caesar,
504 1987 601 2042 ubi
624 1986 838 2043 insidiae
863 2004 972 2044 non
1007 1996 1406 2059 processerant,
1433 1987 1500 2043 ad
1521 1986 1631 2041 vim
1656 2000 1788 2041 eon-

204 2091 417 2141 versus,
456 2076 610 2147 (2M)
636 2069 966 2149 congregato
986 2077 1302 2133 Wormatize
1322 2077 1376 2132 in
1397 2076 1647 2149 proxima
1679 2072 1789 2129 Do-

207 2165 405 2221 minica
444 2166 877 2239 Septuagesimaa
910 2168 981 2222 24
1006 2168 1384 2238 episcoporum
1425 2166 1791 2236 abbatumque

206 2258 532 2325 multorum,
567 2274 705 2330 quos
740 2257 1037 2330 Gregorius
1072 2258 1239 2315 variis
1272 2255 1792 2315 excommunicatio—

206 2348 369 2405 nibus
393 2359 524 2405 ante
550 2348 698 2422 (245)
722 2359 1035 2417 vexaverat,
1070 2359 1361 2417 conventu;
1394 2349 1682 2405 occasione
1703 2363 1795 2403 ac-

207 2447 387 2509 cepta,
413 2439 568 2509 quod
595 2438 744 2512 (2L6)
771 2440 978 2511 absque
1001 2455 1273 2496 consensu
1297 2455 1419 2507 suo,
1452 2438 1583 2495 solis
1611 2445 1794 2493 tamen

210 2525 479 2585 Romanis
528 2528 839 2586 faventibus
864 2572 879 2597 ,
910 2531 1264 2602 apostolicam
1300 2530 1481 2587 sedem
1512 2527 1794 2585 consedis-

209 2629 311 2687 set,
343 2635 478 2676 eum
515 2629 717 2692 papatu
758 2621 1063 2693 privarunt.
1104 2620 1277 2694 Cujus
1317 2619 1639 2692 privationis
1683 2618 1799 2674 for-

212 2713 361 2767 mula
392 2711 668 2783 ejusmodi
695 2711 869 2769 fuisse
889 2712 1089 2769 dicitur
1116 2731 1130 2768 :
1161 2712 1302 2779 Quia
1326 2728 1448 2785 ergo
1470 2720 1520 2766 et
1545 2711 1799 2765 introitus

212 2813 336 2857 tuus
385 2804 557 2857 tantis
605 2803 858 2874 perjuriis
887 2813 965 2859 est
995 2804 1274 2872 initiatus,
1322 2812 1372 2859 et
1423 2801 1663 2857 Ecclesia
1704 2799 1827 2875 Dci‘

213 2903 322 2947 tam
357 2894 514 2965 gravi
551 2901 859 2964 tempestate
891 2910 982 2964 per
1015 2895 1320 2948 abusionem
1349 2894 1641 2947 novitatum
1676 2899 1799 2945 tua-

211 3001 331 3039 rum
367 2984 731 3055 periclitatur,
767 2992 820 3038 ct
854 2986 1016 3039 vitam
1054 3002 1145 3056 per
1174 2985 1619 3040 conversationem
1654 2990 1800 3036 tuam

1887 1803 2157 1874 peratoris
2182 1805 2367 1860 hostes
2395 1803 2640 1860 Saxones
2663 1847 2680 1873 ,
2704 1812 2760 1860 et
2782 1803 2920 1860 alios
2952 1802 3224 1875 principes
3265 1805 3471 1876 legatos

1886 1893 2059 1962 misit,
2092 1894 2186 1967 qui
2213 1893 2356 1966 regis
2378 1893 2762 1962 temeritatem,
2789 1895 2994 1951 scelera
3024 1903 3079 1950 et
3110 1893 3349 1965 perjuria
3382 1911 3471 1950 re-

1887 1984 2135 2053 ferrent,
2167 1985 2628 2057 bortarenturque
2661 2001 2759 2043 eos
2782 1993 2845 2041 ut
2877 2002 3079 2041 novum
3117 1985 3219 2056 ipsi
3264 2001 3469 2056 regem,

1891 2072 2130 2135 Henrieo
2154 2076 2439 2150 abrogato,
2463 2086 2734 2145 crearent,
2757 2094 2919 2150 quem
2951 2076 3066 2148 ipse
3088 2086 3278 2148 postea
3302 2077 3470 2148 impe-

1890 2176 2128 2225 ratorem
2152 2167 2462 2239 inungeret.
2496 2166 2801 2224 Germaniae
2825 2168 3119 2240 principes,
3142 2183 3296 2239 papae
3326 2168 3473 2240 lega-

1893 2259 2043 2316 tione
2066 2257 2273 2326 audita,
2316 2257 2462 2315 illico
2505 2260 2776 2315 conventu
2822 2258 2878 2313 in
2923 2257 3209 2315 Forchcim
3245 2275 3473 2331 congre-

1893 2357 2020 2421 gato
2045 2391 2062 2418 ,
2095 2347 2391 2406 Rodulfum
2436 2349 2741 2406 Suevorum
2767 2349 2960 2405 ducem
2998 2349 3055 2404 in
3099 2349 3472 2406 Romanorum

1893 2455 2076 2512 regem
2099 2440 2330 2513 elegere,
2356 2440 2461 2497 bac
2483 2439 2817 2508 conditione,
2840 2448 2905 2496 ut
2924 2440 3352 2497 sacerdotiorum
3389 2442 3475 2496 in-

1893 2529 2190 2587 vestituras
2217 2529 2535 2598 dimitteret,
2556 2537 2631 2601 et,
2660 2546 2729 2586 ne
2747 2530 2897 2586 velut
2925 2530 3268 2587 haeredita‘rio
3314 2531 3431 2597 iure
3454 2572 3471 2599 ,

1897 2618 2040 2676 ﬁlios
2064 2634 2196 2676 suos
2222 2634 2567 2677 successores
2595 2620 2914 2675 declararet.
2959 2618 3116 2687 Quod
3158 2611 3248 2674 ubi
3282 2607 3477 2675 Ilean-

1897 2725 1998 2767 cus
2022 2709 2318 2782 imperator
2359 2710 2588 2779 audivit,
2632 2711 2936 2767 vehementi
2986 2710 3357 2782 indignatione
3392 2711 3477 2766 in-

1898 2800 2210 2859 ﬂammatus
2235 2843 2251 2869 ,
2286 2801 2341 2857 in
2381 2800 2729 2869 Germaniam
2760 2802 2964 2872 ingenti
2988 2802 3229 2857 exercitu
3256 2817 3478 2872 compa-

1899 2901 2022 2952 rato
2066 2907 2384 2965 regressus,
2430 2893 2631 2949 bellum
2670 2894 2962 2949 rebellibus
3009 2893 3345 2964 principibus
3390 2894 3478 2950 in-

1901 2981 2039 3037 dixit
2064 3000 2077 3037 :
2106 2981 2253 3053 quod
2278 2982 2432 3038 vario
2454 2991 2651 3039 eventu
2673 2999 2844 3056 prope
2866 2985 2923 3040 in
2946 2985 3240 3042 triennium
3262 2995 3479 3058 protra-

211 3083 324 3127 tam
371 3073 664 3145 multiplici
705 3074 936 3145 infamia
980 3075 1355 3143 dehonestasti,
1407 3074 1757 3130 obedientiam
1781 3115 1797 3139 ,
1826 3060 1868 3119 C
1900 3080 2049 3129 etum
2079 3081 2182 3129 est.
2236 3104 2254 3122 ο

209 3184 373 3237 quam
411 3167 512 3221 tibi
541 3166 746 3221 nullam
789 3168 1149 3237 promisimus,
1192 3184 1285 3223 nec
1319 3168 1385 3222 de
1417 3175 1605 3221 σωτενο
1628 3165 1799 3220 ullam

215 3268 521 3314 servaturos
556 3275 666 3313 esse
697 3260 1096 3326 renuntiamus;
1127 3269 1177 3315 et
1214 3259 1341 3332 quia
1362 3250 1798 3325 nemo’nostrum,

212 3362 273 3405 ut
296 3360 351 3405 tu
372 3349 589 3422 publice
608 3348 969 3418 dedamabas,
996 3352 1094 3406 tibi
1115 3351 1366 3406 hactenus
1382 3351 1486 3422 fuit
1505 3350 1797 3421 episcopus,

217 3452 274 3496 tu
303 3458 509 3515 quoque
544 3441 682 3496 nulli
704 3450 941 3496 nostrum
971 3443 1160 3497 amodo
1184 3442 1288 3497 eris
1310 3441 1652 3512 apostolicus.
1698 3436 1800 3495 Cui

215 3532 436 3588 decreto
468 3547 584 3588 non
621 3531 799 3587 solum
843 3530 1147 3588 Germaniae
1181 3541 1236 3588 et
1271 3532 1458 3589 Galliae
1494 3531 1652 3587 multi
1685 3530 1801 3602 epi-

213 3622 387 3694 scopi,
415 3621 513 3678 sed
537 3630 592 3678 et
611 3621 779 3678 Italiae
799 3622 1045 3694 plerique
1065 3631 1337 3679 conventu
1366 3620 1546 3694 Papize
1566 3621 1802 3692 impera-

212 3716 350 3771 toris
374 3716 541 3786 jussu
567 3715 778 3782 babito,
807 3715 1198 3787 subscripsere.

281 3808 406 3877 Quo
453 3810 524 3865 ad
566 3808 894 3881 Gregorium
938 3826 1133 3882 papam
1178 3810 1433 3868 Laterani
1476 3811 1534 3866 in
1570 3810 1800 3868 concilio

210 3899 678 3971 quadragesimali
724 3901 793 3956 ab
844 3914 904 3956 se
953 3911 1143 3957 coacto
1187 3908 1301 3956 tam
1336 3901 1540 3957 'bostili
1582 3901 1800 3958 decreto

211 3989 456 4059 perlato,
498 3989 745 4060 pontifex
782 3990 968 4047 statim
1002 3993 1183 4048 nullas
1216 3992 1639 4063 interponendas
1678 4006 1801 4048 esse

210 4094 399 4136 moras
429 4088 619 4147 ratus,
655 4095 724 4137 ex
754 4081 1000 4137 omnium
1024 4083 1405 4154 episcoporum
1432 4089 1485 4137 et
1519 4082 1797 4147 abbatum,

210 4169 305 4239 qui
335 4169 392 4224 in
425 4169 640 4241 synodo
675 4170 924 4239 aderant,
956 4174 1247 4241 sententia,
1284 4172 1669 4245 imperatorem
1695 4214 1711 4240 ,
1745 4180 1801 4228 et

211 4273 407 4317 omnes
430 4260 557 4330 ejus
590 4259 837 4317 fautores
860 4270 918 4325 et
945 4263 1302 4330 adhaerentes,
1329 4262 1653 4336 gravissimo
1673 4278 1802 4318 ana-

212 4350 456 4408 themate
485 4360 763 4419 notatum,
790 4352 1020 4422 imperio
1046 4355 1301 4426 privavit,
1333 4368 1631 4426 omnesque
1665 4354 1798 4411 sub—

211 4440 358 4498 ditos
382 4442 455 4498 ab
477 4442 630 4498 omni
650 4442 703 4499 ei
727 4442 974 4515 praestito
998 4445 1313 4516 iuramento
1336 4446 1588 4503 absolvit.

279 4531 456 4604 Cujus
477 4534 555 4590 rei
578 4534 899 4602 occasione,
938 4551 1062 4593 cum
1096 4537 1340 4595 universi
1363 4536 1475 4595 fere
1498 4538 1802 4596 Germanias

211 4626 503 4682 saeculares
525 4627 806 4698 principes
840 4626 911 4681 ab
948 4642 1020 4684 eo
1047 4628 1373 4687 defecissent
1417 4630 1590 4701 (247'),
1632 4630 1800 4687 alium

210 4716 595 4787 imperatorem
620 4733 817 4776 creare
840 4719 1262 4788 constituerunt,
1298 4719 1408 4777 nisi
1434 4719 1620 4777 Caesar
1656 4719 1802 4777 Hen-

210 4805 365 4863 ricus
402 4817 526 4865 ante
546 4806 926 4893 anni'tempus
957 4809 1520 4868 excommunicatione
1555 4826 1587 4867 a
1619 4811 1802 4883 ponti-

209 4896 318 4954 fice
335 4900 633 4958 solveretur
662 4919 678 4956 :
708 4916 879 4972 quem
916 4916 1012 4971 per
1045 4906 1268 4961 nuntios
1292 4918 1424 4959 suos
1447 4903 1586 4959 clam
1609 4902 1801 4973 depre-

210 4990 325 5046 cati
348 4990 566 5051 fuerunt
588 5034 605 5064 ,
644 5010 722 5050 ne
754 5007 821 5049 ea
860 4992 1242 5064 imperatorem
1268 4997 1591 5054 exsolveret.
1617 4995 1802 5052 Cassar

281 5164 424 5290 (245)
453 5165 687 5237 Cincio;
724 5165 855 5221 Bar.
888 5181 1032 5224 anno
1067 5172 1223 5230 1075.

281 5235 399 5290 f2“
452 5238 617 5290 1076.

281 5166 403 5290 (ἓιὸ
453 5166 687 5237 Cincio;
724 5166 855 5221 Bar.
888 5181 1032 5224 anno
1067 5172 1223 5230 1075.

437 5238 738 5386 (ideo,
769 5313 835 5386 ut
855 5307 1067 5386 vexatio
1086 5313 1251 5386 daret
1266 5310 1620 5386 intellectum.
1651 5382 1665 5386 _

1966 3166 2126 3222 Anno
2149 3180 2280 3223 vero
2315 3164 2453 3221 1080
2484 3166 2655 3237 (249).
2684 3165 3043 3225 Pontiﬁcatus
3077 3168 3324 3241 Gregorii
3360 3167 3473 3223 VII.

1898 3258 2171 3327 Pontifex,
2204 3257 2461 3315 Laterani
2491 3259 2724 3316 concilio
2755 3260 3054 3316 multorum
3093 3260 3475 3332 episcoporum

1898 3358 1955 3407 et
1984 3350 2247 3406 abbatum
2288 3348 2345 3404 in
2376 3347 2804 3421 Quadragesima
2847 3360 3206 3423 congregato,
3241 3349 3476 3407 Henrico

1898 3456 2025 3512 rege
2055 3440 2213 3497 bellis
2246 3439 2586 3497 Germanicis
2614 3441 2879 3512 implicito
2903 3483 2919 3507 ,
2956 3457 3083 3497 cum
3118 3442 3298 3513 ipsum
3329 3442 3478 3497 nulla

1898 3531 2111 3586 ratione
2144 3544 2212 3586 ex
2258 3530 2499 3587 hostium
2533 3530 2929 3587 Germanorum
2978 3548 3143 3588 manu
3185 3548 3478 3589 evasurum

1898 3622 2003 3680 sibi
2025 3621 2341 3695 persuaderi
2367 3631 2575 3695 posset,
2596 3623 2746 3696 quod
2766 3624 2860 3681 diu
2880 3633 3007 3682 ante
3037 3625 3355 3698 agitarent,
3379 3626 3480 3682 ali-

1898 3723 2143 3787 quotque
2184 3714 2418 3771 decretis
2459 3724 2586 3771 ante
2616 3718 2820 3773 sensim
2866 3727 3300 3789 przenotaverat,
3350 3728 3480 3774 tunc

1898 3807 2137 3877 primum
2170 3806 2319 3879 (250)
2352 3815 2537 3877 aperte
2558 3808 2819 3863 evomuit.
2845 3809 3304 3866 Constitutionem
3329 3809 3478 3864 illam

1897 3897 2044 3952 enim
2078 3905 2210 3952 tunc
2233 3896 2470 3969 primum
2494 3898 2683 3967 edidit,
2716 3916 2823 3971 qua
2847 3899 3230 3971 imperatorem
3255 3916 3366 3956 non
3388 3915 3479 3956 so-

1898 3986 2011 4041 lum
2066 3987 2393 4043 auctoritate
2434 3987 2752 4046 instituendi
2808 3990 3115 4048 Romanum
3166 3992 3477 4065 pontiﬁcem

1898 4074 2070 4147 (251),
2095 4091 2261 4146 quam
2292 4078 2553 4133 trecentis
2585 4095 2757 4150 prope
2781 4081 2941 4137 annis
2969 4089 3095 4137 ante
3116 4082 3479 4154 praedecesso-

1898 4181 1988 4222 res
2010 4164 2098 4221 sui
2133 4166 2456 4234 habuerant,
2484 4168 2577 4223 sed
2600 4178 2655 4225 et
2674 4169 2931 4225 omnibus
2964 4169 3129 4225 etiam
3154 4180 3478 4227 caeterorum

1898 4257 2329 4315 sacerdotiorum
2361 4246 2698 4317 investituris
2727 4260 2942 4331 privare
2963 4269 3194 4316 conatus
3226 4268 3330 4326 est,
3357 4275 3478 4318 om-

1899 4364 2133 4421 nemque
2179 4349 2561 4421 episcoporum
2604 4359 2661 4407 et
2705 4351 2963 4406 abbatum
3018 4349 3476 4407 instituendorum

1900 4441 2169 4499 rationem
2222 4442 2291 4500 ad
2336 4443 2643 4501 electionis
2670 4445 3035 4516 capitulorum
3079 4453 3135 4500 et
3179 4445 3478 4501 monacho-

1899 4549 2022 4590 rum
2053 4532 2286 4591 formam
2320 4534 2555 4591 reduxit.
2592 4535 2764 4607 Cujus
2792 4536 2997 4593 decreti
3040 4536 3348 4607 exemplum
3391 4552 3478 4592 sc-

1898 4642 2074 4698 quens
2101 4636 2189 4684 est
2215 4645 2229 4682 :
3478 4619 3492 4640 ⁸

1975 4738 1995 4772 ι
2021 4718 2247 4777 Patrum
2271 4730 2587 4778 sanctorum
2607 4730 2812 4778 statuta
2839 4731 3151 4794 sequentes,
3177 4741 3196 4775 ι
3223 4732 3327 4778 etc.
3349 4722 3480 4778 Edi-

1901 4820 2013 4866 tum
2056 4818 2231 4868 exstat
2283 4811 2431 4885 infra
2473 4813 2527 4866 in
2551 4811 2774 4867 concilio
2822 4812 3080 4870 Romano.

1972 4904 2318 4964 Simoniaeos
2344 4922 2470 4963 vero
2496 4906 2748 4978 appellat,
2772 4918 3044 4980 quotquot
3070 4923 3102 4964 a
3133 4924 3300 4964 manu
3341 4906 3483 4965 laica

1899 4998 2131 5072 alicujus
2171 4999 2422 5056 beneﬁcii
2451 4997 2828 5056 investituram
2854 5002 3181 5073 acciperent.
3213 4997 3330 5056 Hoc
3350 5015 3486 5056 vero

1902 5188 2265 5316 “(348%ng
2305 5202 2363 5249 et
2403 5192 2661 5252 subdolus
2702 5144 3012 5251 insidiator.
3052 5193 3277 5259 Baron.,
3311 5156 3487 5261 1077‘,

1973 5328 2122 5386 (249)
2152 5326 2291 5384 Vide
2313 5330 2538 5386 Baron..
2564 5350 2709 5386 anno
2732 5334 2890 5386 1080.
