3986 5386
460 249 594 305 "is

1675 241 1732 298 S.
1771 239 2165 300 GREGORIUS
2203 244 2294 300 Vl]
2323 245 2528 302 PAPA.

3606 257 3734 314 {7%.

457 364 676 418 decreto
702 357 1092 430 procul-dubio
1113 356 1410 428 imperator
1450 355 1736 422 Henricus,
1769 365 1826 412 et
1853 371 2043 412 omnes
2070 359 2116 415 A
2141 375 2172 412 a
2236 369 2317 414 tot
2371 363 2710 418 diversarum
2781 365 3062 424 nationum
3108 366 3410 427 illustribus
3443 371 3712 428 doctrina

457 469 614 524 reges
659 451 885 518 Latini,
933 459 990 506 et
1055 448 1418 507 occidentales
1471 448 1791 518 petebantur
1846 447 2032 519 (252);

457 543 654 600 deinde
685 541 923 612 episcopi
954 549 1010 596 et
1029 539 1320 596 universus
1343 538 1522 594 clerus
1555 537 1874 604 Galliarum,
1902 536 2036 592 Ger-

458 632 654 692 maniae
675 641 730 687 et
759 630 924 686 Italiae
947 630 1322 700 pulsabantur.
1373 673 1379 680 .

526 721 604 776 De
635 720 1013 792 episcoporum
1046 733 1174 774 vero
1204 715 1468 772 electione
1489 716 1563 772 ita
1587 715 1828 772 deﬁnivit
1856 735 1869 771 :

531 811 748 878 Quoties
781 811 1028 880 defuncto
1067 816 1280 880 pastore
1325 806 1554 878 alicujus
1600 805 1856 862 Ecclesiae
1895 806 2035 860 alius

454 912 532 958 est
579 903 628 956 ei
676 901 922 956 canonice
977 899 1340 970 subrogandus
1367 940 1382 966 ,
1445 898 1702 952 instantia
1744 899 2036 952 uisitatoris

455 996 704 1067 episcopi,
741 994 832 1065 qui
856 993 905 1048 ei
939 993 1005 1048 ab
1035 991 1329 1063 apostolica
1361 990 1502 1058 sede,
1539 990 1616 1044 vel
1656 1007 1689 1044 a
1733 988 2038 1060 metropoli-

458 1096 581 1142 tano
623 1087 852 1140 directus
894 1093 1003 1151 est,
1041 1083 1210 1138 clerus
1269 1092 1319 1137 et
1357 1082 1605 1154 populus,
1651 1091 1850 1138 remota
1892 1084 2037 1138 omni

455 1176 702 1232 saeculari
737 1176 1054 1242 ambitione,
1107 1175 1294 1232 timore
1325 1183 1481 1245 atque
1525 1174 1698 1244 gratia
1734 1172 2038 1244 apostolica:

455 1267 593 1324 sedis
619 1265 698 1323 vel
748 1264 1138 1336 metropolitani
1183 1265 1266 1320 sui
1310 1280 1564 1319 consensu
1585 1306 1600 1331 ,
1633 1272 1900 1334 pastorem
1935 1263 2040 1318 sibi

455 1360 742 1424 secundum
781 1358 949 1412 Deum
995 1357 1212 1430 eligant.
1263 1355 1416 1422 Quod
1457 1357 1505 1410 si
1547 1365 1824 1427 corruptus
1857 1354 2036 1428 aliquo

455 1449 585 1503 vitio
611 1447 760 1519 (255)
787 1447 945 1502 aliter
982 1463 1134 1518 agere
1162 1447 1580 1519 praesumpserit,
1625 1446 1894 1501 electionis
1918 1463 2038 1516 per-

455 1557 635 1612 peram
671 1539 828 1611 factw
849 1539 992 1594 omni
1023 1539 1199 1609 fructu
1226 1539 1442 1608 carebit,
1465 1548 1517 1593 et
1537 1539 1602 1595 de
1621 1547 1807 1594 cratera
1833 1537 2040 1592 nullam

455 1632 721 1688 electionis
751 1639 1060 1703 potestatem
1100 1631 1340 1698 habebit;
1375 1631 1642 1686 electionis
1669 1649 1785 1686 vero
1807 1640 2036 1702 potestas

457 1726 624 1778 omnis
647 1726 700 1778 in
725 1698 1096 1780 deliberatione
1121 1723 1258 1778 sedis
1285 1723 1607 1794 apostolicm,
1654 1725 1762 1779 sive
1789 1733 2044 1793 metropo-
2073 1698 2118 1757 Β

455 1816 613 1870 litani
639 1815 723 1872 sui
755 1815 1026 1870 consistat.
1054 1812 1114 1868 Si
1142 1815 1280 1869 enim
1304 1815 1372 1882 is,
1408 1815 1478 1868 ad
1520 1831 1672 1885 quem
1712 1815 2040 1868 consecratio

429 1947 432 1951 -
455 1918 675 1980 spectat,
703 1925 804 1962 non
835 1909 934 1965 rite
955 1906 1324 1987 consecrando,
1352 1915 1478 1962 teste
1502 1906 1568 1961 B.
1595 1905 1783 1973 Leone,
1807 1908 2042 1978 gratiam

457 2001 830 2057 benedictionis
855 2001 1074 2067 amittit,
1103 2008 1472 2072 consequenter
1506 2000 1586 2066 is,
1622 2001 1712 2070 qui
1751 1999 1820 2052 ad
1851 2015 2042 2054 venant

455 2091 760 2146 electionem
787 2089 1155 2155 declinaverit,
1191 2087 1416 2160 eligendi
1441 2096 1696 2158 potestate
1718 2088 1973 2158 privatur.

529 2179 625 2238 His
649 2188 833 2235 autem
858 2179 1117 2244 decretis,
1142 2179 1198 2233 in
1221 2178 1437 2233 duobus
1464 2176 1832 2248 potissimum,
1870 2178 2041 2250 maje-

459 2282 574 2330 stas
622 2281 680 2328 et
730 2271 962 2326 Romani
1020 2271 1232 2341 imperii
1273 2270 1508 2342 dignitas
1551 2271 1934 2338 evertebatur;
1985 2280 2040 2327 et

459 2365 606 2437 quod
643 2364 816 2439 longe
865 2363 1018 2434 pejus
1058 2371 1216 2428 erat,
1249 2377 1314 2416 ea
1363 2360 1714 2416 fundamenta
1761 2361 2042 2431 jacieban-

459 2466 570 2526 tur,
597 2457 797 2528 quibus
819 2454 1051 2511 Romani
1090 2453 1302 2524 imperii
1343 2460 1586 2524 potestas
1625 2452 1850 2508 omnino
1891 2453 2040 2509 labe-

461 2545 781 2603 laetaretur.

530 2639 608 2694 De
629 2638 808 2710 primo
837 2645 1019 2692 autem
1039 2637 1217 2693 dicam
1245 2654 1260 2690 :
1295 2634 1427 2692 Erat
1459 2644 1590 2692 tunc
1617 2633 1766 2707 (254)
1803 2649 2037 2691 consue-

460 2729 613 2796 tudo,
648 2737 708 2784 ut
737 2743 803 2782 ex
833 2726 1090 2783 omnibus
1123 2725 1272 2782 orbis
1308 2724 1496 2797 Latini
1537 2725 1782 2796 partibus
1830 2723 2040 2779 infinita

460 2799 632 2894 prope
653 2819 938 2875 hominum
959 2818 1297 2884 diversarum
1321 2817 1694 2874 conditionum
1741 2817 1912 2873 millia
1943 2835 2040 2874 au—

461 2903 569 2982 lam
597 2911 932 2983 imperialem
956 2909 1385 2982 frequentarent.
1420 2909 1478 2964 In
1507 2909 1594 2966 his
1618 2909 1844 2965 aderant
1863 2909 2043 2965 diver-

462 3023 650 3064 sarum
685 3004 1166 3077 congregationum
1206 3005 1482 3072 monachi,
1507 3005 1778 3070 doctores,
1812 3005 1925 3077 viri.
1949 3005 2040 3060 lit-

462 3097 644 3164 terati,
687 3095 898 3152 nobiles
922 3103 978 3151 et
1020 3095 1306 3171 ignobiles,
1333 3095 1426 3165 qui
1457 3110 1649 3150 omnes
1692 3109 1758 3149 eo
1803 3094 2043 3152 coniue-

465 3191 596 3244 bant
626 3204 720 3258 spe
745 3187 914 3253 ducti,
959 3196 1021 3240 ut
1044 3187 1114 3241 ab
1158 3187 1486 3257 imperatore
1516 3185 1818 3242 sacerdotia
1852 3203 2046 3244 conse-

467 3279 562 3349 qui
595 3285 839 3348 possent,
863 3275 1325 3346 quemadmodum
1361 3291 1507 3330 nunc
1535 3291 1668 3331 usus
1711 3285 1795 3332 est
1835 3277 1890 3331 in
1937 3277 2045 3332 Ro-

472 3384 632 3424 mana
655 3367 828 3423 curia.
853 3364 1156 3436 Imperator
1179 3365 1322 3420 enim
1353 3381 1461 3422 non
1488 3366 1666 3420 solum
1702 3367 2046 3438 episcopatus

467 3474 660 3515 omnes
719 3465 776 3512 et
815 3455 1082 3522 abbatias,
1120 3456 1439 3527 minoraque
1480 3457 1664 3511 omnia
1721 3456 2042 3526 sacerdotia,

470 3561 530 3614 ut
573 3549 931 3621 praebendas,
975 3533 1373 3614 canonicatus',
1417 3547 1805 3618 praeposituras
1849 3559 1904 3604 et
1953 3551 2047 3606 de-

469 3649 717 3708 canatus,
744 3647 800 3694 et
841 3637 1152 3708 hujusmodi
1181 3637 1328 3710 (255)
1361 3637 1694 3706 conferebat,
1731 3642 1822 3697 sed
1859 3642 2043 3709 etiam,

471 3741 532 3786 ut
565 3731 680 3801 jam
719 3729 900 3786 visum
958 3737 1077 3810 est,
1127 3729 1432 3786 Romanum
1499 3731 1677 3802 ipsum
1737 3734 2044 3803 pontiﬁcem

471 3817 808 3890 designabat.
1043 3803 1068 3812 ”

551 3907 608 3962 Si
635 3907 800 3979 igitur
823 3906 1066 3979 Gregorii
1092 3908 1323 3966 decretis
1347 3909 1500 3966 locus
1524 3921 1666 3967 esset
1689 3954 1704 3978 ,
1749 3912 1892 3968 illico
1917 3931 2048 3971 con-

473 4000 808 4072 sequebatur
838 4008 898 4054 ut
930 3999 1109 4056 omnis
1139 4000 1254 4057 lucc
1287 4001 1435 4073 (256)
1459 4003 1597 4058 aula:
1617 4002 1911 4074 imperialis
1931 4023 2048 4062 ma-

470 4093 644 4162 jestas
667 4089 1052 4158 obsolesceret,
1078 4107 1171 4162 spe
1191 4095 1557 4165 consequendi
1582 4111 1612 4150 a
1637 4097 1850 4153 Caesare
1869 4115 2050 4154 sacer-

475 4182 622 4240 dotia
649 4181 879 4246 sublata,
904 4197 1025 4252 quae
1041 4183 1153 4253 jam
1191 4199 1286 4254 per
1321 4185 1638 4242 electionem
1676 4190 2046 4256 tradebantur,

478 4271 624 4326 nullo
651 4270 884 4341 amplius
915 4270 1258 4341 imperatoris
1300 4273 1635 4344 interventu,
1669 4292 1768 4332 nec
1790 4287 2047 4348 praeterea

547 4401 695 4474 (252)
737 4399 1231 4474 Νθῖῃοῌρθιθῦθβω*
1261 4403 1383 4474 hoc
1429 4405 1647 4460 decreto
1673 4447 1688 4469 ,
1733 4407 1836 4462 nisi
1870 4407 2048 4464 Simo-
2079 4411 2124 4466 D

478 4471 642 4536 niaci,
669 4471 726 4541 et
757 4471 1111 4541 quialienum
1135 4471 1228 4540 jus
1258 4471 1605 4539 invaserant;
1633 4484 1688 4529 et
1729 4479 1799 4532 ab
1825 4478 2046 4534 invaso—

479 4542 632 4620 ribus
656 4540 748 4620 jus
777 4540 878 4596 Sibi
913 4541 1082 4620 reddi.
1109 4543 1475 4620 postulabant.
1510 4543 1710 4601 Omnes
1752 4547 1914 4618 hujus
1955 4565 2047 4620 ge-

479 4557 632 4596 l‘lDllS
686 4557 748 4595 us
778 4557 878 4596 sun
913 4557 1063 4595 ream
1148 4557 1378 4598 ostntat):

453 4610 630 4668 .neris
655 4557 822 4680 luisse
845 4619 1028 4680 aperte
1057 4557 1254 4666 falsum
1276 4620 1378 4668 est.

554 4680 702 4751 (“255)
729 4678 860 4754 Quae
880 4678 1198 4754 sequuntur
1226 4683 1385 4754 plane
1414 4683 1631 4754 indigna
1663 4694 1790 4741 sunt
1829 4687 2049 4744 homine

481 4748 664 4822 docto,
685 4748 888 4802 nedum
912 4748 1332 4822 Oriupbriofqui
1377 4748 1556 4808 tamen
1597 4755 1712 4810 hac
1735 4771 1801 4812 ex
1833 4756 2048 4814 Hem-lci

484 4818 666 4900 potius
695 4818 1058 4900 ‘settsu'quanj
1089 4837 1154 4900 ex
1185 4818 1287 4900 suo
1328 4822 1565 4900 scribere
1602 4825 1832 4880 videtur.
1867 4827 2052 4900 Ilefert

484 4885 653 4954 enim,
684 4886 813 4956 quis
842 4885 1056 4944 He'nrici
1079 4899 1134 4944 et
1156 4891 1626 4948 schismaticorum
1663 4911 1858 4954 sensus
1889 4897 2052 4954 fuerit

486 4973 650 4994 estnon
669 4955 910 4994 {limam-ii
933 4959 1162 4994 doni-odia

2137 459 2194 506 et
2229 453 2512 509 nobilitate
2557 453 2690 511 viris
2733 453 3066 526 frequentari
3109 459 3424 531 contigisset
3456 461 3582 518 aula
3611 461 3716 520 im-

2137 541 2378 610 perialis.

2213 634 2364 706 (257)
2386 635 2568 692 Altera
2597 653 2727 694 vero
2762 653 2948 706 causa,
2972 656 3079 712 qua
3102 641 3398 713 imperator
3427 645 3588 701 valde
3626 661 3718 701 ur-

2138 722 2384 793 gebatur,
2409 741 2532 795 quae
2554 727 2724 782 multo
2750 729 2974 798 majoris
2995 731 3256 788 momenti
3277 733 3715 800 existimabatur,

2135 821 2295 870 erat:
2333 815 2479 885 quod
2523 815 2570 872 si
2611 817 2794 876 Caesar
2837 821 3182 890 praelatorum
3224 823 3562 880 investituras
3596 825 3716 896 (ita

2135 903 2285 974 enim
2327 905 2673 962 collationem
2703 909 3078 982 appellabant)
3110 911 3414 980 amitteret,
3447 915 3716 984 majorem

2138 993 2351 1064 imperii
2385 995 2511 1062 sui-,
2557 997 2838 1054 meliorem
2864 998 3256 1071 fortioremque
3289 1012 3498 1072 partem
3523 1005 3720 1076 deper-

2137 1084 2309 1149 deret,
2337 1093 2392 1140 et
2415 1086 2774 1143 maximarum
2805 1091 3173 1148 calamitatum
3217 1093 3572 1150 seminarium
3615 1095 3719 1150 im-

2136 1175 2288 1245 perio
2310 1174 2531 1232 faceret.
2559 1177 2696 1234 Nam
2721 1221 2737 1246 ,
2763 1181 2982 1251 quando
3015 1183 3290 1253 privilegia
3335 1183 3482 1255 (-258)
3517 1185 3730 1258 Carolo

2137 1263 2331 1336 Magno
2357 1275 2412 1320 et
2451 1263 2651 1323 Othoni
2681 1264 2985 1342 lAugustis
3028 1273 3098 1327 ab
3140 1275 3438 1344 apostolica
3481 1277 3610 1332 sede
3651 1277 3721 1332 de

2137 1355 2485 1424 praelatorum
2509 1355 2846 1414 investituris
2868 1375 3129 1417 concessa
3165 1360 3334 1431 luere,
3379 1363 3638 1421 Eccksiat
3665 1375 3724 1420 et.

2137 1443 2482 1514 episcopatus
2505 1455 2636 1502 tunc
2667 1447 2816 1519 (259)
2843 1465 3129 1520 pauperes,
3163 1461 3354 1508 tenues
3386 1463 3441 1510 et
3473 1454 3594 1512 sine
3639 1465 3722 1510 tot

2136 1534 2438 1592 redditibus
2468 1546 2642 1594 erant.
2669 1535 2965 1610 Postquam
2997 1557 3128 1600 vero
3151 1543 3292 1614 juris
3325 1545 3542 1617 imperii
3574 1547 3719 1604 facta
3747 1541 3751 1544 ’

2138 1634 2224 1681 est
2251 1627 2566 1683 eorumdem
2609 1629 2958 1700 praelatorum
3002 1633 3214 1701 electio,
3255 1637 3716 1706 quemadmodum

2141 1725 2196 1772 et
2223 1717 2403 1774 caeteri
2437 1719 2708 1792 principes
2742 1723 3029 1780 saaculares
3053 1723 3283 1796 imperii,
3312 1735 3426 1782 tum
3448 1728 3720 1790 Caesares.

2141 1808 2234 1880 qui
2259 1809 2324 1864 de
2349 1811 2607 1882 religione
2635 1813 2770 1869 bene
2791 1815 2989 1870 mereri
3015 1817 3268 1872 volebant
3292 1858 3307 1884 ,
3352 1818 3470 1874 sine
3504 1819 3722 1889 imperii

2143 1910 2321 1958 tamen
2353 1903 2687 1973 prmjudicio,
2713 1915 2997 1976 coeperunt
3016 1908 3301 1980 episcopos
3325 1919 3380 1966 et
3401 1911 3626 1968 abbates
3649 1912 3722 1967 ob

2141 1993 2479 2064 religionem,
2527 2003 2786 2066 tanquam
2811 1996 3024 2067 potiora
3054 1997 3268 2070 imperii
3297 2001 3565 2069 membra,
3609 2017 3722 2071 prae

2139 2083 2350 2138 steteris
2380 2083 2533 2141 laicis
2566 2085 2900 2156 principibus
2930 2088 3230 2156 honorare;
3259 2091 3490 2161 profana
3513 2091 3724 2148 ditione

2139 2183 2194 2228 et
2218 2173 2526 2245 ingentibus
2565 2176 2760 2247 Opibus
2787 2178 3112 2246 honestare;
3146 2195 3319 2250 arces,
3356 2183 3576 2254 oppida,
3623 2201 3720 2238 ur-

2139 2265 2257 2332 bes,
2301 2267 2593 2336 marchias,
2638 2270 2889 2337 ducatus,
2934 2273 3262 2344 provincias,
3305 2275 3554 2348 pedagia,
3586 2277 3724 2333 telo-

2140 2371 2263 2422 nea,
2288 2357 2594 2429 vectigalia,
2629 2361 2871 2430 portoria
2895 2371 2950 2418 et
2983 2364 3152 2419 multa
3191 2365 3317 2433 alia,
3349 2382 3472 2437 quae
3507 2368 3725 2439 imperii

2139 2445 2360 2518 pr0pria
2387 2457 2564 2516 erant,
2596 2451 2998 2522 episcopatibus
3019 2457 3346 2523 concedere;
3370 2473 3494 2528 qua:
3525 2460 3609 2515 vel
3656 2475 3723 2516 et

2141 2539 2258 2594 suis
2283 2540 2520 2610 propriis
2545 2541 2726 2608 bonis,
2749 2559 2872 2616 quae
2901 2545 2970 2600 ad
3011 2545 3300 2617 imperium
3345 2550 3724 2619 pertinebant.

2139 2633 2226 2687 vel
2249 2648 2316 2688 ex
2347 2633 2540 2690 alienis
2573 2635 2751 2693 feudis
2775 2647 2932 2713 erant
2958 2639 3126 2713 (260).
3155 2640 3291 2697 Nam
3323 2643 3479 2701 laicis
3518 2645 3726 2716 princi-

2139 2725 2298 2794 pibus
2330 2726 2446 2780 sine
2471 2726 2712 2798 legitimo
2743 2729 2956 2786 hzerede
2989 2731 3244 2800 mortuis,
3275 2749 3466 2790 eorum
3495 2736 3725 2806 provin-

2141 2813 2276 2884 c'ias,
2301 2833 2424 2888 qua:
2446 2818 2792 2875 beneticiario
2807 2821 2930 2892 jure
2954 2822 3022 2877 ad
3045 2824 3333 2894 imperium
3357 2826 3724 2896 pertinebant.

2142 2921 2252 2960 non
2297 2906 2418 2962 aliis
2455 2908 2692 2978 amplius
2734 2909 2889 2966 laicis
2916 2911 3136 2982 regulis,
3169 2913 3265 2968 sed
3295 2914 3567 2986 episcopis
3591 2931 3726 2972 con-

2143 2996 2446 3064 cedebant;
2472 3006 2636 3068 atque
2679 2999 2783 3054 hac
2823 3000 3036 3057 ratione
3063 3017 3253 3059 omnes
3295 2995 3644 3076 episcopatus
3673 3015 3728 3062 et

2144 3089 2392 3146 abbatias
2413 3089 2600 3158 Italiae,
2632 3091 2928 3148 Galliarum
2965 3103 3021 3149 et
3044 3093 3365 3163 Germaniae,
3409 3097 3522 3152 imo
3554 3098 3726 3154 totius

2144 3179 2294 3235 orbis
2317 3178 2516 3248 Latini,
2535 3189 2591 3236 et
2611 3181 2844 3252 denique
2868 3184 3045 3254 ipsum
3068 3186 3376 3256 pontiﬁcem
3392 3186 3723 3254 Romanum,

2144 3283 2211 3323 ex
2232 3270 2564 3340 pauperibus
2584 3271 2884 3328 ditissimos
2907 3282 2962 3329 et
2989 3275 3259 3333 maximos
3280 3275 3554 3348 principes
3583 3277 3727 3336 fece-

2145 3367 2288 3426 rant;
2323 3375 2388 3416 ει
2417 3359 2498 3416 eis
2523 3361 2730 3418 scilicet
2755 3363 2970 3433 opibus,
3005 3379 3126 3434 quat
3169 3374 3296 3439 ante
3336 3367 3550 3438 imperii
3585 3369 3726 3439 juris

2145 3458 2322 3518 erant,
2357 3451 2410 3504 in
2453 3451 2601 3506 nulla
2643 3468 2703 3507 re
2745 3453 3047 3524 imperialia
3072 3465 3356 3527 propterea
3391 3458 3518 3528 jura
3551 3459 3726 3514 minui

2144 3540 2551 3598 existimantes:
2579 3543 2777 3614 quippe
2819 3546 2966 3616 quod
3007 3547 3139 3602 certi
3183 3559 3366 3604 essent
3397 3565 3492 3605 eos
3534 3566 3728 3608 omnes

2145 3631 2398 3702 praelatos
2424 3647 2456 3687 a
2483 3648 2543 3690 se
2567 3633 2932 3706 designandos
2968 3635 3084 3694 fore
3111 3679 3128 3706 ,
3168 3648 3223 3694 et
3261 3655 3372 3694 non
3414 3641 3520 3696 nisi
3561 3643 3725 3714 jussu

2147 3737 2249 3777 suo
2297 3729 2354 3778 et
2401 3723 2682 3780 voluntate
2721 3726 3024 3782 sacerdotia
3057 3727 3172 3799 ipsa
3209 3729 3548 3786 obtenturos.
3591 3730 3726 3786 Gre-

2147 3811 2334 3882 gorius
2375 3811 2541 3884 igitur
2581 3815 2697 3870 suis
2729 3815 2962 3872 decretis
2986 3817 3270 3874 dimidium
3312 3819 3460 3892 (26-l)
3511 3821 3724 3894 imperii

2147 3902 2347 3960 Caesari
2370 3905 2610 3962 tollebat.
2645 3904 2782 3962 Nam
2813 3909 3054 3980 episcopi
3083 3911 3230 3966 nulla
3270 3913 3483 3968 ratione
3525 3914 3721 3970 adduci

2148 4005 2438 4066 poterant,
2471 4007 2532 4053 ut
2557 4040 2572 4065 ,
2605 4014 2727 4070 quas
2758 4000 2829 4054 ab
2867 4000 3285 4072 imperatoribus
3315 4004 3555 4076 antiquis
3585 4005 3724 4061 obti-

2148 4097 2382 4143 nuerant
2405 4130 2418 4154 ,
2448 4089 2716 4146 dimittere
2740 4099 2794 4146 et
2822 4089 3134 4161 imperatori
3169 4091 3455 4149 restituere
3483 4095 3682 4150 vellent
3707 4136 3722 4158 ,

2149 4195 2272 4233 cum
2298 4195 2363 4233 ex
2385 4195 2483 4234 sua
2508 4180 2731 4235 eruendi
2759 4189 2944 4236 essent
2970 4188 3237 4251 p0testate
3267 4181 3342 4251 (id
3367 4183 3513 4238 enim
3541 4183 3726 4240 Caesar

2151 4268 2264 4338 ipse
2292 4269 2586 4341 qumrebat)
2617 4285 2718 4326 nec
2759 4271 3054 4342 imperator
3085 4271 3138 4326 id
3166 4287 3325 4343 agere
3365 4282 3617 4344 poterat,
3665 4283 3726 4328 ut

2219 4403 2369 4474 (238)
2396 4400 2620 4457 Videtur
2641 4412 2789 4462 totus
2829 4405 2930 4461 iste
2961 4407 3028 4461 de
3067 4405 3402 4462 investituris
3440 4407 3722 4463 discursus

2149 4472 2356 4529 efﬁctus
2379 4481 2434 4528 et
2456 4489 2746 4543 expressus
2795 4491 2859 4532 ex
2906 4485 3064 4532 tract.
3099 4476 3381 4542 Walrami,
3423 4477 3490 4532 de
3531 4478 3718 4533 eodem

2150 4545 2657 4618 argumento,_apud
2689 4544 2957 4618 Illyricum
2978 4547 3038 4618 in
3062 4547 3309 4618 catalogo
3335 4548 3584 4616 testium,
3629 4547 3720 4618 qui

2151 4613 2298 4688 tatus
2349 4613 2703 4688 inmdilicatur
2747 4613 3364 4688 privilegiisrnunquam
3406 4613 3717 4678 concessis.

2151 4685 2246 4739 sed
2273 4683 2632 4752 supposititiis
2653 4694 2709 4740 et
2731 4683 3137 4742 commentitus.

2221 4753 2370 4826 (259)
2393 4753 2513 4808 Non
2545 4763 2653 4826 ~est
2684 4756 2976 4826 universim
3031 4772 3249 4822 verum,
3317 4771 3442 4810 nam
3492 4753 3720 4826 Carolus

2150 4822 2377 4895 Magnus
2416 4824 2769 4895 amplissimis
2801 4827 2996 4895 opibus
3019 4827 3172 4882 auxit
3195 4842 3320 4882 cum
3360 4827 3496 4880 alias
3536 4825 3719 4881 Eccle—

2150 4896 2281 4977 sias,
2329 4895 2724 4977 tumumaxime
2747 4895 3050 4951 Romanam
3079 4939 3092 4964 ,
3125 4905 3187 4952 ut
3218 4897 3285 4952 de
3318 4895 3716 4966 antiquioribus

2151 4965 2300 4994 ἕνη-λη
2350 4963 2484 4994 ..ιιιςι
2513 4965 2686 4994 ,κη-..κ
