3986 5386
245 333 343 390 175

1205 323 1737 385 PROLEGOMENA.
1764 355 1835 366 -—-
1868 322 2051 382 ACTA
2089 322 2146 381 5.
2190 322 2537 383 GREGORII.

3394 331 3500 389 ΓΗ

238 450 473 523 episcopi
497 465 563 505 ea
592 447 820 520 imperio
841 444 1213 512 restituerent,
1228 458 1349 517 qua:
1368 446 1449 500 ab
1473 442 1818 515 imperatori—
1844 446 1886 501 A
1916 441 2059 498 Fieri
2090 458 2222 515 ergo
2273 459 2384 499 non
2432 450 2649 514 poterat
2704 450 2785 508 ut,
2839 446 2887 500 si
2954 444 3081 517 quis
3125 445 3500 517 episcopatum

237 547 336 604 bus
365 560 477 601 non
513 554 575 601 ut
603 544 751 618 (262)
778 542 1041 614 episcopi,
1069 541 1163 598 sed
1186 549 1247 596 ut
1271 541 1553 612 imperalia
1570 538 1823 595 membra

237 632 610 696 obtinuerant.
644 636 703 693 Si
728 637 892 709 igitur
910 635 1262 707 praelatorum
1284 632 1588 704 designatio
1618 631 1688 687 ab
1721 628 1825 684 im-

236 739 483 801 peratore
513 726 847 794 auferretur,
874 735 930 782 et
968 724 1176 795 przelati
1216 723 1515 779 retinerent
1538 721 1822 787 beneﬁcia,

235 830 287 877 et
311 820 437 886 alia,
465 835 593 890 qua:
633 819 849 889 imperii
892 826 1017 872 ante
1054 815 1291 882 fuerant,
1344 814 1494 886 (265)
1539 812 1822 870 dimidium

234 912 446 983 imperii
469 911 700 965 omnino
726 910 794 964 ab
814 909 1139 981 imperatore
1162 906 1474 963 tollebatur.

300 1005 530 1060 Accedit
554 1003 704 1075 quod
731 1001 966 1057 maxime
986 999 1257 1055 Caesarem
1301 998 1554 1071 angebat,
1600 998 1748 1069 quod
1778 996 1826 1053 si

234 1096 477 1168 episcopi
523 1093 838 1150 Germaniae
878 1100 933 1147 et
991 1090 1177 1158 Italiae,
1221 1106 1346 1147 cum
1387 1091 1455 1145 ab
1499 1092 1828 1161 imperatore

233 1170 390 1243 electi
416 1197 473 1242 et
494 1184 738 1240 investiti
765 1192 967 1251 essent,
994 1185 1087 1237 vix
1128 1184 1182 1237 in
1215 1182 1391 1238 cilicio
1430 1182 1700 1237 contineri
1727 1195 1828 1252 po-

234 1287 434 1345 terant,
466 1292 534 1332 ne
560 1284 756 1333 contra
788 1275 968 1346 ipsum
989 1273 1171 1328 varias
1196 1281 1252 1327 et
1294 1271 1608 1343 frequentes
1654 1271 1827 1326 rebel-

234 1372 411 1426 liones
446 1369 798 1434 molirentur,
832 1366 963 1437 quid
996 1365 1252 1435 deinceps
1301 1362 1498 1419 facturi
1552 1370 1753 1429 essent,
1780 1361 1826 1417 si

234 1462 464 1515 omnino
517 1475 587 1515 ex
638 1456 983 1528 imperatoris
1026 1462 1296 1525 potestate
1337 1454 1478 1509 eruti
1515 1461 1570 1509 et
1616 1452 1827 1508 liberati

230 1562 442 1617 essent,
466 1562 522 1607 et
557 1552 612 1605 in
649 1550 894 1619 cujusvis
928 1546 1208 1613 Ecclesiae,
1242 1542 1465 1616 Capituli
1500 1546 1587 1599 vel
1617 1545 1828 1615 collegii

232 1654 508 1717 potestate
561 1652 709 1699 esset
749 1638 1096 1705 nobilissimi,
1128 1646 1183 1692 et
1210 1636 1576 1708 potentissimi
1618 1636 1832 1705 episco-

234 1748 397 1810 patus
472 1735 780 1791 antistitem
837 1733 1149 1807 quempiam
1224 1728 1541 1800 imperatori
1615 1727 1828 1782 hostem

1923 533 2007 589 vel
2048 535 2323 590 abbatiam
2377 535 2603 606 adipisci
2637 537 2877 604 volebat,
2906 552 3028 594 eam
3063 538 3222 594 aliter
3242 555 3411 611 quam
3435 545 3505 599 ab

1923 627 2250 698 imperatore
2298 627 2586 699 acciperet,
2640 638 2696 685 et
2746 633 3051 701 praesertim
3101 632 3156 689 in
3207 635 3507 705 provinciis

1924 718 2154 788 imperio
2184 718 2466 787 subjectis.
2504 718 2547 773 E
2575 730 2788 788 contra,
2814 722 2860 778 si
2901 724 3027 794 quis
3057 724 3134 780 ita
3176 726 3246 781 ab
3270 726 3508 799 impera-

1927 815 2045 861 tore
2086 807 2475 862 sacerdotium
2505 810 2855 880 suscepisset,
2908 814 3094 869 statim
3135 815 3205 871 ab
3247 818 3507 889 episcopo

1926 897 2176 953 Romano
2208 901 2774 959 excommunicatione
2828 907 3161 977 notabatur;
3208 912 3375 981 quam
3407 914 3510 969 bo-

1926 991 2102 1047 mines
2142 992 2246 1046 hac
2295 1001 2615 1063 tempestate
2675 996 2731 1050 in
2765 1005 2974 1054 tantum
3029 1001 3312 1070 timebant,
3363 1014 3509 1062 utea

1926 1101 2035 1141 una
2068 1086 2340 1158 prmcipue
2375 1086 2605 1143 Romani
2634 1092 2921 1161 pontiﬁces
2969 1097 3174 1164 omnia,
3209 1114 3333 1169 quae
3367 1100 3511 1156 desi-

1926 1179 2211 1247 derabant,
2245 1195 2304 1235 se
2346 1181 2563 1236 tandem
2612 1185 2877 1255 consequi
2931 1203 3092 1257 posse
3136 1206 3245 1246 non
3288 1193 3509 1247 dubita-

1929 1269 2059 1325 rint.
2099 1269 2255 1337 Quod
2278 1272 2442 1327 etiam
2478 1272 2586 1329 illis
2617 1289 2684 1329 ex
2715 1285 2863 1344 voto,
2897 1294 3213 1350 quanquam
3252 1299 3360 1338 non
3394 1284 3513 1340 sine

1928 1361 2185 1432 periculis
2243 1370 2299 1417 et
2343 1362 2771 1432 diﬂicultatibu-s,
2826 1377 3106 1437 postremo
3163 1374 3347 1429 cessit.
3412 1374 3508 1429 Vix

1929 1460 2074 1515 enim
2101 1460 2171 1515 ab
2202 1461 2268 1517 iis
2300 1460 2549 1527 devotus,
2596 1463 2798 1519 alicubi
2840 1464 3055 1522 diutino
3092 1476 3336 1539 tempore
3383 1487 3516 1526 con-

1931 1553 2127 1609 sistere
2183 1563 2416 1624 poterat,
2474 1557 2733 1613 omnibus
2785 1573 2934 1626 eum,
2997 1567 3261 1631 tanquam
3307 1571 3517 1633 pestem

1932 1644 2229 1715 publicam,
2277 1648 2630 1716 evitantibus,
2677 1650 3252 1723 existimantibusque,
3294 1654 3340 1710 si
3392 1670 3519 1711 cum

1933 1739 2412 1794 exeommunicato
2432 1749 2675 1811 agerent,
2708 1756 2769 1796 se
2788 1740 2974 1798 statim
3003 1743 3159 1801 vivos
3180 1752 3341 1801 terra:
3367 1746 3521 1803 hiatu

234 1828 575 1884 acerrimum
596 1827 817 1896 eligere,
840 1823 936 1895 qui
959 1822 1213 1878 maxima:
1228 1820 1440 1891 imperii
1466 1819 1644 1876 ruina:
1655 1830 1832 1874 'causa
1865 1809 1908 1864 Β
1933 1829 2328 1887 absorbendos,

232 1924 431 1979 deinde
464 1930 616 1979 esset
649 1917 803 1993 (264)
825 1919 850 1973 ?

302 2012 401 2070 Ha:
426 2013 598 2084 igitur
636 2024 822 2066 causa:
862 2016 1010 2074 sunt,
1056 2023 1179 2079 quae
1220 2005 1492 2062 Caesarem
1522 2011 1576 2060 et
1606 2011 1832 2059 caeteros

232 2106 406 2161 laicos
436 2104 718 2174 principes
746 2117 912 2172 quam
948 2099 1185 2154 maxime
1231 2098 1495 2153 adversus
1522 2096 1832 2168 pontificem

234 2205 683 2261 commoverunt,
710 2194 923 2265 imperii
956 2193 1101 2248 enim
1128 2193 1208 2247 vel
1232 2191 1458 2246 omnino
1480 2189 1725 2257 tollendi,
1747 2188 1834 2244 vel

234 2295 288 2348 in
324 2303 657 2365 perpetuum
684 2289 995 2347 stabiliendi
1020 2304 1187 2344 causa
1211 2299 1342 2343 tunc
1372 2287 1610 2342 maxime
1633 2295 1835 2342 tracta-

235 2387 421 2442 batur.
450 2384 641 2441 Catsar
673 2384 824 2440 enim
859 2381 1072 2453 imperii
1099 2382 1247 2452 jura,
1270 2390 1325 2436 et
1350 2397 1412 2436 ea
1436 2380 1657 2452 quidem
1684 2396 1836 2436 sum-

234 2496 324 2535 ma
367 2478 602 2533 omnino
643 2477 811 2543 tueri,
858 2492 995 2547 papa
1020 2489 1148 2530 vero
1199 2473 1464 2530 Ecclesiae
1503 2474 1833 2543 libertatem,

234 2572 387 2627 nulla
440 2570 746 2642 imperialis
801 2568 998 2624 excidii
1065 2568 1277 2622 ratione
1328 2567 1534 2634 habita,
1589 2582 1837 2623 asserere

234 2663 479 2729 volebat,
503 2662 789 2734 indignum
833 2675 955 2716 esse
1002 2659 1292 2714 clamitans
1322 2674 1351 2713 a
1384 2673 1548 2712 manu
1574 2657 1710 2712 laica
1747 2673 1837 2713 sa-

235 2754 492 2808 cerdotes
539 2752 737 2817 creari,
783 2766 1101 2821 quanquam
1156 2749 1208 2803 id
1253 2764 1351 2819 per
1407 2755 1680 2803 trecentos
1722 2746 1837 2802 fere

236 2860 417 2898 annos
449 2859 481 2897 a
504 2840 688 2898 Caroli
710 2840 889 2913 Magni
928 2850 1169 2910 tempore
1224 2840 1373 2911 (265)
1409 2841 1513 2895 sub
1554 2838 1834 2909 sexaginta

237 2946 291 2990 et
310 2952 378 2990 eo
401 2935 643 3005 amplius
667 2933 932 2988 Romanis
950 2931 1299 3002 pontiﬁcibus
1314 2942 1639 3002 usurpatum
1667 2939 1831 2986 esset.

238 3024 481 3081 Maxime
506 3023 671 3095 igitur
702 3020 1020 3092 imperatori
1055 3020 1416 3074 laborandum
1457 3026 1593 3085 erat,
1625 3036 1693 3073 ne
1719 3019 1837 3073 haec

2000 1919 2060 1975 In
2086 1923 2341 1979 maximis
2392 1938 2523 1996 ergo
2569 1927 2841 1997 angustiis
2883 1936 2940 1983 et
2971 1929 3397 1999 calamitatibus,
3424 1930 3522 1986 ‘ni-

1932 2013 2168 2085 miisque
2201 2019 2476 2086 pressuris
2517 2020 2729 2090 prmlati
2778 2019 3037 2078 Ecclesize
3074 2031 3210 2080 tunc
3236 2025 3523 2082 constituti

1933 2115 2110 2173 erant,
2140 2107 2298 2175 adeo,
2338 2117 2401 2163 ut
2436 2110 2595 2165 multi
2635 2110 2820 2181 potius
2865 2113 3133 2185 elegerint
3163 2115 3522 2187 dignitatibus

1934 2207 2145 2274 cedere,
2172 2222 2338 2279 quam
2386 2210 2471 2263 vel
2504 2210 2559 2264 in
2606 2210 2952 2283 imperatoris
2993 2214 3446 2287 indignationem,
3475 2219 3524 2276 si

1934 2298 2003 2352 ab
2047 2313 2114 2353 eo
2149 2298 2525 2366 investituras,
2560 2302 2707 2371 quod
2739 2302 2846 2356 alia
2883 2303 3100 2359 ratione
3128 2306 3246 2360 tieri
3287 2322 3397 2362 non
3424 2323 3525 2379 po-

1937 2393 2095 2454 terat,
2124 2404 2232 2445 non
2268 2391 2629 2462 susciperent,
2654 2392 2740 2447 vel
2774 2393 2828 2448 in
2874 2397 3522 2465 excommunicationcm,

1934 2480 1980 2536 si
2004 2491 2402 2552 acceptassent,
2435 2483 2737 2553 incurrere,
2772 2487 2841 2542 ab
2883 2489 3252 2562 omnibusque
3285 2492 3528 2548 ludibrio

1935 2574 2144 2641 haberi,
2183 2583 2237 2629 et
2283 2591 2384 2645 pro
2416 2576 2598 2647 impiis
2638 2586 2695 2633 et
2740 2578 3071 2638 facinorosis
3116 2584 3378 2654 reputari.
3411 2582 3529 2640 Ca2-

1935 2682 2027 2722 sar
2051 2683 2271 2739 quoque
2295 2669 2429 2740 ipse,
2456 2670 2726 2741 multique
2761 2674 2853 2727 alii
2903 2675 3204 2746 principes,
3229 2683 3284 2731 et
3313 2676 3529 2746 przelati

1935 2756 2178 2826 fuerunt,
2201 2761 2297 2831 qui
2328 2759 2563 2815 Romani
2606 2762 2881 2833 pontiﬁcis
2918 2744 3231 2834 anathema,
3260 2744 3527 2837 tanquam

1936 2850 2183 2921 iniquum
2226 2860 2281 2906 et
2313 2851 2601 2922 injustum,
2633 2861 2689 2908 et
2712 2863 2907 2924 praeter
2944 2853 3090 2926 leges
3136 2855 3363 2924 factum,
3392 2874 3529 2913 cono

1936 2943 2281 3008 temnebaut,
2323 2944 2569 3014 aliosque
2628 2953 2980 3001 contemnere
3024 2948 3427 3016 persuadebunt
3475 2956 3531 3003 et

1935 3035 2220 3105 cogebant.
2258 3030 2591 3106 Populoruin
2632 3045 2815 3093 tamen
2858 3040 3172 3106 multitudo,
3202 3049 3257 3095 et
3288 3042 3530 3097 maxima

236 3116 460 3170 decreta
511 3122 744 3179 starem.
795 3111 843 3167 Si
897 3106 1111 3224 imperii
1164 3110 1327 3180 lum:
1376 3109 1488 3224 ίῖηῖ
1544 3108 1833 3224 imperium
1862 3167 1903 3224 ο
1936 3127 2244 3198 principum
2293 3136 2404 3183 tam
2467 3129 2733 3185 laicorum
2789 3147 2955 3202 quam
3029 3134 3529 3191 ecclesiasticorum

239 3208 254 3219 ⁵
388 3221 415 3224 κ,
459 3223 464 3224 ,
489 3207 654 3224 ,I,,,,,_-
705 3219 816 3224 ---Α
846 3219 905 3224 ---
934 3204 1004 3224 Ιι..
1055 3203 1194 3224 ---ΑΑΙ
1242 3200 1447 3224 ,Ξ-.---Α
1494 3202 1506 3224 2
1546 3218 1678 3224 ---Α
1711 3202 1723 3224 ξ
1749 3219 1829 3224 .--Α
2465 3219 2476 3224 -
2577 3220 2587 3224 _

238 3208 422 3278 ipsum
450 3207 663 3261 salvum
697 3219 821 3260 esse
846 3202 1024 3267 vellet,
1049 3203 1197 3273 quod
1237 3200 1509 3272 ejusmodi
1546 3202 1832 3273 papalibus

236 3298 435 3353 edictis
481 3296 675 3367 procul
718 3293 891 3349 dubio
956 3291 1334 3362 dissipandum
1372 3307 1494 3348 esse
1552 3292 1833 3348 existima-

240 3392 329 3446 bat
353 3389 535 3463 (eos).

307 3480 567 3537 Pontifex
615 3479 784 3535 etiam
841 3479 1128 3550 episcopos
1177 3477 1349 3551 (267),
1405 3478 1629 3534 abbatcs
1675 3486 1834 3535 caete-

241 3591 444 3647 rosque
464 3574 723 3646 prazlatos
749 3574 926 3645 prima
952 3575 1057 3629 hac
1098 3572 1276 3629 fronte
1302 3574 1389 3631 his
1428 3574 1834 3630 constitutioni-

239 3668 340 3723 bus
377 3683 492 3722 non
529 3668 715 3722 minus
746 3667 852 3721 sibi
902 3666 1134 3723 infestos
1175 3668 1431 3736 reddidit,
1459 3685 1625 3740 quam
1661 3668 1835 3742 impe-

238 3769 481 3814 ratorem
514 3760 725 3830 ipsum:
761 3759 964 3831 quibus
1008 3775 1231 3816 necesse
1260 3767 1396 3828 erat,
1437 3769 1532 3816 aut
1553 3762 1861 3833 episcopa-t

236 3851 387 3906 tibus
453 3866 644 3905 carere
701 3858 759 3907 et
821 3851 1086 3919 abbatiis,
1132 3860 1229 3906 aut
1281 3853 1833 3909 excommunicationi

235 3944 568 4014 subjaccre:
622 3953 719 4000 aut
761 3942 1114 4016 episcopatus
1171 3952 1227 4000 et
1282 3947 1529 4003 abbatias
1569 3948 1636 4003 de
1666 3964 1834 4003 manu

234 4034 590 4106 imperatoris
641 4036 940 4107 suscipere.
992 4034 1151 4104 Quod
1193 4038 1341 4092 enim
1380 4047 1509 4095 tunc
1548 4039 1836 4111 collegium

233 4128 317 4181 vel
366 4129 674 4199 capitulum
719 4128 949 4184 auderet
995 4132 1197 4185 contra‘
1246 4138 1359 4185 tam
1408 4139 1646 4188 veterem
1704 4146 1838 4188 con-

233 4222 590 4277 suetudinem
626 4222 803 4293 (268),
843 4230 924 4277 tot
972 4222 1190 4279 saeculis
1222 4223 1500 4291 coalitam,
1538 4232 1593 4279 et
1623 4239 1838 4294 semper

232 4324 562 4386 usurpatam
594 4315 649 4370 in
685 4315 871 4373 locum
894 4317 1166 4374 demortui
1197 4316 1492 4389 pontiﬁcis,
1518 4318 1602 4373 vel
1625 4319 1838 4375 abbatis

230 4422 443 4461 novum
520 4408 862 4463 constituere
914 4411 1225 4477 prtesulem,
1266 4410 1595 4481 imperatore
1645 4420 1838 4481 poten-

1941 3233 2089 3288 pars,
2132 3219 2755 3275 excommunicationem
2790 3237 2944 3293 papa:
2982 3225 3222 3281 maxime
3268 3227 3532 3282 vereban—

1939 3318 2070 3377 tur;
2100 3310 2205 3377 vel,
2238 3310 2385 3381 quod
2423 3325 2481 3366 re
2516 3308 2633 3381 ipsa
2659 3312 3105 3383 sentirent;,vel,
3144 3317 3197 3370 in
3233 3316 3532 3386 imperato-

1938 3400 2016 3458 ris
2045 3401 2253 3468 odium,
2305 3401 2400 3472 qui
2435 3418 2467 3457 a
2503 3402 2693 3459 multis
2730 3402 3037 3461 Germania:
3081 3406 3442 3477 principibus,
3478 3418 3535 3462 ct

1938 3494 2243 3564 prmsertim
2290 3492 2622 3563 Saxonibus,
2651 3511 2792 3567 quos
2833 3505 2896 3552 ut
2931 3480 3159 3555 rebelles
3209 3498 3394 3555 Caesar
3417 3499 3535 3570 ipse

1938 3580 2319 3653 frequentibus
2349 3585 2507 3642 bellis
2550 3588 2855 3656 attriverat,
2892 3589 3098 3661 ingenti
3141 3590 3268 3645 odio
3296 3591 3547 3661 habebas

1939 3684 2048 3733 tur.
2093 3676 2171 3733 Ita
2215 3680 2361 3735 enim
2409 3689 2539 3737 sunt
2572 3681 2968 3738 Germanorum
3005 3683 3314 3755 principum
3363 3684 3533 3743 animi

1943 3770 2114 3844 (269),
2145 3780 2208 3828 ut
2248 3789 2358 3829 non
2393 3774 2500 3831 nisi
2523 3776 2720 3843 coacti,
2752 3776 3069 3847 imperatori
3094 3793 3125 3832 a
3150 3793 3208 3833 se
3231 3778 3405 3835 electo
3430 3795 3533 3851 pa-

1939 3879 2063 3919 rere
2087 3864 2277 3932 velint,
2312 3866 2470 3921 avita:
2494 3866 2710 3922 tuenda:
2740 3868 3009 3925 libertatis
3043 3869 3367 3926 avidissimi.

2011 3954 2127 4011 Hoc
2158 3956 2325 4027 igitur
2372 3972 2526 4027 papze
2574 3957 2797 4013 decreto
2835 3974 3001 4029 quam
3045 3963 3283 4017 maxime
3323 3962 3533 4019 incitati

1941 4054 2072 4102 sunt
2111 4048 2496 4118 episcoporum
2540 4047 2848 4102 Germanim
2880 4057 2935 4103 et
2976 4047 3146 4105 Italia:
3191 4051 3398 4120 animi;
3441 4053 3533 4109 cui

1941 4154 2067 4194 cum
2121 4124 2423 4209 imperator
2463 4139 2609 4193 nulla
2669 4140 2882 4194 ratione
2941 4140 3320 4213 obtemperare
3352 4145 3533 4211 vellet,

1941 4246 2079 4302 papa
2130 4230 2426 4301 Gregorius
2463 4239 2573 4285 tam
2620 4232 2691 4287 ob
2741 4233 2883 4286 hanc
2936 4249 3183 4303 causam,
3246 4251 3412 4305 quam
3462 4237 3536 4291 ob

1942 4338 2064 4378 eam
2108 4323 2481 4390 rebellionem,
2534 4338 2700 4393 quam
2758 4332 2884 4394 post
2930 4325 3165 4394 primam
3209 4341 3424 4396 pacem,
3480 4335 3537 4382 et

1944 4414 2347 4469 absolutionem
2407 4414 2752 4484 impetratam
2812 4414 3037 4483 fecerat,
3086 4424 3142 4471 et
3195 4416 3302 4471 alia
3358 4419 3533 4474 multa

230 4497 452 4553 tissimo
494 4499 859 4555 inconsulto?
912 4498 1048 4555 Nam
1095 4510 1152 4557 et
1203 4501 1490 4572 eligentes,
1534 4509 1590 4557 et
1634 4503 1841 4560 electus
1874 4518 1917 4573 1)
1943 4506 2194 4574 crimina,
2233 4507 2299 4561 dc
2335 4507 2536 4577 quibus
2571 4523 2601 4563 a
2647 4506 2959 4566 Saxonibus
3020 4511 3165 4580 apud
3219 4512 3533 4582 pontiﬁcem

232 4590 467 4646 antistes
489 4606 598 4646 non
626 4593 812 4647 solum
838 4592 980 4648 votis
1016 4594 1134 4649 suis
1165 4593 1332 4664 potiri
1362 4609 1471 4649 non
1508 4595 1836 4665 potuissent,

235 4681 330 4734 scd
381 4688 439 4735 et
481 4682 765 4737 temerarii
815 4697 987 4739 ausus
1049 4684 1234 4739 statim
1280 4698 1471 4755 pinnas
1524 4686 1837 4755 imperatori

236 4772 488 4828 luissent.
516 4774 626 4831 Aut
653 4775 789 4846 quis
824 4775 1114 4848 episcopus
1145 4777 1233 4833 vel
1275 4777 1468 4845 abbas,
1521 4794 1837 4849 quanquam

243 4872 351 4919 tute
380 4867 502 4938 eligi
536 4885 567 4923 a
600 4884 722 4923 sure
748 4865 1012 4925 Ecclesia:
1036 4870 1268 4943 collegio
1296 4870 1588 4940 potuisset,
1619 4880 1673 4927 et
1698 4888 1838 4942 pra:-

244 4972 321 5018 ter
343 4964 690 5037 imperatoris
730 4960 1093 5034 sententiam,
1138 4967 1525 5024 sacerdotium.
1554 4983 1839 5024 assumere

244 5067 435 5127 posset,
458 5061 543 5116 vel
589 5059 850 5124 auderet,
884 5058 981 5128 qui
1016 5060 1198 5115 statim
1235 5075 1268 5113 a
1302 5074 1402 5113 sua
1437 5058 1585 5123 sede,
1632 5058 1740 5112 alio
1766 5059 1837 5113 ab

242 5162 553 5223 imperatore
578 5155 921 5224 subrogato,
938 5163 1145 5210 armata
1163 5168 1332 5210 manu
1347 5150 1838 5222 ejiciendusesset?

294 5310 439 5386 (:26?)
464 5311 614 5386 lino,
642 5317 712 5365 ut
741 5306 988 5386 episcopi
1022 5309 1496 5386 ea_obtinucrant.
1524 5375 1545 5386 _
1634 5375 1650 5386 ε

1943 4600 2158 4655 delatus
2207 4598 2405 4667 fuerat,
2448 4599 2628 4670 ipsum
2665 4599 2938 4658 Cresarem
2982 4604 3165 4660 denuo
3205 4605 3534 4677 gravissimo

1942 4694 2289 4747 anathemate
2322 4699 2571 4747 notatum
2627 4693 2859 4764 imperio
2903 4694 3166 4764 privavit;
3205 4694 3534 4757 Roduli‘um-

1940 4801 2066 4858 que,
2093 4785 2188 4857 qui
2220 4794 2412 4841 contra
2441 4802 2566 4841 cum
2593 4785 2874 4857 Augustus
2901 4787 2971 4842 ab
3002 4788 3213 4860 aliquot
3242 4790 3534 4851 Germanis

1938 4876 2280 4949 principibus
2329 4884 2546 4933 creatus
2589 4877 2643 4932 in
2676 4877 2973 4935 schismate
3004 4878 3202 4949 fuerat,
3241 4884 3534 4943 conﬁrma-

1939 4966 2037 5033 vit,
2065 4977 2120 5024 et
2148 4983 2345 5025 omnes
2367 4970 2436 5024 ab
2472 4966 2687 5022 lienrici
2720 4981 3068 5027 sacramento
3102 4972 3372 5030 absolvit:
3401 4977 3535 5035 Gui-

1940 5055 2271 5127 bertumque
2344 5057 2813 5128 archiepiscopum
2893 5059 3267 5118 Ravennatem
3344 5070 3540 5135 praeci-

1938 5166 2107 5220 puum
2147 5150 2498 5219 imperatoris
2552 5150 2815 5222 amicum,
2861 5153 3169 5210 sacerdotio
3219 5155 3540 5225 multatum,

2011 5308 2165 5386 (266)
2201 5305 2312 5386 Sed
2350 5313 2531 5386 male:
2586 5327 2711 5386 nam
2739 5314 3031 5386 imperium
3082 5326 3193 5366 non
3237 5311 3543 5381 dissipatur
