3962 5348
446 227 548 283 175

1651 215 1708 271 S.
1750 211 2147 272 GREGORIUS
2180 211 2272 278 VII
2304 210 2503 268 PAPA.

3605 210 3706 267 I76

443 355 508 398 sc
549 339 839 411 plerosque
893 335 1040 394 alios
1085 347 1372 406 episcopos
1397 371 1414 398 ,
1468 329 1908 402 archiepiscopos
1964 338 2022 383 et
2047 330 2096 386 Α
2120 327 2464 398 manifestum
2503 322 2972 388 necromanticum,
3005 321 3290 393 pythonica
3330 323 3528 395 spiritu
3559 308 3710 379 labo-

443 427 690 496 abbates,
713 425 811 499 qui
841 423 1061 482 Henrici
1091 437 1317 480 causam
1356 419 1672 487 tuebantur,
1703 419 1907 490 passim
1926 433 2022 472 ex-

443 517 888 576 communicavit.
933 515 1068 586 Quae
1114 513 1322 580 omnia,
1375 526 1502 567 cum
1555 509 1624 566 ad
1675 505 2023 580 imperatoris

441 625 629 668 aurem
643 609 1036 682 pervenissent,
1054 605 1210 661 valde
1231 603 1436 670 timuit,
1451 599 1834 673 pontiﬁcisque
1851 599 2022 655 auda-

439 703 583 759 ciam
609 699 756 775 (270)
771 699 1000 766 veritus,
1017 694 1209 753 statuit
1225 693 1502 750 hominem
1513 691 1834 762 praevenire,
1859 703 2024 759 quem

439 792 658 849 videbat
679 789 844 848 totas
870 789 1016 846 vires
1049 801 1181 844 suas
1203 800 1270 841 eo
1300 783 1555 855 dirigere,
1605 789 1666 836 ut
1695 796 1754 837 se
1794 779 2026 851 imperio

438 883 734 956 privatum,
797 881 854 936 in
910 878 1161 936 ordinem
1221 883 1462 948 cogeret:
1499 872 1671 946 (271),
1703 870 2027 942 imperiique

438 971 802 1042 maiestatem,
845 977 902 1025 et
946 967 1072 1040 jura
1121 965 1346 1022 omnino
1385 970 1670 1019 everteret.
1721 959 1831 1016 Pro
1874 969 2025 1017 certo

437 1061 604 1118 etiam
629 1059 837 1116 sciebat
875 1073 1073 1130 papam
1113 1055 1294 1127 ipsum
1327 1051 1476 1110 hosti
1503 1067 1606 1108 suo
1633 1049 1868 1108 Rodulfo
1892 1066 2028 1106 con—

439 1150 777 1208 stantissime
826 1149 1146 1216 adhaerere;
1195 1163 1255 1203 se
1288 1160 1508 1218 quoque
1553 1143 1626 1200 ob
1676 1142 1922 1209 frivolas,
1965 1150 2028 1198 ut

439 1241 558 1311 ipse
581 1239 818 1308 dicebat,
851 1253 1049 1295 causas
1097 1234 1630 1292 excommunicatum
1673 1232 2022 1304 querebatur.

439 1333 626 1405 Ipsum
685 1334 872 1405 itaque
931 1331 1282 1403 pontificatu,
1332 1328 1442 1384 alio
1502 1315 1750 1396 sutl‘ecto,
1811 1326 2027 1398 privare

441 1423 670 1480 omnino
696 1423 1001 1480 constituit.

513 1534 685 1607 Igitur
717 1535 908 1592 eodem
953 1548 1122 1602 anno,
1161 1498 1262 1605 qui
1304 1531 1497 1588 salutis
1525 1539 1644 1588 erat
1698 1529 1838 1586 1080
1863 1571 1880 1598 ,
1916 1530 2028 1586 duo

445 1636 637 1686 contra
659 1625 982 1700 Gregorium
1023 1639 1220 1696 papam
1251 1623 1486 1680 concilia
1527 1623 1585 1677 in
1621 1621 1916 1678 Germania
1939 1635 2030 1676 ce-

2122 427 2350 484 rantem,
2381 424 2432 470 et
2463 415 2665 469 idcirco
2699 431 2734 467 a
2757 429 2880 468 cera
2923 412 3030 483 ﬁde
3051 413 3458 484 exorbitantem,
3490 413 3712 485 judica-

2123 522 2242 562 mus
2262 506 2513 560 canonice
2536 503 2896 576 deponendum
2918 512 2966 558 et
2991 503 3390 574 expellendum;
3419 516 3470 561 et
3505 506 3614 560 nisi
3643 505 3710 560 ab

2123 597 2240 666 ipsa
2260 596 2402 663 sede,
2438 595 2520 650 his
2550 594 2773 660 auditis,
2797 593 3144 662 descenderit,
3177 594 3234 649 in
3252 603 3563 666 perpetuum
3587 611 3712 650 con-

2123 686 2500 742 demnandum.
2536 686 2736 742 Actum
2763 701 2840 741 vn
2871 682 3099 742 Kalend.
3125 684 3275 757 Julii,
3301 686 3439 744 feria
3469 705 3526 756 v,
3563 687 3710 743 indi-

2124 777 2306 832 ctione
2331 793 2391 832 ιι.

2195 867 2346 940 (275)
2367 865 2552 926 Caesar
2581 883 2802 940 quoque
2834 867 3102 925 Henricus
3131 868 3276 925 hanc
3315 869 3394 924 illi
3417 868 3710 940 epistolam

2126 959 2346 1031 scripsit
2370 979 2384 1015 :
2413 957 2677 1015 Henricus
2707 959 2806 1014 Dei
2840 961 3018 1030 gratia
3045 975 3158 1027 rex,
3185 967 3288 1016 etc.
3319 958 3714 1029 Hildebrando,

2125 1060 2231 1108 etc.
2269 1050 2403 1108 Cum
2421 1051 2672 1106 hactenus
2693 1069 2762 1107 ea:
2785 1060 2834 1106 te
2865 1068 2929 1106 ea
2953 1067 3072 1123 qua
3083 1059 3206 1106 sunt
3227 1050 3412 1106 Patris
3437 1059 3716 1123 exspecta-

2127 1159 2256 1211 rem,
2282 1142 2480 1215 tibique
2499 1143 2556 1197 in
2577 1142 2817 1197 omnibus
2857 1157 3197 1213 magna-cum
3223 1141 3464 1214 fidelium
3501 1149 3716 1196 nostro-

2127 1248 2247 1286 rum
2267 1232 2630 1304 indignatione
2651 1232 2935 1299 obedirem,
2969 1233 3138 1304 recepi
3173 1232 3266 1288 abs
3301 1240 3350 1288 te
3380 1231 3717 1286 vicissitudi-

2127 1340 2266 1392 nem,
2298 1323 2809 1396 qualem‘oportebat
2843 1323 2910 1378 ab
2953 1339 3012 1378 eo
3055 1324 3145 1395 qui
3183 1323 3304 1380 uiue
3343 1325 3594 1396 regnique
3622 1339 3719 1378 no-

2127 1416 2228 1469 stri
2259 1415 2735 1486 perniciosissimus
2772 1413 2938 1468 hostis
2963 1423 3116 1468 esset.
3157 1413 3300 1468 Nam
3341 1430 3462 1469 cum
3483 1415 3720 1484 primum

2129 1523 2335 1574 omnem
2377 1505 2777 1562 hereditariam
2823 1505 3160 1577 dignitatem,
3207 1520 3326 1578 qua:
3371 1505 3502 1559 mihi
3528 1503 3596 1558 ab
3619 1502 3721 1558 illa

2131 1597 2424 1670 apostolica
2469 1599 2590 1654 sede
2629 1597 2945 1665 debebatur,
2995 1597 3217 1668 superbo
3255 1613 3390 1653 ausu
3425 1597 3718 1670 rapuisscs,

443 1719 696 1790 lebravit.
727 1681 972 1775 P:imum
995 1681 1288 1790 Idoguntiaz
1311 1717 1367 1770 in
1405 1715 1727 1772 Pentecoste
1754 1730 1870 1782 χιε,
1895 1713 2032 1770 alte-

2152 1689 2490 1790 ongius-inde
2507 1705 2835 1762 progressus,
2874 1705 3091 1762 regnum
3133 1685 3590 1760 Italitc'pessimis
3629 1707 3722 1744 ar-

443 1829 568 1882 rum
598 1828 730 1870 vero
756 1812 813 1868 in
834 1809 1046 1867 Italiam
1074 1808 1300 1866 veniens
1339 1807 1576 1862 Brixinae
1619 1804 1767 1877 (272)
1794 1806 1850 1860 in
1873 1803 2034 1862 Nori-

445 1907 545 1975 cis,
575 1923 686 1963 xn
703 1905 1110 1977 episcoporum.
1135 1900 1197 1958 In
1235 1916 1346 1974 quo
1369 1900 1535 1956 etiam
1577 1898 1866 1956 adfuerant
1890 1897 2036 1970 prin-

405 1990 410 1996 ’
445 2001 597 2073 cipes
622 1999 751 2054 laici
777 2012 990 2064 omnes,
1020 1995 1116 2068 qui
1150 1992 1498 2065 imperatoris
1546 2006 1773 2048 causam
1805 1991 2038 2046 tueban-

447 2101 558 2159 tur,
613 2104 726 2146 non
757 2088 937 2146 solum
983 2085 1310 2152 Germaniae,
1347 2083 1442 2140 sed
1491 2082 1660 2138 etiam
1705 2081 1893 2138 Italiae.
1929 2078 2036 2136 Ubi

446 2203 515 2242 ex
533 2182 883 2256 imperatoris
907 2177 1447 2237 auctoritate-factus
1485 2185 1570 2234 est
1617 2177 1867 2234 omnium
1901 2189 2036 2231 con-

449 2292 650 2334 sensus
683 2275 944 2331 adversus
973 2287 1173 2344 papam
1195 2269 1622 2327 Hildebrandum
1647 2282 1844 2341 ;quem
1882 2283 2038 2339 pseu-

450 2361 838 2446 domonachum
864 2366 1126 2437 totiusque
1147 2363 1374 2419 vesania:
1395 2361 1704 2434 pestiferum
1723 2359 2034 2431 principem,

450 2471 502 2516 et
529 2453 794 2532 pracipes
819 2465 1016 2512 sanctae
1037 2455 1176 2511 sedis
1203 2456 1496 2510 invasorem
1539 2468 1650 2508 esse
1684 2449 2034 2516 afﬁrmantes,

452 2553 522 2608 ab
542 2549 846 2623 apostolica
871 2548 1000 2606 sede
1024 2546 1426 2619 depellendum,
1472 2559 1789 2616 quanquam
1822 2541 2038 2598 inaudi-

455 2651 570 2698 tum
605 2647 662 2696 et
699 2639 1002 2705 absentem,
1037 2637 1462 2708 judicaverunt;
1494 2641 1550 2690 et
1582 2649 1650 2689 ex
1691 2631 2038 2704 imperatoris

451 2731 735 2789 voluntate
783 2728 1104 2786 Guibertum
1155 2726 1630 2799 archiepiscopum
1665 2723 2039 2782 Ravennatem

453 2823 557 2895 ipsi
581 2821 994 2895 subrogandum
1018 2819 1321 2892 elegerunt.

521 2913 820 2970 Maximum
860 2911 990 2968 hinc
1030 2910 1432 2968 discordiarum
1483 2907 1701 2964 initium
1761 2915 2038 2973 exortum,

453 3022 620 3080 quem
641 3006 872 3063 electum
905 3013 1018 3061 tam
1053 3019 1150 3059 rex
1172 3001 1460 3066 Henricus,
1484 3015 1650 3072 quam
1671 3012 1864 3055 omnes
1889 2996 2042 3068 prin-
2068 3037 2112 3097 ο

457 3102 626 3172 cipes,
649 3107 705 3158 et
716 3097 958 3171 episcopi
979 3095 1138 3170 proni
1163 3095 1218 3150 in
1245 3103 1448 3150 terram
1470 3093 1842 3148 adoraverunt
1866 3087 2038 3160 (275).

459 3190 592 3262 Ejus
644 3205 810 3261 porro
872 3187 1103 3254 decreti,
1167 3199 1278 3256 quo
1349 3183 1404 3238 in
1463 3181 1696 3238 concilio
1757 3178 2046 3234 Brixinen-

458 3284 504 3342 si
539 3281 780 3354 episcopi
824 3271 1079 3338 factionis
1111 3277 1453 3334 Henricianae
1487 3274 1866 3346 pontificatum
1913 3269 2048 3327 Gre-

459 3372 614 3446 gorio
637 3369 729 3424 VII
751 3371 1106 3441 abrogarunt,
1123 3366 1404 3424 conclusio
1425 3365 1542 3421 hac
1553 3361 1686 3420 fuit:
1715 3361 1865 3436 (274)
1883 3359 2047 3427 Quia,

461 3463 738 3536 inquiunt,
773 3461 931 3516 illum
955 3468 1160 3515 constat
1193 3475 1296 3513 non
1334 3475 1368 3513 a
1402 3457 1513 3512 Deo
1545 3454 1790 3522 electum,
1827 3453 1916 3509 sed
1939 3469 1972 3506 a
1995 3467 2050 3535 se

459 3530 577 3627 ipso
598 3555 654 3610 in
685 3553 894 3626 fraude,
930 3560 980 3607 et
1001 3549 1222 3622 pecunia
1253 3546 1738 3627 imprudentissime
1768 3530 2048 3615 objectum,

463 3624 554 3717 qui
577 3624 994 3700 ecclesiasticum
1037 3640 1289 3696 subuertit
1335 3624 1594 3705 ordinem,
1631 3637 1721 3710 qui
1758 3632 2052 3691 Christiani

463 3723 676 3809 imperii
703 3735 1028 3808 perturbavit
1061 3748 1299 3805 regnum,
1326 3731 1417 3804 qui
1449 3731 1557 3803 regi
1579 3727 1840 3784 catholico
1873 3743 1935 3781 ac
1957 3742 2054 3796 pa-

466 3830 620 3900 cifica
643 3827 879 3898 corporis
895 3833 946 3880 et
960 3824 1125 3879 animi
1147 3823 1374 3878 intentat
1397 3829 1639 3886 mortem,
1665 3818 1754 3890 qui
1783 3815 2055 3888 perjurum

467 3920 703 3993 defendit
724 3930 924 3990 regem;
951 3917 1044 3989 qui
1065 3915 1205 3970 inter
1245 3911 1526 3969 concordes
1554 3909 1831 3966 seminavit
1853 3907 2056 3982 discere

470 4013 640 4082 diam,
673 4013 812 4066 inter
839 4009 1091 4082 paciﬁcos
1117 4007 1257 4075 lites,
1281 4005 1422 4060 inter
1445 4003 1636 4074 fratres
1671 3997 1950 4066 scandala,
1973 3997 2056 4050 in-

473 4115 552 4160 ter
583 4102 828 4176 conjuges
867 4098 1216 4165 discordiam,
1253 4105 1303 4152 et
1337 4091 1592 4168 quidquid
1623 4091 1794 4164 quiete
1813 4089 1953 4176 inter
1974 4087 2059 4160 pie

471 4173 696 4248 viventes
732 4173 874 4245 stare
895 4187 1188 4256 videbatur,
1225 4183 1493 4240 concussit
1517 4198 1534 4238 :
1557 4198 1672 4249 nos,
1697 4173 1912 4235 auctore
1926 4177 2055 4246 Deo,

473 4281 774 4354 congregati
809 4280 867 4333 in
888 4293 1074 4346 unum,
1115 4275 1307 4348 legatis
1338 4283 1387 4329 et
1427 4273 1621 4328 litteris
1647 4271 1771 4344 freti
1815 4285 1908 4324 xxx
1949 4267 2061 4338 cpi-

2133 1781 2272 1835 tibus
2309 1779 2544 1834 alienare
2583 1779 2818 1847 tentasti,
2854 1796 3018 1851 neque
3052 1779 3150 1834 hoc
3177 1788 3472 1850 contentus,
3498 1781 3558 1836 in
3579 1797 3723 1836 reve-

2131 1873 2474 1928 rendissimos
2515 1871 2809 1942 episcopos,
2849 1871 2938 1944 qui
2989 1872 3138 1926 nobis
3179 1872 3340 1927 veluti
3399 1871 3723 1927 dulcissima

2133 1962 2368 2019 membra
2406 1963 2542 2018 uniti
2593 1970 2736 2029 sunt,
2772 1979 2990 2016 manum
3045 1963 3253 2018 mittere
3311 1979 3416 2018 non
3467 1963 3731 2030 timuisti,

2133 2069 2318 2124 eosque
2338 2051 2728 2124 superbissimis
2760 2051 2995 2121 injuriis,
3038 2053 3492 2124 acerbissimisque
3535 2060 3725 2106 contu-

2135 2145 2306 2200 meliis
2343 2154 2528 2199 contra
2561 2144 2742 2198 diuina
2779 2152 2829 2198 et
2859 2144 3093 2202 humana
3112 2145 3264 2216 jura,
3295 2155 3356 2200 ut
3395 2147 3500 2217 ipsi
3544 2147 3724 2212 aiunt,

2133 2236 2439 2319 exagitasti.
2477 2233 2610 2302 Qua:
2649 2235 2849 2302 omnia,
2891 2251 3011 2289 cum
3053 2252 3146 2308 ego
3189 2237 3423 2308 quadam
3459 2231 3727 2308 patientia

2134 2327 2550 2396 dissimularem,
2596 2337 2672 2396 tu,
2698 2327 2796 2382 hoc
2829 2343 2933 2383 non
2963 2329 3300 2399 patientiam,
3337 2341 3426 2384 sea
3452 2329 3727 2400 ignauiam

2135 2421 2470 2490 existimans,
2492 2421 2549 2475 in
2573 2420 2748 2492 ipsum
2767 2428 2925 2490 caput
2964 2421 3233 2492 insurgere
3273 2437 3436 2476 ausus
3457 2437 3532 2488 es,
3571 2435 3730 2474 man-

2137 2511 2294 2579 dans,
2321 2527 2442 2583 qua:
2470 2512 2630 2578 nosti,
2660 2509 2924 2578 uidelicet,
2968 2519 3027 2564 ut
3053 2511 3159 2565 tuis
3200 2511 3370 2566 verbis
3408 2520 3554 2578 utar,
3584 2509 3727 2582 quod

2139 2611 2232 2656 aut
2274 2611 2332 2656 tu
2375 2603 2672 2672 morereris,
2723 2610 2818 2656 aut
2859 2610 2917 2656 tu
2945 2601 3078 2656 mihi
3121 2602 3358 2656 animam
3409 2615 3730 2674 regnumque

2141 2692 2371 2762 tolleres,
2393 2701 2499 2749 etc.

2209 2783 2327 2840 Hoc
2348 2784 2567 2840 decreto
2597 2792 2654 2840 et
2675 2783 2906 2854 epistola
2949 2781 3018 2837 ad
3057 2795 3118 2836 se
3137 2779 3384 2852 perlatis,
3428 2777 3732 2851 Gregorius

2141 2878 2278 2934 nihil
2302 2879 2525 2944 timens,
2549 2885 2612 2932 ut
2632 2876 2846 2932 animos
2891 2889 3122 2931 suorum
3161 2873 3513 2930 confirmaret
3545 2869 3734 2941 provi-

2143 2972 2244 3041 dit,
2290 2970 2709 3042 Saxonibusque
2751 2966 3098 3039 imperatoris
3155 2965 3426 3033 hostibus,
3473 2971 3532 3018 ut
3583 2962 3734 3017 bono

2147 3065 2333 3122 animo
2362 3071 2566 3129 essent,
2602 3061 2896 3133 persuasit.
2932 3058 3080 3131 (276)
3112 3057 3333 3114 Falsum
3371 3055 3518 3112 enim
3547 3068 3734 3125 regem

2147 3173 2214 3213 eo
2236 3171 2382 3212 anno
2407 3155 2756 3218 moriturum,
2780 3149 3245 3216 constantissime,
3269 3143 3733 3218 quemadmodum

2148 3251 2252 3308 sibi
2277 3248 2540 3306 divinitus
2592 3245 2892 3302 revelatum
2925 3242 3124 3309 fuerat,
3163 3240 3484 3297 afﬁrmabat.
3534 3236 3606 3293 Et
3641 3251 3737 3293 ve-

2148 3358 2272 3398 rum
2323 3341 2543 3412 quidem
2577 3335 2826 3410 pmdixit
2869 3354 2883 3390 :
2927 3334 3042 3402 sed,
3093 3331 3279 3390 fefellit
3328 3346 3454 3388 eum
3494 3329 3564 3386 de
3595 3327 3737 3385 falso

2149 3452 2274 3509 rege
2327 3434 2662 3505 conjectura,
2712 3429 3012 3487 secundum
3058 3444 3219 3484 suum
3269 3424 3598 3483 desiderium
3667 3422 3738 3480 de

2150 3529 2384 3586 Ilenrico
2405 3541 2530 3597 rege
2558 3524 2930 3594 interpretata.
2959 3518 3118 3586 Nam,
3146 3534 3270 3576 cum
3293 3525 3420 3589 post
3443 3515 3737 3572 concilium

2151 3623 2472 3678 Brixinense
2495 3617 2751 3687 antipapa
2777 3613 3073 3670 Guibertus
3103 3627 3230 3668 cum
3269 3608 3578 3681 insignibus
3600 3621 3739 3678 pon-

2152 3713 2446 3770 tificalibus
2495 3711 2550 3765 in
2584 3707 2794 3764 Italiam
2835 3705 3094 3772 venisset,
3151 3701 3496 3775 imperatoris
3539 3700 3739 3756 adven-

2154 3815 2271 3861 tum
2297 3811 2640 3873 exspectans,
2672 3815 2702 3853 a
2739 3812 2850 3868 quo
2877 3805 3088 3852 armata
3112 3811 3278 3850 manu
3300 3793 3532 3850 Romam
3565 3791 3738 3848 dedu-

2155 3902 2403 3960 cerctur;
2433 3891 2735 3961 imperator
2755 3901 2886 3942 vero
2917 3885 2974 3940 in
3005 3883 3357 3941 Germaniam
3407 3890 3601 3939 contra
3629 3879 3740 3935 Ro-

2155 3985 2366 4045 dulfum
2389 3981 2667 4056 profectus
2691 3987 2859 4047 esset,
2887 3975 3078 4050 prmlio
3100 3977 3243 4032 inter
3263 4045 3265 4049 ι
3287 3983 3554 4045 utrosque
3585 3987 3741 4044 reges

2157 4080 2226 4136 ad
2258 4095 2312 4134 tv
2349 4077 2474 4134 idus
2503 4075 2696 4134 Octob.
2729 4073 2888 4140 inito,
2913 4070 3185 4127 Rodulfus
3220 4085 3318 4126 rex
3344 4068 3497 4142 gravi
3517 4066 3743 4122 vulnere

2157 4171 2396 4238 saucius,
2410 4185 2520 4226 non
2538 4168 2700 4242 longe
2725 4174 2852 4238 post
2869 4173 3120 4220 mortuus
3145 4171 3248 4219 est.
3279 4158 3517 4216 Rodulfo
3536 4158 3741 4223 occiso,

2159 4273 2215 4320 et
2258 4263 2425 4320 rebus
2479 4261 2787 4318 Germania:
2837 4255 3178 4328 compositis,
3220 4253 3490 4310 Henricus
3538 4248 3746 4323 ingenti

473 4343 776 4444 scaporum,
807 4371 895 4425 die
928 4343 1125 4440 sancto
1148 4343 1430 4440 praeterita:
1467 4343 1801 4425 Pentecostes
1839 4358 2062 4430 Mogun-
2093 4389 2138 4444 Ι)
2161 4356 2404 4412 exercitu
2457 4360 2794 4424 comparato,
2821 4349 2878 4405 in
2919 4347 3129 4405 Italiam
3171 4345 3321 4402 venit
3348 4353 3410 4400 ut
3433 4343 3744 4414 antipapam
3827 4400 3835 4408 _

479 4466 568 4520 tia:
609 4470 1064 4536 congregatarum,
1119 4467 1303 4513 contra
1343 4455 1582 4512 eumdem
1638 4448 2062 4507 Hildebrandum

476 4562 936 4634 procacissimum,
972 4557 1261 4630 sacrilegia
1293 4565 1343 4611 et
1383 4554 1630 4610 incendia
1664 4551 2062 4624 prwdicantem,

477 4653 715 4726 perjuria
768 4661 818 4707 et
873 4650 1162 4706 homicidia
1210 4647 1603 4720 defendentem,
1651 4643 1967 4699 catholicam
2016 4647 2067 4694 et

479 4743 830 4816 apostolicam
850 4743 1009 4812 ﬁdem
1039 4742 1105 4797 de
1139 4755 1354 4812 corpore
1387 4746 1438 4792 et
1485 4737 1740 4808 sanguine
1767 4733 1980 4788 Domini
2011 4733 2067 4784 in

479 4833 823 4904 qumstionem
851 4839 1146 4902 ponentem,
1173 4827 1412 4885 hwretici
1455 4825 1763 4897 Berengarii
1795 4824 2069 4894 antiquum

481 4925 830 4999 discipulum,
874 4924 1264 4980 divinationum
1319 4938 1383 4976 ac
1424 4919 1750 4976 somniorum
1791 4914 2067 4981 cultorem,

574 5038 702 5111 270)
733 5037 850 5111 Iino
881 5035 1408 5111 magnapimitatem.
1431 5101 1465 5111 Ἀ
1639 5097 1674 5111 Α
1845 5095 1858 5109 .

754 5093 872 5181 Hoc
906 5093 1018 5164 ιιοῖι
1070 5104 1175 5162 fuit
1225 5101 1574 5181 propositum
1634 5095 1898 5181 Gregorio
1918 5115 1951 5181 ε.
1977 5093 2071 5181 sed

487 5167 734 5236 ecclesia:
777 5180 871 5248 jus
919 5187 1082 5234 suum
1114 5167 1462 5248 recuperare,
1519 5167 1822 5248 Simoniam
1858 5167 2075 5248 tollere,

492 5233 545 5306 et
559 5233 814 5333 ‘m'en'sa's
847 5233 1368 5333 nummulariorum
1405 5233 1650 5324 evertere
1697 5237 1926 5333 studuit.

935 5319 1068 5348 ιζιηιι
1089 5317 1134 5348 ..ἶ
1163 5313 1420 5348 ιιΊΛΛΙΔοῖω
1442 5311 1690 5348 inscensum
1729 5308 2074 5348 νριίηηιιηθιιν

514 5336 777 5348 ’Ἀλίᾳ-...Μ
806 5336 853 5348 Δ.
863 5337 881 5348 ν.

2164 4449 2484 4506 Guibertum
2543 4443 2855 4516 apostolicae
2887 4440 3024 4508 sedi,
3069 4437 3255 4512 fugato
3307 4434 3595 4509 Gregorio,
3652 4447 3745 4504 per

2164 4541 2273 4595 vim
2299 4539 2622 4608 imponeret.

2236 4622 2576 4700 Quapropter
2599 4641 2744 4682 anno
2767 4622 2982 4680 Domini
3005 4621 3133 4676 108!
3155 4617 3328 4690 (277),
3347 4615 3503 4672 festis
3523 4613 3751 4686 pascha-

2165 4723 2310 4778 libus
2331 4718 2636 4784 celebratis,
2668 4717 2968 4788 imperator
2986 4712 3254 4768 Henricus
3288 4709 3344 4764 in
3377 4707 3590 4764 Italiam
3625 4719 3748 4760 cum

2167 4811 2409 4869 exercitu
2457 4809 2716 4874 veniens,
2761 4811 3044 4874 assumpto
3091 4817 3278 4858 secum
3321 4797 3578 4868 antipapa
3617 4792 3750 4851 Gui-

2167 4909 2354 4974 berto,
2397 4905 2467 4960 ad
2516 4903 2709 4960 urbem
2741 4899 2798 4955 in
2847 4897 3034 4970 vigilia
3074 4895 3430 4950 Pentecostcs
3476 4886 3750 4961 pervenit,

2235 5019 2384 5092 (274)
2437 5017 2566 5092 Πίῳ
2617 5011 3009 5092 sententia“?
3057 5001 3754 5092 Urspeggeps‘iudesumpta

2415 5075 3350 5208 Ὕεῗιὲθὲξξ³ἷὸέ3⁸2δὲο¹¹πὲὶς¹⁸⁰ί
3379 5087 3534 5142 sm
3744 5079 3750 5084 ’

2482 5158 2568 5213 ide
2594 5147 2718 5209 Bar.
2755 5151 2914 5215 1080,
2940 5164 3094 5204 num.
3127 5147 3218 5200 26.

2267 5161 2373 5216 275
2432 5161 2568 5213 Vide
2594 5161 2718 5209 Bar.
2755 5161 2914 5215 1080,
2940 5164 3094 5204 num.
3127 5161 3218 5200 zo.

2243 5161 2395 5304 3276?
2426 5229 2608 5304 Hm
2635 5219 2999 5304 εριιίεηιειίοίε
3027 5209 3756 5304 ςρηείςιξιμξιξηιλ.ο<ίιξξιξίεπξο

2171 5277 2732 5348 aenigmate
2767 5277 2799 5348 a
2829 5287 3092 5348 Gregorio
3141 5286 3378 5348 scriptae,
3413 5277 3482 5338 de
3515 5295 3627 5348 qua
3655 5277 3758 5331 Ba-
