3962 5348
207 395 302 447 177

1007 419 1026 440 ι
1107 397 1636 457 PROLEGOMENA.
1667 433 1737 442 -—
1770 404 1952 458 ACTA
1987 405 2043 458 S.
2085 405 2430 462 GREGORII.

3345 413 3444 468 178

199 525 361 578 quam
399 510 781 565 resistentibus
816 511 920 566 sibi
945 510 1208 568 Romanis
1237 522 1291 568 et
1318 513 1580 586 Gregorio
1609 532 1766 586 papa,
1800 520 1842 575 A
1870 534 1982 573 sem
2021 520 2485 590 archiepiscopum
2520 519 2800 592 liugonem
2836 533 2928 576 aut
2955 520 3205 578 Ottonem
3231 523 3445 580 Ostien-

200 599 307 654 fere
351 615 452 668 per
493 601 772 655 biennium
799 602 1043 671 obsedit;
1090 603 1262 659 donec
1311 614 1587 674 postremo
1628 621 1773 660 anno

198 687 411 742 Domini
437 689 578 744 1085
621 689 790 744 Nonis
828 690 996 759 Junii,
1027 693 1364 749 tradentibus
1392 709 1449 749 se
1491 693 1774 761 Romanis,

197 779 478 849 ingressus
521 790 628 853 est.
650 781 899 838 Pontifex
944 783 1269 856 Gregorius,
1302 785 1446 842 Urbe
1471 788 1668 857 partim
1699 788 1772 854 vi,

193 873 389 939 partim
421 872 734 942 proditione
778 876 846 930 ab
881 874 1116 932 Henrico
1151 888 1451 948 occupata,
1494 880 1548 934 in
1593 896 1773 936 arcem

195 962 379 1016 Sancti
406 964 622 1035 Angeli,
654 982 819 1036 quam
854 970 1066 1039 egregie
1091 970 1383 1037 munierat,
1418 987 1544 1026 cum
1580 973 1694 1027 suis
1718 989 1776 1028 se

191 1053 414 1122 recepit.
444 1053 516 1108 At
546 1071 672 1109 cum
706 1058 852 1111 nulla
881 1058 1023 1114 inter
1068 1060 1448 1130 imperatorem
1478 1071 1531 1117 et
1560 1063 1776 1132 pontifi-

194 1158 305 1197 cem
352 1146 667 1200 concordia:
714 1148 800 1202 via
844 1150 1032 1204 relicta
1077 1160 1256 1219 esset,
1299 1152 1594 1223 imperator
1632 1169 1777 1208 anno

194 1237 443 1306 sequenti
483 1239 644 1306 1094,
693 1241 953 1312 Gregorio
999 1243 1177 1300 adhuc
1222 1245 1278 1299 in
1331 1261 1456 1300 arce
1489 1244 1546 1300 S.
1589 1246 1777 1316 Angeli

193 1329 484 1398 existente,
517 1332 585 1387 de
630 1333 840 1404 aliquot
879 1351 1165 1406 procerum
1195 1346 1249 1392 et
1278 1337 1638 1393 cardinalium
1671 1338 1780 1393 Ro-

195 1437 487 1476 manorum
513 1439 812 1495 consensu,
846 1443 983 1498 quos
1008 1429 1207 1498 partim
1231 1429 1284 1484 vi
1314 1439 1368 1484 et
1385 1441 1553 1496 metu,
1580 1432 1778 1501 partim

197 1503 350 1566 donis
382 1520 440 1566 et
462 1514 949 1582 pollicitationibus
977 1517 1032 1572 in
1063 1519 1388 1574 sententiam
1421 1537 1576 1576 suam
1603 1531 1782 1576 traxe-

197 1613 294 1668 rat,
316 1603 647 1660 Guibertum
671 1607 1145 1680 archiepiscOpum
1172 1609 1564 1684 Ravennatem,
1583 1629 1648 1669 ex
1663 1614 1782 1684 ejus

199 1697 521 1751 auctoritate
533 1697 767 1753 Brixina:
779 1699 1010 1755 triennio
1021 1710 1146 1755 ante
1157 1701 1462 1756 Romanum
1476 1703 1784 1783 pontificem

201 1786 544 1856 designatum
567 1830 580 1854 ,
625 1787 679 1842 in
717 1790 1028 1859 antipapam
1055 1789 1338 1846 Dominico
1361 1792 1447 1846 die
1471 1791 1782 1847 Palmarum

1875 627 2017 677 sem,
2053 611 2164 666 sive
2204 610 2520 667 Anselmum
2545 611 2845 670 Luecnscm
2893 614 3178 685 episcopos
3217 614 3445 687 eligere,

1873 717 2036 772 quam
2068 702 2180 771 ipse
2217 702 2450 771 primum
2481 702 2770 758 defunctus
2804 713 2981 770 esset,
3009 704 3309 772 studerent.

1945 790 2040 845 llis
2069 790 2351 857 ordinatis,
2383 808 2507 846 cum
2541 801 2754 862 tempus
2784 792 2965 848 obitus
2996 793 3080 848 sui
3098 771 3324 865 jamjam
3350 810 3448 865 ap-

1877 881 2245 952 pr0piuquare
2273 892 2655 952 cognosceret,
2693 883 2948 936 clamavit
2983 901 2995 935 :
3031 900 3049 934 ‹
3081 883 3262 938 Dilexi
3279 884 3448 954 justi—

1881 972 2032 1035 tiam,
2058 981 2106 1025 et
2150 971 2477 1040 iniquitatem
2503 972 2622 1024 odio
2653 972 2841 1037 habui,
2878 979 2931 1025 et
2967 980 3250 1042 propterea
3292 971 3452 1027 exsul

1881 1062 2105 1116 morior.
2139 1079 2156 1112 ι
2181 1060 2276 1116 llis
2299 1061 2478 1128 dictis,
2505 1071 2558 1117 et
2580 1063 2834 1117 omnibus
2855 1062 3241 1119 ecclesiasticis
3265 1079 3452 1118 sacra-

1881 1152 2078 1207 mentis
2100 1153 2474 1222 przemunitus,
2498 1152 2768 1223 gloriosus
2789 1151 2924 1206 etB.
2949 1151 3188 1222 pontifex
3211 1169 3307 1212 Vill
3332 1151 3450 1207 Kal.

1880 1242 2046 1310 Junii,
2088 1242 2174 1297 die
2215 1242 2518 1309 Dominico,
2545 1243 2840 1305 indictione
2879 1243 2942 1310 8,
2975 1259 3121 1299 anno
3149 1242 3307 1311 1085,
3332 1243 3452 1298 ani-

1881 1350 2025 1388 mam
2037 1334 2174 1388 coelo
2191 1334 2424 1389 reddidit
2444 1353 2456 1388 :
2473 1335 2778 1406 ibidemque
2794 1335 2848 1389 in
2866 1334 3096 1390 ecclesia
3114 1333 3299 1389 Sancti
3316 1331 3454 1387 Mat-

1883 1423 2026 1488 thzei,
2050 1439 2170 1492 qua:
2193 1421 2403 1477 Salerni
2430 1424 2759 1479 cathedralis
2780 1433 2883 1492 est,
2905 1422 3460 1480 honoriﬁcentissime

1879 1521 1964 1567 est
1993 1512 2255 1582 sepultus.
2301 1511 2525 1568 Vacavit
2565 1529 2630 1568 eo
2676 1523 2894 1570 mortuo
2937 1522 3159 1585 propter
3203 1514 3461 1583 temporis

1882 1617 2174 1671 rerumque
2195 1602 2562 1657 difﬁcultatem
2587 1603 2833 1658 Romana
2857 1605 3014 1660 sedes
3035 1619 3240 1659 annum
3263 1620 3454 1659 unum.

1953 1693 2090 1748 Cum
2143 1693 2310 1763 igitur
2352 1695 2405 1748 in
2449 1695 2695 1764 principe
2750 1694 3002 1749 Romano
3054 1694 3344 1764 imperium
3394 1693 3464 1748 ab

1884 1784 2126 1842 Ecclesia
2157 1786 2442 1855 przecisum
2481 1788 2717 1855 graviter
2746 1802 3067 1856 percussum
3095 1784 3308 1852 fuisset,
3354 1783 3460 1839 Ec-

195 1859 494 1934 ‘Clementis
521 1877 589 1931 Ill
612 1879 689 1933 illi
722 1880 942 1936 nomine
966 1881 1243 1951 imposito,
1274 1882 1592 1953 inaugurari
1617 1882 1782 1938 fecit:
1817 1878 2048 1951 Bclesia
2102 1893 2319 1948 quoque
2364 1877 2607 1932 Romana
2659 1887 2814 1932 tanto
2859 1888 3116 1948 pastore,
3171 1878 3266 1948 qui
3321 1877 3465 1932 inter

201 1984 228 2022 a
261 1985 370 2038 quo
399 1970 658 2039 proximo
689 1971 930 2040 paschali
964 1972 1102 2027 festo
1127 1989 1250 2028 cum
1279 1990 1450 2029 uxore
1487 1991 1584 2030 sua
1620 1974 1779 2030 Berta

201 2062 496 2131 imperator
508 2073 563 2117 et
575 2065 858 2136 Augustus
871 2075 1165 2122 coronatus
1181 2075 1281 2122 est.
1301 2066 1505 2122 Deinde
1521 2068 1587 2122 ad
1601 2083 1780 2122 arcem

202 2151 254 2206 S.
271 2154 464 2224 Angeli
483 2157 925 2226 oppugnandam,
946 2157 996 2210 in
1013 2175 1120 2226 qua
1142 2158 1434 2229 Gregorius
1457 2157 1547 2211 ΥΠ
1572 2175 1784 2228 perma-

199 2243 377 2307 nebat,
391 2259 706 2326 conversus
731 2262 856 2300 cum
878 2263 998 2301 eam
1024 2248 1225 2302 acriter
1253 2258 1487 2318 urgeret,
1512 2248 1690 2304 eilecit
1724 2257 1784 2303 ut

198 2327 442 2404 pontifex
480 2345 706 2392 coactus
742 2336 1038 2394 Robertum
1083 2339 1442 2394 Guiscardum
1492 2356 1616 2396 cum
1665 2356 1783 2395 ma-

200 2427 346 2481 ximo
390 2426 861 2486 Nortmannorum
905 2432 1149 2487 exercitu
1197 2432 1251 2486 in
1296 2432 1560 2488 auxilium
1623 2449 1785 2489 suum

199 2518 472 2585 evocarit,
535 2521 694 2590 cujus
765 2521 1000 2577 adventu
1071 2523 1366 2592 imperator
1421 2524 1784 2593 perterritus,

203 2603 343 2661 Urbe
363 2622 494 2660 cum
519 2607 772 2678 antipapa
797 2609 1026 2681 aufugit.
1043 2609 1310 2666 Robcrtus
1329 2626 1492 2682 porro
1511 2611 1565 2665 in
1590 2611 1785 2667 Urbem

201 2697 447 2761 veniens,
481 2696 802 2769 Gregorium
825 2716 948 2755 arce
973 2701 1226 2755 eductum
1251 2716 1363 2756 suae
1393 2701 1508 2756 sedi
1535 2700 1788 2755 Laterani

203 2788 473 2855 restituit;
498 2789 593 2844 sed
615 2791 843 2846 audiens
868 2792 1271 2862 imperatorem,
1299 2809 1461 2863 quem
1490 2792 1634 2848 Urbe
1659 2793 1791 2848 ellu-

201 2887 444 2946 gaverat,
483 2881 751 2948 reparatis
781 2897 848 2936 ex
888 2881 1085 2937 Tuscia
1121 2891 1176 2937 et
1209 2881 1538 2938 Lombardia
1579 2883 1790 2938 viribus

201 2983 321 3021 eum
355 2969 618 3040 antipapa
643 2970 872 3027 Romam
898 2973 1116 3037 reverti,
1133 2973 1403 3042 simulque
1416 2972 1789 3028 Romanorum

200 3060 630 3116 inconstantiam
663 3063 1222 3132 veritus,pontiticem
1258 3079 1324 3118 ex
1360 3061 1504 3118 Urbe
1533 3064 1788 3119 eductum

200 3165 386 3204 secum
427 3149 719 3206 Salernum
742 3153 930 3206 urbem
957 3153 1378 3208 munitissimam
1414 3154 1692 3224 perduxit,
1732 3162 1792 3208 ut

1882 1985 2072 2026 omnes
2106 1968 2377 2038 principes
2407 1969 2659 2038 praecipui
2704 1968 2802 2022 zeli
2834 1985 2898 2022 ac
2943 1969 3281 2024 auctoritatis
3323 1975 3460 2030 erat,

1882 2062 2094 2127 orbata,
2130 2061 2373 2115 dolorem
2407 2077 2515 2114 non
2542 2061 2818 2115 modicum
2842 2059 3032 2115 sensit.
3059 2058 3182 2114 Fuit
3205 2058 3352 2113 enim
3377 2057 3465 2111 hic

1881 2153 2125 2225 pontifex
2174 2153 2252 2206 vir
2294 2153 2776 2218 constantissimus,
2814 2153 2941 2205 recti
2990 2151 3246 2221 propositi
3284 2157 3462 2212 tenax,

1882 2254 1931 2301 et
1961 2246 2051 2316 qui
2083 2263 2114 2298 a
2143 2253 2283 2299 recta
2320 2246 2401 2298 via
2430 2261 2520 2298 nec
2552 2244 2729 2310 minis,
2760 2260 2850 2298 nec
2884 2243 3123 2313 precibus
3151 2257 3380 2311 unquam
3405 2257 3466 2293 ne

1883 2338 2052 2394 latum
2098 2338 2328 2409 quidem,
2386 2345 2444 2392 ut
2471 2337 2688 2404 dicitur,
2727 2353 2950 2408 unguem
2986 2335 3246 2390 discessit.
3294 2333 3468 2387 Homo

1885 2430 2090 2500 antiqui
2124 2428 2369 2499 exciitpli,
2392 2438 2440 2482 et
2472 2429 2662 2498 priscis
2689 2427 2800 2481 illis
2830 2427 3082 2482 Romanis
3104 2424 3464 2497 pontiﬁcibus,

1885 2523 1974 2593 qui
2009 2522 2214 2575 diversa
2251 2538 2344 2590 pro
2369 2520 2580 2576 Christo
2616 2520 2947 2574 cruciatuum
2975 2535 3162 2592 genera
3184 2513 3464 2588 pertulere,

1888 2613 2307 2683 comparandus,
2336 2612 2536 2678 audax,
2561 2612 2812 2681 prudens,
2849 2618 3058 2677 cautus,
3113 2619 3162 2665 et
3200 2609 3469 2663 maximus

1887 2703 2256 2759 ecclesiastica:
2279 2703 2542 2756 libertatis
2565 2711 2811 2755 assertor.
2828 2699 2964 2755 Huic
2985 2700 3102 2768 uni,
3129 2715 3254 2756 cum
3275 2714 3470 2754 omnes

1884 2795 2098 2863 Latinae
2130 2795 2404 2864 Ecclesia},
2451 2805 2565 2850 tum
2599 2795 2872 2866 praecipue
2912 2794 3158 2850 Romana
3185 2803 3468 2865 acceptum

1891 2890 2098 2945 referre
2132 2889 2320 2956 debet,
2365 2889 2512 2960 quod
2569 2888 2738 2942 libera
2762 2887 2833 2941 sit
2878 2895 2933 2941 et
2973 2888 3043 2942 ab
3078 2887 3467 2956 imperatorum

1892 2997 2057 3036 manu
2089 2989 2266 3046 eruta,
2299 2979 2445 3050 quod
2488 2986 2570 3034 tot
2631 2977 2865 3044 divitiis,
2897 2977 3094 3047 opibus
3138 2985 3192 3031 et
3241 2975 3472 3046 profana

1892 3068 2099 3123 ditione
2124 3067 2478 3138 locupletata;
2505 3067 2652 3138 quod
2687 3066 2925 3136 regibus,
2950 3065 3389 3136 imperatoribus,
3418 3072 3476 3117 et

1896 3158 2152 3213 omnibus
2179 3157 2506 3214 Christianis
2540 3157 2876 3228 principibus
2898 3156 2970 3211 sit
2998 3154 3277 3227 praefecta;
3301 3170 3332 3210 a
3360 3168 3473 3225 quo

201 3241 420 3318 ibidem,
448 3258 739 3313 quousque
761 3259 865 3313 pax
879 3244 1102 3298 daretur
1124 3243 1401 3311 Ecclesim,
1426 3255 1786 3314 permaneret.
1818 3245 1858 3302 C
1889 3255 2191 3323 postremo,
2219 3257 2281 3302 ut
2321 3248 2505 3302 omnia
2549 3247 2718 3301 verbo
2746 3260 2861 3300 uno
2891 3245 3246 3316 complectar,
3291 3244 3469 3298 maxi-

202 3330 322 3398 Ubi,
360 3341 480 3387 toto
525 3349 672 3387 anno
719 3334 854 3388 1081
884 3341 939 3389 et
975 3342 1130 3404 parte
1165 3336 1294 3389 anni
1333 3333 1471 3388 1085
1509 3350 1684 3405 usque
1719 3335 1787 3390 ad

202 3427 340 3481 diem
375 3427 578 3482 mortis
611 3443 725 3482 sua:
765 3436 1136 3484 commoratus
1178 3437 1282 3494 est,
1337 3443 1462 3482 cum
1498 3428 1792 3498 imperator

203 3526 256 3570 et
287 3518 554 3588 antipapa
593 3517 846 3584 Romam,
876 3534 942 3574 eo
988 3518 1205 3573 interim
1234 3526 1498 3589 tempore,
1533 3528 1588 3575 et
1631 3535 1793 3576 omne

207 3606 459 3664 Ecclesia:
486 3610 881 3678 patrimonium
908 3619 1290 3681 occupassent.

274 3697 491 3763 Quibus
531 3698 690 3754 factis
736 3701 1031 3770 imperator
1064 3700 1120 3753 in
1159 3697 1509 3753 Germaniam
1540 3715 1794 3756 reversus

205 3790 520 3860 antipapam
557 3807 750 3862 magna
786 3808 908 3846 cum
946 3792 1180 3846 militum
1222 3792 1410 3862 copia,
1438 3800 1492 3846 et
1529 3790 1792 3847 Romanis

204 3882 650 3936 commendatum
678 3882 733 3936 in
760 3880 905 3938 Urbe
928 3881 1165 3953 reliquit.

273 3973 436 4027 Anno
469 3973 684 4039 deinde,
723 3974 815 4043 qui
848 3982 1068 4029 secutus
1109 3981 1196 4028 est
1248 3973 1407 4041 1085,
1443 3974 1521 4026 vir
1551 3973 1663 4027 vita
1705 3990 1793 4028 ve—

206 4067 481 4132 nerabilis,
511 4055 978 4135 prudentissimus,
1016 4064 1338 4132 catholicus,
1386 4064 1494 4118 Deo
1524 4060 1794 4132 amabilis,

207 4161 585 4214 hwreticorum
633 4159 854 4212 malleus
902 4159 1224 4229 indefessus,
1266 4157 1614 4212 ecclesiastici
1651 4156 1795 4224 juris

209 4253 506 4321 redemptor
545 4268 609 4304 ac
653 4259 989 4304 conservator
1019 4249 1416 4315 solertissimus,
1450 4253 1797 4316 perpetuaque

208 4343 464 4396 memoria
509 4340 703 4411 dignus
749 4339 1032 4410 Gregorius
1062 4356 1198 4410 papa
1240 4336 1372 4405 VII,
1409 4352 1535 4392 cum
1567 4352 1662 4406 per
1693 4335 1796 4389 ali-

210 4445 338 4509 quot
359 4449 583 4488 menses
613 4433 827 4488 Salerni
870 4431 1082 4498 fuisset,
1110 4447 1305 4502 magna
1339 4429 1516 4484 morbi
1543 4427 1594 4482 vi
1621 4427 1795 4499 premi

212 4525 391 4594 cmpit,
420 4523 711 4594 exitusque
741 4522 810 4576 de
841 4522 947 4576 hoc
987 4521 1190 4575 mundo
1217 4529 1428 4590 tempus
1464 4518 1568 4574 sibi
1603 4518 1793 4574 adesse

215 4632 570 4687 cognoscens,
621 4624 750 4669 ante
790 4613 1010 4668 tertium
1047 4613 1132 4668 sui
1171 4612 1354 4668 obitus
1389 4611 1534 4666 diem
1575 4619 1798 4682 rogatus

217 4708 279 4760 ab
321 4706 596 4776 episcopis
638 4714 692 4759 et
721 4702 1116 4769 cardinalibus,
1164 4701 1258 4773 qui
1306 4699 1444 4755 forte
1490 4709 1621 4754 tunc
1671 4715 1795 4754 eum

215 4791 404 4853 abbate
451 4795 770 4853 Cassinensi
817 4793 1098 4849 Desiderio
1130 4793 1384 4858 aderant,
1423 4791 1552 4861 quid
1586 4791 1651 4845 de
1684 4790 1796 4844 Ro«

216 4907 390 4946 mana:
418 4891 562 4946 sedis
595 4900 720 4961 post
753 4888 967 4944 obitum
1002 4902 1163 4942 suum
1187 4884 1531 4940 ordinatione
1557 4883 1794 4954 juberet,

217 5001 405 5040 omnes
430 4985 678 5040 hortatus
721 4991 811 5038 est
857 4992 918 5033 ut
954 4979 1141 5049 procul
1170 4977 1338 5034 dubio
1370 4990 1572 5030 novum
1620 4976 1674 5029 in
1709 4973 1796 5030 sui

217 5076 396 5129 locum
440 5075 751 5144 pontificem
809 5079 1088 5135 crearent,
1130 5068 1498 5135 omnibusque
1541 5067 1793 5123 abbatem

129 5195 136 5204 -
216 5164 548 5224 Desiderium
575 5161 875 5236 proposuit
908 5169 1058 5214 tanto
1091 5158 1302 5216 muneri
1342 5171 1551 5225 parem.
1593 5157 1798 5213 Praeter

212 5257 271 5311 ‘d
297 5256 457 5323 enim,
479 5257 623 5328 quod
652 5257 699 5312 is
730 5253 792 5308 S.
835 5250 901 5303 R.
929 5249 986 5303 E.
1012 5251 1286 5324 presbyter
1309 5247 1608 5305 cardinalis
1631 5257 1795 5315 esset,

1892 3353 2017 3394 mus
2042 3337 2144 3393 iste
2164 3336 2506 3407 eximiusque
2531 3344 2725 3402 status,
2754 3335 2809 3388 in
2833 3349 2948 3405 quo
2965 3333 3202 3390 Ecclesia
3223 3332 3470 3389 Romana

1890 3444 1975 3490 est
2017 3435 2263 3490 omnium
2314 3433 2756 3488 Christianorum
2803 3431 3053 3497 domina;
3100 3445 3225 3484 cum
3275 3437 3472 3494 antea,

1891 3533 2154 3595 tanquam
2182 3523 2308 3578 vilis
2333 3522 2549 3588 ancilla,
2582 3537 2693 3577 non
2740 3521 2809 3575 ab
2837 3519 3255 3589 imperatoribus
3284 3517 3469 3582 modo,

1891 3615 1987 3674 sed
2010 3631 2041 3670 a
2073 3614 2267 3685 quovis
2297 3612 2541 3683 principe
2567 3610 2798 3666 Romani
2840 3607 3186 3680 imperatoris
3209 3605 3476 3678 praesidiis

1892 3705 2054 3773 fulto,
2099 3713 2455 3776 premeretur,
2489 3703 2558 3773 ab
2601 3703 2706 3757 hoc
2750 3700 2989 3756 maxime
3035 3699 3201 3766 illius,
3233 3705 3288 3753 et
3325 3695 3477 3752 omni

1893 3795 2093 3853 saeculo
2120 3793 2415 3849 tremenda:
2444 3791 2878 3862 V'enerandzeque
2914 3787 3147 3842 Romani
3177 3785 3474 3858 pontificis,

1893 3899 1950 3947 et
1994 3889 2218 3945 infinitae
2262 3903 2398 3958 pene
2447 3885 2734 3956 potestatis
2765 3884 2856 3954 jus
2887 3881 3146 3937 manavit.
3194 3879 3332 3936 Nam
3373 3878 3479 3935 etsi

1861 3990 2020 4050 tante
2061 3980 2292 4035 Romani
2334 3977 2620 4048 pontiﬁces
2668 3983 2932 4045 tanquam
2980 3971 3258 4043 religionis
3309 3969 3474 4025 Chri-

1895 4071 2088 4127 stianae
2122 4069 2298 4138 capita
2321 4067 2634 4146 Ghristique
2661 4063 2850 4120 vicarii
2875 4069 2927 4118 et
2949 4061 3096 4117 Petri
3133 4071 3478 4118 successores

1897 4160 2225 4223 colerentur,
2256 4173 2365 4211 non
2402 4165 2585 4210 tamen
2627 4170 2818 4210 eorum
2845 4152 3144 4208 auctoritas
3174 4151 3317 4206 ultra
3350 4164 3478 4220 pro-

1900 4250 2218 4306 tendebatur
2242 4263 2412 4318 quam
2441 4245 2495 4299 in
2518 4244 2642 4300 fidei
2671 4243 3018 4314 dogmatibus
3047 4242 3134 4297 vel
3164 4239 3476 4296 asserendis

1897 4342 1977 4398 vel
2003 4341 2236 4396 tuendis.
2271 4340 2540 4393 Caeterum
2568 4335 2986 4407 imperatoribus
3012 4333 3273 4389 suberant
3293 4329 3473 4402 (278);

1897 4433 1966 4488 ad
2010 4446 2200 4486 eorum
2235 4439 2429 4484 nutum
2473 4427 2658 4484 omnia
2701 4426 2904 4481 fiebant
2935 4443 2949 4480 :
2994 4424 3065 4479 ab
3102 4423 3182 4479 eis
3215 4421 3480 4478 creaban-

1898 4534 2028 4580 tur:
2063 4523 2130 4578 de
2156 4522 2235 4576 eis
2256 4521 2536 4591 judicare,
2575 4519 2662 4574 vel
2691 4518 2992 4589 quidquam
3033 4516 3330 4571 decernere
3362 4527 3476 4568 non

1825 4582 1875 4642 θ
1903 4613 2140 4670 audebat
2160 4582 2300 4682 pap'a
2326 4582 2609 4667 Romanus
2653 4582 2825 4680 (2:79).
2842 4582 3077 4663 -Primus
3098 4605 3343 4661 omnium
3370 4603 3482 4658 Ro-

1901 4721 2194 4762 manorum
2239 4703 2558 4774 pontificum
2601 4700 2897 4772 Gregorius
2929 4697 3052 4762 Vll,
3102 4696 3272 4752 armis
3314 4692 3481 4750 Nort-

1901 4813 2231 4854 mannorum
2265 4795 2458 4863 fretus,
2486 4794 2682 4866 opibus
2713 4790 3008 4848 comitissae
3037 4785 3332 4852 Mathildis,
3356 4801 3482 4863 mu-

1901 4887 2049 4943 lieris
2082 4903 2180 4958 per
2213 4886 2422 4941 italiam
2458 4883 2848 4956 potentissimae
2873 4880 3137 4947 confisus,
3179 4875 3486 4933 discordia-

1903 4992 2011 5048 que
2033 4977 2430 5032 Germanorum
2454 4975 2760 5045 principum
2785 4971 2927 5027 bello
2950 4972 3098 5028 civili
3119 4965 3488 5025 laborantium

1900 5068 2298 5132 inflammatus,
2333 5077 2527 5137 praeter
2571 5064 2840 5135 majorum
2882 5078 3127 5130 morem,
3177 5063 3490 5125 contempta

1899 5160 2246 5230 imperatoris
2277 5158 2606 5213 auctoritate
2631 5166 2687 5213 ct
2715 5164 3008 5228 potestate,
3039 5169 3172 5216 eum
3213 5161 3491 5204 summum

1897 5251 2279 5322 pontificatum
2315 5248 2664 5316 obtinuisset,
2707 5247 2983 5304 Caesarem
3016 5252 3226 5323 ipsum,
3253 5253 3286 5293 a
3307 5250 3416 5307 quo
3438 5236 3483 5290 si

3260 5343 3314 5348 __
3370 5326 3483 5348 ΔΞ--
