3962 5348
517 308 622 364 179

1714 308 1772 365 S.
1811 303 2210 365 GREGORIUS
2241 303 2334 359 VII
2369 303 2564 360 PAPA.

3668 298 3769 355 {80

516 425 787 481 nomacho
818 424 1297 491 circumferuntur,
1328 423 1482 495 .nihil
1511 438 1697 480 moror
1727 424 1896 496 (280).
1931 422 2083 478 Unde
2111 424 2157 480 Α
2174 420 2291 490 jam
2312 434 2415 474 non
2434 416 2691 474 secundus
2723 416 2835 485 itte,
2861 416 2951 471 sed
2972 399 3150 471 nullus
3176 420 3274 484 est,
3297 398 3401 471 etc.
3424 413 3576 471 Idem
3595 422 3652 470 et
3678 415 3767 471 alii

517 519 658 574 Otho
718 518 1117 590 Frisingensis,
1172 518 1370 572 horum
1431 526 1738 589 temporum
1810 516 2083 586 scriptor:

516 611 674 683 Lego,
703 612 899 683 inquit,
931 620 982 665 et
1012 610 1180 681 relego
1204 610 1563 665 Romanorum
1588 610 1896 681 pontiﬁcum
1921 616 2087 679 gesta,

515 712 565 755 et
591 718 846 774 nusquam
876 702 1081 756 invenio
1111 700 1338 772 aliquem
1367 717 1548 755 eorum
1575 710 1696 754 ante
1726 700 1859 753 hunc
1889 699 2088 754 Henri-

517 808 635 846 cum
679 810 712 846 a
754 792 988 846 Romano
1024 793 1267 863 pontiﬁce
1290 793 1809 847 excommunicatum‘
1830 790 1907 845 rel
1933 807 2088 863 regno

517 885 801 952 priuatum,
829 892 933 939 etc.

584 973 848 1030 Caeterum
869 991 933 1031 ca
956 991 1077 1047 qua:
1091 977 1292 1032 horum
1310 988 1613 1048 temporum
1646 977 1938 1033 cardinalis
1963 977 2087 1048 qui-

516 1066 641 1121 dam
663 1065 870 1134 Benno,
890 1067 1213 1135 Germanus,
1231 1071 1282 1123 in
1298 1071 1525 1141 gratiam
1541 1070 1883 1141 imperatoris
1897 1077 2089 1125 contra

517 1161 837 1233 Gregorium
853 1160 943 1218 VII
954 1164 1187 1235 scripsit,
1201 1166 1417 1222 animus
1433 1180 1540 1221 non
1555 1174 1638 1221 est
1651 1166 1813 1221 modo
1823 1164 2086 1233 refellere,

516 1254 640 1308 cum
657 1271 746 1311 res
772 1255 900 1326 ipszc
926 1272 1064 1327 quas
1081 1257 1206 1313 huic
1215 1259 1456 1329 pontiﬁci
1478 1258 1685 1329 objicit,
1701 1259 1901 1329 partim
1916 1257 2086 1325 falsae,

517 1344 717 1412 partim
755 1346 1148 1413 ridiculaesiut,
1173 1358 1227 1403 ct
1261 1349 1460 1405 nullius
1488 1348 1750 1405 momenti
1779 1368 1790 1402 :
1831 1348 1918 1404 cui
1949 1356 2087 1417 tum,

516 1434 664 1505 quod
695 1436 873 1493 hostis
899 1438 1199 1494 acerrimus
1220 1439 1461 1510 Gregorii
1485 1456 1636 1511 papae
1660 1439 1841 1509 fuerit,
1872 1449 1987 1495 tum
2024 1455 2090 1496 ex

518 1525 604 1580 his
629 1542 751 1597 quae
778 1527 889 1582 dixi
936 1529 1244 1585 nullatenus
1276 1531 1432 1587 ﬁdem
1479 1532 1839 1588 adhibendam
1871 1548 2095 1590 censeo.

502 1614 691 1672 Meam
728 1619 869 1675 hanc
910 1622 1235 1676 sententiam
1280 1623 1602 1679 conﬁrmare
1636 1633 1866 1694 possunt
1893 1624 2088 1681 horum

519 1715 826 1778 temporum
858 1711 1170 1781 scriptores,
1197 1722 1306 1767 tam
1331 1712 1585 1769 Germani
1626 1730 1791 1784 quam
1822 1713 1962 1781 Itali,
1996 1715 2090 1785 qui

498 1794 583 1851 ~de
613 1796 924 1866 hujusmodi
950 1799 1259 1868 perniciosa
1288 1802 1555 1859 discordia
1582 1810 1699 1858 tum
1729 1818 1793 1859 ex
1821 1803 2088 1872 instituto,

518 1900 633 1946 tum
662 1892 837 1948 obiter
868 1892 1037 1951 libros
1068 1896 1475 1967 conscripsere;
1503 1895 1644 1952 inter
1670 1912 1809 1967 quos
1833 1898 2091 1968 ιη’ωείρυὶ

500 1980 681 2039 ·ί”ιιθι·ε’
697 1983 901 2040 Paulus
918 1983 1329 2042 Bernriedensis
1347 1985 1520 2058 (281),
1545 1988 1826 2059 presbyter
1851 1986 2090 2059 Regino-

518 2073 704 2143 burgi;
731 2072 1010 2132 Gerochus
1034 2073 1572 2149 Reicberspergensis
1608 2079 1895 2148 cpiscopus
1918 2078 2090 2151 (282),

502 2163 844 2221 ‘Lambertus
895 2165 1437 2239 Schat‘fnaburgensis
1480 2168 1933 2226 Hirsenfeldensis
1969 2186 2089 2226 mo-

520 2256 762 2323 nachus,
806 2256 1135 2315 Chunradus
1195 2260 1262 2315 dc
1304 2258 1670 2328 Liechtenaw,
1730 2277 1920 2318 omnes
1958 2261 2092 2318 Ger-

522 2348 691 2403 mani.
729 2348 812 2403 Ex
853 2348 1003 2408 Italis
1056 2350 1183 2407 item
1232 2350 1344 2407 Leo
1389 2349 1753 2421 Marsicanus,
1801 2353 2091 2424 episcopus

520 2435 819 2506 Ostiensis;
845 2438 1089 2497 incertus
1111 2449 1302 2497 auctor
1326 2440 1672 2497 Bibliotheca:
1691 2441 1972 2510 Palatinae,
1996 2440 2094 2514 qui

520 2529 686 2601 hujus
706 2531 978 2601 pontiﬁcis
997 2531 1178 2590 Vitam
1200 2534 1546 2606 conscripsit,
1573 2544 1628 2590 et
1656 2535 1956 2591 novissime
1974 2536 2091 2591 An-

521 2622 728 2681 selmus
757 2619 1046 2696 episcopus
1085 2626 1365 2696 Lucensis,
1393 2627 1638 2699 Gregorii
1674 2630 1846 2700 ipsius
1888 2645 2092 2702 coape-

521 2721 675 2770 rator
706 2715 1040 2784 indefessus;
1071 2717 1165 2790 qui
1196 2719 1430 2791 hymnos
1451 2729 1506 2775 et
1532 2719 1637 2776 alia
1660 2735 1782 2791 quae
1804 2722 1870 2777 de
1899 2719 2092 2778 Salva-

518 2809 659 2867 toris
688 2812 863 2868 nostri
888 2813 1219 2870 cruciatibus
1232 2815 1535 2887 perscripta
1572 2824 1718 2883 sunt,
1743 2817 1810 2872 de
1831 2815 2093 2887 Gregorio

512 2900 645 2973 ipso
683 2903 1070 2976 interpretatus
1105 2915 1208 2975 est,
1245 2908 1472 2980 ejusque
1510 2909 1815 2966 doctrinam
1858 2910 2095 2981 eleganti

521 2994 663 3052 libro
716 2996 977 3068 scriptam
1014 2998 1356 3055 conﬁrmavit
1398 3018 1411 3055 :
1454 3000 1540 3055 vir
1587 3001 1778 3057 litteris
1823 3002 2091 3072 eruditus,

2191 510 2346 565 multi
2374 510 2669 580 scriptores
2695 506 2998 578 prodidere.

2258 600 2549 667 Caeterum,
2585 607 2647 654 ut
2671 600 2813 654 hanc
2843 613 2961 654 rem
2989 599 3158 655 semel
3191 582 3411 665 ﬁniam,
3449 596 3769 668 huiusmodi

2187 707 2377 747 rerum
2408 691 2698 747 occasione
2722 688 3193 760 perniciosissima
3217 687 3432 755 seditio,
3457 694 3513 743 et
3545 686 3769 743 haeresis

2189 786 2435 841 omnium
2466 782 2909 855 pestilentissima
2951 780 3327 839 Christianum
3369 781 3638 853 populum
3666 781 3770 837 hoc

2190 887 2434 949 tempore
2459 876 2696 932 maxime
2716 883 3010 947 pervagata
3050 883 3156 942 est,
3200 882 3256 930 et
3279 872 3430 930 orbis
3474 882 3767 940 terrarum,

2189 970 2236 1026 si
2264 984 2528 1045 unquam,
2557 968 2661 1023 hac
2694 974 3014 1038 tempestate
3044 982 3075 1021 a
3100 965 3321 1022 cardine
3341 965 3619 1021 bellorum»
3638 979 3769 1034 pro-

2176 1063 2337 1119 cellis
2375 1062 2612 1132 iactatus
2664 1066 2783 1140 est;
2828 1066 2884 1113 et
2936 1073 3112 1129 genus
3161 1057 3470 1113 humanum
3523 1056 3770 1125 undique

2188 1168 2469 1209 armorum
2516 1151 2735 1207 turbine
2771 1149 3079 1205 involutum
3135 1147 3280 1217 fuit,
3328 1149 3405 1204 ita
3454 1155 3521 1203 ut
3565 1147 3771 1201 nullius

2189 1243 2500 1300 schismatis
2528 1249 2775 1311 tempore
2805 1240 3058 1312 graviora
3098 1237 3400 1296 Ecclesiam
3432 1237 3676 1310 pericula
3715 1246 3770 1291 et

2188 1331 2527 1393 calamitates
2556 1349 2775 1406 passam
2813 1332 2983 1389 fuisse
3006 1333 3270 1402 legamus.

2257 1427 2521 1499 Gregorio
2548 1425 2641 1481 VII
2661 1425 2934 1496 expedito,
2957 1438 3105 1479 nunc
3135 1408 3260 1495 quis
3281 1422 3535 1477 Clemens
3562 1419 3631 1475 III
3666 1435 3768 1474 an-

2188 1518 2368 1589 tipapa
2402 1517 2584 1584 fuerit,
2615 1523 2672 1574 et
2699 1531 2788 1591 res
2809 1516 2879 1572 ab
2907 1529 2974 1570 eo
2996 1522 3178 1586 gestas
3198 1512 3461 1585 aperiam.

2226 1662 2246 1680 .
2347 1627 2741 1687 CLEMENTIS
2778 1627 2847 1682 lll
2882 1622 3248 1682 ΑΝΤΙΡΑΡᾹΞΞ
3288 1619 3603 1678 ELECTIO.

2261 1720 2515 1777 Clemens
2552 1719 2642 1787 III,
2681 1719 2776 1789 qui
2803 1718 2857 1773 in
2884 1715 3180 1773 schismate
3209 1723 3402 1770 contra
3446 1710 3770 1781 Gregorium

2189 1828 2387 1885 papam
2419 1808 2521 1871 V111
2547 1811 2616 1865 ab
2651 1808 2979 1881 imperatore
3022 1805 3256 1861 llenrico
3285 1801 3353 1857 IV
3386 1810 3447 1856 ut
3475 1800 3625 1871 (283)
3664 1800 3771 1854 im-

2190 1905 2326 1976 perii
2337 1904 2464 1975 jura
2489 1909 2748 1968 tueretur,
2768 1901 3023 1971 antipapa
3045 1903 3260 1953 creatus
3279 1902 3378 1950 est.
3405 1892 3530 1947 Fuit
3552 1891 3773 1945 natione

2130 2038 2153 2053 .
2190 1992 2377 2060 Italus,
2411 1992 2587 2064 patria
2619 1989 2954 2056 Parmensis,
2980 2002 3196 2044 summo
3224 1985 3346 2040 loco
3369 1990 3551 2049 natus,
3588 1997 3657 2036 ex
3692 1981 3774 2035 fa-

2147 2078 2159 2090 ’
2182 2083 2341 2138 "milia
2356 2079 2624 2152 Corrigia,
2641 2096 2763 2151 qua:
2783 2077 2901 2150 ejus
2923 2078 3075 2134 urbis
3097 2074 3389 2146 aliquando
3404 2071 3771 2143 principatum

2191 2173 2386 2241 tenuit,
2435 2172 2732 2229 Guibertus
2787 2178 2948 2226 antea
2994 2176 3255 2227 voc-allisa
3285 2163 3385 2219 llic
3438 2162 3775 2218 ab'ineunte

2189 2274 2349 2321 actate
2392 2265 2459 2320 ad
2492 2263 2705 2319 curiam
2746 2261 3095 2333 imperatoris
3143 2259 3288 2332 (qua:
3338 2252 3775 2312 sacerdotiorum

2190 2353 2701 2424 consequendorum
2744 2364 2910 2405 causa
2954 2348 3128 2420 (284),
3180 2355 3242 2400 ut
3282 2352 3476 2400 nostro
3528 2352 3776 2412 tempore

2191 2442 2378 2500 Romae
2401 2457 2523 2498 mos
2544 2449 2648 2509 est,
2672 2448 2802 2496 tunc
2829 2455 2893 2495 ex
2920 2446 3033 2494 toto
3054 2437 3185 2493 orbe
3208 2445 3473 2491 terrarum
3510 2431 3773 2502 frequen.-

2191 2536 2466 2605 tabatur),
2514 2542 2576 2591 ut
2623 2532 2899 2589 fortunam
2933 2540 3091 2588 suam
3121 2528 3477 2600 experiretur,
3522 2522 3773 2590 accessit,

2190 2624 2486 2681 Chunrado
2519 2621 2740 2679 Henrici
2788 2619 2855 2674 Ill
2897 2628 3050 2690 patre
3102 2631 3291 2673 rerum
3336 2615 3597 2688 potiente.
3633 2611 3774 2667 Cum

2192 2723 2373 2770 autem
2424 2713 2740 2769 adolescens
2791 2709 3056 2765 evasisset
3104 2706 3352 2779 ingenio,
3401 2703 3661 2759 facundia
3718 2711 3777 2756 ct

2191 2806 2478 2877 prudentia
2503 2804 2683 2859 clarus
2706 2810 2761 2858 et
2792 2799 3073 2856 nobilitate
3100 2797 3410 2870 praecipuus
3454 2795 3770 2859 haberetur,

2192 2896 2458 2969 paulatim
2504 2895 2563 2951 in
2604 2893 2836 2967 gratiam
2892 2891 3109 2947 Henrici
3152 2888 3220 2945 Ill
3262 2887 3537 2960 pervenit;
3588 2902 3620 2940 a
3664 2901 3775 2955 quo

2194 2987 2577 3061 permagniﬁce
2624 3001 2839 3056 semper
2883 2991 3147 3040 tractatus
3192 2990 3294 3037 est.
3344 2978 3501 3049 Apud
3544 2993 3775 3031 uxorem

523 3087 742 3160 ingenio
777 3066 1156 3159 acutissimus,
1203 3091 1455 3150 facundia
1479 3095 1784 3166 praecipuus
1802 3138 1817 3163 ,
1854 3104 1908 3151 et
1946 3066 2092 3167 quod
2125 3115 2167 3172 ο
2196 3094 2329 3135 vero
2359 3078 2477 3149 eius
2503 3076 2763 3172 Αεηίῖιθιξι
2794 3082 3005 3172 fanum}
3031 3072 3304 3172 8Γ³ιίῆἱοξ
3329 3066 3654 3167 Memmii“?
3678 3082 3773 3119 ντί-

524 3181 782 3265 omnibus
803 3182 981 3253 majus
1006 3191 1110 3249 est,
1147 3184 1200 3238 in
1225 3183 1321 3239 Dei
1344 3184 1538 3241 timore
1564 3195 1619 3241 et
1653 3195 1842 3243 sancta
1863 3203 2095 3243 conver-

523 3272 736 3328 satione
757 3272 1160 3340 celeberrimus,
1207 3271 1281 3330 ita
1307 3284 1368 3329 ut
1398 3283 1518 3331 tam
1544 3275 1598 3331 in
1631 3274 1740 3332 vita
1781 3292 1946 3348 quam
1975 3286 2101 3350 post

525 3361 1063 3420 mortem‘miraculis
1097 3363 1360 3421 claruisse
1394 3374 1744 3421 memoretur.

602 3452 651 3510 Is
673 3454 917 3512 scribens
953 3455 1018 3537 ad
1047 3456 1356 3528 antipapam
1386 3457 1704 3514 Guibertum
1732 3458 2015 3531 epistolam
2042 3459 2099 3515 i‘n

529 3559 637 3614 qua
662 3544 812 3600 illum
838 3546 1308 3617 praevaricatorem
1335 3563 1399 3603 ac
1425 3547 1717 3620 superbum
1739 3556 1915 3617 vocat,
1937 3558 2101 3620 atque

518 3635 672 3691 inter
722 3636 833 3713 alia
858 3656 885 3692 τ
912 3636 1161 3709 Ηίένςο,
1206 3638 1402 3710 inquit,
1433 3639 1502 3693 de
1542 3639 1691 3694 beato
1720 3638 1884 3696 Patre
1922 3649 2099 3694 nostra

533 3725 786 3798 Gregorio
816 3727 1026 3794 dicam,
1066 3730 1203 3800 quod
1251 3730 1314 3784 de
1354 3729 1599 3786 Cornelio
1649 3731 1864 3802 scripsit
1894 3731 2100 3786 beatus

534 3818 830 3890 Cyprianus
863 3818 1114 3874 :-Factus
1157 3830 1233 3876 est
1268 3820 1560 3894 Gregorius
1598 3823 1867 3894 episcopus
1907 3823 1971 3877 de
2004 3821 2103 3877 Dei

532 3917 582 3962 et
637 3908 838 3964 Christi
886 3908 1000 3979 ejus
1030 3909 1272 3980 judicio,
1312 3913 1375 3966 de
1430 3913 1739 3968 clericorum
1800 3930 1926 3985 pene
1985 3930 2103 3969 om-

534 3999 700 4065 nium,
741 4010 811 4067 et,
863 4009 922 4054 ut
966 4002 1136 4055 verius
1165 4002 1358 4069 dicam,
1396 4005 1653 4059 omnium.
1676 4006 2006 4072 testimonio,
2041 4004 2106 4059 de

534 4088 720 4156 plebis,
753 4105 870 4161 qua
898 4085 1022 4144 tunc
1045 4090 1251 4158 aderat,
1278 4093 1554 4166 suffragio,
1577 4095 1641 4149 de
1660 4094 1989 4148 sacerdotum
2010 4094 2104 4148 bo-

534 4195 724 4234 norum
765 4181 996 4236 virorum
1037 4190 1089 4236 et
1126 4184 1466 4255 antiquorum
1505 4183 1753 4256 collegio,
1801 4201 1918 4240 cum
1959 4201 2106 4239 nemo

528 4278 659 4325 ante
683 4264 741 4324 se
760 4271 932 4340 factus
951 4281 1113 4338 esset;
1146 4289 1262 4326 cum
1286 4272 1575 4330 Alexandri
1597 4274 1763 4341 locus,
1781 4275 1838 4328 id
1858 4283 1937 4327 est
1957 4273 2107 4328 Petri

535 4360 702 4427 locus,
730 4370 781 4414 et
813 4361 1009 4432 gradus
1050 4363 1310 4419 cathedra:
1342 4365 1686 4419 sacerdotalis
1728 4375 1967 4428 vacaret;
2007 4379 2106 4435 quo

2199 3170 2320 3236 luit,
2348 3177 2409 3223 ut
2437 3168 2615 3238 ipsum
2640 3163 2812 3219 Italici
2844 3162 2996 3234 regni
3021 3158 3403 3217 cancellarium
3434 3156 3611 3212 creari
3650 3169 3776 3226 pro-

2199 3261 2424 3320 curarit.
2457 3258 2595 3314 Eum
2617 3256 2763 3313 enim
2789 3255 3098 3327 providum,
3132 3260 3415 3308 strenuum
3456 3256 3511 3303 et
3531 3248 3772 3317 pruden-

2137 3384 2150 3393 -
2197 3362 2310 3409 tem
2333 3351 2511 3407 virum
2536 3348 2592 3402 in
2618 3346 2806 3403 multis
2831 3343 3019 3400 arduis
3047 3341 3280 3413 negotiis
3317 3345 3539 3409 experta
3576 3335 3771 3390 fuerat.

2199 3443 2320 3512 Quo
2354 3452 2599 3511 tempore
2639 3437 2708 3492 ad
2737 3436 2856 3507 ejus
2883 3443 3098 3501 nutum,
3141 3441 3196 3487 et
3228 3431 3563 3486 voluntatem
3598 3436 3773 3486 totum

2199 3535 2413 3608 imperii
2462 3530 2680 3603 pondus
2722 3528 3071 3595 vertebatur;
3110 3526 3167 3580 in
3207 3537 3318 3595 quo
3354 3535 3582 3577 munere
3626 3517 3775 3573 ch-

2201 3632 2317 3688 rico
2347 3628 2416 3684 111
2435 3627 2650 3684 Caesare
2678 3622 2943 3679 Cadolum
2968 3619 3361 3677 Pallavicinum
3383 3616 3439 3670 in
3480 3614 3778 3672 schismate

2200 3730 2392 3780 contra
2426 3715 2796 3773 Alexandrum
2831 3712 2878 3768 II
2912 3712 3220 3786 pontiﬁcem
3255 3716 3499 3765 creatum
3538 3704 3780 3760 maxime

2202 3813 2356 3880 fovit,
2368 3818 2444 3878 et,
2467 3809 2599 3865 dum
2626 3806 2825 3879 potuit,
2848 3805 2903 3859 in
2933 3801 3211 3875 pontiﬁcia
3240 3800 3500 3871 dignitate
3518 3794 3777 3867 protexit.

2271 3903 2541 3960 Casterum
2571 3898 2779 3969 Agncte
2810 3893 3157 3967 imperatrice
3192 3908 3222 3947 a
3254 3903 3442 3945 rerum
3477 3902 3615 3942 cura
3642 3886 3780 3940 sub-

2204 4004 2353 4052 mota
2372 4037 2386 4064 ,
2424 3992 2623 4064 quibus
2652 3989 2742 4044 diu
2787 3996 2913 4059 post
2942 3985 3162 4041 Henrici
3188 3981 3257 4036 Ill
3290 3978 3473 4036 mariti
3509 3976 3598 4032 sui
3628 3990 3781 4031 mor-

2206 4101 2339 4157 tem,
2374 4085 2522 4160 quod
2549 4098 2683 4155 puer
2717 4090 2835 4137 erat
2865 4080 3044 4135 adhuc
3079 4078 3099 4133 f
3116 4078 3226 4131 lius
3255 4074 3376 4146 ejus
3409 4070 3601 4126 Ctesar
3626 4066 3779 4123 Hen-

2206 4182 2390 4248 ricus,
2447 4174 2782 4248 praefuerat;
2836 4188 2963 4228 cum
3017 4169 3361 4239 negotiorum
3415 4160 3783 4232 imperialium

2208 4286 2416 4331 morem
2441 4266 2787 4323 tractandum
2809 4279 2909 4336 pro
2942 4279 3068 4334 rege
3104 4274 3272 4331 puero
3292 4257 3453 4312 Anno
3484 4253 3784 4308 Colonien-

2208 4364 2285 4419 sis
2335 4360 2781 4429 archiepiscopus
2811 4371 2878 4410 ex
2919 4353 3229 4426 principum
3262 4361 3541 4404 consensu
3589 4358 3783 4399 susce-

530 4456 793 4523 ‘occupato
834 4452 891 4505 in
937 4451 1038 4506 Dei
1082 4453 1367 4522 voluntate,
1406 4465 1561 4526 atque
1594 4455 1828 4507 omnium
1870 4460 2109 4506 nostrum
2137 4466 2183 4520 ι)
2208 4456 2398 4526 pisset,
2435 4451 2731 4507 Guibertus
2767 4446 2944 4503 oﬂicio
2990 4461 3092 4501 suo
3127 4443 3377 4516 privatus
3411 4447 3526 4503 est;
3564 4435 3787 4491 Vercel-

514 4556 793 4611 .‘consensu
844 4543 1112 4609 ordinato,
1161 4548 1397 4618 quisquis
1428 4548 1545 4616 jam
1582 4545 1853 4616 episcopus
1886 4543 2110 4598 voluerit

528 4635 682 4703 ﬁeri,
714 4634 861 4704 foras
895 4636 1011 4705 ﬁeri
1041 4652 1239 4709 necesse
1279 4648 1354 4692 est
1365 4654 1385 4703 ;
1417 4653 1519 4690 non
1560 4634 1748 4689 habeat
1789 4633 2111 4688 ecclesiasti-

526 4736 661 4780 ‘cam
688 4725 1092 4792 ordinationem,
1131 4728 1220 4797 qui
1260 4725 1513 4781 Ecclesia:
1535 4740 1646 4779 non
1674 4732 1809 4778 tenet
1830 4722 2106 4787 unitatem,

528 4817 781 4889 'quisquis
815 4815 906 4870 ille
936 4817 1115 4883 fuerit,
1142 4816 1264 4871 licet
1292 4815 1514 4870 multum
1548 4816 1612 4869 de
1644 4831 1698 4868 se
1723 4813 1958 4883 jactans,
2007 4810 2109 4864 sibi

534 4908 831 4978 plurimum
866 4907 1156 4973 vindicans,
1181 4907 1435 4976 profanus
1474 4915 1571 4972 est,
1603 4904 1808 4959 alienus
1839 4909 1935 4967 est,
1976 4899 2108 4969 foris

452 5018 464 5041 ι
537 5004 653 5064 'rst;
683 5009 734 5053 et
766 5015 885 5053 cum
916 5007 1033 5069 post
1073 4999 1301 5068 primum
1339 4997 1596 5051 secundus
1625 5012 1736 5050 esse
1776 5009 1878 5047 non
1913 4990 2108 5061 possit,

540 5092 778 5167 quisquis
810 5101 925 5162 post
952 5105 1136 5157 unum,
1172 5090 1262 5159 qui
1299 5088 1441 5142 solus
1475 5089 1620 5143 debet
1646 5103 1773 5153 esse,
1798 5087 1969 5157 factus
2011 5098 2108 5148 est.

618 5248 767 5348 Si???)

543 5328 693 5348 “Anii

822 5246 942 5303 Non
992 5255 1123 5303 sunt
1164 5244 1378 5298 fabulae.
1436 5238 1753 5314 LegeBell.
1806 5245 1900 5300 lib.
1955 5262 1995 5300 ιι
2036 5245 2113 5302 De

810 5335 906 5348 ,ιη-ι
976 5317 1043 5348 ‘0
1108 5324 1158 5348 nt
1210 5314 1284 5348 ΙίΙὶ
1345 5328 1404 5348 In
1447 5313 1549 5348 (una
1602 5313 1637 5348 ε)
1708 5313 1841 5348 Villa
1883 5331 2005 5348 num
2045 5318 2110 5348 «nl

2208 4546 2347 4602 lcnsi
2372 4543 2448 4599 illi
2471 4542 2727 4613 episcopo
2758 4539 3075 4610 subrogato,
3099 4551 3224 4591 cum
3246 4532 3548 4588 multorum
3569 4527 3786 4598 imperii

2208 4649 2494 4708 procerum
2517 4632 2776 4686 invidiam
2798 4629 2868 4683 ob
2886 4627 3142 4682 virtutem
3168 4617 3785 4683 contraxissetNerum,

2209 4745 2336 4786 cum
2375 4725 2645 4781 Henricus
2677 4722 2862 4777 Ctesar
2919 4719 3240 4774 adolescens
3273 4731 3304 4771 c
3337 4722 3583 4768 tutorum
3626 4718 3787 4780 pote-

2210 4826 2350 4875 state
2381 4804 2631 4878 cxiisset,
2651 4812 2868 4882 cognita
2895 4808 3142 4865 Guiberti
3167 4804 3437 4861 industria
3470 4810 3527 4858 et
3559 4802 3783 4865 virtute,

2210 4923 2338 4963 eum
2373 4905 2515 4959 inter
2545 4902 2768 4957 intimos
2797 4899 3023 4965 amicos,
3049 4907 3104 4953 et
3133 4893 3486 4952 consiliarios
3518 4906 3657 4947 suos
3691 4904 3786 4944 ac-

2211 4999 2341 5054 civit
2374 5016 2388 5065 ;
2417 5004 2473 5052 et
2504 5010 2615 5050 non
2638 4993 2809 5064 longe
2843 4999 2970 5063 post
2995 4988 3471 5059 archiepiscopum
3497 4982 3790 5065 Ravenna-

2212 5085 2681 5159 tem-designavit.
2729 5081 2946 5138 Mortuo
2990 5079 3300 5141 Alexandro
3340 5074 3386 5130 ll
3423 5090 3524 5146 per
3566 5071 3789 5145 aliquod

2209 5244 2396 5311 bunal,
2418 5243 2474 5300 in
2491 5243 2613 5299 aula
2627 5238 2986 5312 illegitimum,
2998 5235 3298 5312 praesertim
3307 5231 3593 5312 cumaea
3603 5229 3789 5284 omnia

2211 5301 2396 5348 :monne'
2433 5315 2642 5348 unnnlin
2695 5301 3016 5348 ἀξενίαν-απὸ-
3041 5307 3316 5348 Simnnpm
3348 5312 3403 5348 et
3435 5301 3587 5348 Giezi
3628 5313 3789 5348 nemo
