3962 5348
196 270 290 326 i8!
1027 314 1061 341 ,

1170 274 1704 333 PROLEGOMENA.
1742 307 1811 317 -
1848 274 2029 331 ACTA
2061 275 2116 328 S.
2154 272 2499 330 GREGORII.

3354 271 3458 327 182

193 399 412 459 tempus
442 389 501 445 in
539 389 718 446 oﬁlcio
750 393 1072 461 permansit,
1099 402 1154 447 et
1177 393 1440 465 Gregorio
1460 392 1580 460 VII,
1615 393 1708 464 qui
1738 392 1787 447 ei
1818 395 1861 449 A
1889 399 1947 445 ut
1976 391 2091 460 ipse
2113 390 2345 455 dicebat,
2371 397 2616 456 coactus,
2636 388 2899 457 ascendit,
2917 395 2971 443 et
2994 391 3169 444 tribus
3200 387 3302 443 sibi
3319 387 3461 442 invi-

191 493 584 550 successerat,
617 484 837 554 |paruit.
877 483 1017 539 Cum
1044 500 1176 539 vero
1200 486 1322 556 ejus
1358 487 1428 541 ab
1455 486 1783 558 imperatore

194 571 361 628 animi
383 574 781 630 alienationem
805 576 1182 647 cognovisset,
1208 578 1494 647 pontiﬁce,
1527 578 1615 633 cui
1650 578 1783 633 obe-

195 662 460 719 dientiam
495 665 860 734 praestiterat,
902 667 1153 736 prodito,
1190 668 1257 721 ad
1298 668 1681 738 imperatorem
1725 683 1785 724 se

176 753 449 820 «contulit,
481 770 726 827 eumque
753 758 1108 812 vehementer
1142 759 1442 814 ambitione
1480 758 1785 814 inﬂamma-

164 868 167 871 ν
197 852 306 910 tus,
328 853 531 900 contra
554 861 752 918 papam
776 846 1099 919 Gregorium
1128 849 1442 904 concitavit.
1477 847 1598 917 Quo
1627 856 1782 919 post-

194 950 346 991 remo
383 934 632 992 Brixinre
662 953 730 992 ex
768 938 1116 1009 imperatoris
1179 939 1506 996 auctoritate
1564 938 1784 1009 pontiﬁ-

194 1038 316 1085 catu
348 1028 590 1099 privato,
621 1047 769 1087 anno
800 1032 959 1100 1084,
998 1033 1347 1103 pontiﬁcatus
1373 1032 1617 1103 ejusdem
1646 1031 1781 1087 Gre-

197 1118 334 1189 gorii
360 1117 487 1187 VII,
521 1120 823 1178 Guibertus
850 1123 964 1193 ipse
1003 1123 1350 1194 imperatoris
1376 1124 1537 1194 jussu
1560 1139 1633 1177 vn
1662 1121 1781 1177 Kal.

195 1208 343 1278 Julii,
380 1212 688 1269 indictione
721 1215 773 1281 5,
795 1215 864 1269 ab
889 1213 1163 1285 episcopis
1200 1214 1295 1285 qui
1334 1215 1387 1269 in
1419 1229 1485 1269 eo
1511 1222 1783 1269 conventu

195 1302 461 1371 aierant,
508 1305 688 1377 eidem
735 1306 981 1378 pontiﬁci
1032 1306 1363 1377 subrogatus
1400 1315 1517 1373 est,
1561 1315 1615 1360 ct
1656 1304 1783 1361 Cle-

195 1410 351 1450 mens
379 1394 449 1447 lll
484 1398 825 1467 appellatus;
858 1399 955 1469 qui
996 1399 1050 1453 in
1088 1399 1386 1454 schismate
1419 1406 1611 1454 contra
1644 1396 1781 1453 Gre-

195 1486 414 1555 gorium
450 1486 578 1554 Vl],
608 1488 887 1545 Victorem
923 1489 1023 1558 lll,
1058 1489 1342 1545 Urbanum
1374 1489 1417 1544 ll
1446 1499 1501 1545 et
1537 1488 1782 1545 Pascha-

196 1576 301 1631 lem
338 1576 419 1642 ll,
464 1579 608 1635 sedit
641 1597 820 1636 annos
860 1583 982 1652 plus
1015 1582 1201 1637 minus
1240 1597 1365 1648 xxx,
1403 1597 1549 1638 anno
1586 1581 1783 1638 deinde

200 1667 359 1735 l08i,
393 1668 585 1727 Roma:
613 1688 671 1726 xi
699 1671 831 1728 Kal-
846 1673 1078 1744 Aprilis,
1107 1674 1196 1729 die
1240 1672 1524 1729 Dominico
1560 1672 1778 1729 Palma-

1886 498 2003 537 ccm
2037 480 2455 538 succedentibus
2481 479 2778 550 supervixit
2805 498 2818 533 :
2846 480 3079 535 extorris
3099 479 3192 536 diu
3228 488 3463 551 utraque

1884 573 2031 638 sede,
2064 582 2121 628 et
2148 572 2395 627 Romana
2416 582 2471 628 et
2494 572 2827 634 Ravennate.
2852 574 3091 639 malens,
3124 581 3186 628 ut
3204 588 3346 643 saepe
3376 572 3460 628 di-

1882 680 2008 719 cere
2054 665 2253 720 solitus
2299 674 2450 733 erat,
2502 680 2562 720 se
2600 666 2886 735 apostolici
2925 652 3125 721 nomen
3176 681 3461 737 nunquam

1884 755 2208 825 suscepisse.
2257 756 2428 825 Cujus
2464 756 2696 811 cadaver
2729 757 3075 826 postmodum
3099 798 3113 823 ,
3156 772 3288 827 pace
3321 756 3463 811 inter

1885 844 2179 903 llenricum
2213 844 2254 898 ν
2301 854 2355 901 et
2412 844 2736 901 Pasclialcm
2774 845 2816 898 ll
2855 848 3030 912 tacta,
3073 847 3139 901 de
3175 847 3459 917 sepulcro,

1883 934 1976 989 ubi
2000 935 2385 1004 quinquennio
2421 935 2706 1005 jacuerat,
2748 935 3121 1003 abstractum,
3159 945 3462 992 crematum

1882 1033 1967 1080 est
1989 1025 2151 1095 jussu
2187 1024 2471 1081 Paschalis
2497 1024 2575 1092 ll,
2629 1026 2925 1096 omniaque
2958 1026 3079 1097 ejus
3119 1036 3241 1082 acta
3281 1027 3338 1082 in
3373 1044 3464 1100 sy-

1884 1117 2029 1171 nodo
2056 1116 2312 1172 Laterani
2350 1127 2681 1189 congrcgata
2718 1118 2873 1173 irrita
2907 1118 3049 1173 facta
3078 1128 3225 1174 sunt.

1957 1207 2035 1263 De
2056 1223 2124 1263 eo
2151 1208 2226 1264 ita
2250 1210 2473 1281 quidam
2505 1211 2705 1265 horum
2742 1220 3052 1283 temporum
3091 1221 3285 1267 auctor
3327 1211 3465 1267 scri—

1883 1303 1963 1357 bit
1993 1322 2005 1355 :
2041 1301 2321 1357 Guibertus
2340 1346 2355 1371 ,
2385 1304 2475 1376 qui
2513 1314 2628 1375 post
2654 1307 2895 1376 prwstita
2933 1306 3147 1359 domino
3184 1320 3277 1359 suo
3301 1305 3467 1361 beatas

1882 1396 2153 1449 memoria:
2181 1394 2433 1467 Gregorio
2478 1394 2590 1451 VII
2619 1397 2899 1468 ﬁdelitatis
2917 1398 3247 1468 juramenta,
3273 1405 3322 1452 et
3345 1396 3467 1451 obe—

1836 1518 1839 1519 ν
1884 1488 2142 1543 dientiam
2185 1500 2379 1559 septem
2419 1492 2572 1545 annis
2616 1490 2935 1558 exhibitam,
2975 1490 3167 1545 invasit
3216 1488 3469 1561 apostoli-

1883 1596 2000 1634 cam
2040 1580 2250 1649 sedem,
2295 1580 2686 1655 Henricumque
2721 1584 3092 1654 imperatorem
3132 1583 3358 1638 absolvit
3402 1584 3468 1638 ab

1881 1672 2244 1727 observatione
2259 1673 2642 1745 jurisjurandi,
2664 1675 2803 1745 quod
2827 1674 2968 1746 apud
2992 1673 3283 1731 Canusium
3309 1672 3472 1729 Lom-

199 1775 319 1814 rum
347 1762 420 1817 ab
451 1763 729 1835 episcopis
750 1765 1109 1833 Bononiensi,
1139 1765 1437 1822 Mutinensi
1472 1775 1527 1820 ct
1547 1765 1778 1821 Placen-
1813 1752 1855 1806 Β
1882 1762 2085 1818 ὑανάὶω
2118 1764 2367 1834 oppidum
2414 1765 2543 1819 olim
2598 1763 2849 1837 Gregorio
2903 1781 3056 1835 papa:
3108 1765 3466 1836 praestiterat,

195 1851 342 1919 tino,
373 1870 503 1910 cum
538 1858 846 1915 cardinales
869 1859 1144 1927 deessent,
1178 1858 1561 1931 inauguratus,
1585 1858 1776 1929 proxi-

197 1958 286 1999 mo
330 1943 587 2017 Paschali
648 1947 793 2005 festo
843 1951 1230 2021 imperatorem
1295 1948 1593 2007 Henricum
1653 1967 1781 2007 cum

200 2050 369 2103 uxore
398 2036 563 2094 Berta
612 2042 919 2097 coronavit.
960 2042 1163 2099 Audito
1213 2058 1345 2099 vero
1386 2041 1611 2098 Roberti
1651 2040 1783 2097 Gui-

196 2131 375 2186 scardi
397 2129 872 2193 Nortmannorum
920 2136 1077 2193 ducis
1113 2137 1349 2193 adventu
1370 2180 1385 2205 ,
1411 2136 1506 2208 qui
1542 2137 1594 2192 in
1627 2136 1784 2193 auxi-

194 2222 328 2279 lium
356 2223 608 2297 Gregorii
643 2226 735 2283 V'll
765 2228 819 2283 in
843 2244 968 2286 arce
1001 2229 1188 2287 Sancti
1209 2231 1399 2303 Angeli
1426 2229 1670 2288 conclusi
1692 2245 1784 2284 ve-

194 2315 415 2383 niebat,
460 2319 763 2391 imperator
804 2330 859 2378 et
893 2324 1152 2395 antipapa
1197 2321 1344 2379 Urbe
1382 2328 1737 2380 excesserunt
1768 2339 1780 2374 :

195 2404 495 2468 Guibertus
518 2413 743 2484 quidem
780 2415 835 2470 in
866 2413 1256 2473 Lombardiam
1275 2458 1289 2484 ,
1320 2417 1623 2486 imperator
1652 2429 1784 2471 vero

198 2500 249 2554 in
274 2501 669 2572 Germaniam,
707 2506 805 2562 ubi
842 2523 989 2563 anno
1026 2508 1277 2580 sequenti
1324 2507 1460 2563 1085
1495 2505 1787 2578 Moguntise

193 2592 582 2665 episcoporum
615 2596 924 2655 Germaniae
952 2601 1161 2672 synodo
1183 2608 1533 2671 congregata,
1567 2598 1788 2654 ordina-

197 2683 400 2739 tionem
440 2684 741 2745 Clementis
777 2689 843 2745 lll
878 2701 933 2748 et
976 2694 1388 2764 abrogationem
1427 2690 1671 2764 Gregorii
1696 2689 1787 2746 Ἧι

194 2776 514 2834 conﬁrmari
538 2781 727 2851 jussit.
755 2782 876 2850 Quo
904 2793 1147 2857 tempore
1168 2783 1502 2840 Herimanno
1525 2784 1785 2856 primum,

193 2866 409 2937 deinde,
435 2887 503 2926 eo
528 2875 1020 2948 mortuo,Egberto
1047 2878 1156 2933 alio
1178 2877 1400 2949 regibus
1421 2893 1452 2931 a
1477 2874 1789 2932 Saxonibus

193 2971 385 3017 contra
414 2978 477 3019 se
509 2967 731 3034 creatis,
759 2968 835 3023 ita
862 2969 1021 3025 novis
1044 2970 1201 3025 bellis
1229 2970 1488 3025 civilibus
1516 2969 1789 3039 implicari

194 3054 379 3123 cmpit,
414 3064 479 3109 ut
499 3057 664 3113 rebus
694 3058 899 3115 Italicis
934 3061 1169 3131 amplius
1195 3061 1276 3117 sic
1307 3077 1505 3117 vacare
1528 3076 1637 3115 non
1661 3075 1790 3130 pos-

194 3154 295 3199 set.
323 3144 504 3202 Porro
543 3159 726 3205 autem
767 3150 1005 3206 Roberto
1036 3151 1342 3209 Guiscardo
1375 3168 1440 3207 ex
1480 3150 1627 3207 Urbe
1660 3166 1786 3205 cum

195 3235 581 3309 Gregorionl
609 3241 943 3309 discedente,
973 3243 1268 3309 Guibertus
1295 3244 1362 3299 ad
1385 3259 1510 3298 eam
1533 3258 1787 3298 reversus

82 3356 106 3380 ι
148 3328 151 3331 ⁷
197 3344 318 3384 cum
358 3330 713 3401 imperatoris
736 3334 993 3405 przefecto
1016 3351 1201 3392 arcem
1227 3334 1283 3392 S.
1310 3334 1501 3408 Angeli
1524 3342 1579 3391 et
1601 3334 1788 3391 omnia

198 3419 309 3477 fere
330 3420 456 3493 ejus
482 3424 607 3481 loca
630 3427 893 3483 obtinuit.

182 3514 185 3515 ⁷
246 3514 465 3570 Audita
502 3516 726 3572 interim
767 3518 1145 3592 Gregorii'Vll
1182 3528 1237 3576 et
1258 3521 1353 3592 qui
1388 3519 1468 3575 illi
1500 3514 1787 3575 successe-

192 3608 315 3675 rat,
356 3605 602 3665 Victoris
638 3608 741 3678 IlI,
789 3621 997 3679 morte,
1036 3628 1164 3668 cum
1210 3611 1493 3668 Urbanum
1541 3609 1585 3664 ll
1623 3610 1791 3667 suﬁ‘e—

196 3706 342 3753 cmm
364 3715 493 3754 esse
515 3703 890 3772 cognovisset,
914 3713 1027 3759 tum
1047 3706 1288 3776 primum
1313 3703 1578 3759 intellexit
1595 3703 1789 3759 adver-

176 3790 476 3859 sariorum
500 3809 734 3849 suorum
768 3796 956 3873 odium
987 3798 1043 3851 in
1067 3812 1125 3852 se
1149 3805 1473 3867 perpetuum
1499 3811 1626 3853 esse
1645 3838 1660 3865 ,
1698 3813 1788 3852 se-

172 3878 297 3953 que
326 3900 624 3956 nunquam
666 3888 1048 3957 pontiﬁcatum
1078 3888 1390 3944 Romanum
1427 3888 1654 3959 paciﬁce
1690 3888 1791 3943 ob-

191 3981 498 4030 tenturum.
513 3975 699 4043 Quare
713 3986 829 4032 toto
846 3976 1049 4034 Urbani
1068 3979 1112 4033 ΙΙ
1130 3979 1448 4049 pontiﬁcatu
1466 3980 1619 4034 vario
1638 3977 1787 4051 (285)

172 4078 314 4147 cum
352 4064 789 4124 Hildebrandina
834 4069 1072 4126 factione
1109 4067 1282 4125 Marte
1318 4070 1600 4138 conﬂixit,
1624 4071 1789 4125 modo

191 4153 335 4214 Urbe
366 4160 634 4229 extorris,
674 4162 840 4217 modo
868 4179 933 4218 ea
972 4164 1159 4234 potius
1196 4162 1438 4230 scilicet,
1479 4170 1646 4232 prout
1684 4161 1788 4217 sibi

189 4250 431 4306 secunda
456 4252 546 4306 vel
570 4253 802 4308 adversa
818 4252 1193 4309 Romanorum
1213 4261 1267 4309 et
1291 4254 1640 4325 imperatoris
1669 4261 1789 4309 stu-

172 4338 275 4396 ‘dia
296 4351 479 4412 erant,
517 4360 641 4399 eam
668 4354 852 4401 tamen
890 4346 1099 4418 majore
1119 4344 1332 4401 Urbani
1357 4345 1400 4399 ll
1435 4345 1788 4417 pontiﬁcatus

168 4444 338 4517 parte
370 4436 615 4491 obtinuit
645 4436 871 4493 Urbano
893 4439 1013 4509 ipso
1034 4438 1179 4511 Urbe
1202 4438 1408 4511 fugato.

168 4598 175 4607 θ
258 4524 515 4583 Paschali
546 4544 714 4599 porro
742 4528 791 4583 ll
817 4539 1032 4599 creato,
1069 4547 1194 4588 cum
1224 4532 1486 4586 adversus
1521 4546 1648 4586 eum
1701 4546 1789 4586 se-

190 4614 454 4674 ditionem
482 4630 539 4675 et
560 4622 761 4677 bellum
789 4623 948 4679 civile
975 4630 1283 4690 astrueret,
1321 4623 1541 4679 tandem
1576 4623 1632 4677 in
1661 4638 1787 4678 arce

194 4709 250 4765 S.
290 4712 521 4783 Angeli,
552 4730 675 4785 quae
710 4716 799 4771 sui
826 4702 971 4786 juris
1003 4718 1183 4773 adhuc
1209 4724 1359 4783 erat,
1386 4724 1637 4772 mortuus
1667 4724 1784 4784 est,

171 4800 246 4857 "et
276 4801 342 4857 ad
381 4804 675 4859 ecclesiam
707 4805 1082 4862 Ravennatem
1105 4850 1121 4875 ,
1159 4807 1215 4862 in
1256 4822 1364 4879 qua
1395 4808 1640 4879 sepultus
1665 4815 1782 4875 est,

190 4895 495 4951 translatus
530 4896 889 4967 pontiﬁcatus
915 4913 1060 4952 anno
1086 4900 1210 4966 xxr,’
1226 4898 1431 4954 Christi
1466 4914 1599 4953 vero
1624 4897 1781 4954 MOI.

172 4974 316 5037 ’Fuit
336 4984 432 5039 hic
453 4983 711 5042 Clemens
742 4987 830 5041 vir
862 4989 1051 5058 utique
1084 4990 1378 5056 litteratus,
1406 4988 1644 5061 ingenio,
1669 4989 1787 5044 elo-

192 5072 343 5143 quio,
373 5074 653 5132 nobilitate
675 5077 1005 5146 exterisque
1029 5079 1197 5135 animi
1216 5086 1272 5135 et
1294 5080 1544 5149 corporis
1565 5078 1788 5135 dotibus

192 5162 655 5223 instructissimus
682 5210 699 5235 ,
748 5175 806 5222 et
858 5182 1103 5237 personm
1126 5169 1433 5227 reverentia
1478 5170 1779 5225 admodum

192 5253 414 5322 clarus;
439 5258 619 5328 et,qui
644 5256 1023 5312 forsitan‘Deo
1039 5261 1356 5329 placuisset,
1374 5258 1481 5315 nisi
1508 5259 1561 5315 vi
1580 5268 1634 5314 et
1665 5275 1786 5315 am-

1882 1872 2003 1911 eum
2037 1856 2259 1910 Romam
2293 1857 2538 1924 attraxit,
2567 1866 2617 1913 et
2658 1874 2778 1912 cum
2807 1874 2867 1914 eo
2889 1874 3122 1930 pugnare
3172 1855 3471 1911 Ecclesium

1883 1946 2180 2001 Romanam
2246 1930 2418 2020 razpit.
2492 1947 2543 2002 Ii
2603 1965 2720 2005 vero
2786 1950 2875 2020 qui
2928 1966 2991 2004 ex
3034 1958 3185 2020 parte
3225 1947 3470 2020 Gregorii

1885 2037 2028 2093 ultra
2056 2047 2253 2093 montes
2288 2048 2462 2107 erant,
2496 2055 2614 2094 cum
2641 2040 3009 2111 imperatorem
3043 2042 3098 2094 in
3125 2038 3291 2094 Italia
3326 2056 3472 2093 com-

1885 2130 2085 2183 morari
2122 2132 2519 2202 cognovissent,
2559 2130 2807 2186 adversus
2838 2148 2955 2185 eum
2995 2130 3248 2186 rebellare
3287 2130 3471 2201 dispo-

1886 2228 2048 2275 nunt.
2075 2219 2275 2277 Contra
2324 2222 2417 2276 hos
2465 2224 2755 2294 imperator
2802 2223 3052 2278 accedens
3080 2266 3094 2290 ,
3145 2224 3292 2278 vario
3343 2222 3470 2277 belli

1885 2322 2089 2382 euentu,
2115 2314 2363 2386 plurimis
2386 2317 2587 2388 prwliis
2610 2334 2747 2389 sirpe
2775 2318 3048 2389 pugnavit,
3076 2335 3281 2390 magna:
3304 2319 3472 2372 utrin-

1885 2426 1983 2480 que
1999 2409 2184 2478 cwdes,
2204 2412 2448 2467 incendia
2473 2412 2706 2484 plurima
2729 2413 3148 2485 direptionesque
3182 2415 3466 2484 contigere.

1887 2499 2104 2556 Relictis
2142 2503 2353 2557 tandem
2388 2505 2441 2557 in
2475 2503 2762 2560 Germania
2803 2506 2969 2575 copiis
3004 2506 3073 2561 ad
3110 2505 3471 2560 obsistendum

1888 2602 2099 2663 sumptu
2130 2602 2242 2647 tum
2266 2612 2361 2649 suo
2382 2638 2396 2663 ,
2433 2605 2545 2649 tum
2582 2597 2923 2653 conductitio
2941 2597 3142 2665 milite,
3172 2597 3393 2651 Romam
3421 2605 3471 2650 et

1888 2683 2193 2739 suburbana
2242 2688 2420 2741 omnia
2453 2689 2685 2759 rapinis,
2723 2689 3083 2762 incendiisque
3127 2699 3177 2744 et
3213 2688 3468 2757 caedibus,

1887 2785 2087 2847 quanta
2128 2781 2332 2848 potuit,
2387 2780 2673 2835 acerbitate
2710 2782 2960 2835 vexarit:
3004 2780 3217 2834 tandem
3254 2777 3469 2834 Simone

1888 2881 2018 2932 suo,
2055 2869 2225 2937 pretio
2262 2871 2430 2940 magis
2466 2886 2625 2941 quam
2658 2871 2886 2937 virtute,
2925 2870 2979 2923 in
3017 2868 3311 2940 apostolica
3348 2868 3469 2922 sede

1890 2959 2062 3014 locato
2084 3004 2098 3029 ,
2140 2963 2347 3032 imperii
2379 2963 2443 3017 ab
2477 2980 2534 3017 eo
2559 2965 2758 3034 accepit
2805 2980 3051 3016 coronam
3072 2954 3222 3028 ,‘tam
3258 2980 3359 3016 non
3383 2961 3469 3032 fa-

1891 3060 2126 3113 ventibus
2153 3060 2254 3113 sibi
2280 3061 2490 3131 suisque
2513 3060 2855 3131 complicibus
2879 3058 3155 3124 Romanis,
3183 3075 3341 3129 quam
3369 3074 3474 3131 non

1891 3150 2372 3205 contradicentibus
2388 3194 2402 3218 ,
2437 3151 2829 3205 atrocissimam
2853 3151 3011 3203 movit
3034 3148 3468 3220 persecutionem.

1892 3237 2067 3308 Ilujus
2097 3241 2385 3311 reigratia,
2412 3243 2573 3295 totius
2601 3242 2707 3311 fere
2732 3241 2939 3310 imperii
2963 3239 3191 3295 Romani
3223 3237 3477 3294 Ecclesia:

1888 3330 2160 3399 desolata,
2179 3341 2227 3385 et
2254 3332 2437 3404 religio
2463 3332 2771 3389 Christiana
2792 3333 3076 3405 dissipata,
3101 3344 3149 3387 et
3170 3331 3290 3404 plus
3312 3350 3475 3405 quam

1889 3423 2076 3493 viginti
2117 3422 2291 3478 millia
2326 3424 2597 3479 hominum
2618 3468 2633 3494 ,
2682 3432 2865 3497 agente
2897 3423 3147 3480 Guiberto
3168 3467 3183 3491 ,
3209 3423 3476 3495 plerisque

1888 3513 2018 3569 locis
2055 3524 2178 3569 sunt
2204 3534 2361 3572 ca'sa.
2404 3516 2510 3583 Qui
2534 3518 2699 3572 etiam
2717 3560 2731 3585 ,
2761 3516 2939 3588 pulsis
2962 3516 3243 3571 catholicis
3269 3516 3474 3587 episco-

1878 3612 1969 3683 pis
2004 3620 2055 3666 et
2094 3612 2405 3679 abbatibus,
2457 3610 2683 3683 aliisque
2732 3608 3097 3666 Ecclesiarum
3139 3610 3473 3682 praepositis,

1887 3702 2131 3758 doctrina
2154 3712 2204 3758 et
2228 3702 2478 3774 religione
2491 3684 2888 3773 praestantibus,
2906 3701 3185 3756 sceleratos
3210 3712 3259 3756 et
3286 3700 3477 3755 illitte-

1891 3805 2035 3852 ratos
2059 3797 2285 3869 singulis
2320 3796 2570 3864 urbibus,
2611 3796 2944 3850 monasteriis
2976 3794 3312 3867 ecclesiisque
3333 3811 3475 3866 prte-

1890 3892 2055 3962 fecit;
2083 3909 2218 3962 saepe
2245 3889 2481 3961 singulos
2501 3932 2516 3957 ,
2543 3890 2847 3961 plerumque
2875 3889 3044 3956 binos,
3072 3889 3225 3943 annis
3251 3886 3477 3959 singulis

1891 3982 2137 4052 magistri
2172 3982 2255 4035 sui
2283 3978 2514 4035 Simonis
2547 3979 2887 4034 mercimonio
2935 3978 3254 4034 exsecranda
3280 3977 3479 4032 substi-

1891 4085 2040 4129 tucns
2067 4075 2123 4128 in
2157 4073 2523 4144 deprazdandis
2549 4072 2681 4126 locis
2707 4072 2905 4125 sanctis
2938 4072 3138 4143 sibique
3164 4087 3266 4124 non
3294 4071 3477 4140 faven-

1891 4166 2029 4220 tibus
2056 4164 2414 4231 Christianis,
2455 4163 2562 4216 imo
2587 4163 2715 4233 ipsis
2747 4178 2948 4232 quoque
2987 4161 3314 4231 faventibus,
3350 4160 3478 4215 dum

1893 4277 1995 4315 non
2017 4266 2186 4314 essent
2208 4258 2298 4330 qui
2323 4265 2532 4312 armato
2560 4256 2893 4319 resisterent,
2920 4252 3071 4324 longe
3095 4251 3300 4323 lateque
3322 4253 3477 4306 strvi-

1890 4352 1967 4405 tia
2000 4346 2229 4404 Neronis
2260 4358 2309 4403 et
2343 4347 2491 4403 Decii
2518 4345 2725 4419 perdita
2758 4343 3026 4399 voluntate
3073 4351 3348 4415 grassatus
3373 4352 3472 4398 est.

1821 4469 1865 4523 ι)
1893 4441 2043 4495 Idem
2083 4457 2233 4506 vero,
2272 4441 2363 4511 qui
2409 4441 2574 4493 multo
2616 4437 2806 4493 rectius
2848 4437 3056 4491 demens
3094 4452 3271 4507 papa,
3314 4451 3477 4506 quam

1894 4532 2133 4607 Clemens
2158 4532 2331 4586 dictus
2363 4540 2515 4599 esset,
2546 4532 2603 4585 in
2633 4531 2821 4602 Oppido
2846 4545 2963 4596 suo,
3000 4528 3139 4600 quod
3171 4536 3477 4598 argenteum

1893 4625 2111 4692 dicitur,
2138 4625 2345 4680 excelsa
2369 4624 2636 4696 fabricata
2668 4632 2811 4678 turre
2833 4620 3171 4693 prwstolatus
3204 4618 3479 4675 Simonid-

1893 4720 1979 4771 co's
2007 4717 2242 4786 angelos,
2277 4734 2397 4771 cum
2421 4718 2609 4789 quibus
2633 4714 2858 4771 volando
2880 4716 2939 4769 in
2958 4715 3209 4787 paludem
3233 4710 3478 4785 Stygiam

1892 4819 2086 4879 rueret,
2121 4810 2253 4877 Deo,
2283 4826 2374 4880 per
2405 4810 2584 4865 omnia
2604 4853 2618 4877 ,
2649 4806 2899 4875 Gregorio
2929 4824 3082 4880 papw
3102 4809 3327 4879 favente,
3352 4821 3478 4859 cru-

1893 4902 2040 4957 ribus
2070 4904 2182 4958 suis
2218 4903 2525 4974 confractis,
2553 4919 2672 4958 cum
2694 4900 2777 4955 illi
2805 4917 2956 4957 nemo
2989 4900 3339 4971 apostolicam
3362 4898 3483 4953 obe-

1893 4993 2151 5050 dientiam
2188 4994 2484 5048 exhibuerit
2516 4995 2594 5050 vel
2631 4993 3011 5062 reverentiam,
3034 5001 3228 5066 praeter
3250 4989 3482 5058 impera-

1895 5092 2059 5137 torem
2082 5085 2300 5155 cjusque
2324 5083 2623 5154 complices,
2649 5081 2728 5139 vel
2759 5082 2849 5155 qui
2872 5100 2926 5137 se
2958 5085 3044 5140 illi
3067 5087 3281 5156 propter
3306 5077 3487 5132 auari-

1894 5176 2025 5228 tiam
2046 5218 2061 5242 ,
2110 5190 2228 5247 qua:
2261 5182 2337 5228 est
2382 5175 2649 5232 idolorum
2687 5174 2910 5230 servitus
2933 5219 2949 5245 ,
2993 5176 3072 5232 vel
3101 5173 3349 5245 perpetuo
3370 5208 3383 5233 .
3408 5164 3487 5219 υει

1875 5256 1963 5320 ad
1990 5275 2192 5338 tempus
2228 5268 2324 5320 sub
2354 5267 2719 5340 jurisjurandi
2742 5283 3078 5326 sacramento
3103 5258 3443 5321 crediderunt
3466 5271 3487 5310 -'
