3962 5348
505 361 612 416 183

1717 368 1773 423 S.
1807 367 2204 424 GREGORIUS
2240 368 2331 422 Vll
2363 369 2562 423 PAPA.

3672 365 3772 424 184

425 468 453 548 ’τ
500 473 748 542 pontiﬁci
764 489 783 537 ;
815 474 906 527 sed
929 476 1210 545 perﬁdum,
1242 478 1536 547 perjurum,
1575 482 1897 548 invasorcm,
1930 492 1978 536 et
2004 481 2092 537 Si-
2121 489 2167 547 Α
2192 484 2397 540 dientia
2437 484 2593 540 sedes
2627 483 2837 554 aliquot
2868 483 3005 538 dies.
3040 481 3178 537 Nam
3215 482 3270 536 in
3303 481 3602 538 schismate
3642 495 3775 537 con-

508 564 808 618 mom'acum
848 563 1100 637 Gregorio
1137 584 1288 637 papa:
1335 570 1737 640 superadditum
1774 573 1955 642 fuisse.
1987 572 2093 629 Ca-

507 656 690 711 tholici
713 674 852 725 vero,
877 660 967 728 qui
997 659 1108 714 zelo
1135 659 1231 714 Dei
1263 661 1424 731 ﬁdem
1445 679 1506 716 ac
1532 663 1838 736 religionem
1871 668 2090 719 tueban-

505 757 612 815 tur,
651 747 902 820 Gregorio
925 766 1097 820 papw,
1133 753 1416 807 sanctitate
1447 771 1509 808 ac
1533 754 1786 826 religione
1813 758 2092 826 prwstanti

505 837 867 909 odhwrebant.
919 839 997 894 Ita
1042 839 1153 896 Leo
1191 843 1482 914 episcopus
1518 843 1788 903 Ostiensis
1829 846 1970 902 libro
2026 865 2086 904 ιιι

504 931 642 1001 (cap.
669 931 759 1003 69)
792 931 1045 990 Historia:
1063 933 1432 993 Cassinensis.

573 1022 846 1080 Caeterum
878 1034 1098 1080 mortuo
1123 1026 1402 1084 Clemente
1426 1026 1494 1082 III
1519 1030 1731 1085 vacavit
1758 1029 1812 1085 in
1837 1046 1938 1087 sua
1958 1031 2090 1086 obe-

540 1195 544 1199 '
574 1176 749 1268 (527‘)
778 1179 854 1235 De
883 1182 1086 1251 quibus
1109 1185 1367 1242 omnibus
1388 1174 1502 1258 agit
1527 1197 1715 1257 postea
1739 1186 2079 1258 Onuphrius.

2196 589 2277 635 tra
2302 579 2619 636 Paschalem
2656 593 2851 648 papam
2879 575 2922 630 ll
2958 577 3169 648 aliquot
3204 577 3394 632 habuit
3428 591 3778 634 successores

2193 673 2377 729 studio
2409 671 2757 744 imperatoris
2793 669 3015 726 Henrici
3051 671 3107 724 in
3150 669 3302 724 Italia
3340 669 3410 724 ab
3435 668 3556 738 ejus
3581 666 3777 737 pratic-

2193 766 2317 832 ctis,
2349 765 2582 822 ducibus
2608 771 2662 819 et
2705 761 3014 820 fautoribus
3051 760 3257 817 infelici
3293 761 3426 818 satis
3463 759 3597 830 ipsis
3628 760 3777 814 exitu

2195 865 2442 924 creatos;
2485 871 2719 926 quorum
2757 855 2968 924 primus
3002 853 3106 908 fuit
3135 853 3390 909 Albertus
3420 853 3649 923 quidam
3685 851 3779 905 At-

2196 951 2471 1017 tellamus,
2491 948 2616 1005 dein
2641 945 3015 1003 Thcodoricus
3037 953 3093 1001 et
3113 942 3445 1018 Maginulfus
3471 941 3674 1016 (527⁸).

517 1366 2795 1398 ..______________________________________________

2613 1403 2647 1479 /

1195 1531 1704 1624 NOTITIA
1770 1535 1935 1622 Ex
2006 1485 2612 1641 CONCILIIS
2683 1531 3088 1622 MANSI.

1838 1705 2017 1778 (Tom.
2050 1703 2171 1774 XX,
2195 1705 2301 1762 col.
2329 1705 2446 1778 56.)

1959 1861 2278 1884 *θ’-

565 1992 879 2066 Gregorius,
905 1995 1070 2066 hujus
1098 1997 1338 2053 nominis
1366 1997 1654 2068 septimus,
1699 2004 1858 2055 antea
1897 1992 2083 2048 Hilde-
2117 1997 2160 2052 Β
2185 1992 2270 2048 e'st
2300 1990 2558 2050 Nicolaus
2594 1992 2637 2048 ll
2662 2037 2677 2061 ,
2731 1993 3043 2054 consentire
3075 2008 3186 2049 non
3231 1999 3571 2065 gravaretur.
3620 1993 3780 2060 Quod

492 2086 736 2144 brandus
766 2089 1088 2159 appellatus,
1115 2090 1362 2145 omnium
1384 2105 1657 2145 consensu
1681 2088 1920 2160 legitime
1942 2101 2097 2142 crea-

493 2187 584 2234 tus
617 2187 704 2236 est
733 2179 974 2251 pontifex
1003 2197 1147 2236 anno
1181 2181 1392 2238 Christi
1421 2181 1574 2237 1075.
1614 2180 1712 2236 llic
1743 2180 1922 2251 patria
1954 2179 2094 2235 Soa-

494 2271 683 2327 nensis
718 2281 882 2328 natus
912 2283 997 2328 est
1027 2273 1082 2328 in
1111 2273 1332 2341 Tuscia,
1362 2273 1558 2328 humili
1582 2274 1726 2340 loco,
1763 2281 1989 2344 parente
2013 2270 2096 2326 fa-

492 2363 621 2431 bro;
669 2365 774 2420 sub
813 2367 1151 2436 protectione
1185 2368 1360 2424 sancti
1393 2367 1539 2424 Petri
1572 2368 1854 2423 educatus.
1892 2366 2093 2422 Adole-

492 2471 653 2513 scens
698 2465 894 2514 nactus
925 2467 1009 2514 est
1030 2460 1353 2531 magistrum
1386 2460 1766 2528 Laurentium,
1811 2458 2095 2530 Amalphi-

493 2556 685 2604 tanum
706 2549 1207 2622 archiepiscopum.
1226 2568 1389 2624 quem
1419 2568 1529 2607 non
1557 2551 1971 2619 maleﬁciorum,
1998 2551 2092 2608 sed

493 2651 810 2698 sanctorum
847 2643 1150 2715 principem
1180 2645 1301 2715 ejus
1344 2645 1607 2716 temporis
1647 2644 1821 2700 fuisse
1864 2652 2094 2700 testatur

492 2732 888 2806 irrefragabilis
921 2735 1078 2792 testis
1112 2735 1600 2794 Petrus-Damiani.
1628 2735 1831 2792 Praeter
1854 2735 2095 2792 Lauren-

492 2824 631 2880 tium
665 2827 858 2883 habuit
882 2843 1103 2900 quoque
1125 2830 1450 2901 magistrum
1476 2828 1744 2885 Joannem
1767 2828 2090 2884 Gratianum

491 2918 1048 2992 archipresbyterum,
1074 2930 1265 2993 postea
1288 2938 1484 2994 papam
1517 2921 1839 2993 Gregorium
1873 2929 2086 2976 sextum

491 3012 862 3082 nominatum,
896 3030 1059 3086 quem
1076 3025 1308 3094 secutus
1339 3024 1426 3071 est
1464 3016 1519 3070 in
1567 3014 1919 3071 Germaniam
1959 3030 2083 3070 cum

2197 2101 2323 2142 cum
2369 2085 2598 2142 feliciter
2639 2087 3018 2157 impetrasset,
3073 2101 3237 2157 opera
3288 2085 3577 2142 Godcfredi
3623 2085 3780 2142 ducis

2195 2177 2606 2234 schismaticum
2647 2178 2890 2249 expulit,
2933 2187 2988 2233 et
3027 2177 3326 2248 legitimum
3370 2177 3680 2248 pontificem
3723 2178 3778 2234 in

2194 2271 2597 2340 possessionem
2624 2271 2867 2341 quietam
2895 2270 3215 2325 introduxit.
3256 2269 3515 2340 Ejusdem
3547 2270 3783 2326 consilio

2194 2362 2400 2432 optimo
2423 2372 2546 2433 post
2575 2362 2782 2417 obitum
2805 2359 3012 2418 Nicolai
3039 2363 3245 2418 electus
3269 2370 3349 2416 est
3371 2361 3678 2416 Alexander
3698 2361 3745 2416 Il
3761 2405 3778 2430 ,

2192 2456 2563 2526 cxpulsusque
2609 2463 2693 2511 est
2735 2455 3008 2512 Cadalous
3054 2453 3369 2510 Parmensis
3401 2455 3692 2524 episcopus
3726 2465 3783 2512 et

2191 2545 2640 2619 pseudopontifex
2670 2589 2686 2613 ,
2731 2562 2896 2618 quem
2949 2547 3084 2619 regii
3134 2546 3369 2601 ministri
3424 2555 3479 2601 et
3533 2545 3784 2604 fautores

2192 2641 2453 2696 adversus
2531 2638 2900 2695 Alexandrum
2965 2639 3022 2694 in
3096 2640 3356 2693 thronum
3415 2639 3782 2709 apostolicum

2189 2743 2499 2790 evexerant.
2517 2731 2586 2787 Et
2597 2746 2912 2802 quanquam
2932 2740 3142 2787 statura
3162 2732 3394 2803 pusillus
3410 2742 3573 2799 esset,
3593 2744 3788 2791 tamen.

2189 2826 2361 2897 gratia
2387 2826 2778 2880 miraculorum
2801 2833 2857 2879 et
2889 2812 3185 2895 prophetiae
3215 2834 3332 2879 erat
3359 2826 3616 2881 omnibus
3679 2829 3781 2883 ad-

2190 2920 2476 2975 mirabilis.
2512 2918 2647 2974 Nam
2671 2919 2738 2974 ad
2771 2919 3097 2975 miraculum
3119 2934 3286 2988 supra
3309 2918 3638 2973 recensitum
3671 2920 3782 2976 hoc

2188 3013 2393 3069 addidit
2439 3013 2598 3084 longe
2643 3013 2973 3080 mirabilius,
3027 3011 3212 3082 quod,
3250 3026 3375 3065 cum
3421 3010 3490 3065 ab
3545 3009 3778 3083 llugone

490 3119 550 3159 se
574 3106 894 3174 pontificatu
917 3108 1246 3177 abdicasset,
1275 3124 1450 3180 eaque
1477 3108 1767 3164 occasione
1790 3106 1931 3178 apud
1951 3105 2086 3162 Clu-
2185 3106 2564 3162 Cluniacensis
2585 3105 2906 3161 monasterii
2941 3105 3134 3159 abbate
3156 3102 3374 3174 longius
3398 3101 3637 3170 abesset,
3675 3119 3774 3158 co-

489 3195 776 3255 niacenses
802 3200 1123 3270 permansit.
1158 3200 1296 3256 Cum
1343 3201 1528 3256 Leone
1562 3215 1728 3267 nono,
1762 3215 1925 3271 quem
1953 3215 2085 3270 pur-
2185 3199 2434 3272 gnoverit
2459 3199 2817 3271 cogitationes
2847 3197 3046 3252 mentis
3098 3196 3266 3262 illius,
3316 3194 3517 3265 quibus
3544 3195 3690 3250 intra
3717 3212 3781 3252 se

490 3301 628 3356 pura
663 3291 964 3360 pontiﬁcali
1006 3293 1258 3347 indutum
1285 3335 1308 3360 ,,
1341 3303 1396 3349 et
1433 3310 1527 3363 per
1565 3309 1789 3348 manum
1835 3292 2080 3350 laicalem
2185 3295 2290 3350 sibi
2309 3293 2540 3364 loquens
2564 3291 2808 3347 dicebat:
2857 3288 3291 3344 llomuncionem
3322 3286 3480 3341 exilis
3508 3295 3735 3344 statura:
3759 3330 3774 3354 .

492 3393 694 3436 munus
723 3380 1035 3453 episcopale
1059 3395 1430 3440 assumentem
1458 3385 1777 3456 increpavit,
1801 3385 2080 3456 profectus
2108 3365 2148 3421 C
2182 3386 2530 3458 despicabilis
2577 3384 2872 3456 parentelee
2896 3425 2910 3449 ,
2961 3390 3170 3437 tumere
3210 3389 3265 3436 et
3310 3379 3492 3434 metiri
3535 3379 3732 3434 altiora
3759 3422 3776 3448 ,

490 3478 574 3524 est
611 3470 863 3540 Romam,
890 3490 1099 3545 suoque
1121 3477 1351 3533 consilio
1383 3477 1693 3531 Brunonem
1725 3488 1914 3548 postea
1940 3477 2080 3534 Leo~

493 3576 617 3615 nem
637 3565 978 3621 nominatum
1009 3567 1134 3639 eligi
1166 3568 1452 3640 prtecepit;
1478 3567 1655 3623 factus
1685 3567 1945 3624 Romana:
1972 3569 2077 3625 Ec-

493 3653 678 3710 clesize
724 3658 1112 3716 subdiaconus.
1161 3661 1293 3716 Post
1340 3661 1548 3716 obitum
1591 3661 1829 3731 praedicti
1881 3661 2079 3717 Leonis

491 3745 776 3817 ablegatus
805 3759 886 3806 est
921 3767 954 3805 a
983 3752 1130 3808 clero
1162 3752 1410 3809 Romano
1444 3753 1512 3808 ad
1548 3753 1952 3824 imperatorem,
1980 3770 2076 3824 pe-

496 3845 616 3893 tens
648 3840 717 3894 ab
752 3857 818 3896 eo
857 3851 936 3909 ut,
971 3860 1096 3898 cum
1131 3845 1295 3904 rebus
1333 3843 1589 3901 Beclesiaa
1621 3845 1950 3916 perturbatis
1976 3846 2080 3901 sibi

492 3928 550 3984 id
596 3947 705 3986 non
752 3933 967 4001 licebat,
1013 3935 1318 3991 Romanum
1349 3937 1656 4008 pomificem
1697 3953 1804 3991 non
1851 3952 1954 3992 suo
1983 3937 2077 3992 sed

495 4022 625 4077 cleri
671 4027 892 4082 nomine
920 4029 1142 4099 eligeret
1166 4072 1179 4095 ,
1208 4031 1547 4101 electumque
1575 4039 1764 4086 contra
1796 4030 2078 4086 invasores

495 4115 828 4174 defenderet.
863 4121 909 4174 A
936 4119 1154 4177 Victore
1181 4165 1196 4190 ,
1237 4139 1398 4194 quem
1427 4124 1548 4195 eligi
1585 4124 1953 4194 postulaverat
1978 4165 1992 4190 ,
2021 4123 2078 4178 in

497 4206 728 4265 Galliam
765 4212 1064 4284 ablegatus,
1104 4213 1350 4287 Lugduni
1390 4215 1761 4272 Simoniacum
1784 4217 2076 4287 quemdam

495 4301 966 4376 archiepiscopum
1001 4306 1067 4360 ad
1104 4305 1503 4362 confessionem
1541 4308 1786 4364 criminis
1838 4308 2078 4364 miracu-

491 4391 610 4448 lose
627 4396 806 4468 adegit
833 4415 845 4450 :
877 4397 970 4467 qui
998 4413 1122 4453 cum
1152 4399 1206 4452 in
1231 4398 1435 4470 hymno
1461 4399 1888 4470 gloriﬁcationis,
1913 4415 2076 4469 quem

490 4483 892 4544 'Hildehrandus
935 4505 1059 4544 eum
1107 4491 1337 4545 recitare
1387 4493 1773 4558 mandaverat,
1815 4490 2078 4560 Spiritum

492 4587 744 4634 sanctum
767 4581 959 4637 efferre
980 4596 1090 4637 non
1112 4583 1401 4653 potuisset,
1429 4584 1650 4655 proprio
1674 4599 1769 4638 ore
1792 4583 2078 4639 confessus

2182 3482 2330 3552 quod
2353 3488 2436 3534 tot
2461 3478 2753 3534 mundanae
2783 3483 3079 3547 potestates
3119 3482 3314 3528 nutum
3368 3472 3513 3528 illius
3549 3481 3777 3542 praesto-
3851 3469 3856 3474 ’

2181 3575 2445 3629 larentur.
2493 3570 2631 3626 Cum
2678 3569 2868 3625 eodem
2905 3567 3101 3623 abbate
3137 3580 3302 3622 orans
3339 3565 3621 3621 Christum
3671 3564 3776 3620 sibi

2181 3673 2451 3722 astantem
2477 3706 2493 3732 ,
2522 3662 2885 3734 angelumque
2916 3661 3220 3716 vibrantem
3258 3659 3497 3730 gladium
3521 3657 3660 3712 vidit
3685 3699 3700 3725 ,
3723 3665 3778 3711 et

2181 3761 2425 3816 futuram
2451 3755 2843 3812 mortalitatem
2867 3753 3136 3825 praedixit.
3171 3752 3334 3806 Petro
3359 3749 3634 3815 Damiani,
3681 3749 3776 3819 qui

2181 3867 2280 3922 per
2313 3849 2592 3906 somnium
2631 3849 2919 3903 oculorum
2959 3847 3146 3902 lumen
3182 3844 3288 3900 sibi
3333 3841 3587 3898 amisisse
3622 3841 3776 3896 visus

2182 3951 2320 4010 erat,
2346 3941 2621 3998 sonminm
2655 3941 2901 4011 ejusdem
2935 3953 3213 4009 exponens
3235 3936 3438 3991 dixisse
3469 3932 3732 3989 scribitur
3761 3951 3776 3986 :

2181 4033 2559 4106 NeQuaquam,
2602 4042 2663 4088 ut
2708 4033 2886 4098 times,
2913 4031 3235 4101 propinquae
3267 4035 3352 4083 est
3403 4025 3600 4081 mortis
3631 4023 3778 4078 indi-

2182 4127 2349 4193 cium,
2399 4125 2494 4182 sed
2539 4125 2826 4180 familiaris
2858 4123 2956 4179 tibi
3001 4121 3200 4192 aliquis
3237 4118 3648 4189 exstinguetur,
3681 4115 3779 4186 qui

2183 4219 2281 4274 tibi
2307 4220 2510 4275 charus
2541 4218 2613 4274 sit
2638 4218 2781 4274 sicut
2801 4217 3012 4272 oculus.
3049 4213 3186 4269 Vere
3215 4211 3320 4268 sibi
3360 4209 3490 4265 illud
3533 4225 3634 4280 per
3668 4209 3783 4264 obi-

2185 4322 2299 4366 tum
2323 4310 2592 4366 Dominici
2616 4309 2853 4364 Loricati
2880 4307 3175 4378 contigisse
3220 4304 3418 4359 fatetur
3446 4301 3644 4356 Petrus
3677 4300 3781 4354 Da-

2183 4403 2354 4458 miani
2383 4403 2437 4456 in
2467 4402 2698 4473 epistola
2733 4401 2802 4456 ad
2820 4400 3192 4456 Alexandrum
3245 4411 3464 4468 papam.
3513 4391 3780 4449 Sanctum

2181 4495 2471 4550 Annonem
2491 4493 2873 4549 Coloniensem
2899 4491 3394 4563 archiepiscopum,
3449 4488 3516 4544 de
3533 4487 3662 4559 jure
3693 4501 3782 4540 re-

2182 4587 2272 4658 gio
2308 4587 2364 4641 in
2410 4586 2675 4641 electione
2725 4582 2959 4639 Romani
2995 4583 3269 4655 pontificis
3313 4581 3518 4636 violato
3543 4591 3784 4650 conque-

490 4677 577 4723 est
617 4686 677 4725 se
711 4670 970 4730 Simonis:
1003 4673 1232 4729 crimine
1276 4675 1542 4744 pollutum
1585 4691 1724 4731 esse.
1769 4675 1972 4730 Ibidem
2018 4674 2075 4730 S.
2115 4715 2158 4770 Β
2183 4685 2393 4733 rentem
2431 4677 2507 4732 ita
2549 4676 2890 4744 informavit,
2915 4684 2977 4730 ut
3006 4675 3062 4730 in
3105 4675 3314 4748 synodo
3353 4671 3652 4727 Mantuane
3693 4669 3784 4724 de-

492 4759 712 4841 liugoui
733 4766 1051 4822 monasterii
1073 4765 1451 4824 Cluniacensis
1473 4768 1654 4823 abbati
1681 4768 1960 4824 Christum
1984 4784 2078 4824 as-

493 4854 692 4922 sidere,
716 4856 955 4928 quidque
984 4861 1254 4929 agendum
1282 4860 1365 4915 vel
1389 4859 1680 4917 dicendum
1723 4860 1864 4914 foret
1902 4860 2078 4915 eidem

493 4960 784 5019 suggerere
818 4949 968 5004 vidit.
1025 4949 1412 5023 Berengarium
1462 4953 1626 5008 etiam
1673 4953 2081 5024 Andegavensis

489 5033 755 5084 Ecclesia).
799 5041 1244 5084 arohidiannnnm
1293 5043 1347 5084 in
1377 5045 1611 5084 pnnnilin
1658 5044 1962 5084 Tur-nummi
2014 5046 2078 5084 ad

2187 4787 2352 4843 super
2392 4769 2664 4826 celebrata
2705 4769 2824 4841 ipse
2872 4769 3205 4825 consesserit
3258 4775 3424 4837 atque
3463 4761 3738 4820 deﬁnierit
3761 4803 3784 4828 ,

2188 4863 2483 4919 Alexandri
2521 4863 2728 4933 justam
2758 4903 2774 4931 ,
2805 4860 3028 4916 Cadaloi
3070 4860 3329 4931 injustam
3357 4865 3412 4913 et
3439 4856 3778 4928 illegitimam

2187 4956 2507 5012 electionem
2555 4953 2750 5010 fuisse.
2801 4950 2897 5007 His
2931 4952 2998 5006 de
3042 4951 3247 5019 causis,
3275 4949 3572 5005 Alexandri
3607 4945 3784 5018 ponti-

2189 5047 2306 5084 ﬁni'c
2333 5047 2612 5084 ίηιίιιαηιιο
2642 5045 2770 5084 nlori
2809 5043 3042 5084 Παπιοηῖ
3092 5044 3294 5084 ἰιιιῖἶρῖη
3339 5042 3540 5084 ίξξιῖῖἳῖςέ
3574 5048 3659 5084 PQ!
3682 5039 3780 5084 ha-
