3962 5348
195 324 293 383 185

1115 326 1650 385 PROLEGOMENA.
1689 361 1759 371 -—
1796 326 2077 385 NOTlTlA
2113 326 2202 383 EX
2239 325 2507 384 CONClL.

3327 316 3427 377 £86

180 446 532 519 epistolam
583 443 827 517 Gregorii
881 443 1150 499 collocato
1178 484 1194 510 ,
1237 452 1610 498 recensentur.
1667 438 1750 496 0b
1778 449 1823 505 Α
1851 444 2054 501 tatibus
2083 485 2098 509 ,
2149 442 2297 514 jura,
2335 441 2598 497 tributum
2633 448 2687 495 et
2716 454 2942 496 censum
2972 438 3087 495 sedi
3117 437 3425 509 apostolica

182 550 418 592 amorem
449 545 509 592 et
535 535 744 593 cultum
789 550 916 608 erga
946 551 1109 591 suum
1138 535 1507 601 educatorem,
1535 532 1759 603 gratitu-

182 628 318 687 dinis
347 642 509 699 ergo,
543 628 721 682 voluit
745 627 1018 683 nominari
1049 624 1377 697 Gregorius;
1426 632 1481 680 et
1518 624 1586 680 ad
1619 638 1754 679 eon-

182 717 500 775 ﬁrmandam
527 717 678 774 illius
704 717 999 789 legitimam
1043 717 1248 784 sedem,
1276 724 1439 786 atque
1483 714 1553 769 ad
1579 714 1760 769 redar-

182 808 441 880 guendam
459 810 856 867 nonnullorum
877 808 1201 865 sententiam
1220 807 1285 862 de
1305 805 1491 876 spurio
1516 804 1757 876 ejusdem

179 900 518 970 pontiﬁcatu,
554 909 620 956 ut
646 915 815 971 supra
842 900 955 955 dixi
991 899 1048 954 in
1068 898 1335 969 Gregorio
1358 905 1513 953 sexto
1539 939 1555 964 ,
1589 896 1761 953 voluit

179 991 281 1047 dici
307 990 614 1062 septimus;
665 1000 727 1046 ut
775 991 981 1047 scilicet
1028 1001 1242 1046 sextum
1273 988 1650 1043 intermedium
1673 1005 1761 1044 ve-

180 1097 298 1137 rum
325 1091 381 1137 et
402 1082 712 1153 legitimum
740 1082 885 1139 sedis
918 1081 1230 1153 apostolica:
1271 1088 1543 1151 pastorem
1590 1079 1760 1137 fuisse

180 1170 461 1229 indicaret.
486 1172 648 1229 Hune
676 1172 1001 1230 Lambertus
1026 1172 1568 1246 Schaﬁ‘nahurgensis
1588 1173 1763 1229 nomi-

178 1272 269 1318 nat
294 1265 482 1320 virum
518 1265 695 1321 sacris
735 1265 930 1321 litteris
958 1265 1411 1332 eruditissimum,
1446 1274 1501 1319 et
1546 1264 1602 1319 in
1635 1274 1759 1331 tota

178 1352 417 1412 Ecclesia
443 1363 695 1428 tempore
741 1372 963 1428 quoque
1004 1356 1252 1428 priorum
1282 1354 1604 1427 pontiﬁcum
1658 1356 1762 1412 vir-

178 1454 350 1502 tutum
384 1462 586 1519 genere
631 1448 1073 1504 celeberrimum.
1117 1446 1397 1504 Marianus
1435 1445 1634 1503 Scotus
1672 1447 1761 1506 his

178 1536 366 1596 diebus
399 1539 459 1594 in
491 1537 784 1595 Germania
845 1540 1090 1597 scribens
1133 1538 1385 1594 eumdem
1436 1537 1757 1617 Gregorium

181 1631 541 1687 venerabilem
569 1631 833 1702 praedicat
852 1673 868 1699 ,
896 1641 1059 1703 atque
1104 1630 1174 1686 ab
1197 1644 1263 1686 eo
1293 1637 1497 1686 statuta
1543 1630 1758 1688 decreta

179 1722 363 1777 reeitat
384 1731 438 1778 et
466 1722 673 1779 laudat.
704 1723 1037 1795 Sigebertus,
1064 1730 1119 1777 et
1164 1721 1213 1778 si
1257 1719 1614 1779 Henricianas
1640 1738 1762 1795 par-

180 1820 256 1870 ta
285 1822 484 1869 contra
509 1791 792 1870 Romanos
819 1813 1101 1886 pontiﬁces
1123 1811 1357 1881 foverit,
1382 1791 1757 1886 Gregorii—que
1791 1791 1835 1848 Β

180 1904 401 1960 nimiam
438 1905 791 1971 severitatem
823 1905 1110 1974 incusarit,
1142 1912 1324 1959 tamen
1351 1919 1634 1976 nunquam
1654 1921 1755 1961 au-

180 2010 270 2050 sus
301 2005 390 2051 est
410 1996 591 2051 dicere
603 1995 947 2068 illegitimum
969 1995 1140 2053 fuisse
1161 2004 1404 2052 creatum
1424 1995 1753 2067 pontiﬁcem.

180 2083 297 2140 Otto
332 2085 705 2158 Frisingensis
750 2088 1059 2160 episcopus,
1091 2087 1493 2144 eruditissimus
1528 2088 1761 2161 scriptor

180 2176 374 2232 hiecde
404 2177 668 2250 Gregorio
703 2176 797 2233 VII
829 2197 843 2236 :
892 2197 911 2232 ι
952 2179 1150 2235 Forma
1177 2180 1355 2251 gregis
1378 2178 1577 2249 factus,
1611 2182 1759 2253 quod

177 2266 336 2324 verbo
375 2268 581 2337 docuit,
624 2270 874 2342 exemplo
908 2270 1322 2340 demonstravit,
1364 2288 1428 2328 ac
1468 2271 1628 2329 fortis
1660 2268 1763 2345 per-

177 2361 357 2416 omnia
410 2361 616 2416 athleta
654 2377 713 2418 se
761 2379 861 2434 pro
919 2379 1078 2420 muro
1112 2364 1296 2421 domui
1340 2362 1508 2420 Israel
1556 2380 1760 2437 ponere

179 2468 279 2508 non
331 2452 539 2508 timuit.
587 2472 608 2506 ι
661 2453 816 2512 Unus
864 2453 1219 2529 Ursergensis
1275 2457 1464 2524 abbas,
1509 2457 1760 2528 idemque

179 2545 652 2601 schismaticorum
672 2554 956 2627 patronus,
992 2546 1235 2604 Bennoni
1268 2549 1616 2605 schismatico
1638 2564 1759 2604 ear-

180 2635 341 2715 dinali
403 2638 700 2706 inhaerens,
752 2639 872 2710 ejus
921 2640 1249 2712 scriptorum
1282 2642 1529 2713 quaedam
1578 2642 1757 2713 capita

183 2729 387 2795 recitat,
420 2746 533 2784 nan
570 2738 753 2785 tamen
798 2739 857 2786 ut
901 2731 991 2788 ille
1047 2733 1294 2806 spuriam
1338 2734 1564 2789 omnino
1590 2734 1759 2791 fuisse

180 2819 495 2874 electionem
532 2819 785 2893 Gregorii
846 2837 1012 2879 ausus
1052 2832 1135 2879 est
1169 2823 1458 2891 aﬁirmare,
1513 2826 1608 2881 sed
1652 2825 1759 2884 ista

181 2922 386 2966 tantum
412 2929 428 2968 :
470 2930 489 2964 ι
525 2912 663 2967 Cum
689 2915 895 2993 absque
925 2916 1068 2987 regis
1082 2912 1360 2972 consensu
1387 2916 1520 2973 solis
1543 2927 1758 2993 tantum

181 3001 444 3060 Romanis
501 3003 814 3063 faventibus
872 3008 1018 3064 hunc
1064 3009 1275 3079 apicem
1311 3000 1756 3079 conscendisset,

1856 538 1975 594 dari
2001 537 2162 593 solita
2192 535 2450 606 exigeret.
2486 532 2733 603 Cumque
2756 529 2988 586 Michael
3037 529 3424 588 Constantino-

1855 632 2129 704 politanus
2160 629 2454 699 imperator
2485 641 2583 698 per
2615 625 2824 681 litteras
2866 623 3125 695 Gregorio
3146 623 3212 679 de
3237 639 3425 681 susce-

1858 735 1951 797 pto
1975 722 2292 796 pontiﬁcatu
2321 706 2624 791 gratulatus
2647 725 2813 784 esset,
2835 731 2900 771 ea
2923 713 3211 805 occasione
3238 724 3397 787 capta
3422 746 3431 757 -

1857 827 1913 872 ta
1948 814 2291 871 Dominicum
2326 810 2695 883 patriarcham
2718 804 3177 888 Venetum‘Causa
3202 822 3429 888 compo-

1858 871 2022 965 nendi
2056 871 2371 963 schismatis
2396 903 2464 959 ad
2497 918 2623 957 eum
2646 900 2930 973 ablegavit.
2977 882 3239 966 Quartam
3282 871 3432 972 lega-

1857 1002 2063 1056 tionem
2107 998 2259 1054 misit
2281 997 2350 1052 ad
2401 994 2758 1051 Wratislaum
2793 991 2985 1048 ducem
3019 990 3330 1059 Bohemias,
3372 986 3454 1059 ut,

1857 1108 2084 1150 censum
2105 1090 2339 1147 solveret
2370 1102 2470 1159 pro
2486 1085 2686 1142 ducatu
2708 1083 2997 1150 Bohemize,
3018 1091 3097 1150 ut,
3121 1091 3247 1153 post
3269 1098 3430 1139 usum

1859 1187 2034 1242 mitrae
2086 1182 2438 1239 concessione
2479 1176 2773 1233 Alexandri
2805 1191 2957 1247 papae
3007 1183 3309 1247 acceptum,
3374 1190 3434 1231 se

1857 1278 2132 1335 facturum
2188 1283 2318 1332 voto
2388 1279 2702 1343 nuncupato
2750 1266 2862 1324 Deo
2913 1266 3184 1339 pollicitus
3233 1266 3431 1324 fuerat.

1857 1369 2177 1426 AnseMum
2220 1365 2537 1437 episcopum
2585 1361 2817 1417 electum
2870 1367 3056 1414 monet
3099 1372 3171 1414 ne
3222 1374 3255 1415 a
3309 1373 3435 1431 rege

1859 1459 2093 1516 Henrico
2125 1456 2505 1514 investituram
2540 1452 2795 1524 accipiat,
2848 1459 3140 1522 antequam
3192 1466 3289 1506 rex
3322 1448 3435 1505 Ro-

1858 1567 2035 1609 mana:
2077 1548 2336 1606 Ecclesiae
2375 1546 2443 1603 de
2486 1544 2872 1625 communione
2899 1558 3025 1598 cum
3058 1541 3438 1600 excommuni-

1858 1643 1997 1701 catis
2027 1641 2211 1699 habita
2249 1636 2599 1696 satisfecerit.
2638 1634 2883 1691 Saxones
2925 1634 2982 1689 in
3016 1650 3200 1707 regem
3246 1633 3316 1689 ob
3336 1648 3437 1688 ne-

1860 1733 2023 1792 fanda
2055 1733 2175 1806 ejus
2204 1731 2433 1789 crimina
2468 1728 2790 1794 concitatos,
2817 1724 3093 1798 aliumque
3116 1741 3297 1799 regem
3335 1724 3437 1780 eli-

1860 1843 1986 1901 gere
2018 1833 2263 1892 conatos,
2309 1822 2513 1894 seripto
2552 1835 2653 1877 suo
2695 1818 2957 1875 cohibuit.
2989 1817 3245 1885 Quintam
3286 1817 3438 1888 lega-

1860 1920 2066 1976 tionem
2115 1917 2263 1973 misit
2306 1915 2360 1970 in
2396 1910 2742 1969 Germaniam
2775 1911 2843 1967 ad
2867 1908 3141 1965 Ecclesias
3192 1906 3436 1980 ejusdem

1860 2010 2165 2070 Germania:
2194 2017 2249 2065 et
2276 2006 2463 2064 Gallia:
2491 2021 2520 2061 a
2565 2003 2687 2060 labe
2734 2002 2994 2058 Simonis:
3036 2000 3436 2072 expurgandas.

1862 2106 1977 2162 Rex
2007 2105 2077 2169 ob
2102 2102 2307 2159 crimen
2330 2098 2617 2170 allegatum
2645 2094 2826 2151 debita
2866 2093 3185 2166 poenitentia
3220 2099 3437 2163 peracta

1860 2197 2083 2255 eosdem
2128 2191 2428 2249 honoriﬁce
2460 2187 2738 2258 suscepit:
2771 2201 2840 2241 ne
2887 2200 3018 2241 vero
3044 2185 3334 2241 concilium
3384 2182 3439 2238 in

1861 2288 2151 2348 Germania
2177 2301 2239 2341 ea
2271 2283 2337 2340 de
2367 2297 2532 2338 causa
2565 2294 2662 2351 per
2712 2278 2922 2351 legatos
2974 2276 3287 2345 haberetur,
3311 2290 3439 2346 per-

1860 2384 2120 2442 suasione
2156 2375 2391 2434 Liemari
2415 2371 2726 2430 Bremensis
2763 2368 3165 2441 archiepiscopi,
3187 2367 3437 2433 obstitit;
3522 2444 3529 2451 υ

1860 2476 2019 2549 quasi
2043 2474 2147 2529 hac
2174 2471 2241 2527 de
2264 2482 2433 2525 causa
2485 2481 2594 2521 non
2645 2463 2713 2520 ab
2742 2462 2863 2519 aliis
2890 2476 3055 2533 quam
3090 2476 3121 2517 a
3164 2459 3440 2516 Bremensi

1860 2570 1945 2625 vel
1987 2563 2309 2637 Moguntina
2354 2558 2499 2616 sedis
2546 2555 2860 2629 apostolicae
2917 2552 3138 2611 vicariis
3176 2551 3439 2626 synodum

1860 2654 2180 2732 congregari
2224 2658 2518 2723 oporteret.
2568 2647 2757 2718 Legati
2798 2644 3030 2701 Romam
3076 2643 3278 2701 reversi
3326 2658 3441 2698 rem

1860 2761 2070 2826 gestam
2104 2744 2347 2821 pontiﬁci
2370 2747 2757 2814 exposuerunt.
2790 2736 3078 2793 Liemarus
3101 2734 3340 2792 secundo
3374 2732 3442 2789 ad

1861 2844 2043 2902 sedem
2096 2839 2452 2912 apostolicam
2493 2833 2693 2889 citatus
2741 2829 2918 2885 factus
2951 2834 3036 2883 est
3085 2826 3441 2894 inobediens,

1860 2915 2077 2993 rebellis
2116 2942 2171 2987 et
2204 2926 2607 2991 schismaticus,
2664 2921 3035 2990 resistensque
3060 2918 3309 2989 jussibus
3360 2917 3441 2971 le-

1861 3002 2108 3100 gatorum
2145 3032 2199 3078 et
2220 3021 2394 3092 ipsius
2418 3014 2694 3090 pontiﬁcis
2721 3027 2905 3084 regem
2948 3011 3210 3066 adversus
3255 3006 3442 3079 ponti-

181 3097 419 3168 suntqui
452 3096 609 3153 illum
642 3113 751 3155 non
784 3099 1045 3157 canonice
1070 3100 1431 3158 constitutum
1460 3142 1475 3168 ,
1531 3101 1626 3157 sed
1670 3110 1755 3175 ty-

1862 3096 2017 3175 ﬁcem
2041 3112 2356 3178 commovit,
2386 3110 2547 3181 idque
2597 3104 2728 3163 boni
2761 3102 2909 3174 quod
2953 3109 3134 3156 mente
3175 3114 3442 3200 concepe-

181 3189 397 3245 ranniee
457 3198 720 3261 papatum
765 3191 985 3248 sibimet
1040 3202 1353 3249 asscverent
1416 3209 1713 3264 usurpasse
1738 3236 1755 3263 ,

178 3296 269 3351 pro
290 3297 402 3352 qua
428 3297 493 3336 re
524 3292 580 3338 et
608 3299 640 3338 a
663 3283 945 3341 nonnullis
978 3285 1250 3356 episcopis
1273 3280 1557 3342 abdicatus
1587 3294 1690 3342 est.
1731 3306 1751 3339 ι

184 3369 279 3428 Sed
326 3389 499 3442 quam
548 3374 656 3430 ista
702 3374 770 3430 de
827 3389 940 3431 non
997 3375 1243 3432 adhibito
1292 3392 1566 3434 consensu
1614 3377 1758 3451 regis

184 3462 393 3533 llenrici
430 3465 572 3521 falsa
604 3466 744 3534 sint,
792 3475 941 3538 patet
968 3483 1037 3524 ex
1080 3467 1217 3525 actis
1251 3469 1375 3525 vitae
1414 3470 1578 3541 hujus
1622 3469 1758 3528 Gre-

185 3557 332 3627 gorii,
376 3558 437 3611 in
478 3556 682 3627 quibus
713 3557 949 3614 refertur
980 3560 1148 3630 quod,
1183 3574 1310 3615 cum
1343 3560 1433 3616 ille
1467 3560 1539 3617 ad
1578 3578 1761 3635 regem

183 3647 487 3719 scripsisset
510 3663 581 3704 ne
616 3648 805 3720 vigore
835 3651 1083 3707 concessi
1124 3651 1392 3722 privilegii
1442 3650 1602 3710 facta:
1648 3654 1763 3710 ele-

183 3739 343 3793 ctioni
376 3754 673 3796 assensum
704 3741 970 3811 praeberet
995 3784 1009 3811 ,
1039 3758 1135 3798 rex
1183 3759 1293 3797 non
1317 3744 1479 3799 modo
1505 3759 1618 3800 non
1647 3746 1763 3801 dis-

184 3831 452 3896 senserit,
504 3831 602 3886 sed
644 3831 812 3888 missa
862 3834 1132 3906 legatione
1186 3832 1387 3889 factam
1442 3836 1763 3892 electionem

182 3921 537 3989 eonﬁrmarit,
572 3922 802 3995 ejusque
836 3926 1238 3983 consecrationi
1266 3942 1361 3996 per
1394 3927 1631 3998 legatum
1676 3927 1764 3983 in-

182 4011 444 4068 terfuerit.
474 4013 626 4069 Idem
651 4014 884 4072 afﬁrmat
912 4016 1238 4074 Lambertus
1267 4016 1764 4093 Schaffnaburgen-

182 4104 253 4160 sis
287 4105 409 4160 loco
462 4121 632 4176 supra
688 4107 943 4179 allegato.
991 4107 1225 4165 Videant
1273 4125 1405 4181 ergo
1450 4121 1763 4179 novatores,

180 4211 280 4265 qua
318 4197 553 4252 veritate
593 4197 897 4254 subsistant
949 4201 1054 4256 illa:
1106 4201 1397 4256 calumnia:
1431 4193 1570 4272 quas
1610 4204 1765 4274 prin-

180 4302 298 4358 ceps
366 4288 851 4344 schismaticorum
922 4291 1285 4347 cardinalium
1348 4292 1536 4349 Benno
1599 4295 1797 4365 hujus.

178 4378 363 4447 Optimi
394 4379 621 4435 maximi
644 4379 916 4450 pontiﬁcis
944 4384 1210 4451 moribus,
1266 4384 1516 4439 electioni
1546 4394 1601 4442 et
1642 4386 1764 4441 ﬁdei

1856 3220 1941 3269 rat
1964 3207 2151 3266 infelix
2181 3205 2433 3278 princeps
2456 3201 2622 3272 hujus
2650 3194 2997 3267 instigatione
3022 3192 3186 3247 aruit.
3213 3190 3318 3246 Sed
3345 3205 3443 3245 ac-

1857 3304 1990 3361 cidit
2022 3301 2115 3355 Dei
2147 3295 2412 3369 singulari
2442 3289 2708 3349 beneﬁcio
2754 3294 2837 3353 ut,
2874 3299 3001 3341 cum
3036 3283 3299 3339 adversus
3328 3280 3444 3337 Ro-

1860 3408 2080 3452 manam
2141 3386 2445 3444 Ecclesiam
2488 3381 2763 3456 principes
2798 3375 2982 3432 smculi
3024 3383 3079 3430 et
3109 3375 3444 3446 potentiores

1858 3483 2099 3558 episcopi
2132 3478 2534 3550 conspirarent,
2578 3486 2679 3544 pro
2723 3467 3043 3558 defensione
3073 3465 3319 3537 ejusdem
3353 3480 3444 3520 se-

1859 3557 1945 3634 dis
1979 3577 2240 3647 Agnetem
2273 3570 2417 3642 regis
2440 3564 2662 3623 Henrici
2697 3568 2930 3617 matrem
2958 3600 2973 3625 ,
3009 3557 3313 3613 Beatricem
3340 3599 3356 3625 ,
3391 3565 3447 3612 et

1861 3666 2192 3733 Mathildem,
2220 3663 2339 3734 ejus
2375 3660 2542 3715 ﬁliam
2574 3657 2754 3712 adhuc
2780 3650 3020 3723 puellam
3062 3657 3118 3705 et
3145 3647 3445 3720 virginem,

1862 3747 2177 3830 quanquam
2217 3752 2512 3810 Godefrido
2546 3756 2716 3818 nupta
2756 3744 2973 3810 fuisset,
3023 3740 3210 3797 afﬁnes
3236 3738 3449 3795 excita-

1862 3850 1953 3906 rit.
1980 3847 2134 3904 Unde
2153 3845 2300 3902 haud
2334 3843 2498 3899 dubie
2552 3840 2818 3911 originem
2855 3833 3090 3904 sumpsit
3120 3832 3211 3888 illa
3251 3831 3451 3887 multo-

1863 3956 1986 3998 rum
2013 3938 2308 4004 calumnia,
2342 3950 2507 4006 quam
2544 3932 2612 3988 ad
2659 3929 2745 3988 sui
2769 3926 3219 3998 expurgationem
3252 3923 3455 3995 vulga‘

1864 4034 1996 4089 bant
2020 4027 2418 4093 concubinarii,
2443 4023 2589 4097 quod
2624 4030 2750 4094 post
2781 4019 2987 4076 factum
3018 4016 3315 4073 divortium
3358 4015 3445 4070 in-

1865 4132 1947 4181 ter
1991 4121 2301 4178 Mathildem
2356 4125 2410 4172 et
2465 4113 2840 4181 Godcl‘ridum,
2889 4109 3133 4184 pontifex
3170 4106 3452 4163 Mathildis

1865 4215 2207 4287 amplexibus
2263 4208 2480 4266 furtivis
2519 4206 2835 4263 frueretur:
2895 4219 3059 4275 quam
3114 4200 3443 4257 calumniam

1865 4324 1977 4365 non
2011 4314 2224 4361 tantum
2246 4318 2348 4359 suo
2377 4309 2618 4373 tempore
2669 4298 3016 4360 Lambertus,
3044 4307 3235 4348 verum
3280 4291 3445 4346 etiam

1866 4402 1968 4456 hac
2007 4405 2197 4452 nostra
2245 4402 2402 4450 aetate
2426 4409 2493 4448 ex
2544 4398 2759 4462 regesto
2812 4386 3167 4459 epistolarum
3197 4381 3446 4453 Gregorii

179 4470 417 4540 opponit
452 4468 811 4542 Videamquo
832 4473 969 4529 duce
991 4482 1045 4529 θῑ
1058 4483 1281 4531 auctore
1303 4476 1619 4532 cathedram
1662 4477 1736 4533 Pe
1797 4511 1839 4566 ι)
1864 4489 2131 4545 Baronius
2154 4496 2264 4549 tam
2290 4484 2501 4540 erudite
2525 4491 2579 4538 et
2603 4480 2775 4537 solide
2805 4477 3061 4535 refutavit
3084 4492 3149 4533 ac
3199 4472 3403 4532 detexit
3426 4512 3443 4537 ,

180 4561 244 4614 tri
294 4562 639 4633 impngnent,
691 4579 969 4636 quamque
1009 4566 1249 4637 graviter
1296 4567 1619 4639 impingant,
1666 4570 1760 4641 qui

180 4666 305 4719 uno,
339 4654 575 4729 duobus,
613 4655 699 4710 vel
734 4656 910 4714 tribus
949 4658 1019 4713 ad
1046 4673 1327 4714 summum
1379 4658 1760 4717 schismatico-

179 4757 296 4799 rum
317 4743 625 4803 fautoribus
660 4747 1117 4817 adhzerescentes,
1145 4758 1199 4806 et
1220 4765 1251 4804 a
1277 4749 1501 4821 triginta
1526 4752 1761 4808 duorum

180 4836 695 4919 probatis-simorum
747 4839 1081 4910 scriptorum
1106 4884 1122 4909 ,
1172 4856 1317 4913 quos
1366 4858 1465 4912 pro
1515 4843 1762 4917 Gregorii

182 4925 492 4983 defensione
522 4930 1018 4988 reverendissimus
1047 4941 1102 4988 et
1130 4933 1537 4990 illustrissimus
1579 4936 1762 4993 cardi-

180 5018 317 5074 nalis
338 5018 703 5078 Bellarminus
747 5023 806 5098 in
841 5024 1213 5082 controversia
1243 5023 1312 5079 de
1346 5022 1503 5080 Rom.
1561 5025 1761 5098 pontif.

180 5108 316 5163 libro
348 5125 418 5176 ιν,
443 5112 614 5183 capite
645 5114 719 5169 15
740 5113 1065 5170 nominatim
1089 5124 1376 5183 recenset,
1410 5123 1677 5177 sententia
1708 5127 1765 5175 et

182 5202 492 5258 auctoritate
512 5204 812 5261 temerarie
846 5207 1124 5263 recedunt.
1184 5206 1452 5276 Tempore
1471 5213 1763 5279 pontiﬁca-

181 5298 289 5348 tus.
327 5303 508 5348 praeter
536 5297 690 5348 illam
722 5294 1061 5348 vigilantiam
1094 5314 1266 5348 auiam
1300 5301 1554 5348 omnibus
1588 5318 1764 5348 nrnm

1858 4592 2022 4653 atque
2052 4596 2082 4635 a
2108 4577 2518 4634 mendaciorum
2545 4572 2842 4629 involucris
2862 4569 3177 4648 vindicavit,
3201 4575 3263 4621 ut
3282 4578 3446 4622 nemo

1858 4682 1982 4747 post
2006 4673 2110 4728 hac
2144 4670 2252 4725 nisi
2285 4667 2647 4725 calumniator
2662 4673 2719 4720 et
2747 4662 3037 4718 haereticus
3060 4658 3269 4747 fabella:
3287 4672 3443 4712 men-

1859 4765 1980 4822 daci
2023 4777 2184 4818 aures
2220 4760 2464 4830 praebere
2496 4758 2693 4829 possit.
2737 4753 2811 4808 Ut
2867 4768 3068 4824 magno
3122 4746 3448 4805 Christiana

1858 4855 2142 4927 religionis
2175 4852 2321 4906 bono
2348 4863 2460 4905 non
2488 4850 2667 4905 solum
2691 4845 2995 4899 Saracenos
3016 4840 3260 4899 exercitu
3280 4854 3451 4910 expu-

1861 4955 2071 5021 gnaret,
2103 4943 2197 5000 sed
2224 4945 2396 4999 etiam
2422 4937 2756 4994 Orientalem
2805 4934 3104 4991 Ecelesiam
3156 4929 3457 4988 schismate

1861 5038 1930 5093 ab
1963 5035 2298 5094 Occidentali
2319 5030 2559 5089 divisam
2594 5030 2791 5093 uniret,
2836 5025 3107 5083 Armenes
3144 5040 3176 5078 a
3213 5021 3317 5077 ﬁde
3357 5034 3453 5081 (πα-υ

1862 5128 2068 5185 tholiea
2095 5127 2312 5199 penitus
2360 5120 2683 5179 aberrantes
2718 5119 2784 5175 ad
2815 5127 2980 5176 recta:
3009 5118 3137 5176 ﬁdei
3180 5114 3461 5170 tramitem

1860 5222 2191 5284 restitueret,
2238 5218 2538 5288 plusquam
2589 5212 2983 5288 quinquaginta
3013 5210 3202 5268 millia.
3225 5207 3461 5261 militum

1861 5308 2189 5348 nnncnrinait
2219 5317 2277 5348 at.
2313 5304 2536 5348 nnllnair
2620 5309 2697 5348 Διι
2732 5304 2965 5348 ηρηνίρη
3057 5306 3186 5348 nnst
3216 5296 3463 5348 Saxones
