3962 5348
532 377 638 448 I87

1712 393 1769 449 s.
1821 393 2235 483 Caesonius,
2267 393 2354 450 vn
2393 392 2591 451 PAPA.

3698 395 3792 456 I88

525 511 792 572 tuanten.,
832 513 889 560 et
931 513 1042 561 tam
1079 505 1317 562 immane
1361 506 1539 563 seequ
1581 506 1774 564 ulcisci
1819 517 2072 579 paratum
2097 551 2113 575 ,
2143 511 2190 568 A
2214 510 2398 580 erepit,
2424 526 2607 582 quem,
2640 510 2746 568 sibi
2773 525 2984 584 suoque
3008 525 3187 584 regno
3207 511 3427 582 timens,
3451 512 3795 568 hactenus”

524 585 849 666 eriperetur,
883 597 1302 668 atquepristina:
1326 599 1563 654 libertati
1582 599 1977 657 restitueretur.
2007 601 2116 658 Sed

524 702 653 742 cum
679 687 932 745 Romano
964 689 1168 761 populo
1191 689 1406 746 vindice
1439 699 1656 748 tantum
1682 693 1862 748 scelus
1896 693 2117 752 irritum:

523 779 796 836 redditum
819 791 988 846 esset,
1040 782 1184 838 idem
1213 781 1508 843 Guibertus
1550 795 1772 858 accepta
1809 801 1840 852 a
1870 801 2009 858 papa
2042 787 2113 842 li-

522 873 705 929 centia
733 872 1050 930 Ravennam
1077 890 1136 932 se
1159 877 1412 945 contulit,
1436 877 1620 950 ibique
1651 879 2112 950 conspirationem

521 963 804 1018 rebellium
825 965 1209 1038 episcoporum
1237 968 1724 1043 Longobardorum
1769 972 2112 1030 machinatus

520 1051 644 1108 fuit.
675 1053 942 1114 Henricus
975 1058 1171 1116 timore
1196 1058 1476 1119 Saxonum
1530 1063 1746 1120 solutus
1787 1067 2114 1136 contempsit

518 1143 745 1216 implere;
774 1163 838 1204 ea
864 1165 990 1220 quae
1021 1153 1337 1221 apostolicae
1390 1155 1538 1211 sedis
1593 1155 1786 1226 legatis
1819 1165 1944 1212 ante
1979 1173 2110 1228 pro-

517 1238 746 1299 miserat
769 1282 784 1307 ,
811 1251 976 1313 atque
1018 1247 1525 1304 excommunicatos
1558 1264 1590 1304 a
1625 1248 1880 1318 pontiﬁce
1908 1251 2113 1320 recepit

515 1333 570 1386 et
601 1329 755 1388 fovit.
785 1331 960 1400 Quem
981 1347 1358 1408 contemptum
1392 1357 1517 1398 cum
1551 1339 1796 1413 pontifex
1839 1358 1949 1399 non
1984 1344 2110 1400 diu-

512 1423 626 1480 tius
651 1425 991 1484 tolerandum
1027 1444 1150 1486 esse
1194 1441 1460 1502 putasset,
1507 1434 1758 1490 eumdem
1807 1450 1988 1508 regem
2040 1436 2110 1492 ad

514 1514 802 1572 dicendam
835 1535 1061 1576 causam
1085 1538 1182 1593 per
1209 1524 1416 1596 legatos
1441 1525 1670 1581 Romam
1707 1525 1898 1582 citavit
1919 1527 1986 1583 ad
2014 1543 2108 1601 sy-

514 1607 720 1665 nodum
753 1613 1002 1680 proxima
1025 1615 1449 1688 quadragesima
1501 1619 1960 1692 congregandam.
1998 1618 2110 1676 Ex-

513 1701 661 1772 cepit
706 1703 797 1759 ille
848 1705 1199 1777 legationem,
1235 1712 1332 1768 sed
1371 1727 1570 1785 magna
1620 1727 1749 1768 cum.
1779 1715 2108 1771 contumelia

512 1793 788 1863 pontiﬁcis
833 1798 1052 1856 eosdem
1087 1811 1281 1871 postea
1319 1804 1540 1875 abjecit,
1585 1804 1900 1880 indictoque
1939 1806 2106 1863 Wor-

511 1886 1162 1954 matiensiconventiculo
1190 1897 1502 1964 pontificem
1529 1879 1815 1954 absentem
1837 1899 1903 1955 de
1924 1899 2107 1955 crimi-
2137 1879 2178 1934 Β

509 1975 675 2037 nibus
710 1981 938 2052 objectis
963 1985 1386 2044 condemnatum
1407 2005 1506 2061 per
1527 1993 1856 2048 sententiam
1879 1992 2100 2064 deponi,

507 2083 742 2142 eamque
764 2073 867 2145 ipsi
905 2077 1172 2134 insinuari
1209 2082 1440 2137 curavit.
1470 2081 1687 2154 Legatis
1726 2085 1957 2142 Romam
2010 2099 2102 2141 re-

509 2163 702 2232 versis,
741 2165 928 2223 habita
962 2179 1048 2225 est
1077 2173 1342 2241 postridie
1393 2177 1657 2247 synodus,
1708 2179 1762 2234 in
1813 2195 1922 2250 qua
1969 2179 2102 2236 dum

505 2251 587 2331 illi
621 2256 853 2326 injurias
906 2261 1011 2317 sibi
1062 2263 1334 2336 irrogatas
1368 2269 1703 2342 retulissent,
1739 2273 2040 2346 litterazque
2069 2287 2102 2326 a

506 2361 636 2419 rege
661 2351 844 2408 missae
873 2353 1114 2413 recitatae
1148 2355 1384 2414 fuissent
1409 2403 1422 2428 ,
1450 2378 1560 2420 una
1584 2383 1712 2422 cum
1742 2384 1870 2440 rege
1896 2366 2102 2426 Henri-

511 2455 579 2496 co
595 2440 920 2534 ‘Sigefridus
956 2447 1306 2518 Moguntina,
1349 2453 1678 2517 Wilhelmus
1711 2460 2100 2534 Trajectensis,

505 2541 564 2590 et
595 2532 870 2594 Robertus
918 2537 1338 2614 Bambergensis
1388 2546 1647 2608 Ecclesiae
1703 2532 2102 2629 archiepiscopi

504 2629 967 2686 excommunicati
993 2630 1234 2690 fuerunt.
1265 2635 1458 2694 Latam
1491 2646 1820 2702 sententiam
1855 2649 2101 2718 pontifex

503 2720 763 2778 omnibus
809 2723 1438 2797 subditisajuramento
1493 2733 1774 2795 ﬁdelitatis
1827 2741 2101 2803 absolutis

505 2809 800 2880 intimavit,
851 2831 1086 2888 eamque
1145 2819 1292 2876 Deus
1340 2834 1532 2882 contra
1591 2835 2101 2894 excommunicatos

503 2900 726 2962 Henrici
748 2905 994 2966 fautores
1022 2913 1311 2986 episcopos
1351 2915 1660 2976 interventu
1686 2925 1883 2981 mortis
1917 2931 2100 2997 pessi-

503 3010 607 3068 ma:
639 3007 931 3056 exsecutus
981 3001 1103 3058 fuit.
1143 3005 1389 3064 Saxones
1420 3027 1450 3064 a
1491 3028 1618 3084 rege
1661 3013 2014 3088 defecerunt,
2046 3029 2103 3078 et

501 3088 766 3147 adversus
788 3107 912 3148 eum
936 3093 1283 3156 formidando
1313 3112 1578 3172 apparatu
1626 3108 1814 3176 praelio
1849 3109 2099 3170 insurre-

501 3191 720 3286 xerunt.
763 3181 1029 3242 Similiter
1047 3189 1216 3246 etiam
1257 3193 1533 3265 principes
1561 3195 1869 3257 Germania:
1901 3189 2095 3274 'majo-
2121 3232 2166 3294 ρ

500 3286 592 3328 res
619 3274 888 3346 episcopi,
911 3293 1214 3352 omnesque
1248 3283 1450 3352 fideles,
1485 3303 1648 3358 quos,
1679 3290 1810 3347 dum
1847 3295 2092 3364 pontifex

501 3374 698 3435 rogatu
738 3365 1040 3427 Hermanni
1082 3371 1342 3432 Metensis
1374 3377 1616 3450 episcopi
1662 3387 2096 3446 commonuisset

500 3463 565 3512 ut
606 3472 788 3540 regem
823 3461 892 3516 ad
946 3465 1330 3546 paenitentiam
1387 3469 1766 3543 hortarentur,
1823 3477 2093 3540 Triburite

499 3559 834 3648 conventum
897 3553 1254 3626 indixerunt;
1288 3559 1344 3616 in
1394 3577 1526 3632 quo,
1551 3564 1682 3621 dum
1719 3568 1786 3624 de
1821 3571 1930 3628 alio
1964 3591 2092 3648 rege

500 3637 807 3701 Germaniae
853 3647 1102 3719 eligendo
1125 3661 1401 3722 ageretur,
1444 3654 1713 3715 Henricus
1747 3679 1843 3732 per
1881 3637 2090 3738 legatos

497 3747 691 3826 pacem
720 3739 934 3812 rogavit
963 3751 1020 3797 et
1053 3745 1490 3802 emendationem
1539 3765 1759 3808 morum
1796 3761 2086 3826 promisit:

499 3825 790 3902 aliquoties
819 3834 1100 3902 repulsam
1127 3851 1348 3906 passus,
1387 3839 1493 3896 hac
1530 3843 1748 3901 tandem
1780 3825 1899 3920 lege
1933 3868 2089 3910 rece-

497 3925 626 4014 ptus
646 3929 750 3990 est,
782 3931 864 3992 ut,
879 3925 1123 3985 dimissis
1159 3933 1658 3991 excommunicatis
1689 3953 1830 4008 quos
1845 3940 2086 4014 fovebat,

499 4007 748 4069 Romano
780 4019 1026 4087 pontifici
1050 4035 1111 4078 se
1137 4023 1501 4094 submitteret,
1553 4007 1721 4100 seque
1751 4048 1848 4103 per
1880 4007 2086 4096 Roma;

497 4117 631 4158 num
674 4106 985 4176 pontificem
1031 4129 1062 4168 a
1097 4115 1316 4172 vinculo
1367 4124 1952 4187 excommunicationis
1985 4132 2086 4188 ab-

497 4193 636 4250 solvi
653 4211 988 4266 procuraret.
1023 4203 1212 4284 Paruit
1246 4225 1361 4279 rex,
1411 4215 1748 4287 veniensque
1785 4220 1844 4276 in
1873 4221 2086 4281 Italiam

494 4301 526 4340 a
554 4289 806 4356 pontifice
833 4293 1233 4356 absolutionem
1251 4303 1507 4362 obtinuit.
1540 4305 1746 4366 Verum
1805 4314 2085 4373 schisma-

497 4377 731 4480 ticorum
864 4390 1386 4451 concubinariorum
1415 4399 1801 4472 episcoporum
1852 4405 2084 4480 instiga-

465 4509 467 4511 .
495 4475 874 4564 tionegaccidit
903 4486 962 4533 ut
993 4481 1081 4536 vix
1107 4483 1164 4536 in
1187 4483 1538 4546 Germaniam
1571 4509 1846 4564 reversus,
1881 4475 2082 4555 iterum

495 4558 552 4614 in
575 4562 812 4660 pristina
841 4568 1194 4630 relaberetur.
1225 4575 1362 4634 Nam
1407 4596 1533 4637 cum
1559 4582 1822 4643 Guiberto
1834 4558 2081 4660 aliisque
2113 4587 2158 4642 D

493 4651 822 4722 quibusdam
846 4660 1135 4722 rebellibus
1169 4683 1366 4726 novam
1419 4674 1856 4743 conjnrationem
1883 4651 2080 4737 adver-

497 4755 592 4836 sus
645 4749 958 4815 pontiﬁcem
1009 4753 1376 4816 fmdissimam
1416 4767 1708 4821 contraxit.
1748 4767 1905 4836 Quod
1945 4773 2076 4830 dum

495 4835 770 4908 principes
793 4841 1098 4906 Germaniae
1134 4854 1560 4924 cognovissent,
1593 4835 1904 4918 inconsulto
1944 4863 2081 4921 Gre-

495 4926 651 4995 gorio
691 4929 1058 5027 iludolphum,
1099 4943 1310 5001 Suevia»
1345 4947 1560 5014 ducem,
1594 4948 1650 5002 in
1677 4965 1859 5024 regem
1899 4955 2078 5027 elege—

495 5027 648 5088 runt,
675 5023 1011 5102 ductumque
1030 5033 1364 5106 Moguntiam
1389 5053 1420 5090 a
1456 5036 1724 5110 Sigefrido
1764 5023 2078 5104 consecrari

493 5122 778 5162 ευηνιιηι-
815 5117 894 5162 Ωιι
917 5121 1106 5162 MIHI")
1131 5136 1318 5162 tinnitu
1354 5126 1700 5162 Ruﬁni-duum
1745 5147 1994 5162 n..--.._a-
2029 5155 2050 5162 -

2216 602 2394 657 colere
2437 613 2492 658 et
2511 603 2790 675 obsequiis
2835 603 3180 675 frequentare
3232 605 3530 661 simulavit.
3589 603 3710 672 Qua
3731 604 3795 659 de

2213 711 2382 753 causa
2408 698 2604 752 iterum
2633 695 2821 752 Romae
2845 697 3093 770 synodali
3123 713 3398 754 consensu
3419 695 3795 778 excommuni-

2213 799 2392 858 catus,
2435 804 2623 862 regno,
2670 790 2816 860 quod
2850 789 3143 861 Rudolpho
3169 790 3426 846 collatum
3477 790 3605 856 fuit,
3639 790 3796 862 digne

2212 883 2414 954 privari
2448 881 2769 952 promeruit.
2797 880 2891 937 Ille
2917 897 3066 948 vero,
3096 882 3284 937 habito
3317 898 3442 938 cum
3475 883 3793 940 schismati-

2211 975 2293 1033 cis
2347 974 2710 1032 conciliabulo
2751 973 3022 1031 Brixicnsi
3056 973 3412 1049 [Brixincnsi]
3439 1017 3455 1043 ,
3506 977 3560 1030 in
3599 975 3794 1031 absen-

2212 1075 2322 1123 tem
2352 1067 2708 1138 depositionis
2736 1051 3064 1124 sententia‘m
3100 1063 3254 1134 ferri,
3281 1068 3442 1138 eique
3467 1065 3793 1124 Guibertum

2209 1158 2525 1216 schismatis
2579 1168 2860 1216 auctorem
2886 1201 2902 1226 ,
2955 1175 3099 1230 saepe
3147 1160 3687 1216 excommunicatum
3741 1169 3794 1215 et

2209 1249 2537 1322 depositum,
2563 1251 2619 1307 in
2641 1251 2959 1324 pontiﬁcatu
2981 1251 3271 1322 subrogari
3292 1251 3590 1307 mandavit.
3622 1250 3792 1306 Cum-

2206 1359 2316 1418 que
2348 1343 2557 1400 interea
2591 1343 2914 1416 Rudolphus
2953 1359 3049 1400 rex
3091 1343 3339 1412 obiisset,
3375 1343 3608 1416 ejusque
3661 1357 3794 1400 ne‘ce

2207 1453 2298 1494 res
2325 1435 2631 1517 Germaniae
2657 1437 2714 1492 in
2758 1437 2958 1493 tutiore
3002 1445 3150 1493 statu
3183 1437 3464 1496 collocata:
3496 1445 3704 1504 essent,
3738 1437 3794 1494 in

2206 1528 2418 1586 Italiam
2455 1531 2670 1602 paravit
2709 1530 3001 1586 adventum
3029 1571 3046 1597 ,
3080 1538 3142 1585 ut
3185 1527 3508 1602 Gregorium
3550 1545 3746 1602 papam
3774 1574 3791 1598 ,

2207 1637 2370 1694 quem
2397 1622 2504 1679 sibi
2538 1621 2977 1681 infensissimum
3013 1621 3262 1694 putabat,
3289 1638 3320 1678 e
3349 1621 3477 1678 sede
3519 1621 3670 1678 Petri
3700 1623 3794 1681 de-

2205 1724 2454 1789 poneret,
2477 1715 2704 1788 ejusque
2731 1715 3104 1772 adversarium
3129 1713 3454 1772 Guibertum
3479 1715 3792 1788 antipapam

2207 1806 2262 1864 in
2283 1823 2350 1864 ea
2397 1808 2708 1866 collocaret.
2761 1807 3010 1878 Cumque
3063 1807 3254 1863 urbem
3303 1805 3604 1864 Leoninam
3647 1807 3794 1864 binis

2205 1899 2415 1957 vicibus
2445 1899 2650 1956 frustra
2685 1909 2948 1958 tentatam
2977 1907 3032 1957 et
3057 1899 3338 1956 obsessam
3355 1908 3480 1972 post
3509 1900 3792 1957 biennium

2205 2007 2319 2048 suae
2347 1993 2751 2064 persecutionis
2779 2001 3169 2065 expugnasset,
3225 1991 3549 2050 Guibertum
3574 1990 3794 2048 Raven-

2203 2093 2385 2140 natem
2415 2084 2720 2157 perjurum,
2774 2085 3082 2156 depositum
3125 2093 3184 2141 et
3224 2081 3747 2141 anatliematizatum
3771 2126 3790 2153 ,

2178 2179 2346 2248 'apud
2369 2185 2618 2236 sanctum
2634 2178 2859 2234 Petrum
2885 2193 2980 2250 per
3000 2176 3362 2234 Mutinensem
3391 2185 3446 2232 et
3476 2177 3792 2234 Ariminen-

2203 2285 2316 2328 sem
2344 2271 2630 2343 episcopos
2650 2271 2764 2344 jam
2798 2271 2987 2328 multis
3035 2279 3164 2327 ante
3219 2271 3382 2328 annis
3423 2271 3706 2343 depositos
3737 2279 3801 2327 et

2200 2364 2704 2420 excommunicatos
2753 2362 3160 2427 intbronizavit,
3196 2362 3357 2434 eique
3384 2361 3684 2420 Clementis
3719 2360 3790 2416 III

2202 2470 2404 2511 nomen
2443 2456 2726 2526 imposuit.
2778 2455 2960 2526 Ipsam
3001 2471 3132 2512 vero
3169 2454 3400 2511 Romam
3425 2454 3615 2534 ejn‘sve
3644 2455 3792 2512 cives

2201 2561 2314 2601 non
2348 2545 2454 2601 nisi
2483 2561 2581 2617 per
2619 2545 2946 2602 triennalcm
2991 2544 3332 2600 obsidionem
3380 2559 3518 2600 auro
3568 2544 3788 2601 tandem

2200 2645 2256 2694 et
2291 2638 2521 2708 pecunia
2543 2637 2894 2710 expugnavit,
2920 2651 3085 2708 quam
3110 2619 3282 2692 armis
3303 2635 3525 2692 vincere
3551 2651 3660 2692 non
3686 2652 3788 2707 pu-

2201 2737 2360 2784 terat.
2389 2727 2683 2799 Gregorius
2715 2743 2854 2798 papa
2883 2743 3007 2784 cum
3065 2727 3256 2798 paucis
3288 2725 3564 2782 nobilibus
3605 2725 3660 2781 in
3695 2741 3794 2782 ca.

2202 2818 2417 2872 stellum
2445 2815 2630 2872 Sancti
2656 2815 2846 2888 Angcli
2875 2832 2934 2872 se
2969 2816 3211 2886 recepit:
3263 2815 3469 2871 interea
3522 2830 3786 2871 coronam

2201 2907 2434 2978 imperii,
2458 2922 2626 2978 quam
2659 2906 2958 2978 Gregorius
2987 2903 3340 2962 scliismatico
3377 2911 3434 2960 et
3461 2918 3786 2960 excommu-
3871 2929 3878 2935 ~

2201 2997 2386 3052 nicato
2417 2997 2733 3068 imperatori
2769 2995 3000 3052 solemni
3033 2995 3144 3050 ritu
3197 2993 3448 3051 conferre
3495 3008 3674 3064 usque
3717 2993 3784 3049 ad

2201 3087 2519 3159 sanguinem
2545 3094 2910 3153 recusaverat,
2937 3085 3189 3142 Clemens
3210 3085 3463 3156 antipapa
3491 3085 3602 3156 regi
3636 3085 3785 3140 schi-

2201 3179 2432 3234 smatico
2453 3177 2703 3250 imponit,
2727 3185 2782 3232 et
2804 3177 3398 3248 pseudoimperatorem
3429 3175 3782 3248 pseudopon-

2199 3269 2327 3325 tifex
2353 3271 2654 3326 constituit.
2693 3269 2940 3340 Cumque
2971 3269 3026 3324 in
3049 3268 3318 3325 Aventino
3351 3277 3537 3324 monte
3559 3281 3780 3325 secon-

2193 3361 2413 3428 tinerct,
2444 3361 2708 3432 urbisque
2729 3361 3090 3416 obsidionem
3115 3359 3392 3416 indefesso
3423 3359 3607 3416 studio
3649 3373 3780 3430 pro-

2194 3463 2534 3526 sequeretur,
2579 3453 2876 3525 Gregorius
2906 3470 2938 3508 a
2981 3451 3232 3509 Roberto.
3270 3449 3780 3506 Northmannorum

2191 3545 2330 3602 duce
2355 3544 2658 3601 subsidium
2683 3557 2698 3612 ,
2725 3543 2872 3616 quod
2920 3542 3184 3600 Romanae
3210 3541 3468 3600 Ecclesiae
3495 3559 3594 3614 per
3621 3543 3782 3614 jura-

2191 3645 2435 3694 mentum
2478 3637 2822 3708 promiserat,
2866 3635 3196 3706 imploravit.
3232 3632 3338 3700 Qui
3367 3634 3572 3689 statim
3619 3633 3786 3690 novis

2191 3729 2362 3800 copiis
2384 3728 2726 3800 congregatis
2753 3727 2806 3782 in
2830 3725 3042 3782 Italiam
3067 3725 3330 3781 advolans
3371 3721 3666 3780 Henricum
3692 3723 3780 3778 fu-

2190 3822 2356 3893 gavit,
2380 3822 2665 3892 ipsumquc
2686 3819 2996 3891 pontiﬁcem
3022 3817 3335 3876 felicissime
3356 3817 3628 3886 liberavit,
3657 3832 3779 3872 om-

2189 3929 2396 3986 nesque
2435 3913 2970 3984 pseudocardinales,
3019 3927 3161 3983 quos
3201 3909 3496 3966 Guibertus
3533 3909 3776 3981 pseudo-

2187 4001 2429 4076 pontifex
2459 4009 2767 4068 creaverat,
2799 4001 2884 4056 vel
2917 4001 3108 4056 saltem
3131 4017 3162 4055 a
3197 4014 3326 4054 vero
3361 3998 3620 4069 pontifice
3646 3997 3777 4052 abs-

2190 4101 2448 4160 traxerat,
2484 4093 2620 4148 urbe
2666 4091 2893 4162 expulit.
2921 4089 3133 4158 Quibus
3165 4087 3408 4160 expulsis
3433 4129 3448 4154 ,
3477 4085 3776 4158 Gregorius

2187 4183 2479 4240 concilium
2503 4182 2690 4238 Romae
2712 4166 3080 4253 congregavit,
3112 4194 3223 4251 quo
3248 4176 3772 4250 pseudopontificcm

2186 4291 2311 4331 cum
2333 4273 2874 4346 pseudoimperatore
2901 4270 3136 4326 Henrico
3165 4270 3366 4325 iterum
3389 4267 3772 4324 excommuni-

2185 4367 2348 4422 cavit.
2381 4365 2578 4420 Postea
2620 4363 2690 4418 ab
2722 4362 2858 4418 urbe
2881 4361 3141 4418 recedens
3175 4357 3466 4416 Cassinum
3489 4357 3732 4430 .advenit
3754 4399 3770 4424 ,

2184 4467 2352 4530 atque
2382 4457 2507 4513 inde
2531 4456 2599 4512 ad
2623 4455 2982 4512 dedicandam
3014 4453 3296 4511 basilicam
3329 4451 3505 4508 sancti
3531 4449 3772 4506 Μελαιιωί

2183 4549 2414 4620 apostoli
2454 4547 2742 4603 Salernum
2797 4561 2856 4602 se
2898 4543 3173 4611 contulit,
3229 4543 3413 4613 ibique
3467 4540 3772 4612 permansit

2181 4657 2356 4713 usque
2385 4641 2454 4698 ad
2474 4640 2704 4708 obitum,
2736 4639 2831 4711 qui
2853 4638 3078 4710 contigit
3105 4637 3367 4709 vigesimo
3401 4644 3600 4719 quarto
3619 4633 3767 4703 Maii,

2181 4750 2327 4790 anno
2349 4733 2553 4790 Christi
2587 4732 2949 4804 redemptoris
2986 4729 3144 4797 1085,
3176 4743 3302 4785 cum
3333 4725 3567 4784 sedisset
3591 4739 3768 4780 annos

2180 4824 2494 4892 duodecim,
2525 4839 2772 4880 mensem
2810 4837 2978 4878 unum
3005 4829 3061 4876 et
3081 4819 3201 4877 dies
3225 4828 3358 4874 tres.
3385 4815 3691 4872 Sanctitate
3711 4823 3766 4870 et

2183 4915 2483 4970 miraculis.
2511 4923 2636 4986 post
2667 4923 2902 4969 mortem
2965 4911 3307 4967 clarissimus
3330 4950 3346 4976 ,
3403 4906 3650 4977 sepultus
3681 4913 3766 4959 est

2181 5003 2324 5058 intra
2353 5001 2637 5058 basilicam
2683 5001 2860 5058 sancti
2897 4999 3132 5070 apostoli
3157 5005 3213 5053 et
3253 4995 3600 5072 evangelista:
3623 4991 3761 5047 Mat-

2183 5093 2332 5162 thaei,
2370 5109 2536 5162 quam
2561 5093 2726 5162 paulo
2751 5100 2877 5150 ante
2913 5090 3124 5146 obitum
3147 5087 3332 5145 divino
3366 5084 3537 5142 cultui
3570 5096 3763 5140 censeo
