3962 5348
162 387 267 445 189

912 381 1451 441 PROLEGOMENA.
1494 418 1562 427 --
1601 387 1951 445 APOLOGIA
1986 384 2125 443 PRO
2161 387 2513 447 GRECORIO
2557 391 2665 448 Vlt.

3308 389 3410 448 £90

721 680 1421 798 APOLOGIA
1502 682 1776 799 PRO
1850 680 2577 817 .GREGORIO
2656 640 2868 802 v11

1263 920 1662 1001 CONTRA
1731 918 2283 1001 SECTARIOS

153 1093 232 1155 In
262 1113 392 1177 qua
421 1098 646 1161 insunt
666 1098 961 1162 hactenus
990 1097 1227 1162 inedita
1254 1100 1530 1190 quadam
1548 1117 1684 1258 pr;
1697 1100 1899 1240 eodlfnti
1915 1100 2216 1192 pontiﬁce
2242 1098 2549 1181 opuscula
2564 1101 2890 1163 BERNALD!
2916 1095 3413 1160 Constantiensis

1690 1197 1786 1240 res
1831 1195 1871 1258 y
1903 1197 2016 1252 ert,

1690 1195 2016 1260 resoytert,

666 1338 955 1410 Auctore
992 1353 1057 1410 et
1084 1347 1331 1412 editors
1357 1349 1593 1411 Iacobo
1618 1347 1986 1421 Gnerssno,
2018 1346 2355 1412 Soeietatis
2381 1348 2539 1410 Jesu
2576 1343 2900 1426 theologo.

1418 1512 1578 1584 (Opp.
1618 1520 1744 1567 tam.
1789 1509 1888 1578 VI,
1919 1527 2041 1583 pag.
2072 1510 2153 1582 6.)

220 1793 547 1853 Incredibile
602 1808 833 1867 prorsus
863 1803 919 1853 et
950 1798 1325 1871 inexplicabile
1380 1809 1484 1869 est,
1539 1811 1745 1874 quanto
1773 1804 1820 1861 Α
1914 1798 2118 1855 Verum
2152 1797 2300 1854 enim
2326 1809 2457 1853 vero
2504 1793 2742 1851 fremant
2773 1791 2883 1859 isti,
2918 1788 3223 1858 frendeant,
3271 1789 3423 1845 insa-

159 1887 281 1943 odio
297 1887 562 1944 hodierni
597 1899 895 1946 novatores
917 1892 973 1947 in
994 1893 1282 1963 pontiﬁces
1314 1893 1614 1962 Romanos,
1637 1895 1745 1966 pri-

158 1993 275 2033 scos
302 1979 482 2049 juxta
518 1995 588 2037 ac
622 1983 959 2040 recentiores
1000 1985 1266 2053 ardeant;
1299 1995 1355 2042 et
1379 1995 1515 2057 quot
1567 1987 1745 2044 modis

160 2067 258 2123 hoe
302 2082 470 2124 suum
514 2084 631 2125 non
682 2072 986 2128 humanum
1014 2116 1033 2141 ,
1093 2076 1188 2132 sed
1234 2076 1393 2146 plane
1423 2076 1744 2134 Tartareum

158 2158 336 2213 otium
358 2166 665 2229 testentur,
699 2164 989 2235 palamque
1021 2164 1226 2222 faciant
1253 2185 1267 2232 ;
1291 2166 1349 2222 in
1393 2168 1592 2238 quibus
1636 2168 1748 2238 pri-

159 2266 300 2307 mum
329 2252 522 2309 locum
545 2254 800 2311 obtinent
821 2258 1448 2327 mendacia,maledicta,
1471 2261 1744 2328 convicia,

159 2344 431 2417 ﬁgmenta,
478 2357 795 2404 commenta
840 2351 1290 2419 innumerabilia,
1326 2354 1528 2423 quibus
1558 2369 1748 2413 omnes

161 2437 555 2508 propemodum
598 2440 776 2497 libros
833 2456 965 2498 suos
1003 2443 1280 2513 complent
1308 2458 1373 2498 ac
1415 2442 1744 2512 inferciuut;

164 2536 260 2584 tam
283 2528 591 2587 immodice
617 2539 675 2587 et
698 2532 1051 2602 impotenter,
1076 2543 1139 2589 ut
1160 2535 1315 2590 multi
1343 2549 1408 2589 ex
1434 2535 1631 2589 borum
1661 2533 1749 2590 of-

165 2621 312 2679 ﬁcina
346 2622 591 2694 profecti
638 2624 767 2680 libri
811 2625 889 2680 nil
929 2626 1217 2681 videantur.
1258 2626 1403 2681 aliud
1429 2641 1552 2681 esse
1582 2640 1749 2696 quam

167 2729 323 2768 unum
372 2714 661 2784 quoddam
689 2715 915 2785 perenni
951 2723 1007 2770 et
1042 2731 1315 2786 nusquam
1342 2715 1648 2788 interrupto
1680 2715 1749 2770 ﬂ-

168 2802 216 2858 lo
248 2812 578 2860 contextum
603 2806 950 2862 mendacium
995 2816 1051 2862 et
1082 2806 1411 2863 convicium.
1442 2804 1553 2863 Nec
1586 2807 1750 2863 ullius

170 2898 343 2968 superi
368 2899 458 2953 vel
479 2898 646 2954 inferi
673 2900 978 2956 reverentia
999 2900 1207 2957 moveri
1231 2916 1291 2957 se
1319 2900 1525 2967 sinunt,
1551 2910 1612 2954 ut
1631 2914 1751 2954 mo-

168 2989 406 3046 deratius
431 3001 622 3062 agant,
648 3001 705 3048 et
757 2993 927 3049 sobrii
974 2991 1213 3050 hominis
1253 2994 1637 3065 cogitationem
1665 2992 1751 3048 vel

167 3080 228 3136 ad
260 3092 534 3152 punctum
565 3084 830 3155 temporis
863 3086 1166 3156 suscipiant
1194 3102 1209 3153 ;
1238 3095 1292 3140 et
1311 3084 1560 3156 quamvis
1590 3098 1749 3153 aper-

1843 1893 2019 1960 niant,
2046 1907 2263 1957 manus,
2288 1889 2476 1961 pedes,
2507 1887 2687 1944 calces
2708 1894 2762 1941 et
2787 1884 2966 1957 capita
2985 1883 3205 1939 demum
3243 1898 3342 1938 sua
3366 1881 3423 1939 in

1840 1994 2073 2057 petram,
2104 1998 2268 2054 super
2308 1996 2472 2052 quam
2523 1980 2679 2036 sedes
2720 1976 3022 2047 apostolica
3049 1974 3271 2029 fundata
3318 1983 3421 2040 est,

1843 2078 2094 2143 illidant;
2125 2076 2217 2147 qui
2250 2074 2456 2128 habitat
2484 2075 2541 2126 in
2567 2069 2731 2138 caelis,
2758 2068 3003 2124 irridebit
3024 2084 3130 2133 eos,
3163 2076 3213 2120 et
3239 2066 3426 2119 Domi-

1842 2184 1941 2223 nus
1962 2165 2305 2222 subsannabit
2327 2180 2414 2219 eos
2445 2160 2618 2234 (Psal.
2646 2159 2728 2231 ιι).
2760 2157 3036 2216 Conviciis
3081 2163 3290 2221 tonent,
3319 2152 3428 2207 ful-

1844 2261 2076 2324 minent,
2100 2256 2396 2328 fulgurent,
2428 2254 2665 2311 millenis
2711 2248 3017 2307 maledictis
3040 2256 3094 2303 et
3117 2244 3430 2301 mendacis-

1845 2352 2002 2411 simis
2027 2351 2303 2424 ﬁgmentis
2339 2349 2652 2421 apostolicae
2683 2346 2827 2403 sedis
2870 2344 3143 2400 antistites
3188 2342 3431 2397 lacerent

1845 2460 1910 2500 ac
1936 2444 2215 2499 lancinent
2241 2461 2254 2509 ;
2282 2457 2383 2497 nos
2419 2456 2545 2496 cum
2567 2438 2631 2493 Ι).
2663 2436 2970 2509 Augustino
3010 2435 3105 2489 lib.
3145 2449 3181 2488 ιι
3225 2430 3432 2487 Contra

1844 2534 2192 2599 Petilianum,
2225 2548 2344 2603 cap.
2372 2532 2461 2597 51,
2485 2530 2665 2600 palam
2699 2537 2755 2583 et
2784 2526 3050 2597 intrepide
3100 2524 3206 2579 illis
3228 2521 3431 2578 recini-

1845 2639 1971 2679 mus
1999 2642 2012 2676 :
2038 2621 2299 2677 Cathedra
2331 2622 2456 2693 quid
2490 2620 2584 2674 tibi
2630 2620 2755 2690 fecit
2781 2616 3035 2671 Ecclesiae
3069 2616 3345 2680 Romamn,
3376 2614 3433 2668 in

1844 2733 1950 2787 qua
1975 2714 2167 2769 Petrus
2202 2713 2358 2779 sedit,
2385 2722 2433 2766 et
2460 2713 2514 2766 in
2548 2726 2652 2782 qua
2679 2708 2832 2764 hodie
2862 2706 3178 2760 Anastasius
3208 2703 3433 2776 (Paulus

1847 2805 1892 2858 V
1917 2810 1936 2878 )
1966 2806 2138 2861 sedet:
2161 2805 2238 2859 vel
2261 2804 2513 2859 Ecclesia
2546 2799 3066 2879 Hierosolymitanw,
3101 2796 3157 2849 in
3191 2812 3295 2867 qua
3329 2792 3432 2847 Ja-

1848 2898 2005 2951 cobus
2031 2897 2189 2962 sedit,
2225 2904 2276 2950 et
2321 2896 2377 2949 in
2402 2911 2506 2965 qua
2556 2892 2709 2946 hodie
2754 2890 2986 2946 Joannes
3035 2887 3176 2943 sedet
3203 2903 3220 2941 :
3245 2887 3433 2958 quibus

1848 3005 1941 3044 nos
1968 2990 2022 3043 in
2055 2988 2316 3043 catholica
2348 2988 2550 3040 unitate
2592 2984 2972 3048 connectimur,
2999 2990 3048 3034 et
3077 2998 3108 3034 a
3130 2979 3317 3051 quibus
3345 2993 3433 3032 vos

1850 3079 2056 3149 nefario
2093 3078 2268 3148 furore
2298 3075 2584 3145 separastis
2612 3073 2636 3127 Ξ)
2668 3070 2843 3136 Quare
2865 3067 3102 3140 appellas
3129 3065 3433 3120 cathedram

170 3173 388 3228 tissimus
411 3173 676 3231 falsitatis
710 3177 1126 3245 convincuntur,
1178 3186 1234 3233 et
1268 3176 1325 3232 in
1358 3172 1749 3230 manifestariis
1781 3164 1824 3219 Β
1849 3168 2181 3242 pestilentiae,
2234 3166 2540 3221 cathedram
2599 3161 2947 3234 apostolicam
2973 3162 2997 3215 ?
3025 3162 3071 3214 si
3095 3169 3306 3230 propter
3335 3158 3433 3212 ho-

168 3266 537 3337 pseudologiis
559 3276 616 3322 et
635 3267 880 3325 lmdoriis
901 3270 1394 3340 deprehendantur,
1432 3268 1639 3323 nullum
1668 3276 1755 3322 ta-

170 3372 283 3412 men
303 3357 538 3413 ruboris
573 3360 793 3431 signum
841 3361 1031 3428 edunt,
1069 3361 1160 3418 sed
1193 3361 1518 3427 calumnias,
1555 3360 1657 3415 etsi
1688 3358 1757 3414 ab

169 3451 308 3504 omni
341 3465 482 3505 vero
519 3450 909 3518 alienissimas,
954 3451 1230 3522 ingerunt,
1288 3460 1574 3523 oggerunt,
1606 3451 1755 3505 occi-

171 3550 318 3608 nunt,
340 3541 629 3609 recinunt,
649 3542 1015 3615 privatimque
1047 3552 1102 3598 et
1145 3544 1357 3614 publice
1395 3542 1752 3615 ingeminant,

173 3640 233 3686 ut
249 3634 547 3703 pontiﬁces
587 3633 870 3692 Romanos
918 3636 1177 3692 omnibus
1210 3652 1408 3692 exesos
1438 3637 1757 3704 invisosque

170 3723 423 3793 clliciant,
454 3742 730 3785 memores
756 3729 906 3785 illius
940 3726 1109 3784 Dolus
1134 3746 1202 3784 an
1232 3728 1420 3798 virtus,
1452 3727 1664 3784 falsitas
1685 3743 1755 3783 an

170 3818 391 3884 veritas,
419 3821 541 3889 quis
569 3819 626 3872 in
649 3820 798 3875 hoste
815 3821 1049 3892 requirat
1074 3821 1101 3874 ?
1635 3823 1639 3827 ’

235 3908 567 3979 Quanquam
599 3920 778 3966 autem
811 3910 900 3965 vix
923 3909 1233 3965 inveniatur
1273 3909 1581 3976 haereticus,
1612 3923 1753 3980 pra:-

172 4001 353 4055 sertim
392 3999 548 4054 verbi
594 4015 790 4069 praeco,
840 4012 896 4057 et
939 4010 1103 4057 secta:
1145 4017 1261 4058 sua:
1302 4017 1399 4072 per
1422 4001 1753 4071 scriptorum

173 4098 529 4145 monumenta
561 4101 954 4161 propugnator,
997 4092 1091 4162 qui
1124 4091 1179 4145 in
1222 4091 1326 4147 hac
1362 4099 1478 4146 arte
1519 4106 1629 4146 non
1655 4107 1753 4146 ex-

173 4179 342 4245 cellat,
367 4180 633 4236 omnibus
661 4189 871 4248 tamen,
896 4191 957 4237 ut
991 4182 1235 4237 omnium
1251 4183 1482 4252 primus,
1514 4181 1753 4251 palmam

173 4272 448 4343 praripuit
482 4270 780 4338 Lutberus,
807 4273 963 4343 cujus
992 4274 1198 4329 chartre
1222 4288 1399 4345 usque
1420 4273 1555 4328 adeo
1587 4273 1755 4328 male-

173 4360 398 4418 dicentia
421 4363 480 4417 in
513 4378 765 4419 summos
799 4363 1083 4433 pontiﬁces
1126 4364 1341 4421 referta:
1381 4375 1529 4431 sunt,
1556 4374 1620 4421 ut
1661 4365 1754 4420 vix

176 4466 256 4507 me
275 4454 492 4525 capiam
518 4469 629 4524 pra:
651 4454 1044 4523 admiratione,
1075 4457 1355 4527 quomodo
1381 4458 1494 4524 fiat,
1528 4468 1590 4514 ut
1609 4460 1753 4516 ullus

1857 3264 2042 3327 mines,
2074 3276 2203 3331 quos
2246 3267 2402 3328 putas
2448 3255 2610 3327 legem
2644 3253 2808 3324 loqui,
2841 3261 2889 3306 et
2922 3268 3024 3306 non
3067 3251 3260 3321 facere,
3296 3265 3433 3303 nun-

1855 3353 1981 3426 quid
2017 3352 2272 3406 Dominus
2315 3348 2470 3403 Jesus
2501 3345 2745 3402 Christus
2766 3354 2977 3416 propter
3000 3342 3326 3408 Phariswos,
3362 3341 3436 3394 de

1855 3444 2041 3517 quibus
2068 3443 2179 3497 ait:
2215 3460 2233 3495 ι
2265 3440 2461 3494 Dicunt
2483 3439 2642 3504 enim,
2675 3447 2725 3491 et
2746 3454 2849 3490 non
2874 3436 3117 3506 faciunt;
3172 3453 3191 3485 ι
3249 3431 3431 3487 cathe-

1855 3539 1967 3608 dras
1992 3536 2047 3588 in
2068 3550 2171 3605 qua
2193 3532 2437 3586 sedebant
2463 3528 2628 3584 ullam
2659 3528 2785 3600 fecit
2808 3527 3061 3597 injuriam
3087 3527 3111 3580 ?
3144 3523 3333 3580 Nonne
3362 3521 3435 3578 il-

1854 3626 1962 3681 lam
1989 3625 2294 3679 cathedram
2328 3622 2499 3693 Moysi
2532 3620 2934 3685 commendavit,
2962 3627 3010 3673 et
3040 3618 3184 3685 illos,
3233 3626 3437 3671 servato

1852 3717 2047 3770 honore
2073 3716 2354 3781 cathedrae,
2383 3713 2692 3783 redarguit?
2734 3710 2823 3764 Ait
2857 3711 3028 3765 enim:
3066 3728 3086 3762 ‹
3142 3706 3311 3779 Super
3336 3719 3439 3761 “ca-

1856 3808 2093 3863 thedram
2119 3804 2289 3877 Moysi
2319 3805 2497 3859 sedent
2520 3818 2537 3858 :
2560 3820 2676 3874 qua:
2692 3802 2877 3856 dicunt
2912 3801 3102 3873 facile;
3126 3815 3243 3872 qua
3263 3807 3440 3852 autem

1854 3901 2081 3970 faciunt,
2112 3899 2283 3969 facere
2316 3896 2507 3951 nolite:
2532 3896 2717 3949 dicunt
2750 3895 2908 3959 enim,
2952 3902 3001 3947 et
3023 3908 3125 3947 non
3149 3891 3374 3963 faciunt.
3413 3906 3433 3942 θ

1855 3988 1985 4045 Haec
2006 3992 2051 4045 si
2078 3990 2397 4061 cogitaretis,
2422 4005 2524 4041 non
2548 3997 2761 4058 propter
2786 3985 3019 4040 homines
3043 4000 3171 4056 quos
3195 3982 3436 4053 infama-

1856 4081 1923 4136 tis
1976 4080 2406 4153 blasphemqretis
2455 4077 2760 4133 cathedram
2801 4072 3170 4147 apostolicam,
3206 4065 3305 4128 'cui
3337 4088 3443 4127 non

1853 4173 2277 4237 communicatis,
2308 4171 2397 4225 sed
2417 4171 2543 4242 quid
2564 4179 2641 4224 est
2685 4168 2835 4222 aliud
2868 4184 3028 4239 quam
3074 4168 3272 4222 nescire
3314 4164 3440 4237 quid

1853 4266 2046 4330 dicere,
2074 4272 2123 4317 et
2155 4273 2328 4317 tamen
2354 4277 2456 4314 non
2488 4276 2637 4330 posse
2662 4260 2767 4312 nisi
2799 4258 3149 4331 maledicere?

1921 4354 2092 4411 Porro
2121 4362 2180 4408 ut
2214 4352 2389 4422 aliqui
2408 4351 2519 4405 vita
2557 4358 2613 4404 et
2642 4348 2888 4404 moribus
2918 4346 3101 4401 minus
3134 4344 3433 4401 laudabiles

1854 4458 1910 4504 et
1965 4444 2424 4503 commendabiles
2475 4443 2789 4499 cathedram
2840 4439 2988 4496 Petri
3035 4438 3437 4506 obtinuissent,

175 4546 487 4601 mortalium
535 4546 1057 4602 maledicentissimo
1114 4556 1170 4603 et
1219 4548 1586 4606 furiosissimo
1629 4551 1752 4606 huic

1857 4537 1942 4593 vel
1963 4536 2287 4601 tenuissent,
2336 4534 2468 4605 quid
2514 4532 2677 4587 inde?
2706 4530 3156 4602 Quandoquidem
3187 4529 3251 4583 de
3297 4545 3440 4600 prte-

175 4641 525 4698 t-onviciatori
562 4640 725 4697 ﬁdem
760 4641 992 4697 habeat?
1015 4638 1177 4708 Quid,
1205 4642 1363 4697 ﬁdem
1388 4644 1621 4701 habeat?
1642 4646 1755 4700 imo

177 4746 225 4791 et
245 4738 427 4796 locum
459 4738 608 4796 inter
655 4734 942 4807 prophetas
981 4743 1036 4791 et
1058 4736 1454 4805 propemodum
1497 4738 1639 4795 inter
1673 4737 1758 4808 ip-

178 4844 263 4885 sos
302 4830 658 4900 evangelistas
690 4837 749 4883 et
792 4828 1056 4895 apostolos
1102 4827 1513 4885 concedendum
1559 4830 1759 4887 suifra-

178 4919 258 4987 gio
277 4936 380 4975 suo
400 4921 683 4975 decernat.
702 4917 824 4973 Non
839 4920 996 4991 longe
1009 4921 1257 4976 abierim.
1279 4917 1369 4974 Vel
1385 4921 1635 4978 ultimum
1652 4920 1762 4975 Lu-

181 5012 314 5066 theri
334 5014 535 5068 librum
552 5012 633 5067 De
657 5021 861 5083 papatu
884 5029 974 5083 per
993 5014 1263 5069 diabolum
1286 5012 1508 5084 fundato
1522 5024 1571 5069 et
1592 5022 1761 5069 erecto

179 5103 416 5175 inspice;
454 5121 621 5175 quem
649 5092 870 5159 vicinus
896 5105 1008 5173 jam
1057 5114 1111 5160 et
1134 5114 1385 5162 maturus
1423 5105 1572 5179 Stygi
1605 5120 1762 5162 com-

179 5195 354 5261 posuit
394 5204 446 5251 et
481 5198 535 5252 in
560 5195 851 5267 publicum
884 5195 1029 5251 dedit
1053 5215 1066 5263 ;
1089 5198 1182 5266 qui
1225 5194 1364 5250 nihil
1385 5199 1529 5255 aliud
1551 5208 1635 5255 est
1657 5192 1766 5250 nisi

180 5286 462 5314 Ανληοῖοι--ιια
492 5289 721 5314 ”--ξλιιουι
748 5287 803 5314 ενι
835 5301 1024 5314 nanum
1060 5286 1212 5314 l'.._-..
1260 5286 1413 5314 :lin-‘A
1437 5307 1534 5314 ..-μ
1560 5292 1727 5314 1.-..ιυιιι

1859 4630 2047 4701 positis
2087 4628 2238 4694 mali,
2267 4636 2328 4682 ut
2357 4627 2433 4681 ait
2459 4625 2517 4681 S.
2546 4625 2905 4697 Augustinus,
2938 4623 3096 4695 epist.
3129 4621 3251 4690 166,
3288 4638 3441 4676 secu-

1851 4720 1977 4776 ram
2040 4721 2166 4791 fecit
2222 4719 2644 4789 plebem‘suam,
2680 4733 2742 4771 ne
2771 4723 2984 4786 propter
3030 4713 3154 4769 illos
3185 4713 3443 4768 doctrina

1860 4810 2117 4866 salutaris
2148 4808 2399 4862 cathedra
2436 4808 2731 4873 deseratur,
2766 4806 2823 4859 in
2847 4822 2952 4878 qua
2993 4813 3252 4876 coguntur
3282 4804 3444 4858 etiam

1863 4903 1993 4958 mali
2020 4903 2153 4957 bona
2173 4900 2364 4955 dicere.
2393 4898 2573 4971 Neque
2587 4899 2726 4953 enim
2757 4914 2855 4952 sua
2880 4907 3023 4967 sunt,
3078 4913 3195 4970 quae
3225 4894 3444 4959 dicunt;

1863 4997 1954 5052 sed
1991 4997 2111 5064 Dei,
2143 4996 2233 5067 qui
2284 4993 2343 5048 in
2377 4991 2630 5047 cathedra
2675 4987 2900 5046 unitatis
2929 4990 3227 5047 doctrinam
3272 4986 3447 5058 posuit

1865 5091 2125 5144 ueritatis.
2176 5085 2409 5141 Etiamsi
2463 5086 2522 5139 in
2588 5083 2743 5139 illum
2789 5083 3027 5140 ordinem
3062 5083 3445 5155 episcoporum,

1865 5177 2042 5252 inquit
2071 5181 2232 5236 idemw
2258 5176 2316 5233 S.
2347 5175 2712 5247 Augustinus,
2751 5178 2911 5249 epist.
2950 5174 3198 5247 l65,‘qui
3233 5171 3451 5227 ducitur

1866 5273 1932 5314 nh
1968 5274 2080 5314 inm
2122 5269 2276 5314 Petra
2322 5282 2488 5314 usque
2518 5269 2589 5314 mi
2647 5270 2987 5314 Annstaxinm
3046 5264 3309 5314 (Paulum
3345 5259 3450 5314 Vl.
