3962 5348
508 271 609 329 i9!

1707 273 1765 330 8.
1804 275 2201 335 GREGORIUS
2235 279 2328 334 Vll
2360 276 2557 335 PAPA.

3640 279 3753 341 ἐπ’

572 389 853 459 Memento,
905 390 1082 463 inquit
1135 388 1192 445 S.
1253 389 1593 462 Augustinus
1638 389 1735 445 lib.
1793 408 1833 446 ιι
1876 391 2079 448 Contra
2109 395 2155 451 Α
2181 402 2292 447 tum
2337 394 2513 450 orbem
2543 394 2888 448 inveniremus
2920 354 3180 464 exempla,
3203 395 3251 448 si
3283 396 3460 450 omnia
3482 397 3665 464 scribi,
3693 401 3741 452 et

498 479 858 549 Petilianum,
902 497 1022 552 cap.
1065 482 1135 538 d7
1176 490 1233 537 et
1270 480 1360 549 61,
1407 484 1752 539 sacramentis
1786 482 1864 537 nil
1903 483 2077 538 obesse

500 587 668 625 mores
704 572 966 625 malorum
1005 571 1295 637 hominum,
1332 586 1433 643 quo
1475 570 1574 627 illa
1605 572 1684 627 vel
1725 572 1937 641 omnino
1973 589 2076 627 non

499 660 643 728 sint,
680 660 757 715 vel
790 661 960 714 minus
991 668 1178 713 sancta
1210 660 1354 729 sint,
1410 661 1501 715 sed
1544 662 1674 732 ipsis
1704 661 1862 716 malis
1898 662 2073 716 homi-

500 752 673 821 nibus,
710 763 767 806 ut
781 753 891 808 hate
922 752 1149 807 habeant
1184 753 1255 808 ad
1293 754 1649 808 testimonium
1683 753 2073 825 damnationis,

499 862 602 898 non
636 845 704 900 ad
730 845 1058 916 adjutorium
1080 846 1350 900 sanitatis.
1378 844 1519 900 Hinc
1540 854 1752 918 propter
1771 844 2074 900 Pharisazos

495 938 833 998 facinomsos
874 947 929 994 et
954 939 1250 1011 improbos,
1288 955 1391 994 non
1418 940 1666 1011 praecepit
1697 937 1954 993 Dominus
1978 938 2075 993 de-

495 1033 602 1086 seri
633 1032 939 1086 cathedram
968 1031 1162 1103 Moysi,
1188 1033 1245 1086 in
1267 1048 1370 1104 qua
1397 1032 1575 1103 utique
1596 1029 1864 1102 ﬁgurabat
1885 1046 2072 1096 suam;

494 1122 671 1176 dicens
718 1122 912 1194 quippe
937 1120 1061 1176 illos
1093 1138 1250 1192 super
1290 1121 1595 1176 cathedram
1639 1120 1811 1191 Moysi
1840 1120 2072 1175 sedentes

494 1211 667 1267 dicere
713 1221 763 1267 et
798 1228 901 1266 non
953 1212 1183 1287 facere;
1208 1219 1383 1291 monet
1416 1219 1599 1287 tamen
1637 1207 1856 1282 populos
1902 1209 2075 1279 facere

493 1320 611 1375 qua:
660 1305 843 1359 dicunt
887 1313 937 1361 et
963 1320 1067 1359 non
1103 1304 1276 1374 facere
1299 1320 1416 1375 qua:
1444 1303 1694 1374 faciunt:
1719 1318 1782 1357 ne
1811 1301 2074 1357 cathedra:

492 1397 751 1451 sanctitas
781 1396 1074 1462 deseratur,
1106 1403 1154 1449 et
1190 1404 1403 1466 propter
1425 1403 1659 1465 pastores
1690 1391 1878 1460 malos,
1903 1393 2073 1464 gregis

491 1489 669 1543 unitas
696 1488 987 1542 dividatur.
1020 1486 1331 1542 Praesertim
1361 1501 1487 1542 cum
1527 1501 1594 1540 ex
1619 1491 1702 1541 tot
1724 1483 2073 1555 pontiﬁcibus

490 1577 851 1648 paucissimos
886 1576 1105 1633 sectarii
1135 1576 1457 1647 designent,
1507 1574 1710 1646 quibus
1744 1571 2070 1628 nominatim

491 1670 705 1733 scelera,
727 1679 782 1725 et
803 1669 1005 1741 ﬂagitia
1026 1669 1316 1742 objectent,
1350 1668 1512 1739 idque
1532 1683 1644 1724 non
1662 1683 1730 1724 ex
1754 1667 1920 1723 certis
1943 1681 2071 1737 pro-

488 1761 738 1832 batisque
763 1761 994 1817 testibus
1022 1769 1076 1815 et
1114 1760 1449 1827 auctoribus,
1483 1760 1580 1816 sed
1613 1775 1679 1814 ex
1710 1758 1836 1826 illis,
1863 1758 2063 1830 quibus

486 1854 688 1910 veritas
714 1854 779 1908 in
810 1852 1103 1924 postremis
1149 1859 1297 1921 erat;
1342 1851 1520 1923 qualis
1570 1858 1761 1908 nostra
1784 1857 1944 1906 aetate
1970 1863 2061 1906 se-

489 1946 649 2003 ctarii
674 1946 752 2001 illi
779 1944 1147 2017 potissimum,
1172 1944 1267 2016 qui
1297 1960 1385 1999 res
1401 1953 1582 2016 gestas
1603 1943 1919 2015 pontiﬁcum
1943 1955 2063 1997 sese

485 2037 680 2094 litteris
701 2038 1082 2094 commendare
1100 2034 1333 2108 professi
1355 2044 1502 2103 sunt,
1526 2036 1666 2090 inter
1694 2050 1833 2104 quos
1852 2032 2063 2089 Balteus

486 2127 698 2196 Latine,
730 2138 784 2184 et
803 2128 1060 2200 Nigrinus
1086 2126 1407 2184 Germanice
1433 2126 1549 2182 suis
1579 2126 1634 2181 in
1657 2125 1916 2196 Operibus
1936 2124 2067 2195 plu-1

484 2235 573 2276 res
614 2219 1060 2277 mendacissimus
1094 2218 1305 2275 fabulas
1334 2216 1401 2272 de
1448 2215 1798 2288 pontiﬁcibus
1846 2214 2059 2271 conﬁn-

485 2318 701 2378 xerunt,
735 2303 819 2366 vel
858 2328 888 2366 a
936 2310 1021 2366 sui
1066 2310 1338 2367 similibus
1386 2307 1758 2364 ardelionibus
1801 2306 2069 2362 conﬁctas

484 2403 693 2459 chartis
730 2403 1097 2471 intexuerunt,
1134 2412 1188 2459 et
1224 2404 1291 2459 ad
1338 2411 1589 2475 posteros
1623 2417 1755 2459 suos
1801 2401 2062 2458 transmi-

484 2505 695 2561 serunt,
722 2511 886 2565 quam
911 2503 1097 2561 noctu,
1123 2511 1249 2550 cum
1273 2495 1471 2552 sudum
1507 2503 1611 2561 est,
1636 2493 1804 2549 stellae
1841 2492 1899 2548 in
1921 2492 2060 2550 coelo

482 2572 730 2651 luceant;
769 2584 967 2655 quibus
1001 2585 1343 2640 contumeliis
1376 2593 1432 2639 et
1459 2581 1931 2639 criminationibus
1957 2582 2061 2636 im-

485 2674 655 2744 pulsae
682 2682 736 2728 et
772 2674 1044 2730 ventilata:
1077 2675 1224 2730 leves
1258 2676 1425 2745 paleae
1449 2684 1602 2730 extra
1646 2690 1830 2730 aream
1865 2673 2058 2729 Domi-

483 2764 661 2820 nicam
712 2764 932 2819 evolant
973 2772 1029 2819 et
1080 2764 1332 2831 avolant;
1388 2780 1500 2820 non
1544 2764 1673 2820 item
1704 2765 1774 2833 ii,
1823 2779 2058 2837 quorum

480 2856 643 2926 pedes
675 2873 836 2926 supra
860 2866 1062 2926 petram
1086 2856 1272 2911 statuti
1296 2864 1351 2911 et
1387 2855 1588 2911 ﬁrmati
1619 2865 1768 2924 sunt,
1798 2872 1921 2927 quae
1951 2856 2060 2911 cri-

482 2944 628 3000 mina
646 2953 699 3000 et
726 2945 952 3012 scelera,
971 2944 1017 3000 si
1032 2944 1199 3000 etiam
1218 2962 1336 2999 vera
1352 2954 1402 3000 et
1433 2947 1716 3017 prtesentia
1744 2946 2055 3025 videremus,

460 3026 658 3108 inquit
683 3035 739 3091 S.
764 3036 1122 3108 Augustinus,
1148 3037 1305 3108 epist.
1332 3038 1456 3106 162,
1480 3039 1546 3094 ad
1569 3040 1853 3110 episcopos
1877 3039 2057 3094 Dona-

2175 484 2232 537 in
2256 486 2626 539 auctoritatem
2672 484 2840 556 redigi
2874 486 3164 556 potuissent
3191 501 3210 538 :
3242 494 3417 560 tamen
3459 486 3573 542 htec
3609 487 3740 558 ipsa,

2175 589 2291 643 quae
2325 574 2594 642 habemus,
2650 572 2923 630 advertite.
2967 573 3178 630 Tolerat
3213 577 3324 647 ipse
3352 575 3614 631 Dominus
3642 576 3742 632 Ju-

2173 662 2319 730 da'm',
2349 663 2639 731 diabolum,
2667 664 2837 735 furem
2859 673 2909 720 et
2931 667 3249 722 venditorem
3274 684 3428 723 suum
3456 684 3475 723 :
3511 670 3643 723 sinit
3665 686 3747 724 ac-

2175 755 2346 825 cipere
2373 755 2512 810 inter
2544 756 2839 835 innocentes
2878 757 3194 829 discipulos,
3236 759 3375 831 quod
3419 759 3603 829 ﬁdeles
3656 776 3747 815 no-

2174 856 2375 915 verunt,
2420 849 2647 919 pretium
2668 858 2925 906 nostrum.
2963 850 3207 907 Tolerant
3261 853 3488 923 apostoli
3526 855 3748 924 pseudo—

2175 937 2460 1008 apostolos,
2483 946 2532 995 et
2562 940 2698 994 inter
2729 957 2826 995 sua
2851 951 3139 1013 quaerentes
3166 959 3268 999 non
3297 960 3414 1016 qua:
3431 942 3563 1000 Iesu
3594 943 3750 1000 Chri-

2173 1030 2277 1095 sti;
2312 1027 2538 1097 Paulus,
2566 1047 2666 1085 non
2702 1048 2799 1086 sua
2825 1049 3084 1104 quarens,
3115 1034 3205 1089 sed
3225 1051 3343 1106 qua
3370 1033 3501 1090 Iesu
3523 1034 3745 1104 Christi,

2174 1134 2295 1172 cum
2338 1119 2724 1191 gloriosissima
2760 1121 3043 1178 tolerantia
3073 1116 3429 1180 convasatur.
3468 1123 3597 1180 Haec
3622 1124 3745 1195 pul-

2175 1203 2443 1265 cherrime
2472 1209 2531 1266 S.
2556 1211 2915 1284 Augustinus.
3248 1222 3255 1225 ’

2247 1300 2305 1356 Si
2327 1317 2457 1374 ergo
2488 1302 2713 1360 unitatis
2742 1312 2799 1360 et
2850 1306 3157 1362 concordiae
3183 1306 3376 1379 gratia,
3408 1316 3472 1363 ut
3503 1308 3760 1365 schisma-

2174 1391 2392 1460 vitetur,
2437 1393 2593 1449 malae
2636 1408 2767 1451 oves
2792 1394 3012 1450 tolerari
3041 1397 3269 1464 debent,
3320 1406 3528 1469 quanto
3570 1400 3748 1471 magis

2173 1496 2299 1536 eum
2326 1482 2397 1537 ob
2445 1481 2609 1538 ﬁnem
2639 1481 2783 1540 ferre
2822 1485 3094 1555 oportebit
3119 1486 3324 1541 malum
3354 1496 3657 1558 pastorem,
3699 1489 3748 1545 si

2173 1572 2391 1642 quando
2425 1572 2700 1645 obtingat?

2241 1662 2354 1721 Nec
2378 1666 2559 1722 verbis
2578 1674 2634 1721 et
2663 1666 2819 1724 libris
2852 1667 3030 1724 solum
3057 1667 3495 1749 injuriosissimis
3531 1677 3589 1725 et
3614 1680 3747 1726 con-

2095 1742 2138 1797 Β
2166 1756 2625 1813 tumeliosissimis
2688 1757 2745 1812 in
2800 1758 3083 1829 pontiﬁces
3141 1744 3419 1823 Romanos
3502 1760 3746 1818 haeretici

2167 1849 2485 1916 desaeviunt,
2530 1849 2627 1905 sed
2666 1857 2722 1905 et
2769 1851 3098 1922 sculpturis,
3163 1852 3456 1935 caelaturis,
3499 1853 3703 1910 statuis
3725 1894 3743 1921 ,

2166 1938 2514 2011 imaginibus,
2540 1939 2770 2011 picturis
2807 1941 3158 2012 turpissimis,
3193 1951 3249 1998 et
3272 1958 3506 2013 quarum
3529 1943 3746 2014 aliquas

2164 2031 2349 2087 nullus
2373 2031 2636 2088 honestus
2662 2032 2865 2101 oculus
2880 2033 3089 2109 absque
3106 2034 3306 2091 rubore
3334 2034 3519 2093 vultus
3543 2035 3743 2092 intueri

2165 2128 2346 2192 queat.
2389 2119 2661 2176 Nimirum
2706 2122 2927 2178 sectarii
2971 2131 3292 2179 mutuantur
3349 2124 3420 2180 ab
3470 2124 3740 2193 ethnicis,

2164 2214 2436 2270 haereticis
2457 2221 2512 2269 et
2540 2213 2903 2271 schismaticis
2936 2230 3047 2270 non
3083 2224 3294 2271 tantum
3315 2231 3603 2287 perversas
3620 2217 3744 2288 opi-

2163 2304 2356 2360 niones
2376 2313 2430 2359 et
2454 2304 2763 2374 perniciosa
2797 2306 3052 2378 dogmata
3072 2307 3168 2363 sed
3201 2307 3366 2363 etiam
3388 2307 3739 2376 criminandi,

2162 2404 2216 2451 et
2266 2404 2375 2450 tam
2410 2394 2639 2466 profana
2667 2412 2832 2468 quam
2854 2413 3009 2454 sacra
3033 2399 3405 2455 subsannandi
3436 2400 3738 2468 libidinem,

2160 2487 2461 2558 praesertim
2508 2488 2678 2555 illam,
2713 2504 2834 2560 quae
2860 2488 3117 2548 Ecclesia:
3154 2491 3413 2562 praesules
3441 2501 3498 2548 et
3517 2492 3741 2550 ordines

2161 2581 2387 2651 picturis
2407 2589 2463 2636 et
2501 2580 2832 2653 imaginibus
2893 2582 3144 2651 incessit;
3177 2583 3360 2654 idque,
3401 2591 3465 2640 ut
3503 2584 3740 2640 demon-

2161 2680 2349 2738 strem,
2375 2685 2487 2725 non
2529 2678 2769 2741 repetam
2808 2680 3047 2728 veterem
3083 2672 3238 2728 illum
3289 2673 3346 2727 in
3405 2672 3740 2731 frustrandis

2159 2760 2352 2816 bestiis
2371 2752 2769 2816 mercenarium
2792 2761 3039 2830 noxium,
3071 2761 3187 2833 qui,
3224 2770 3286 2817 ut
3310 2770 3395 2818 est
3431 2763 3577 2832 apud
3598 2762 3737 2819 Ter-

2159 2850 2447 2905 tullianum
2480 2850 2537 2905 in
2575 2850 2927 2923 Apologetico
2954 2870 2966 2909 :
2995 2850 3274 2907 Picturam
3307 2854 3580 2924 proposuit
3614 2870 3736 2909 cum

2156 2941 2419 3012 ejusmodi
2469 2942 2814 3012 inscriptione
2847 2957 2867 2996 :
2890 2941 3031 2998 Deus
3066 2941 3494 2999 Christianorum
3536 2959 3738 3015 anony-

2158 3034 2340 3089 chites.
2374 3033 2431 3088 Is
2457 3041 2574 3090 erat
2603 3034 2823 3088 auribus
2876 3035 3124 3102 asininis,
3156 3033 3324 3089 altero
3343 3035 3473 3106 pede
3501 3035 3735 3106 ungula-

482 3125 754 3193 tistarum,
806 3135 855 3181 et
907 3127 1132 3181 zizaniis
1186 3136 1396 3198 propter
1453 3128 1719 3199 frumenta
1764 3137 2053 3199 parcentes,
2084 3127 2124 3185 C
2158 3133 2242 3179 tus
2266 3166 2281 3193 ,
2308 3124 2503 3179 librant
2528 3133 2759 3197 gestans,
2787 3133 2837 3179 et
2864 3133 3070 3197 togatus
3094 3141 3112 3180 :
3134 3125 3314 3182 dicere
3340 3126 3488 3181 enim
3508 3136 3738 3197 possent

485 3232 579 3286 pro
613 3216 815 3270 unitate
848 3216 1210 3286 toleraremus,
1245 3234 1345 3272 non
1382 3218 1554 3273 solum
1598 3218 1747 3273 nulla
1783 3220 2059 3289 reprehen-

483 3310 646 3377 sione,
670 3311 759 3365 sed
785 3312 945 3365 etiam
977 3327 1080 3365 non
1119 3328 1282 3381 parva
1317 3311 1474 3366 laude
1508 3328 1601 3365 nos
1623 3312 1807 3383 dignos
1841 3313 2057 3381 diceret,

484 3400 778 3471 quicunque
821 3398 1128 3470 Scripturas
1171 3410 1382 3455 sanctas
1420 3402 1701 3464 noncorde
1724 3402 1916 3457 surdus
1957 3420 2059 3457 au-

484 3489 641 3544 diret.
682 3488 893 3544 Tolerat
934 3490 1113 3545 Aaron
1159 3490 1553 3546 multitudinem
1599 3492 1804 3548 idolum
1853 3478 2061 3564 exigen-

485 3588 612 3649 tem,
660 3589 711 3634 et
754 3581 1122 3651 fabricantem,
1164 3592 1214 3637 et
1244 3583 1572 3638 adorantem.
1612 3583 1820 3640 Tolerat
1853 3584 2058 3656 Moyses

482 3673 729 3730 adversus
757 3673 926 3729 Deum
954 3682 1028 3728 tot
1064 3674 1236 3730 millia
1268 3678 1681 3744 murmurantia,
1704 3683 1754 3731 et
1783 3679 1936 3732 toties
1970 3678 2057 3748 of-

483 3763 752 3834 fendentia
796 3774 1038 3821 sanctum
1071 3782 1258 3820 nomen
1302 3767 1436 3838 ejus.
1473 3767 1686 3824 Tolerat
1714 3768 1887 3822 David
1913 3767 2056 3823 Sau-

482 3856 585 3910 lem
613 3866 996 3928 persecutorem
1024 3874 1200 3926 suum,
1245 3858 1514 3915 sceleratis
1549 3859 1781 3914 moribus
1825 3858 2058 3915 caelestia

478 3948 820 4015 deserentem,
855 3950 1076 4020 magicis
1110 3949 1314 4006 artibus
1340 3951 1550 4022 inferna
1570 3958 1885 4023 querentem
1923 3953 2060 4007 occi-

479 4055 597 4095 sum
632 4041 885 4097 vindicat.
915 4040 1185 4098 Christum
1211 4043 1373 4097 etiam
1398 4042 1613 4099 Domini
1642 4052 1853 4115 propter
1879 4058 2058 4100 sacra-

482 4142 714 4186 mentum
759 4131 1068 4191 veneranda:
1117 4136 1383 4191 unctionis
1416 4135 1670 4207 appellat.
1704 4135 1914 4193 Tolerat
1948 4135 2064 4201 Sa-,

478 4224 620 4281 ritual
676 4226 933 4297 nefandos
967 4226 1107 4297 ﬁlios
1143 4225 1269 4282 Heli
1319 4245 1682 4302 perversosque
1720 4229 1862 4300 ﬁlios
1906 4244 2051 4298 suos,

476 4332 606 4387 quos
631 4316 877 4387 populus,
908 4318 1035 4388 quia
1062 4316 1284 4373 tolerare
1318 4318 1510 4386 noluit,
1537 4319 1716 4374 divina
1737 4321 2057 4374 auctoritate

477 4420 778 4476 accusatus,
815 4410 998 4464 divina
1037 4411 1309 4465 severitate
1363 4420 1639 4481 corruptus
1697 4420 1793 4466 est.
1842 4409 2053 4466 Tolerat

2160 3228 2449 3276 novatores
2468 3260 2484 3286 ,
2512 3219 2717 3275 iactum
2739 3219 2843 3275 hoc
2863 3219 3095 3276 cessisse
3117 3218 3171 3274 in
3189 3219 3543 3290 ignominiam
3562 3220 3736 3290 ipsius

2158 3309 2394 3378 Christi;
2419 3309 2595 3380 quasi,
2620 3325 2744 3380 quae
2776 3310 2900 3381 ipsi,
2929 3310 3047 3382 pari
3068 3310 3459 3382 propemodum
3487 3310 3738 3367 ludiﬁcas

2157 3401 2305 3457 tione
2331 3401 2725 3457 commiserunt
2778 3400 2836 3456 in
2877 3400 3143 3457 vicarium
3177 3409 3233 3457 et
3261 3416 3450 3476 servos
3504 3399 3733 3468 Christi,

2156 3507 2268 3549 non
2300 3493 2603 3548 redundent
2634 3492 2690 3546 in
2715 3499 3085 3564 contemptum
3111 3492 3333 3548 Christi.
3366 3492 3472 3549 Sed
3509 3502 3735 3565 praeter-

2157 3584 2268 3652 ibo,
2322 3593 2385 3640 ut
2419 3585 2687 3659 dicebam,
2744 3585 3067 3645 mercenarii
3101 3584 3270 3656 hujus
3320 3584 3645 3656 nequitiam,
3673 3593 3749 3640 ut.

2155 3694 2223 3734 ex
2251 3674 2437 3732 Niceta
2465 3674 2631 3730 vitam
2659 3674 2854 3747 lgnatii
2887 3676 3214 3746 patriarcha:
3233 3673 3733 3749 Constantinopoli-

2155 3767 2268 3824 tani
2297 3766 2673 3823 conscribente
2706 3766 2930 3836 planum
2979 3764 3198 3832 faciam,
3229 3765 3368 3821 istos
3412 3763 3733 3820 verissimos

2153 3867 2209 3915 et
2242 3859 2401 3930 plane
2437 3871 2727 3930 germanos
2776 3856 3079 3913 imitatores
3128 3870 3251 3925 esse
3293 3853 3476 3910 Photii
3499 3864 3556 3909 et
3587 3854 3732 3911 Pho-

2151 3950 2428 4007 tianorum
2464 3948 2958 4015 schismaticorum,
2982 3948 3038 4002 in
3058 3946 3250 4020 primis
3283 3945 3532 4019 Gregorii
3562 3944 3730 4019 Syra-

2153 4041 2398 4108 cusani,
2429 4041 2562 4112 qui,
2620 4049 2682 4096 ut
2737 4048 2987 4097 sanctum
3051 4038 3352 4111 lgnatium,
3413 4053 3609 4094 verum
3677 4047 3735 4097 et

2151 4133 2453 4205 legitimum
2467 4132 2855 4207 patriarcham,
2872 4130 3125 4187 omnibus
3143 4144 3370 4185 exosum
3386 4128 3733 4200 invisumque

2151 4225 2442 4281 redderent
2463 4224 2606 4279 etde
2633 4223 2762 4279 sede
2786 4222 3158 4289 deturbarent,
3197 4220 3440 4277 inﬁnitas
3468 4220 3730 4278 adversus

2151 4316 2305 4373 illum
2325 4316 2737 4372 criminationes
2754 4315 3046 4372 commenti
3066 4321 3214 4382 sunt,
3235 4313 3543 4385 composito
3562 4313 3733 4369 etiam

2149 4408 2322 4475 libro,
2381 4423 2494 4463 non
2540 4407 2657 4463 sine
2711 4405 3122 4462 contumeliosis
3178 4404 3530 4477 imaginibus,
3562 4419 3730 4476 opera

475 4500 697 4572 denique
720 4504 891 4574 ipsum
914 4501 1163 4575 populum
1187 4504 1484 4573 superbum,
1507 4511 1910 4574 contemptorem
1931 4502 2051 4558 Dei.
2088 4483 2132 4538 D
2158 4500 2402 4572 Gregorii
2434 4500 2763 4572 Syracusani
2803 4499 3029 4571 pictoris
3055 4507 3110 4554 et
3129 4497 3339 4554 lictoris
3358 4498 3563 4570 egregii
3592 4512 3726 4554 con-

483 4590 692 4647 Tolerat
723 4594 924 4663 Isaias,
957 4596 1014 4650 in
1055 4612 1184 4666 quos
1212 4603 1321 4649 tam
1347 4594 1518 4649 multa
1547 4611 1668 4650 vera
1705 4596 1929 4650 crimina
1954 4595 2052 4665 ja-

478 4685 709 4741 culatur.
740 4687 951 4744 Tolerat
979 4688 1262 4757 Jeremias,
1293 4706 1327 4743 a
1357 4689 1547 4761 quibus
1570 4698 1718 4745 tanta
1741 4688 2049 4760 perpetitur.

480 4772 695 4835 Tolerat
724 4776 1016 4834 Zacharias
1041 4779 1345 4837 Pharisceos
1374 4788 1426 4834 et
1466 4778 1704 4847 Scribas,
1739 4780 1920 4852 quales
1954 4780 2051 4837 illo

477 4873 707 4937 tempore
730 4867 893 4937 fuisse
934 4869 1212 4940 Scriptura
1254 4876 1497 4950 testatur.
1547 4870 1689 4939 Scio,
1737 4889 1819 4927 me
1858 4872 2051 4927 multos

475 4959 879 5027 pretermisisse
911 4974 930 5012 :
961 4959 1157 5031 legant,
1199 4963 1289 5032 qui
1323 4961 1534 5027 volunt;
1581 4961 1777 5033 legant,
1809 4963 1897 5033 qui
1924 4979 2050 5034 pos-

474 5055 597 5107 sunt
627 5046 838 5120 eloquia
872 5048 1141 5114 caelestia;
1188 5052 1447 5107 invenient
1494 5068 1671 5108 omnes
1712 5060 1920 5119 sanctos
1950 5052 2051 5108 Dei

472 5154 666 5206 servos,
690 5148 742 5195 et
770 5140 971 5195 amicos
997 5156 1199 5210 semper
1219 5142 1481 5209 habuisse,
1511 5161 1640 5215 quos
1667 5144 1724 5198 in
1742 5160 1836 5199 suo
1858 5142 2051 5216 populo

474 5228 783 5298 tolerarent,
815 5246 935 5284 cum
969 5230 1158 5302 quibus
1196 5240 1390 5299 tamen,
1431 5232 1581 5289 illius
1607 5236 1853 5306 temporis
1875 5250 2053 5289 sacra-

1163 5337 1266 5348 A-AA-
1291 5329 1455 5348 -..1....ρ
1490 5342 1587 5348 μ---
1617 5329 1664 5348 Β.-

474 5329 648 5348 ...Α-..η
678 5329 1116 5348 Δημμῃιηὶρμμιηρ

2158 4591 2420 4659 cinnatis,
2462 4591 2530 4647 de
2546 4591 2763 4661 quibus
2791 4591 2939 4659 haec,
2969 4605 3091 4660 qua:
3110 4596 3437 4661 sequuntur,
3466 4588 3581 4660 jam
3608 4589 3723 4661 jam

2157 4679 2470 4737 nominatus
2508 4678 2728 4738 Nicetas
2757 4699 2772 4736 :

2233 4771 2300 4827 Ut
2344 4788 2462 4827 vero
2491 4772 2662 4827 omnis
2707 4771 2982 4842 iniquitas,
3017 4785 3134 4841 quae
3164 4777 3348 4824 contra
3385 4775 3627 4822 sanctum
3649 4764 3721 4820 il—

2155 4861 2267 4917 lum
2301 4861 2574 4934 Ignatium
2617 4863 2789 4934 fuerat
2824 4869 3146 4932 perpetrata,
3187 4858 3520 4928 manifestior
3551 4857 3719 4927 ﬁeret,

2156 4953 2318 5022 Deus,
2351 4975 2369 5007 ι
2415 4956 2506 5026 qui
2540 4952 2925 5023 comprehendit
2970 4951 3229 5022 sapientes
3276 4949 3332 5002 in
3384 4946 3586 5001 astutia
3635 4961 3722 5000 eo-

2155 5064 2294 5114 rum,
2323 5056 2373 5101 et
2403 5045 2627 5102 consilia
2646 5061 2927 5116 pravorum
2956 5044 3179 5114 dissipat
3213 5039 3334 5112 (Job
3364 5055 3419 5105 v,
3459 5036 3571 5109 l3),
3617 5056 3635 5089 ι
3664 5038 3720 5091 in

2153 5137 2349 5203 Basilii
2370 5138 2702 5209 imperatoris
2727 5136 2962 5190 animum
2988 5131 3266 5188 consilium
3287 5131 3499 5200 ingerit,
3522 5136 3582 5183 ut
3602 5129 3721 5181 mit-

2155 5240 2233 5286 tat
2260 5230 2329 5284 ad
2351 5229 2626 5296 Photium,
2652 5227 2904 5281 et-omnia
2934 5226 3153 5294 scripta,
3184 5236 3301 5293 quin
3331 5236 3365 5273 a
3389 5217 3714 5290 patriarchio

2158 5321 2421 5348 λέηρι-ᾹΑ..-
2476 5326 2741 5348 anan-anuus!
2793 5318 2981 5348 uls-unua
3025 5313 3137 5348 u’ln
3184 5310 3426 5348 Ιοηιηητὸι
3455 5324 3602 5348 mnrn
3658 5314 3716 5348 ’,ί
