3962 5348
151 223 247 278 195

895 211 1432 271 PROLEGOMENA.
1469 244 1541 253 —
1574 210 1919 268 APOLOGIA
1959 210 2094 270 PRO
2129 211 2480 269 GREGORIO
2519 213 2630 270 νη.

3284 219 3386 280 «οι

147 352 330 407 mgna
363 351 486 390 cum
529 332 866 405 festinatione
893 339 1090 400 septem
1114 346 1295 384 saccos
1331 330 1717 400 scripturarum
1746 330 1792 387 Α
1885 325 2028 394 Quid
2063 325 2242 382 dicam
2270 325 2337 381 de
2368 325 2672 381 Passionali
2717 325 2962 395 Lutlteri,
2991 327 3137 400 quod
3171 337 3382 402 exstat,

147 429 336 497 plenos,
369 425 617 496 plumbeo
648 421 828 495 sigillo
862 423 1098 493 signatos
1143 423 1214 476 ad
1255 421 1595 478 Calamonem
1629 420 1713 474 illi

146 520 484 590 propinquum
510 517 686 572 locum
735 513 1142 582 transtulerunt,
1192 514 1494 569 occultandi
1526 530 1708 568 causa.

149 611 452 677 Quod‘cnm
505 607 697 678 famuli
742 607 1017 677 praepositi
1050 607 1322 676 pidissent,
1355 608 1496 661 etab
1531 623 1712 661 eorum

149 703 375 757 manibus
422 701 553 756 illos
601 701 964 767 abstulissent,
1004 699 1074 753 ad
1109 701 1478 770 imperatorem
1512 698 1714 753 attule-

147 803 278 847 runt.
312 791 521 857 Quibus
568 791 787 861 apertis,
828 790 1097 844 inveniunt
1141 790 1272 844 duos
1301 790 1463 844 libros
1498 806 1628 842 auro
1661 798 1712 842 et

147 892 346 955 argento
398 884 606 953 deforis
655 883 977 947 bracteatos,
1021 891 1071 936 et
1119 883 1286 935 serico
1334 890 1513 949 tectos,
1567 881 1710 934 intus

145 989 253 1027 vero
275 972 468 1026 litteris
504 971 660 1026 valde
687 969 920 1041 pulchris
942 980 991 1024 et
1014 972 1216 1024 ornatis
1247 970 1566 1040 descriptos;
1589 986 1716 1041 quo-

150 1081 254 1116 rum
290 1062 424 1116 alter
455 1062 762 1116 continebat
795 1069 988 1132 septem
1017 1062 1248 1115 actiones
1272 1061 1573 1131 synodicas,
1595 1077 1711 1131 qua:

147 1170 398 1224 nunquam
438 1153 757 1208 exstiterunt
803 1168 894 1206 nec
924 1159 1059 1206 actte
1093 1160 1237 1217 sunt,
1264 1152 1511 1205 adversus
1541 1150 1709 1222 lgna-

149 1244 296 1306 tisrn;
321 1240 413 1295 sed
441 1250 653 1295 tantum
668 1240 931 1296 diabolico
952 1240 1174 1294 consilio
1198 1241 1401 1311 frustra
1423 1250 1544 1296 sunt
1557 1257 1712 1295 exco-

146 1333 333 1402 gitata,
367 1342 418 1386 et
442 1331 781 1404 singularum
803 1332 1070 1386 actionum
1099 1331 1230 1397 haec,
1264 1349 1382 1402 qua:
1401 1341 1708 1402 sequuntur,

146 1425 284 1477 initio
310 1423 526 1494 depicta
574 1423 923 1490 habebantur,
969 1440 1127 1494 opera
1175 1423 1437 1489 videlicet,
1473 1422 1708 1493 Syracu—

143 1514 250 1565 sani
287 1512 438 1566 illius
473 1511 716 1584 Gregorii
751 1521 1089 1582 cognomento
1131 1514 1383 1568 Asbestw.
1413 1512 1546 1566 Erat
1567 1513 1708 1567 enim

145 1602 290 1655 bonus
314 1601 408 1656 ille
431 1602 513 1656 vir
533 1602 786 1674 pingendi
809 1604 1030 1672 peritus,
1066 1612 1190 1672 puto
1222 1620 1317 1674 pro
1341 1604 1704 1660 additamento

141 1707 339 1745 suorum
373 1691 664 1746 malorum.
704 1691 775 1745 Et
804 1693 1038 1763 depictus
1071 1694 1145 1747 ibi
1182 1704 1295 1748 erat
1328 1693 1594 1765 Ignatius.

202 1781 263 1835 In
289 1784 470 1852 prima
514 1783 727 1854 quidem
752 1785 956 1838 actione
997 1783 1272 1856 Ignatium
1308 1786 1568 1857 depinxit,
1613 1787 1703 1858 qui

145 1874 436 1928 trahebatur
475 1885 526 1929 et
563 1874 868 1945 vapulabat.
899 1874 1071 1946 Supra
1104 1894 1221 1932 vero
1255 1877 1400 1931 illius
1436 1888 1591 1948 caput
1627 1880 1704 1933 ita

142 1967 330 2035 scripsit
377 1982 397 2020 :
449 1965 814 2022 DlABOLUS.
866 1967 989 2022 Non
1061 1968 1317 2024 horruisti
1364 1970 1704 2041 blasphemia:

139 2059 429 2112 excessum?
475 2056 537 2113 Si
563 2059 705 2112 enim
737 2060 1180 2130 patremfamilias
1223 2061 1510 2116 Beelzebub
1545 2079 1701 2116 voca-

128 2149 220 2213 rit,
246 2151 369 2219 quid
406 2151 584 2220 facere
631 2151 846 2206 debebat
892 2153 1249 2222 familiaribus
1292 2156 1450 2226 ejus?
1480 2153 1699 2226 (Matth.

141 2256 185 2303 ι,
205 2239 313 2310 25.)

199 2330 258 2384 In
302 2333 540 2386 secunda
598 2333 788 2388 iterum
835 2335 1041 2390 actione
1085 2334 1359 2407 Ignatium
1393 2337 1702 2407 depinxerat

139 2425 285 2492 sputis
318 2435 751 2494 conspurcatum,
790 2443 984 2498 magna
1024 2429 1076 2482 oi
1126 2437 1372 2496 tractum,
1417 2431 1567 2500 cujus
1613 2431 1701 2485 in-

137 2513 333 2581 scriptio
373 2513 502 2567 talis
536 2524 649 2568 erat
683 2529 703 2568 :
736 2512 1072 2570 PRINCEPS
1103 2515 1414 2572 PECCATI.

196 2600 255 2655 In
315 2604 479 2658 tertia
531 2619 648 2659 uero
709 2605 916 2659 actione
968 2605 1242 2678 Ignatium
1300 2617 1702 2664 exauctoratum

136 2688 383 2754 pinserat,
419 2699 471 2744 et
498 2689 614 2760 ejus
643 2690 918 2762 inscriptio
959 2693 1070 2749 hate
1113 2703 1226 2750 erat
1271 2711 1290 2750 :
1321 2694 1548 2753 FILIUS
1575 2696 1701 2752 [Nl-

137 2776 469 2843 QUITATIS.

193 2872 250 2926 In
278 2885 476 2946 quarta
512 2876 698 2930 itidem
743 2877 968 2945 actione,
991 2879 1244 2934 eumdem'
1263 2866 1537 2953 lgna'tium
1563 2901 1701 2940 ana-

139 2966 344 3021 themate
380 2977 541 3037 atque
576 2969 768 3023 exsilio
793 2972 1104 3026 damnatum
1123 2974 1320 3043 posuit,
1343 2983 1394 3030 et
1425 2975 1702 3047 inscriptio

133 3062 229 3106 erat
253 3069 272 3106 :
313 3052 529 3110 SIMON
559 3053 819 3112 MAGUS.

194 3143 249 3198 In
275 3148 544 3217 principio
580 3148 769 3203 deinde
801 3150 1000 3221 quinti:
1025 3153 1250 3208 actionis
1276 3153 1498 3209 vinculis
1531 3153 1700 3226 Igna-

136 3239 248 3292 tiunt
283 3241 682 3296 circumdatum
726 3243 970 3312 pinxerat
1005 3255 1056 3299 et
1101 3246 1352 3314 uinctum,
1389 3247 1540 3316 cujus
1585 3257 1700 3304 erat
1725 3299 1747 3320 ,

136 3329 392 3401 inscriptio
425 3347 445 3385 :
481 3330 898 3389 EXTOLLENS
926 3333 1009 3390 SE
1038 3335 1265 3391 SUPER
1293 3335 1482 3393 ΟΜΝΕ
1509 3337 1698 3406 QUOD

138 3417 392 3480 DICITUR
416 3423 622 3480 DEUS.

200 3513 261 3568 In
290 3526 437 3572 sexta
479 3533 602 3572 vero
638 3517 845 3572 actione
878 3518 1114 3590 depincit
1151 3517 1422 3591 Ignatium
1471 3523 1699 3578 damna-

137 3606 252 3661 tioni
292 3609 588 3673 traditum;
634 3607 748 3678 ejus
791 3617 870 3663 est
917 3610 1193 3682 inscriptio
1229 3605 1247 3665 ὲ
1278 3610 1700 3670 ΑΒΟΜΙΝΑΤΙΟ

134 3694 642 3754 DESOLATIONIS.

191 3785 253 3840 In
291 3791 520 3859 septima
564 3790 778 3844 tandem
824 3800 873 3845 et
924 3801 1158 3847 extrema
1209 3795 1414 3850 actione
1462 3795 1702 3866 depinxit

137 3873 391 3945 Ignatium
420 3888 779 3950 protractum,
821 3890 877 3935 ut
908 3881 993 3936 illi
1035 3893 1190 3953 caput
1220 3895 1615 3955 amputaretur;
1650 3896 1702 3942 et

134 3969 391 4040 inscriptio
431 3971 561 4026 talis
584 3980 702 4026 erat
733 3987 752 4025 :
788 3971 1318 4031 ANTlCHRlSTUS.

196 4061 274 4116 An
303 4077 415 4117 non
443 4063 622 4131 vides,
655 4063 832 4120 amice
868 4065 1058 4135 lector,
1091 4069 1417 4139 prodromos
1447 4071 1704 4127 sectario-
1737 4131 1742 4135 ,

135 4167 241 4206 nun
281 4163 629 4222 nostrorum,
681 4155 792 4210 imo
829 4156 1083 4214 doctores
1130 4169 1187 4214 et
1239 4161 1569 4232 magistros?
1617 4162 1702 4222 An

135 4257 230 4296 non
261 4244 499 4300 sicutilli
523 4245 657 4301 olim
685 4245 975 4318 lgnatium,
998 4247 1070 4303 ita
1099 4249 1349 4304 hodierni
1373 4259 1700 4320 novatores;

137 4327 373 4389 Ecclesia:
415 4334 702 4391 catholica:
744 4337 1025 4406 praesules,
1076 4340 1379 4410 praesertim
1422 4355 1700 4398 summum

138 4425 464 4495 pontiﬁcem,
518 4427 884 4500 ignominiose
932 4437 987 4484 et
1057 4432 1324 4502 probrose
1370 4433 1705 4506 depingunt?

136 4511 462 4589 Picturisque
487 4518 914 4589 probrosissima
930 4535 1160 4593 quaeque
1178 4533 1478 4581 scommata
1505 4525 1702 4598 adjun-

138 4618 269 4675 gunt.
308 4608 547 4679 V’idesis,
596 4625 719 4679 oro,
790 4611 1083 4684 imaginem
1138 4615 1287 4672 illam
1337 4633 1488 4688 papa:
1514 4659 1529 4685 ,
1581 4634 1704 4694 qua:

140 4701 459 4777 frontispicio
507 4707 627 4780 ejus
674 4707 835 4777 libri,
887 4709 982 4780 qui
1025 4710 1309 4781 Apiarium
1351 4712 1699 4782 inscribitur,

139 4797 335 4860 praefixa
358 4806 461 4854 est.
505 4796 640 4854 Vide
689 4799 860 4866 illam,
890 4815 1054 4870 quam
1094 4803 1390 4883 prmposuit
1418 4803 1701 4883 Spannen-

139 4883 409 4958 bergerus,
460 4891 769 4961 praedicans
826 4890 1171 4951 Lutheranus
1207 4880 1440 4951 famoso
1486 4880 1697 4965 libello,

139 4977 212 5031 cui
232 4979 440 5036 titulum
465 4981 594 5039 fecit
621 5002 633 5039 :
655 4983 845 5039 Wider
866 4985 949 5039 die
967 4986 1121 5041 bosen
1142 4986 1314 5044 Sitten
1339 4989 1420 5042 ins
1451 4988 1703 5060 Teuﬂ'els-

141 5065 587 5146 Kahruo/felspihl.
614 5075 750 5131 Item
776 5075 946 5144 illam,
974 5093 1094 5148 qua:
1114 5091 1340 5152 apparet
1359 5079 1414 5134 in
1433 5083 1702 5140 vestibulo

140 5157 263 5228 libri,
295 5159 379 5219 cui
408 5183 631 5235 nomen,
671 5167 772 5221 das
802 5164 1174 5242 Wol/fgesang.
1203 5173 1262 5229 ln
1305 5171 1468 5228 tomis
1498 5171 1703 5231 Latinis

138 5260 183 5304 et
214 5253 537 5316 Germanicis
579 5258 816 5315 Lutheri
865 5258 1102 5316 invenies
1153 5262 1522 5338 Papasellum,
1551 5281 1702 5322 com-

1817 416 2003 472 tom.l
2052 431 2321 472 novorum
2376 432 2604 488 operum
2655 417 2910 474 German.
2961 409 3215 487 Lutheri,
3260 437 3385 493 quat

1812 506 2100 565 Aurifaber
2135 507 2387 578 collegit?
2426 505 2682 577 Ejusdem
2722 507 2913 564 farinae
2937 518 3019 566 est
3060 509 3252 565 Passio
3288 512 3386 568 illa

1814 597 2034 665 Christi,
2066 597 2158 652 ubi
2187 596 2456 663 Pontifex,
2488 599 2808 665 cardinales,
2841 601 3098 670 episcopi,
3134 604 3384 658 monachi

1811 689 2062 760 Caiplue,
2099 688 2288 755 Anum,
2326 687 2509 755 Pilati,
2547 687 2796 757 Herodis,
2824 689 3075 745 lictorum
3111 700 3165 746 et
3202 693 3385 746 carni-

1812 781 1972 836 ficum
2007 779 2210 835 Christi
2238 794 2500 849 personas
2534 791 2745 850 gerunt.

1878 870 2038 925 Anno
2084 869 2221 924 1527
2249 869 2522 940 evulgavit
2574 871 2774 941 impius
2802 870 3122 929 Paracelsus
3160 874 3384 946 triginta

1811 957 2073 1028 imagines
2094 958 2372 1014 dedecoris
2389 967 2442 1013 et
2465 959 2647 1029 probri
2665 960 2718 1014 in
2742 962 3049 1031 pontificem
3075 962 3382 1019 Romanum

1809 1049 2176 1120 plenissimas.
2231 1049 2462 1107 Exstant
2510 1051 2565 1106 in
2618 1053 2928 1123 Appendice
2981 1056 3049 1110 ad
3083 1066 3292 1112 tomum
3331 1057 3380 1111 Χ

1809 1139 2048 1212 Operum
2075 1141 2366 1197 Paracelsi.
2385 1141 2629 1209 Quarum
2647 1160 2715 1199 ne
2744 1145 2858 1216 ipse
2874 1155 3064 1201 auctor
3084 1147 3378 1214 videretur,

1809 1246 2150 1292 commentus
2194 1244 2298 1304 est,
2329 1252 2387 1293 se
2433 1253 2528 1294 eas
2558 1238 2746 1295 nescio
2792 1239 2990 1309 quibus
3039 1241 3095 1294 in
3144 1241 3385 1312 antiquis

1807 1326 2176 1381 monumentis
2202 1327 2286 1379 vel
2308 1326 2610 1396 parietibus
2644 1326 2938 1395 invenisse,
2969 1345 3106 1400 quas
3131 1329 3234 1385 hoc
3262 1331 3381 1401 ipso

1808 1431 1952 1471 anno
1992 1415 2129 1471 1608
2157 1415 2424 1474 fanaticus
2445 1417 2667 1488 quidam
2693 1421 2957 1477 sectarius
2979 1417 3216 1477 Joannes
3234 1420 3385 1477 Rud-

1807 1504 1955 1560 rauﬂ‘
2003 1505 2059 1560 in
2119 1508 2493 1562 commentitio
2550 1509 2643 1562 illo
2692 1525 2794 1565 suo
2857 1511 2923 1566 de
2981 1521 3192 1567 cometa
3254 1512 3384 1567 anni

1807 1595 2105 1666 superioris
2131 1598 2526 1652 commentario
2557 1599 2753 1669 (quem
2777 1601 2901 1670 jure
2930 1602 3110 1658 omnis
3139 1603 3385 1657 stultitia:

1737 1679 1859 1742 Bet
1887 1688 2120 1744 vesania:
2168 1690 2604 1759 promptuarium
2653 1692 3039 1763 appellaveris)
3087 1709 3280 1748 rursus
3327 1693 3384 1748 in

1807 1783 1983 1838 lucem
2012 1783 2258 1853 protulit,
2288 1792 2343 1837 et
2369 1783 2681 1840 vanissimis
2708 1785 3027 1856 exegesibus
3053 1785 3383 1841 illustratum

1804 1873 2011 1929 scilicet
2035 1873 2148 1929 ivit.

1875 1963 2079 2020 Retulit
2122 1965 2342 2021 easdem
2391 1981 2518 2021 cum
2566 1965 2840 2023 Paracelsi
2896 1967 3338 2024 adnotationibus
3367 2010 3382 2035 ,

1802 2057 2056 2126 notisque
2079 2057 2476 2128 marginali-bus
2499 2057 2690 2114 Adami
2719 2058 3014 2125 Durischii,
3051 2069 3105 2114 et
3143 2060 3384 2130 exegesi-

1801 2147 1904 2202 bus
1925 2146 2150 2204 Joannis
2172 2147 2484 2216 Adrasderi,
2514 2157 2673 2205 terra:
2710 2150 2825 2217 ﬁlii,
2866 2151 3117 2220 ignobilis
3147 2152 3384 2219 sectarii,

1801 2237 1858 2293 in
1905 2255 2064 2294 suum
2101 2239 2486 2296 duodecimum
2521 2239 2908 2297 Centenarium
2950 2242 3189 2298 Joannes
3239 2243 3388 2298 Wol-

1801 2329 1927 2398 fius,
1951 2331 2047 2402 qui
2073 2331 2126 2387 id
2153 2333 2377 2388 unicum
2408 2349 2554 2389 curze
2590 2335 2879 2406 studioque
2916 2337 3109 2392 habuit
3140 2345 3200 2392 ut
3225 2338 3384 2408 quid-

1800 2424 1931 2495 quid
1976 2440 2206 2495 usquam
2248 2426 2305 2480 in
2349 2417 2668 2497 pontifices,
2713 2428 3016 2499 episcopos,
3065 2431 3385 2498 monachos,

1800 2505 2394 2592 moniales,'totumque
2419 2519 2909 2576 ecclesiasticarum
2932 2531 2986 2577 et
3009 2523 3386 2594 religiosorum

1800 2614 2004 2662 statum
2051 2614 2107 2662 et
2151 2608 2399 2664 ordinem
2446 2611 2774 2680 probrosum
2823 2628 2888 2669 ac
2933 2616 3386 2672 contumeliosum

1799 2694 2022 2766 legerat,
2057 2697 2304 2753 audierat
2329 2699 2409 2752 vel
2437 2700 2506 2756 ab
2530 2701 2652 2757 aliis
2687 2712 2990 2774 acceperat,
3031 2705 3086 2759 id
3120 2705 3174 2760 in
3217 2723 3386 2762 unum

1801 2786 2004 2844 fascem
2031 2801 2400 2862 comportaret
2425 2809 2490 2868 ac
2519 2795 2816 2865 colligaret,
2850 2806 2912 2852 ut
2946 2797 3152 2854 scurris
3175 2809 3229 2854 et
3253 2816 3385 2855 san-

1801 2881 2060 2938 nionibus
2089 2899 2305 2954 semper
2337 2894 2483 2940 esset
2520 2886 2573 2940 in
2601 2898 2851 2957 promptu
2883 2891 3100 2959 capiosa
3134 2892 3382 2955 materia,

1802 2972 2237 3044 quotiescunque
2267 2975 2507 3046 linguam
2552 2977 2636 3030 vel
2679 2978 2878 3049 stylum
2909 2979 2963 3033 in
2995 2981 3303 3050 pontificem
3331 2992 3387 3036 et

1803 3060 1938 3117 alios
1957 3062 2224 3134 stringere
2245 3063 2424 3130 lubet;
2453 3067 2670 3136 quando
2695 3076 2876 3122 autem
2908 3084 3017 3122 non
3054 3069 3243 3125 lubet?
3275 3070 3387 3128 Nec

1802 3151 1969 3206 refert
2001 3153 2147 3224 quod
2173 3153 2512 3222 Paracelsus,
2541 3155 2774 3213 Wolfius
2806 3168 2861 3213 et
2887 3159 3051 3229 hujus
3087 3162 3263 3218 tribus
3289 3164 3382 3218 alii

1803 3258 2001 3298 nomen
2042 3243 2312 3301 Joacbimi
2351 3247 2566 3303 abbatis
2603 3259 2992 3319 praeterierunt,
3048 3253 3175 3322 quia
3223 3269 3388 3322 nemo,

1802 3333 2017 3406 ignorat
2038 3337 2173 3393 istos
2207 3337 2286 3393 sic
2320 3353 2440 3394 esse
2466 3339 2618 3396 fictos
2645 3350 2700 3395 et
2723 3340 2894 3397 factos
2925 3352 2986 3397 ut
3011 3345 3112 3398 sub
3154 3345 3385 3400 aliorum

1801 3427 2134 3495 nominibus,
2185 3430 2342 3499 quasi
2394 3430 2745 3498 velamentis,
2794 3449 2949 3488 suam
2994 3435 3290 3504 nequitiam
3333 3447 3388 3490 et

1801 3518 2223 3587 improbitatem,
2271 3530 2534 3590 quantum
2572 3521 2687 3575 ﬁeri
2725 3531 2922 3592 potest,
2967 3524 3230 3594 aperiant.
3277 3524 3389 3582 Nec

1802 3607 2068 3664 dissident
2088 3610 2156 3664 ab
2188 3608 2272 3665 his
2302 3611 2558 3666 vaticinia
2606 3613 2824 3682 triginta
2849 3612 3114 3669 Joaehimi
3151 3615 3385 3682 abbatis,

1802 3710 1864 3754 ut
1905 3710 2067 3756 vocat
2108 3700 2358 3769 Wolfius,
2400 3705 2714 3760 centenario
2749 3705 3153 3761 mendaciorum
3181 3707 3386 3762 duode-

1800 3790 1967 3858 cimo,
2006 3793 2416 3850 contumeliosis
2465 3795 2814 3868 imaginibus,
2853 3797 3230 3854 haereticorum
3276 3809 3386 3857 stu-

1801 3883 1912 3947 dio,
1949 3899 2226 3954 expressa.

1872 3973 2129 4044 Ejusdem
2153 3975 2368 4047 generis
2394 3985 2478 4033 est
2497 3976 2741 4048 ejusdem
2775 3977 3046 4034 Paracelsi
3068 3978 3385 4050 Prognosti-

1803 4067 1943 4121 catio
1967 4067 2187 4138 triginta
2211 4068 2424 4123 duabus
2437 4069 2624 4139 figuris
2642 4086 2737 4124 seu
2758 4069 3082 4140 imaginibus
3103 4081 3385 4141 constans,

1803 4173 1968 4228 quam
1993 4173 2024 4212 a
2061 4157 2350 4226 Schramo,
2391 4159 2720 4230 praedicante
2754 4159 3112 4232 Neoburgico,
3136 4170 3214 4217 ‘ex
3246 4163 3385 4218 Ger-

1803 4248 2018 4304 manico
2039 4248 2095 4303 in
2119 4247 2372 4304 Latinum
2396 4264 2701 4305 sermonem
2727 4250 3041 4304 translatam
3066 4249 3206 4305 idem
3233 4250 3386 4306 W019

1803 4340 1907 4397 ﬁus
1928 4340 2140 4396 decimo
2159 4349 2313 4397 sexto
2333 4341 2738 4397 mendaciorum
2763 4351 2817 4396 et
2840 4342 3235 4396 calumniarum
3257 4359 3384 4399 sua-

1809 4450 1932 4490 rum
1966 4435 2280 4509 centenario
2310 4434 2561 4500 intexuit,
2595 4444 2656 4489 ut
2689 4443 2744 4490 et
2785 4434 3064 4512 antitheses
3102 4431 3301 4488 Christi
3334 4443 3386 4488 et

1806 4527 2146 4595 Antichristi,
2159 4543 2188 4598 ξι
2205 4527 2390 4583 nescio
2402 4541 2510 4598 quo
2527 4527 2778 4594 sectario,
2795 4526 3014 4581 Simone
3028 4523 3387 4581 Rosarioma-

1806 4617 2246 4673 ledicentissimis
2271 4617 2519 4673 versibus
2547 4617 2899 4688 compositas,
2937 4613 3136 4672 additis
3163 4613 3387 4672 nefariis

1805 4720 1860 4765 et
1889 4709 2170 4780 flagitiosis
2206 4708 2507 4776 iconismis,
2537 4718 2598 4764 ut
2626 4709 2807 4767 odium
2832 4722 3002 4778 papm,
3035 4723 3197 4778 quem
3233 4707 3386 4764 fana-

1804 4803 1946 4860 ticus
1992 4813 2267 4874 poetaster
2313 4819 2528 4873 semper
2578 4805 2960 4858 Antichristum
3005 4812 3060 4858 et
3105 4802 3388 4858 Plutonem

1805 4894 2102 4965 appellitat,
2135 4911 2232 4964 per
2270 4895 2418 4965 ipsos
2460 4895 2648 4952 oculos
2680 4894 2999 4966 profundius
3034 4895 3090 4950 in
3121 4895 3391 4968 lectorum

1804 4993 1859 5040 et
1879 4992 2245 5054 spectatorum
2276 4992 2483 5039 mentes
2511 4983 2812 5040 delabatur.
2859 4981 2979 5050 Quo
3020 4986 3181 5040 etiam
3223 4981 3391 5052 perti-

1806 5085 1899 5132 net
1933 5077 2144 5146 gemina
2177 5073 2380 5146 effigies
2408 5073 2536 5130 Julii
2579 5077 2620 5133 ll
2654 5077 2946 5149 pontificis,
2993 5093 3136 5133 anno
3168 5072 3307 5129 1512
3337 5079 3394 5128 et

1807 5167 1966 5232 1515,
2005 5177 2060 5222 et
2111 5165 2311 5235 duplex
2357 5167 2445 5221 illa
2503 5185 2669 5240 quam
2716 5169 2942 5226 Wolfius
2984 5169 3209 5225 exhibet
3247 5175 3394 5219 anno

1805 5261 2010 5317 Christi
2037 5259 2195 5324 1580,
2223 5260 2505 5328 nimirum,
2534 5263 2587 5318 in
2613 5266 2824 5321 decimo
2863 5272 3017 5317 sexto
3047 5255 3394 5331 impudentia:
