3962 5348
535 216 640 303 iss

1731 227 1794 283 s.
1832 222 2229 286 cnseomus
2267 222 2357 282 vn
2391 199 2589 283 pars.

3685 225 3785 286 106

532 376 644 418 non
675 355 1050 423 transcendit;
1087 359 1180 410 aut
1205 351 1251 408 si
1287 345 1641 413 transcendit,
1672 345 1740 402 ab
1766 344 1950 417 aliquo
1990 341 2105 399 Wi-
2139 345 2184 401 Α
2209 342 2538 408 sacerdotes,
2565 339 2865 396 monachos
2884 345 2940 396 et
2965 333 3232 396 moniales
3251 337 3503 411 exspuit?
3521 337 3610 394 An
3629 338 3788 396 lectio

531 451 778 519 clevista,
803 448 887 504 vel
909 445 1131 502 Hussita
1155 439 1455 500 descendit.

601 541 798 598 Mirum
827 540 974 596 dictu
998 540 1012 594 ε
1042 545 1330 592 novatores
1357 540 1597 598 nostros,
1621 529 1838 600 quando
1861 523 2107 600 sculptu-

532 649 672 699 ram,
696 631 986 702 picturam,
1014 628 1098 683 vel
1121 626 1437 682 caelaturam
1459 621 1773 694 quampiam
1801 621 2105 687 inveniunt,

531 724 721 780 oculos
751 733 1030 789 nunquam
1065 717 1132 772 ad
1163 731 1220 772 se
1252 723 1307 770 et
1328 728 1459 769 suos
1501 711 1796 778 reﬁectere,
1829 709 1924 766 sed
1958 726 1988 765 e
2015 726 2110 766 ve-

530 819 692 891 stigio
713 816 788 872 ad
806 811 1114 886 pontiﬁcem
1149 818 1204 866 et
1232 805 1473 880 pontiﬁci
1515 805 1780 874 addictos,
1811 803 2110 875 praesertim

530 907 840 965 sacerdotes
873 913 929 960 et
965 901 1264 958 monachos
1306 911 1607 962 recurrere,
1649 905 1932 965 totumque
1978 893 2109 948 illud

529 997 832 1072 symbolum
877 995 944 1050 de
987 993 1094 1060 his,
1140 1007 1250 1046 non
1293 990 1360 1044 de
1393 1003 1453 1043 se
1491 996 1546 1042 et
1583 987 1696 1042 suis
1741 983 2105 1055 interpretari.

530 1091 686 1148 Tales
707 1098 836 1147 sunt
860 1089 964 1144 illae
985 1085 1267 1158 imagines,
1297 1098 1436 1154 quas
1456 1080 1511 1134 in
1538 1079 1749 1134 decimo
1772 1087 1925 1134 sexto
1952 1093 2108 1132 men-

528 1184 810 1240 daciorum
863 1195 1088 1238 suorum
1139 1174 1470 1240 centenario,
1523 1181 1578 1228 et
1626 1171 1936 1227 Lutherano
1975 1169 2112 1226 Iler-

527 1276 738 1334 brando
779 1273 945 1329 refert
972 1281 1026 1327 et
1045 1269 1282 1342 explicat
1318 1265 1568 1332 Wolﬁus,
1605 1265 1876 1330 inventas,
1923 1263 2107 1319 sinon

527 1365 868 1422 mentiuntur
903 1371 1213 1426 novatores,
1247 1355 1594 1429 Argentorati
1619 1355 1674 1409 in
1691 1354 1951 1425 primario
1971 1361 2110 1408 tem-

526 1455 637 1526 plo.
685 1452 796 1508 Cur
838 1451 982 1508 enim
1035 1451 1224 1506 asinus
1277 1457 1424 1502 stans
1467 1445 1537 1500 ad
1583 1461 1735 1499 aram
1782 1445 2112 1501 catholicum

527 1545 886 1611 sacerdotem,
937 1543 1107 1600 divini
1149 1540 1400 1599 sacriﬁcii
1443 1539 1704 1611 mysteria
1743 1544 2109 1609 peragentem,

526 1635 810 1708 signiticet,
844 1644 900 1690 et
942 1649 1052 1690 non
1094 1633 1276 1706 potius
1323 1630 1706 1702 praedicantem
1751 1643 1954 1684 mensae
1999 1641 2111 1683 suae

524 1699 816 1794 astantem,
859 1735 916 1782 et
955 1699 1282 1782 Lutheranze
1308 1699 1394 1777 vel
1427 1721 1760 1778 Calvinianze
1800 1735 1970 1776 coenae
2001 1717 2111 1774 fer—
2141 1699 2184 1756 Β

499 1820 647 1875 .cula
669 1828 1016 1890 coquentem,
1047 1818 1284 1874 maxime
1329 1815 1493 1871 talem
1537 1813 1651 1885 qui,
1689 1822 1752 1868 ut
1778 1813 2113 1868 orthodoxe-

524 1927 646 1968 rum
701 1912 1049 1970 sacerdotum
1099 1910 1313 1976 simius,
1362 1908 1604 1964 vestibus
1650 1907 1814 1962 certis
1856 1904 2109 1970 indutus,

523 2001 748 2058 missam
775 2001 1156 2057 Germanicam
1187 1999 1444 2063 celebrat,
1491 2005 1553 2050 ut
1590 1995 1645 2050 in
1691 1993 1967 2050 nonnullis
2018 1993 2110 2048 ubi

524 2091 978 2148 Lutheranismus
1007 2099 1218 2163 regnat,
1249 2089 1478 2144 urbibus
1505 2087 1622 2142 ﬁeri
1652 2087 1808 2141 solet.
1866 2085 1947 2140 Tu
1974 2083 2112 2140 dicis

523 2195 645 2238 esse
668 2183 992 2252 sacriﬁcum.
1039 2180 1154 2252 Ego
1182 2179 1564 2251 praedicantem
1589 2192 1711 2232 esse
1736 2175 2024 2243 contendo,
2057 2182 2112 2230 et

523 2272 769 2328 evincam
795 2287 919 2327 cum
951 2271 1238 2326 evictionis
1271 2279 1483 2340 tempus
1519 2267 1747 2322 venerit.
1785 2325 1800 2340 _

594 2360 717 2416 Pari
757 2361 918 2416 modo
955 2361 1170 2416 asinum
1219 2375 1286 2414 ex
1318 2351 1492 2426 ,libro,
1545 2373 1706 2428 quem
1752 2363 1906 2413 catus
1943 2364 2108 2424 tenet,

525 2451 802 2523 mysteria,
851 2466 974 2522 qua:
1022 2467 1132 2506 non
1177 2465 1297 2522 ego,
1341 2449 1436 2506 sed
1479 2449 1836 2519 praedicantes
1885 2455 2108 2513 norunt,

523 2541 877 2607 lectitantem,
906 2541 994 2596 aio
1025 2555 1145 2598 esse
1184 2541 1586 2610 praedicantem,
1613 2553 1708 2594 seu
1736 2537 2110 2594 Lutheranum

525 2648 620 2690 seu
651 2631 1050 2689 Calvinianum.
1092 2630 1202 2688 Nec
1235 2633 1372 2689 alios
1397 2649 1560 2703 quam
1594 2632 1728 2688 istos
1760 2640 2112 2703 repraesentat

525 2725 616 2780 illa
641 2725 841 2796 imago,
881 2725 937 2780 in
968 2739 1075 2798 qua
1117 2739 1315 2795 porcus
1345 2734 1400 2779 et
1435 2725 1619 2779 hircus
1663 2731 1876 2796 gestant
1921 2722 2106 2790 funus,

523 2817 741 2888 vulpem
793 2818 1001 2874 scilicet
1055 2817 1434 2873 dormientem.
1493 2815 1694 2872 Eodem
1755 2813 1963 2887 spectat
2018 2817 2109 2872 illa

523 2923 645 2978 quae
676 2923 868 2962 ursum
901 2923 1058 2977 aqua:
1083 2916 1416 2961 consecrata:
1441 2922 1667 2962 urceum
1695 2916 1995 2978 gestantem
2017 2926 2031 2975 ;
2056 2915 2111 2962 οι

521 2997 712 3069 lupum
742 2998 921 3054 crucis
955 2997 1218 3068 bajulum,
1243 3013 1308 3054 ac
1329 2998 1568 3068 leporem
1610 2999 1941 3066 daduchum,
1970 3009 2023 3055 et
2049 3010 2110 3054 ut

521 3104 655 3144 voce
689 3089 1058 3146 ecclesiastica
1095 3099 1239 3154 utar,
1271 3090 1648 3160 ceroferarium
1684 3092 1842 3147 nobis
1865 3092 2100 3148 exhibet.
2131 3063 2174 3119 Ὀ

522 3178 717 3234 Omnia
745 3181 861 3236 hzec
895 3181 1178 3250 aptissime
1223 3179 1276 3233 in
1321 3180 1675 3250 praedicantes
1708 3183 1998 3252 quadrant,
2047 3192 2108 3237 ut

522 3266 668 3324 facili
710 3270 894 3325 labore
925 3269 1138 3325 ostendi
1180 3277 1386 3340 posset,
1429 3269 1476 3326 si
1517 3285 1606 3328 res
1643 3280 1698 3326 et
1737 3260 1953 3329 occasio
1992 3273 2105 3329 fer-

525 3369 629 3434 ret.

593 3449 826 3504 Eosdem
859 3449 928 3505 ad
967 3447 1150 3504 vivum
1185 3457 1541 3522 repraesentat
1565 3449 1788 3522 eﬁigies,
1811 3466 1976 3522 quam
2005 3451 2108 3506 ibi-

522 3538 646 3594 dem
682 3537 934 3604 Wolﬁus,
975 3555 1070 3594 seu
1106 3537 1306 3612 Lupus,
1340 3540 1550 3595 nomini
1587 3557 1688 3597 suo
1723 3530 2108 3598 consentaneis

525 3629 770 3684 moribus
797 3629 1056 3700 praeditus
1077 3628 1370 3699 fabulator,
1399 3647 1465 3686 ex
1494 3630 1814 3688 Herbrando
1839 3634 2105 3690 lectorum

523 3721 697 3778 oculis
720 3722 1189 3792 contemplandam
1213 3723 1515 3794 proposuit.
1553 3723 1731 3795 Lupus
1759 3725 1974 3780 indutus
2010 3743 2108 3781 cu-

523 3814 668 3870 culla
704 3815 997 3870 monastica
1027 3817 1105 3886 (in
1127 3815 1278 3886 cujus
1312 3817 1558 3888 capputio
1582 3817 1646 3870 ab
1667 3817 1896 3871 humeris
1918 3818 2110 3888 depen-

523 3909 675 3962 dente
697 3923 852 3962 anser
885 3907 1165 3978 prominet)
1192 3907 1249 3960 in
1272 3917 1516 3979 suggestu
1555 3915 1682 3975 stat,
1715 3909 1981 3978 prioribus
2019 3927 2110 3980 pe-

523 3999 700 4066 dibus,
723 3999 876 4070 quasi
899 3999 1142 4053 manibus
1176 3997 1371 4052 librum
1414 4009 1610 4066 tenens,
1636 4016 1700 4053 ea:
1723 4017 1823 4070 quo
1855 4000 2108 4056 nonnulla

525 4091 745 4146 recitare
771 4089 996 4156 videtur,
1037 4090 1170 4144 mihi
1201 4089 1452 4160 equidem
1477 4089 1682 4162 ignota,
1712 4091 1806 4146 scd
1830 4091 2028 4146 Wolﬁo
2053 4100 2108 4147 et

524 4181 864 4248 Herbrando,
881 4181 1129 4253 aliisqum
1149 4182 1350 4252 lupina:
1369 4181 1572 4253 linguae
1591 4183 1774 4254 gnaris
1799 4183 2102 4238 notissima.

525 4273 680 4344 Infra
717 4272 1022 4328 cathedram
1054 4271 1328 4342 vulpecula
1372 4273 1542 4339 adest,
1581 4273 1735 4342 quasi
1775 4273 1830 4326 in
1871 4273 2100 4326 insidiis.

523 4363 580 4418 E-
608 4365 812 4436 regione
833 4379 1041 4418 anseres
1073 4363 1386 4433 complures,
1431 4362 1629 4433 singuli
1669 4363 1854 4416 rostris
1885 4363 1995 4416 suis
2021 4380 2106 4416 ro-

521 4457 671 4511 saria
725 4463 974 4522 tenentes,
1031 4465 1080 4510 et
1133 4453 1281 4525 Lupo
1332 4455 1666 4508 concionanli
1721 4455 2100 4510 auscultantes.

525 4548 678 4600 Astat
724 4557 774 4602 et
811 4547 974 4618 juxta
1007 4563 1214 4601 anseres
1255 4547 1406 4618 quasi
1439 4556 1640 4611 custos,
1681 4547 1860 4616 fatuus
1905 4547 1961 4600 in
2008 4563 2104 4600 suo

525 4637 728 4694 habitu.
778 4639 1010 4712 Elegans
1049 4637 1296 4710 profecto
1339 4638 1776 4695 Lutlteranorum
1829 4648 1884 4696 et
1925 4639 2106 4695 Calvi-

525 4729 814 4784 nianorum
852 4730 1262 4800 prmdicantium
1311 4730 1648 4786 inconismus
1697 4740 1753 4785 et
1791 4731 2100 4786 delineatio.

525 4818 631 4889 Qui
671 4821 836 4886 volet,
875 4823 1329 4878 commentarium
1379 4821 1660 4894 adjungat,
1710 4822 1943 4892 reperiet
1971 4823 2104 4878 ube-

523 4925 641 4966 rem
663 4912 1064 4966 commentandi
1091 4913 1398 4968 materiem.
1477 4921 1480 4923 λ

593 5001 770 5072 Quam
814 4987 950 5058 bene
1000 5002 1232 5060 Wolﬁus
1279 5020 1435 5062 suam
1477 5020 1698 5076 cperam
1743 5005 1998 5071 locasset,
2057 5006 2105 5062 si

523 5097 640 5153 haec
673 5095 802 5150 talia
828 5095 1118 5162 wndiuatrot
1143 5105 1198 5150 et
1230 5095 1448 5162 ἔκτυπα,
1475 5113 1540 5152 eo
1571 5112 1680 5168 quo
1705 5106 1972 5168 spectant,
1999 5100 2106 5156 hoc

521 5192 608 5242 est
631 5185 698 5240 ad
722 5197 854 5240 suos
886 5182 1261 5252 praedicantes,
1294 5187 1587 5242 retulisset.
1613 5185 1769 5242 Nunc
1803 5189 1931 5258 quid
1955 5189 2104 5244 aliud

521 5275 631 5348 egit
672 5287 839 5345 quam
879 5272 1023 5343 quod
1066 5287 1125 5326 se
1165 5272 1464 5329 incredibili
1495 5277 1862 5333 calumniandi
1886 5279 2102 5348 pruritu

2209 435 2500 501 recondita,
2535 433 2786 505 colligere
2831 439 2886 488 et
2927 432 2986 487 in
3029 447 3202 488 unum
3245 432 3528 488 cumulum
3567 433 3790 504 conglo-

2206 526 2355 593 bare,
2383 525 2646 597 quidquid
2669 523 2954 580 infamium
2977 523 3292 580 chartarum
3315 525 3384 580 ab
3403 525 3518 580 ullo
3545 539 3787 596 unquam

2206 617 2598 688 propemodum
2643 631 2834 672 scurra
2877 614 3024 672 foras
3056 624 3372 687 protr-usum
3398 624 3454 671 et
3495 616 3555 672 in
3596 617 3791 687 vulgus

2207 709 2396 765 datum
2423 708 2568 764 fuit?
2607 708 2906 765 Recondita
2950 723 3080 764 sane
3122 708 3282 764 lectio
3316 709 3566 764 evolvere
3601 709 3789 764 talium

2207 801 2585 856 tenebrionum
2621 799 2821 866 ﬁmeta,
2859 799 3019 867 oleta,
3051 799 3284 867 cloacas,
3308 809 3364 856 et
3381 799 3649 871 quidquid
3677 815 3792 855 sor-

2209 893 2359 948 dium
2401 892 2716 960 continent;
2747 892 2799 946 id
2831 891 3072 948 studiose
3110 905 3350 962 egerere,
3396 891 3565 963 inque
3599 890 3790 947 faciem

2209 992 2264 1040 et
2284 999 2346 1039 os
2371 983 2636 1038 lectorum
2660 991 2716 1038 et
2740 990 3108 1054 spectatorum
3141 981 3406 1054 ingerere.

2279 1073 2350 1126 At
2373 1073 2542 1128 misso
2567 1089 2712 1128 nunc
2735 1073 3047 1144 aliquandiu
3073 1073 3297 1128 immani
3333 1073 3439 1130 isto
3481 1073 3662 1145 Lupo,
3698 1089 3792 1131 seu

2209 1163 2428 1230 Wolﬁo,
2453 1163 2519 1218 de
2543 1163 2778 1237 imagine
2798 1163 3138 1237 Babylonica;
3159 1165 3460 1222 meretricis
3482 1167 3677 1222 bestiae
3710 1181 3795 1221 se-

2209 1264 2357 1326 ptem
2389 1255 2678 1326 capitibus,
2709 1263 2764 1310 et
2784 1255 2969 1310 decem
3000 1243 3254 1310 cernibus
3285 1256 3523 1326 praeditas
3548 1256 3793 1312 insiden-

2213 1347 2303 1414 tis,
2339 1356 2394 1402 ct
2422 1348 2676 1418 poculum
2716 1362 2943 1402 aureum
2966 1359 3131 1401 manu
3160 1345 3417 1413 tenentis,
3457 1361 3616 1402 mora
3646 1361 3793 1402 mera

2213 1437 2378 1494 fuerit
2417 1438 2614 1494 dicere.
2667 1437 2752 1492 Nil
2787 1438 2992 1494 certius
3029 1445 3114 1492 est
3142 1438 3284 1507 apud
3319 1439 3586 1494 sectarios
3627 1453 3792 1509 quam

2211 1529 2318 1586 hac
2351 1529 2522 1600 effigie
2544 1544 2738 1602 papam
2767 1527 3077 1585 Romanum
3099 1528 3168 1586 ad
3185 1527 3368 1584 vivum
3391 1529 3791 1600 repraesentari.

2215 1623 2556 1696 Quapropter
2577 1641 2847 1696 nusquam
2872 1639 2980 1680 non
3006 1631 3090 1680 est
3109 1625 3287 1693 obvia,
3309 1626 3796 1698 procumbentibus

2210 1724 2334 1770 ante
2369 1731 2510 1782 eam,
2539 1715 2907 1773 venerationis
2951 1722 3007 1771 et
3039 1717 3372 1772 adorationis
3418 1719 3612 1788 gratia,
3661 1717 3796 1790 ipsis

2212 1817 2480 1862 terrarum
2498 1806 2718 1878 regibus
2731 1815 2784 1861 et
2800 1806 3240 1878 imperatoribus,
3267 1821 3364 1862 nec
3387 1808 3659 1863 absterret
3677 1824 3794 1874 eos,

2211 1895 2461 1974 quamvis
2497 1900 2553 1954 in
2583 1899 2816 1972 imperio
2837 1899 3113 1971 degentes,
3159 1899 3228 1954 ab
3269 1897 3374 1955 hac
3419 1899 3683 1970 sacrilega
3712 1907 3796 1954 te-

2211 1994 2460 2048 meritate
2497 1992 2751 2049 catholici
2775 1993 3120 2063 imperatoris
3151 2000 3330 2048 metus
3369 2001 3425 2048 et
3468 1995 3793 2058 reverentia,

2209 2082 2337 2154 quia
2355 2084 2468 2154 jam
2501 2081 2710 2152 pridem
2743 2096 2959 2136 omnem
2993 2088 3286 2136 metum’ex
3309 2089 3528 2150 pectore
3548 2097 3795 2138 omnem-

2211 2189 2316 2243 que
2351 2172 2706 2227 reverentiam
2741 2187 2807 2227 ex
2841 2171 2993 2227 vultu
3028 2171 3425 2228 absterserunt.
3783 2169 3803 2180 ’

2281 2262 2400 2330 Quo
2425 2263 2609 2318 animo
2631 2262 2902 2321 Lutherus
2923 2263 2976 2318 in
2999 2279 3214 2334 papam,
3239 2265 3562 2332 cardinales,
3585 2266 3796 2336 episco-

2209 2369 2309 2424 pos
2337 2361 2620 2424 totumque
2643 2352 3070 2408 ecclesiasticum
3095 2353 3340 2409 ordinem
3365 2353 3546 2420 fuerit,
3571 2342 3794 2426 planum

2211 2455 2575 2515 testatumque
2598 2445 2726 2500 facit
2761 2460 2885 2500 eum
2921 2445 3058 2501 alias
3088 2445 3407 2517 smpissime,
3435 2455 3551 2501 tum
3578 2447 3633 2501 in
3655 2447 3795 2502 libro

2210 2540 2304 2594 iilo
2324 2539 2592 2594 diabolico
2621 2548 2803 2593 contra
2835 2538 3124 2610 Papatum,
3148 2539 3214 2594 de
3237 2550 3348 2612 quo
3373 2555 3538 2610 supra
3560 2559 3575 2607 ;
3601 2537 3694 2595 ubi
3722 2541 3796 2594 ita

2211 2631 2344 2687 furit
2385 2631 2612 2688 lslcbius
2662 2630 2966 2703 Furippus,
3013 2631 3306 2703 interprete
3353 2647 3421 2688 ex
3470 2631 3796 2688 Germanico

2211 2723 2465 2779 Matthseo
2486 2722 2692 2789 Iudice,
2721 2722 3120 2780 clamosissimo
3142 2734 3198 2780 et
3217 2724 3638 2781 seditiosissime
3663 2739 3798 2796 prte-

2210 2815 2424 2870 dicante
2451 2833 2464 2870 :
2491 2815 2648 2870 Nunc
2673 2816 2847 2892 .agite,
2889 2831 2918 2870 ο
2963 2813 3162 2882 Cwsar,
3205 2833 3369 2888 reges,
3414 2816 3701 2886 principes,
3746 2824 3798 2869 et

2213 2917 2504 2978 magnates,
2553 2917 2604 2962 et
2646 2908 2938 2978 quicunque
2983 2906 3296 2978 prehendere
3335 2907 3572 2978 potestis,
3619 2921 3798 2977 appre—

2209 3000 2438 3056 hendite.
2495 2998 2783 3054 Maledicta
2827 2999 2898 3052 sit
2937 3015 3125 3053 manus
3163 3000 3334 3054 otiosa
3379 3010 3428 3056 et
3467 2999 3679 3070 ignaua.
3727 2997 3796 3054 Et

2206 3091 2436 3161 primum
2467 3090 2652 3160 eripite
2678 3089 2916 3160 pontifici
2953 3088 3196 3154 Romam,
3225 3088 3658 3156 Romandiolam,
3693 3087 3797 3144 Ur—

2208 3185 2409 3250 binum,
2443 3184 2758 3247 Bononiam,
2785 3193 2834 3237 et
2870 3183 3048 3236 omnia
3083 3200 3198 3254 qme
3226 3192 3360 3237 tenet
3393 3191 3442 3237 et
3468 3182 3700 3252 possidet
3739 3198 3797 3236 eo

2169 3299 2188 3316 ο
2207 3276 2414 3329 nomine
2438 3274 2576 3346 quod
2600 3273 2836 3344 pontifex
2867 3274 2971 3338 sit;
2997 3289 3118 3326 nam
3142 3272 3232 3326 ille
3267 3282 3343 3326 est
3375 3289 3646 3342 possessor
3680 3289 3797 3343 pes-

2207 3368 2356 3422 sima:
2377 3365 2502 3436 ﬁdei
2523 3382 2540 3428 ;
2567 3365 2852 3419 mendaciis
2893 3381 2955 3418 ac
2990 3363 3266 3434 fraudibus
3294 3365 3574 3434 acquisivit
3597 3366 3794 3419 omnia-

2206 3455 2298 3520 At,
2318 3455 2444 3526 quid
2466 3454 2587 3508 dico
2607 3454 2894 3508 mendaciis
2931 3463 2978 3508 et
3006 3453 3275 3508 cwdibus?
3314 3451 3432 3507 Ima
3456 3453 3795 3522 blasphemiis

2207 3547 2341 3614 suis,
2364 3555 2414 3600 et
2443 3543 2764 3600 idololatriis
2788 3545 3006 3615 imperio
3021 3543 3256 3598 Romano
3287 3542 3579 3610 subtraxit,
3617 3552 3669 3596 et
3701 3543 3800 3597 eri-

2207 3637 2344 3708 puit,
2379 3645 2430 3689 et
2450 3635 2551 3688 sibi
2587 3633 2829 3704 subjecit,
2865 3641 2915 3688 et
2949 3634 3199 3688 mercedis
3248 3633 3362 3687 loco
3401 3649 3500 3687 sua
3537 3634 3795 3704 supersti-

2211 3729 2350 3782 tione
2379 3727 2680 3782 innumeras
2703 3726 2912 3779 animas
2937 3724 3007 3778 ad
3037 3724 3234 3794 inferos
3259 3723 3502 3790 deduxit,
3526 3725 3666 3778 sicut
3690 3723 3797 3792 ipse

2199 3818 2442 3889 jactitat,
2467 3817 2520 3871 d.
2563 3816 2652 3883 ιο,
2679 3831 2798 3888 cap.
2833 3817 2880 3870 si
2909 3832 3068 3886 papa,
3109 3825 3214 3870 etc.
3261 3813 3482 3884 Deinde,
3515 3817 3798 3887 magistra-

2211 3917 2293 3962 tus
2319 3907 2536 3962 debebat
2569 3909 2889 3978 ponti/icem,
2922 3917 2972 3961 et
2997 3906 3314 3974 cardinales,
3349 3917 3398 3962 et
3431 3907 3663 3980 reliquos
3683 3910 3794 3980 ejus

2209 4000 2432 4065 ordinis,
2464 4008 2513 4053 et
2539 3999 2952 4070 superstitionis,
2983 4009 3032 4053 et
3066 3999 3288 4068 impura:
3334 4000 3642 4053 sanctitatis
3669 4017 3793 4054 con-

2209 4101 2372 4147 sortes
2400 4107 2602 4162 capere,
2627 4090 2822 4162 eisque,
2848 4099 2902 4144 ut
2934 4089 3224 4162 blasphemi
3255 4089 3422 4144 solent
3455 4092 3660 4162 puniri,
3687 4091 3793 4145 lin-

2209 4200 2340 4255 guns
2373 4199 2466 4254 per
2499 4183 2748 4236 cervicem
2769 4180 3041 4236 extrahere
3061 4190 3110 4235 et
3147 4181 3450 4252 pra’cidere,
3473 4199 3537 4236 ac
3557 4176 3794 4254 patibulo

2209 4290 2296 4328 eas
2327 4290 2390 4328 ea:
2435 4273 2618 4328 ordine
2647 4262 2917 4344 redigere,
2961 4272 3031 4326 ad
3067 4289 3184 4326 eum
3213 4271 3368 4342 plane
3411 4274 3650 4342 modum,
3694 4291 3794 4346 quo

2209 4367 2312 4438 ipsi
2336 4365 2494 4420 bullis
2517 4366 2628 4420 suis
2650 4365 2802 4436 signa
2828 4364 3118 4436 appendere
3145 4363 3334 4431 solent,
3361 4363 3482 4420 licet
3505 4366 3621 4421 Iure
3642 4385 3800 4438 plena

2211 4456 2359 4526 longe
2395 4455 2618 4525 inferior
2651 4464 2700 4510 et
2737 4456 2916 4510 mitior
2940 4465 3071 4510 esset
3107 4457 3340 4527 ipsorum
3377 4456 3719 4528 blasphemiis
3745 4470 3794 4516 et

2211 4547 2551 4603 idololatriis.
2592 4546 2692 4602 His
2727 4549 2826 4603 rite
2847 4551 3094 4620 peractis,
3118 4559 3288 4618 posset
3321 4550 3397 4604 eis
3421 4567 3550 4606 sane
3584 4554 3793 4608 concedi

2210 4651 2267 4696 ut
2295 4641 2349 4696 in
2368 4639 2604 4712 patibulo
2624 4641 2760 4696 inter
2779 4657 2977 4707 carros,
3005 4649 3098 4696 aut
3129 4642 3184 4695 in
3205 4643 3410 4712 inferno
3441 4644 3583 4698 inter
3611 4645 3796 4700 diobo-

2208 4735 2308 4802 los,
2351 4751 2512 4788 unum
2547 4743 2642 4789 aut
2667 4743 2813 4806 quot,
2843 4751 2938 4806 pro
2982 4737 3248 4790 arbitratu
3278 4753 3394 4805 suo,
3424 4737 3638 4807 vellent,
3670 4739 3796 4795 cele-

2208 4826 2420 4880 brarent
2460 4826 2708 4882 concilia.

2279 4916 2334 4972 ln
2371 4918 2558 4974 eodem
2589 4918 2729 4974 libro
2753 4918 3064 5000 sicinsanit
3097 4935 3334 4976 vesanus
3366 4930 3618 4992 apostata
3645 4941 3657 4976 :
3683 4921 3790 4994 Ego

2206 5025 2346 5076 vero,
2379 5010 2426 5064 si
2457 5008 2685 5064 Cwsaris
2729 5027 2893 5064 essem
2927 5009 3064 5077 loco,
3101 5011 3198 5066 hoc
3249 5021 3488 5066 actutum
3536 5028 3788 5084 agerem:

2204 5110 2416 5155 cunctos
2440 5100 2716 5155 nebulones
2747 5101 2870 5156 illos
2899 5103 3151 5172 nefarios,
3191 5105 3512 5174 pontiﬁcem,
3537 5107 3788 5176 cardina—

2204 5191 2300 5257 les,
2337 5201 2388 5246 ct
2424 5192 2648 5264 reliquos
2693 5193 2805 5263 ejus
2841 5193 3033 5264 farina
3075 5193 3328 5262 homines,
3366 5212 3472 5249 una
3502 5179 3666 5268 quasi
3697 5215 3786 5252 ca-

2203 5289 2324 5336 tena
2353 5298 2609 5336 connexos
2642 5293 2693 5338 et
2724 5283 3037 5348 succinctos,
3082 5283 3226 5338 haud
3264 5285 3472 5348 longius
3519 5304 3686 5348 quam
3721 5287 3787 5342 ad
