3962 5348
159 271 255 324 197

895 250 1425 314 PROLEGOMENA.
1479 279 1551 291 ——
1598 246 1936 302 APOLOGIA
1985 244 2116 300 Ριιο
2163 239 2513 299 GREGORIO
2548 241 2657 296 V'll.

3304 241 3403 302 (98

159 373 326 436 amite:
356 375 492 441 lues,
523 373 823 445 languor“,
844 378 895 424 et
923 369 1130 421 morbos
1159 361 1444 419 immundae
1467 351 1733 413 sanctitaJ
1754 363 1804 420 Α
1903 356 1960 410 ln
1988 355 2275 427 colloquiis
2306 348 2668 429 Symposiacis
2696 355 2940 419 Lutheri,
2968 356 3125 410 titulo
3145 354 3212 409 de
3252 332 3415 412 Antio.

162 474 222 525 tis
247 469 623 538 pontiﬁcite,“
650 464 883 518 omnium
908 457 1264 514 cardinalium
1288 464 1337 510 et
1369 454 1528 506 totius
1552 449 1732 504 cathe-

159 564 259 614 drae
281 559 624 630 pestilentiae.
654 555 718 610 In
733 555 787 608 id
810 570 926 608 vero
952 551 1079 606 istos
1096 548 1403 604 mollissime
1425 544 1727 606 collocatos,

159 654 380 706 levarem
415 661 650 704 strenue.
679 646 831 713 Quod
861 647 907 699 si
940 645 1257 714 contingeret
1290 649 1346 694 ut
1379 652 1570 707 aquam
1597 635 1732 702 ferre

158 744 512 807 abhorrerent,
557 736 1000 810 quemadmodum
1049 733 1186 788 male
1223 731 1404 802 feriati
1436 735 1486 781 et
1537 723 1732 778 obsessi

157 835 311 889 solent
353 833 424 886 ad
475 849 671 904 aquam
711 830 1004 900 trepidare,
1059 827 1263 897 aliquid
1300 826 1410 880 illis
1449 827 1734 896 adjicerem

155 929 211 982 de
232 936 407 997 petra,
435 943 600 995 supra
629 941 786 996 quam
812 923 914 992 ipsi
943 931 991 975 et
1021 919 1258 973 Ecclesia
1287 936 1466 972 eorum
1508 919 1734 988 fundata

156 1031 258 1084 est;
288 1020 394 1072 imo
421 1018 662 1072 clavibus
692 1017 802 1071 illis
817 1013 1018 1084 aliquid
1040 1022 1389 1077 annecterem,
1414 1011 1598 1081 quibus
1621 1025 1734 1062 om—

154 1111 236 1164 nia
260 1118 471 1180 possent
502 1107 723 1172 solvere,
763 1123 879 1177 qua:
902 1105 954 1158 in
985 1103 1135 1168 caelo,
1167 1113 1213 1156 et
1238 1104 1290 1156 in
1323 1111 1462 1156 terra
1494 1109 1637 1164 sunt,
1676 1107 1734 1151 ut

155 1220 294 1274 aqua
323 1205 651 1272 imperarent
691 1215 807 1270 qua:
847 1197 1052 1252 vellent.
1114 1195 1394 1249 Pastorale
1437 1195 1600 1247 etiam
1645 1208 1732 1261 pe-

153 1296 271 1347 dum
295 1311 357 1348 ac
396 1294 610 1348 clavam
639 1293 748 1348 illis
787 1299 1044 1362 oporteret
1074 1290 1127 1342 in
1153 1289 1425 1358 procinctu
1452 1303 1582 1351 esse,
1615 1285 1734 1355 qui-

157 1387 242 1438 bus
277 1403 431 1456 aquce
463 1386 812 1456 impingerent
845 1383 1052 1453 alapas,
1085 1382 1214 1434 adeo
1245 1397 1425 1450 graves
1463 1388 1518 1432 ut
1540 1379 1639 1430 sibi
1668 1393 1732 1430 ea:

157 1494 235 1532 ore
280 1487 331 1532 et
379 1479 604 1533 naribus
648 1478 862 1548 sanguis
897 1476 1207 1530 cxundaret.
1257 1473 1550 1541 Postremo:
1568 1471 1730 1524 etiam

160 1587 266 1623 cum
291 1569 401 1623 illis
425 1571 676 1625 traderent
723 1586 916 1624 oascua
945 1585 1063 1634 sua,
1121 1567 1307 1638 quibus
1348 1566 1406 1619 in
1452 1564 1636 1617 balneo
1677 1581 1731 1618 se

163 1671 439 1717 recrearent
488 1679 554 1716 ac
590 1663 880 1732 reﬁcerent,
913 1662 1162 1714 nimirum
1209 1660 1450 1713 universa
1495 1659 1724 1724 decreta,

162 1753 454 1821 decretalia,
486 1757 646 1821 sexti,
687 1754 1048 1819 Clementinw,
1082 1762 1503 1823 extravagantes,
1543 1749 1721 1816 bulla',

163 1845 509 1917 indulgentiae,
541 1847 737 1916 littera:
760 1847 1046 1918 butgrales,
1071 1845 1331 1916 icaseales,
1359 1845 1632 1910 lacteales,
1664 1844 1727 1896 de

165 1938 297 1990 collis
318 1939 558 2007 ipsorum
581 1956 871 2009 suspensw,
905 1947 1118 2010 propter
1145 1939 1502 1992 omnimodam
1524 1938 1724 1992 securi-

163 2038 330 2084 tatem.
357 2031 549 2084 Ausim
577 2033 786 2102 quidvis
821 2032 1095 2101 deponere,
1138 2031 1184 2084 si
1212 2047 1314 2084 non
1341 2030 1410 2084 ad
1445 2030 1725 2084 dimidiam

160 2121 327 2176 lteram
353 2122 408 2174 in
428 2139 488 2178 eo
519 2123 708 2178 balneo
739 2125 793 2176 in
824 2124 1046 2193 fundum
1068 2122 1346 2189 submersi,
1377 2123 1442 2176 ab
1466 2123 1606 2176 omni
1629 2139 1725 2174 sua

161 2216 494 2282 egritudine,
549 2214 836 2286 languore,
877 2224 925 2269 et
961 2213 1045 2269 lue
1089 2214 1396 2270 liberentur.
1447 2213 1574 2270 llaec
1613 2213 1724 2268 Lu-

158 2305 347 2360 therus.

219 2393 335 2461 Qui,
365 2405 426 2450 ut
468 2397 647 2467 inquit
675 2395 960 2453 Mattbazus
1005 2397 1177 2453 Judex
1212 2398 1533 2468 prmdieans,
1577 2414 1725 2451 eam-

154 2486 255 2540 dem
283 2491 597 2542 sententiam
618 2491 805 2559 paucis
824 2491 976 2543 annis
1003 2500 1123 2544 ante
1145 2492 1344 2544 obitum
1372 2507 1524 2544 suum
1551 2490 1724 2560 pinxit

156 2578 464 2648 imaginibus
508 2580 641 2648 illis,
683 2599 800 2652 quae
838 2581 1153 2653 Witebcrga:
1189 2584 1455 2652 impressae
1495 2592 1637 2648 sunt,
1675 2592 1723 2636 et

153 2679 315 2736 postea
339 2669 494 2726 lente
539 2689 753 2741 recusce,
782 2675 837 2728 in
859 2674 1047 2745 quibus
1073 2676 1308 2744 pontifex
1340 2685 1389 2729 et
1423 2676 1722 2729 cardinales

151 2762 399 2830 patibulo,
430 2781 523 2818 seu
546 2783 697 2820 crure
729 2768 1142 2837 suspenduntur,
1174 2769 1721 2824 circumvolitantibus

151 2857 618 2926 cacodtemonibus,
662 2861 752 2930 qui
790 2862 999 2914 animas
1038 2877 1218 2914 eorum
1255 2863 1543 2931 excipiunt,
1581 2872 1630 2915 et
1667 2863 1722 2914 in

150 2951 404 3018 infernum
425 2951 693 3020 deferunt,
718 2953 812 3005 hoc
839 2954 1094 3023 inscripto
1109 2952 1266 3006 titulo
1287 2969 1304 3006 :
1329 2953 1501 3024 Digna
1527 2970 1719 3008 merces

1834 450 2060 516 Christo,
2089 452 2293 506 mentio
2319 451 2376 505 ﬁt
2407 451 2657 521 imaginis
2695 451 2932 506 Luthero
2955 451 3178 511 oblatae;
3212 449 3264 502 in
3295 464 3403 520 qua

1832 559 1971 614 papa
2009 543 2290 599 Romanus
2313 559 2436 598 cum
2465 543 2602 599 Juda
2633 561 2697 598 ex
2728 543 2916 598 loculis
2945 552 2994 598 et
3031 542 3266 596 claribus
3292 557 3402 595 suis

1834 653 2132 708 suspensus
2172 638 2464 693 visebatur.
2511 638 2735 693 Miriﬁce
2772 639 2973 709 placuit
3009 637 3248 691 Luthero
3288 635 3405 691 haec

1833 730 2033 802 elligies
2059 749 2072 796 ;
2102 731 2262 802 inque
2284 748 2407 786 eum
2433 748 2653 786 sensum
2694 733 2898 801 aCCopit
2931 732 3084 802 quasi
3111 730 3277 785 divini
3304 746 3404 784 nu-

1835 825 2000 880 minis
2024 824 2174 893 justa
2219 825 2456 879 vindicta
2488 826 2749 881 adversus
2775 841 2968 895 papam
2997 825 3188 891 fuerit;
3221 833 3281 879 ut
3308 823 3404 895 qui

1834 915 2131 972 Lutherum
2163 935 2286 976 eum
2330 935 2432 974 suo
2466 918 2755 989 Evangelio
2790 920 3048 974 damnare
3077 935 3193 974 non.
3217 917 3405 972 formi-

1834 1011 2036 1078 dasset,
2063 1012 2258 1083 laqueo
2279 1011 2476 1083 dignus
2497 1028 2593 1082 per
2628 1011 2767 1066 hanc
2793 1012 3060 1082 picturam
3099 1011 3404 1065 declarare-

1836 1111 1943 1160 tur.

1903 1197 1971 1251 At
2003 1197 2068 1253 de
2097 1197 2358 1253 conviciis
2388 1207 2441 1252 et
2470 1196 2812 1252 contumeliis
2834 1196 3145 1260 verborum,
3166 1205 3219 1248 et
3232 1193 3406 1264 pictu-

1833 1307 2042 1358 rarum,
2084 1293 2284 1361 quibus
2315 1292 2608 1346 adversarii
2635 1290 2911 1344 Romanos
2941 1289 3223 1359 pontilices
3251 1294 3408 1357 petu—

1833 1383 2137 1439 lantissime
2170 1397 2224 1437 et
2253 1383 2673 1455 ﬂagitiosissime
2719 1383 3029 1444 traducunt,
3077 1388 3131 1435 et
3171 1375 3408 1434 ludibrio

1831 1490 2102 1546 exponere
2130 1477 2369 1541 student,
2406 1475 2784 1546 copiosissime
2831 1490 2862 1529 a
2897 1474 3056 1529 nobis
3091 1472 3294 1527 dictum
3325 1478 3411 1526 est

1833 1569 1886 1623 in
1916 1579 2151 1638 quatuor
2173 1569 2437 1641 apologiis
2462 1578 2650 1624 contra
2675 1567 2961 1633 Misenum,
2991 1575 3045 1622 et
3068 1568 3123 1621 in
3144 1581 3410 1635 responso

1832 1661 1899 1716 ad
1936 1663 2122 1718 theses
2166 1662 2505 1718 llnnnianas.
2539 1660 2656 1716 Non
2693 1679 2866 1734 pauca
2907 1662 3088 1716 itidem
3130 1660 3410 1730 attigimus

1832 1754 1923 1808 lib.
1955 1771 2014 1808 ιιι
2044 1753 2117 1809 De
2138 1754 2412 1824 pontiﬁce,
2435 1747 2542 1808 ubi
2572 1754 2637 1808 de
2660 1754 2994 1808 Antichristo
3015 1762 3216 1819 actum,
3251 1752 3410 1821 cujus

1829 1847 2119 1901 occasione
2164 1847 2472 1904 istiusmodi
2503 1846 2791 1902 maledicta
2839 1856 2892 1902 et
2937 1847 3238 1912 mendacia,
3287 1860 3410 1916 quas

1830 1940 2046 1994 sectarii
2082 1940 2281 1995 inﬂatis
2304 1939 2553 1995 faucibus
2580 1948 3090 2010 ercpant,qnantum
3115 1940 3247 1995 satis
3269 1949 3407 2006 erat,

1829 2035 2217 2105 castigavimus
2251 2045 2304 2091 et
2337 2037 2766 2107 proﬂigavimus.

1901 2126 2140 2182 Tametsi
2169 2137 2347 2184 autem
2381 2129 2642 2194 lnerctici,
2680 2129 2782 2183 hac
2826 2137 3165 2198 tempestate,
3197 2129 3251 2183 in
3294 2127 3405 2184 Ro-

1829 2237 2022 2276 manos
2046 2223 2306 2290 prmsules
2335 2237 2550 2277 summo
2597 2221 2782 2276 furore
2809 2221 3099 2276 incurrunt
3127 2229 3181 2276 et
3206 2221 3408 2277 debac-

1827 2314 2080 2379 chantur,
2109 2313 2468 2370 nihilominus
2503 2314 2770 2384 quosdam
2812 2330 2879 2369 ex
2921 2329 3110 2369 eorum
3156 2328 3322 2369 censu
3355 2322 3412 2370 et

1827 2407 2018 2460 ordine
2045 2407 2379 2478 delegerunt,
2411 2422 2548 2476 quos
2585 2406 2940 2477 impotentius
2961 2415 3015 2462 et
3041 2406 3410 2476 impudentius
3483 2425 3486 2428 ·

1829 2497 2231 2554 insectarentur
2271 2508 2324 2553 et
2367 2499 2628 2556 conviciis
2668 2501 3049 2555 dilacerarent.
3096 2497 3174 2554 Ex
3212 2499 3409 2552 borum

1827 2606 2054 2646 numero
2084 2591 2387 2662 pra2cipnus
2409 2608 2528 2648 esse
2566 2593 2780 2647 videtur
2804 2591 3100 2664 Gregorius
3123 2590 3232 2656 Vll,
3257 2591 3410 2663 prius

1829 2684 1879 2736 11
1886 2683 2230 2738 ildebrandus
2251 2685 2449 2750 dictus,
2474 2686 2569 2756 qui
2593 2686 2965 2756 pontiﬁcatum
2989 2685 3110 2740 iniit
3131 2702 3276 2740 anno
3304 2684 3410 2740 Re-

1824 2777 2296 2846 demptorisiO73,
2317 2786 2565 2833 mortuus
2577 2794 2720 2832 anno
2740 2778 2896 2843 1085,
2917 2786 2976 2832 ut
2990 2779 3207 2848 quidem
3227 2777 3407 2832 cardi-

1823 2863 1964 2917 nalis
1978 2862 2248 2917 Baronius
2263 2871 2409 2916 tomo
2422 2861 2462 2914 ll
2475 2872 2717 2932 tempora
2737 2872 2909 2932 putat.
2927 2862 3082 2918 Hunc
3095 2864 3406 2934 pontiﬁcem

1825 2955 1895 3010 ita
1930 2955 2131 3026 passim
2156 2963 2424 3009 venenato
2452 2969 2554 3009 suo
2571 2969 2683 3020 ore,
2710 2955 2868 3024 stylo,
2894 2955 3106 3008 calamo
3132 2954 3404 3024 ﬂagellant

152 3057 291 3111 papa:
323 3041 680 3110 Sathanismi,
715 3054 762 3098 et
792 3045 1147 3099 cardinalium
1171 3062 1406 3110 suorum,
1439 3047 1520 3100 liis
1544 3047 1719 3116 subje-
1747 3061 1791 3123 ρ
1824 3048 2064 3113 sectarii,
2093 3056 2154 3102 ut
2179 3064 2304 3103 eum
2329 3047 2415 3100 vix
2443 3046 2626 3102 sinant
2653 3061 2774 3101 esse
2804 3045 3114 3114 hominem;
3144 3047 3235 3100 sed
3271 3061 3402 3116 pro-

150 3135 241 3186 clis
273 3134 531 3204 rhythmis
561 3134 892 3190 Germanicis
918 3152 936 3189 :

283 3225 403 3280 Wic
435 3227 650 3282 zeitlich
683 3228 928 3298 gestraﬂt
955 3229 1061 3283 solt
1085 3231 1296 3285 werden

284 3316 446 3388 Bapst
472 3320 583 3374 und
614 3319 871 3375 Cardinal
898 3319 996 3375 auf
1025 3320 1222 3387 Erden,

281 3407 366 3464 lhr
391 3410 702 3484 Lasterung
729 3413 1008 3469 verdienet
1045 3415 1155 3479 het,

287 3499 402 3557 Wie
434 3503 524 3558 ihr
553 3503 725 3559 Recbt
750 3505 838 3560 hie
871 3505 1103 3576 gemalet
1131 3506 1289 3561 steht.

287 3591 436 3656 Quod
471 3596 520 3648 si
541 3611 694 3665 poma
722 3595 985 3665 corporali

283 3684 436 3740 Nunc
460 3699 634 3742 essent
657 3690 917 3758 aﬂ'iciendi

284 3777 348 3831 Et
372 3782 678 3835 cardinales
712 3793 759 3837 et
782 3800 942 3853 papa,

294 3870 418 3925 Vere
447 3890 631 3928 eorum
657 3875 983 3944 blasphemia

283 3968 453 4024 Istam
491 3973 686 4025 merita
727 3972 1010 4027 mercedem

285 4060 458 4127 Quam
487 4065 567 4118 sic
589 4065 760 4118 cernis
791 4065 875 4118 hic
906 4065 1188 4135 depictam.

217 4155 331 4213 liae
372 4157 618 4214 nefarius
639 4157 810 4214 Judex
840 4159 906 4214 de
934 4159 1198 4228 sacrilego
1227 4157 1481 4213 Luthero.
1513 4158 1645 4226 Quze
1666 4167 1722 4214 et

157 4247 650 4323 Schlusselburgius
683 4253 818 4307 libro
857 4254 925 4308 de
963 4253 1364 4324 Adiaphoristis
1408 4254 1618 4323 repetit,
1651 4269 1720 4308 ne

153 4343 461 4398 seditionum
487 4343 737 4399 scintillae
758 4344 887 4398 olim
909 4359 1152 4400 accensae
1173 4345 1610 4416 exstinguautur.

1829 3139 1915 3194 cul
1944 3137 2083 3193 infra
2113 3148 2363 3194 naturam
2389 3147 2442 3193 et
2465 3138 2776 3194 societatem
2803 3137 3098 3192 humanam
3126 3138 3402 3208 ablegent:

1824 3232 2017 3286 ducem
2049 3241 2103 3288 et
2137 3233 2412 3302 auspicem
2446 3233 2615 3287 secuti
2645 3231 2838 3302 partim
2865 3231 3087 3286 insitam
3121 3231 3222 3286 sibi
3250 3247 3403 3285 men-

1825 3325 2031 3387 tiendi,
2067 3334 2120 3378 et
2163 3338 2355 3378 omnes
2409 3322 2694 3392 pontiﬁces
2747 3323 3026 3378 Romanos
3078 3322 3403 3378 criminandi

1824 3415 2190 3486 pruriginem;
2241 3413 2438 3484 partim
2489 3411 2799 3467 Bennonem
2839 3413 3402 3483 pseudocardinalem,

1822 3508 1916 3578 qui
1946 3509 2012 3562 de
2038 3507 2299 3578 Gregorio
2321 3503 2411 3558 VII
2435 3507 2886 3561 commentarium
2917 3505 3217 3561 mendaciis
3245 3514 3300 3560 et
3329 3504 3406 3558 in-

1823 3601 1980 3656 scitia
2025 3599 2449 3656 refertissimum
2489 3599 2792 3670 posteritati
2831 3599 3071 3669 raliquit,
3118 3615 3301 3668 quem,
3343 3607 3402 3652 ut

1821 3709 2091 3766 gemmam
2120 3693 2593 3764 pretiosissimam,
2615 3694 2860 3764 catalogo
2888 3694 3106 3747 testium
3135 3691 3400 3748 Luthera-
3464 3759 3474 3764 _

1823 3803 1908 3842 me
1941 3787 2186 3843 veritatis
2207 3786 2452 3859 lllyricus
2476 3785 2743 3851 intexuit;
2775 3801 2840 3839 ex
2871 3800 2980 3854 quo
3004 3782 3403 3839 centuriatores

1822 3891 2040 3948 quoque
2061 3875 2404 3931 undecimam
2427 3891 2582 3930 suam
2601 3873 2899 3930 centuriam
2923 3873 3216 3927 multarum
3241 3886 3404 3952 pseu-

1821 3968 2160 4038 dologIarum
2183 3977 2238 4022 et
2258 3967 2703 4022 criminationum
2735 3965 3050 4020 accessione
3084 3965 3402 4034 locupletio-

1821 4075 1934 4115 rem
1959 4060 2342 4125 reddiderunt;
2365 4075 2474 4129 quo
2492 4060 2715 4128 insuper
2737 4056 2969 4111 Wolﬁus
2991 4056 3397 4112 mendaciorum

1820 4167 2048 4208 suorum
2083 4152 2452 4206 centenarium
2478 4149 2825 4204 undecimum
2849 4149 3130 4220 insigniter
3165 4163 3398 4202 exorna-

1821 4246 1916 4300 vit.
1955 4243 2126 4309 Quem
2161 4243 2290 4298 item
2321 4242 2587 4296 Reinerus
2617 4241 2936 4294 Reineccius
2969 4239 3284 4294 Lutheanns
3313 4239 3392 4290 Vel

1821 4338 2176 4394 Calvinianus
2193 4336 2500 4400 haereticus,
2516 4349 2661 4388 anno
2673 4332 3005 4387 salutileSl
3019 4375 3032 4398 ,
3053 4330 3395 4386 Francol‘urti

211 4431 387 4504 Neque
409 4437 588 4491 solum
614 4435 886 4492 Lutherus
907 4436 1182 4492 coloribus
1205 4438 1552 4507 supplicium,
1573 4439 1718 4508 qtlod
1750 4431 1798 4491 D
1826 4449 1948 4487 cum
1987 4429 2270 4487 Helmoldo
2311 4438 2364 4484 et
2409 4427 2648 4483 Arnoldo
2690 4425 2989 4481 Lubecensi
3022 4427 3216 4480 iterum
3254 4424 3396 4495 typis

154 4538 303 4593 βψω,
335 4527 728 4594 cardinalibus,
761 4528 1033 4598 episcopis
1057 4535 1111 4583 et
1152 4529 1408 4582 omnibus
1453 4529 1713 4585 ecclesia-

154 4615 287 4670 sticis
327 4617 678 4689 inﬂigendum
717 4619 995 4685 censebat,
1046 4619 1441 4676 eﬂormandum
1482 4623 1712 4688 curavit,

154 4706 234 4760 sed
267 4708 368 4763 alia
398 4725 507 4764 non
537 4726 732 4780 pauca,
772 4725 897 4781 quae
927 4712 1282 4780 spurcissimo
1319 4719 1374 4766 et
1415 4710 1714 4770 foedissime

156 4808 320 4854 contra
350 4818 546 4872 papam
569 4817 636 4858 eo
661 4804 715 4858 in
743 4804 1241 4859 libroeructaverat
1265 4804 1478 4876 depingi
1511 4807 1708 4874 voluit;

155 4905 258 4957 quae
280 4894 500 4963 picturae
525 4897 659 4952 adeo
684 4905 814 4952 sunt
840 4895 1017 4962 fmdze,
1047 4913 1258 4967 spurca:
1271 4897 1714 4955 etabominandaa

156 4992 223 5048 ut,
247 4995 373 5044 teste
393 4988 516 5060 ipso
553 4989 790 5062 Illyrico,
830 4990 886 5042 in
924 4988 1104 5044 libello
1131 4999 1326 5046 contra
1351 4988 1711 5049 Interimistas

156 5082 200 5128 et
228 5078 647 5148 Adiapltoristas,
695 5080 856 5136 multi
887 5095 953 5134 ex
998 5080 1327 5138 Lutheranis
1355 5097 1544 5140 earum
1581 5102 1713 5142 con-

157 5180 316 5236 spectu
329 5173 650 5242 gravissime
674 5172 875 5229 oﬂensi
907 5170 1125 5240 fuerint,
1156 5182 1441 5242 totumque
1463 5176 1710 5233 hoccon-

156 5263 478 5316 tumeliarum
507 5263 788 5319 infandum
816 5278 989 5334 genus
1017 5280 1081 5318 ex
1123 5274 1251 5335 potu
1284 5264 1367 5318 vel
1396 5269 1547 5323 senio
1573 5269 1709 5324 deli—

1819 4523 2195 4580 excudendum
2229 4521 2470 4585 curavit;
2511 4519 2648 4590 quod
2677 4534 2869 4588 pauca,
2901 4526 2960 4571 ut
2992 4517 3087 4582 ait,
3130 4516 3392 4572 Bennonis

1817 4625 2142 4687 superessent
2190 4614 2535 4684 exemplaria,
2589 4611 2780 4684 grandi
2820 4610 3027 4665 scilicet
3086 4609 3395 4679 reipublicaa

1816 4706 2140 4762 Christianae
2159 4707 2367 4777 jactura
2389 4723 2402 4772 ;
2428 4706 2584 4774 cujus
2607 4705 2835 4760 multum
2866 4702 3110 4768 interest,
3133 4702 3395 4771 uthujus-

1816 4801 1963 4857 modi
1984 4801 2385 4871 calumniarum
2419 4807 2677 4853 centones
2722 4799 2920 4852 durent
2966 4811 3030 4850 ac
3070 4803 3390 4865 perennent,

1817 4903 1881 4950 ut
1911 4893 2002 4965 qui
2029 4893 2400 4952 calumniandi
2425 4897 2478 4945 et
2501 4889 2795 4945 mentiendi
2811 4898 2983 4944 artem
3006 4887 3216 4944 discere
3237 4897 3289 4943 et
3313 4886 3392 4943 fa-

1815 4989 2009 5043 ctitare
2021 4981 2591 5058 cogitant,exemplar,
2616 4990 2668 5038 et
2686 4980 2902 5052 quidem
2930 4979 3389 5050 perfectissimum

1816 5081 1871 5135 in
1908 5082 2056 5151 quod
2086 5081 2398 5136 intueantur
2434 5081 2488 5127 et
2513 5089 2640 5130 cum
2670 5089 2779 5146 quo
2805 5089 2862 5130 se
2892 5073 3255 5136 conforment,
3290 5069 3390 5125 ha-

1814 5172 2026 5320 milia
2079 5265 2182 5318 hos
2232 5272 2422 5314 onmes
2467 5270 2616 5313 anno
2656 5255 2870 5312 Domini
2911 5255 3049 5309 1555
3098 5250 3393 5324 publicavit
