3962 5348
523 338 628 397 199

1761 327 1818 383 s.
1856 326 2253 401 caueamus
2286 328 2377 383 vn
2409 326 2617 383 PAPA.’

3686 332 3786 389 200

528 452 865 512 Vociferatur
901 430 1160 508 sutlivius
1194 465 1207 503 :
1243 444 1578 502 Mendacium
1620 450 1671 497 et
1717 426 2100 513 impudentiam
2128 443 2176 501 Α
2199 441 2362 513 vulgo
2387 450 2636 513 quartum
2661 438 2997 511 appellitant,
3034 437 3296 513 Gregorio
3314 439 3562 514 legitimo
3582 447 3789 515 pastOri

525 542 837 601 Bellarmini
864 539 1130 611 redarguit
1166 535 1456 593 Orthuinus
1488 531 1704 588 Gratius
1731 531 1786 586 in
1821 530 2105 585 Fasciculo

527 652 703 692 rerum
747 622 1154 707 expetendarum
1203 635 1274 705 et.
1321 622 1715 696 fugiendarum,
1770 621 1860 694 qui
1911 621 2106 675 librum

529 725 817 795 hunc,licet
842 714 1039 795 alioqui
1066 718 1305 793 pontiﬁci
1326 713 1903 783 amicissimus,edidit.
1930 711 2107 780 Quam

530 817 749 873 Gratius
777 808 1023 868 Romano
1052 807 1294 881 pontiﬁci
1316 806 1527 861 amicus
1553 803 1738 871 fuerit,
1771 802 1905 859 satis
1917 816 2109 872 super-

531 921 637 978 que
665 896 870 960 indiCat
892 898 1228 967 Fasciculus,
1254 897 1337 952 vel
1358 896 1543 978 potius
1579 893 1742 964 fascis
1767 891 1860 949 ille
1901 892 2110 949 calum-

533 976 749 1051 niarum
782 1001 836 1048 et
865 988 1330 1054 criminationum,
1350 976 1523 1056 quem
1552 982 1749 1054 exiguo
1776 997 1910 1038 sane
1963 981 2110 1036 bono

532 1086 807 1152 Ecclesiae,
838 1091 893 1140 et
917 1084 1068 1138 nullo
1095 1090 1221 1137 cum
1252 1080 1462 1134 honore
1489 1091 1594 1133 suo
1637 1077 1693 1130 in
1715 1076 1893 1132 lucem
1940 1074 2106 1130 dedit.

533 1179 709 1247 Quam
730 1178 935 1233 bonum
963 1174 1167 1231 factum
1188 1171 1427 1238 fecisset,
1466 1169 1513 1225 si
1553 1170 1795 1224 codicem
1843 1168 1994 1222 illum
2043 1167 2113 1221 ti-

531 1270 650 1327 neis
676 1266 730 1324 et
757 1267 941 1322 blattis
962 1263 1365 1336 depascendum
1401 1260 1729 1331 reliquisset.

600 1360 713 1417 Nec
742 1362 883 1416 bona
908 1367 993 1415 est
1026 1358 1143 1413 haec
1171 1354 1517 1421 consecutio;
1552 1367 1652 1408 nec
1682 1349 1995 1408 Bellarmini
2020 1365 2114 1406 su-

530 1455 831 1518 spicionem
867 1457 1131 1506 enervat:
1161 1447 1452 1503 Orthuinus
1473 1445 1641 1499 edidit
1668 1444 1968 1499 Bennonem
1991 1457 2009 1496 :
2030 1442 2115 1496 er;-

530 1559 598 1615 go
629 1550 733 1597 non
771 1550 847 1596 est
871 1541 937 1595 ab
965 1539 1144 1611 aliqua
1184 1536 1486 1591 Lutherano
1536 1535 1821 1604 conﬁctas;
1865 1548 1993 1589 nam
2045 1532 2115 1587 ab

532 1646 680 1687 anno
702 1631 917 1686 Domini
940 1629 1078 1685 1517
1099 1642 1275 1697 usque
1295 1625 1364 1680 ad
1386 1639 1593 1679 annum
1619 1622 1756 1679 1555
1775 1620 1926 1678 varia
1947 1637 1978 1676 a
2006 1621 2115 1675 Lué-

532 1724 775 1779 theranis
794 1721 1029 1793 conﬁngi
1049 1726 1362 1791 potuerunt,
1396 1726 1450 1772 et
1472 1717 1651 1787 reipsa
1673 1716 1859 1771 itidem
1881 1715 2114 1771 conﬁcta

2206 543 2554 604 opposuerat.
2583 532 2641 588 In
2672 534 2853 605 primo
2882 533 3070 605 itaque
3112 534 3210 590 lib.
3257 536 3337 592 sic
3361 537 3656 608 compellat
3683 538 3790 594 An-

2205 626 2409 683 selmus
2453 626 2771 683 Guibertum
2822 626 3385 698 pseudopontiﬁcem:
3437 627 3570 683 Noli
3619 629 3792 702 itaque

2205 717 2398 786 dicere,
2451 718 2577 790 quia
2609 717 2924 772 universalis
2946 716 3199 773 Ecclesia:
3238 735 3422 773 curam
3446 721 3791 791 suscepimus.

2210 808 2480 875 Quomodo
2511 811 2651 864 enim
2701 808 2797 863 tibi
2853 809 3131 863 commissa
3185 818 3264 864 est
3310 802 3552 864 Ecclesia
3576 826 3596 865 :
3646 828 3795 882 quem

2208 910 2414 955 constat
2440 918 2543 955 non
2564 902 2792 955 intrasse
2812 916 2905 971 per
2928 901 3142 967 ostium,
3160 896 3298 972 quod
3324 900 3572 957 Christus
3591 911 3693 970 est,
3710 906 3797 958 sed

2209 992 2425 1048 aliunde
2446 992 2764 1059 ascendisse,
2796 999 2855 1045 ut
2878 980 3047 1062 furem
3067 978 3306 1064 ?'(Joan.
3341 1008 3434 1059 xx,
3463 992 3538 1065 l.)
3567 993 3797 1064 Aposto?

2210 1083 2315 1139 lica
2339 1084 2497 1150 enim,
2529 1092 2580 1138 et
2601 1082 2913 1138 universalis
2936 1082 3177 1137 Ecclesia
3199 1100 3353 1138 suum
3370 1084 3595 1139 habebat
3620 1094 3799 1156 pasto-

2211 1193 2338 1230 rem.
2381 1173 2449 1230 Ut
2474 1176 2613 1230 enim
2640 1175 2703 1229 de
2730 1174 2796 1229 B.
2840 1174 3110 1245 Gregorio,
3147 1184 3296 1245 patre
3349 1184 3548 1241 nostra,
3602 1178 3796 1244 dicam,

2210 1258 2411 1341 quae'de
2432 1266 2676 1323 Cornelio
2698 1268 2915 1339 scripsit
2937 1266 3234 1338 Cyprianus
3259 1283 3278 1320 :
3303 1267 3477 1337 factus
3498 1277 3579 1322 est
3600 1270 3800 1338 episco-

2211 1378 2307 1433 pus
2342 1359 2405 1414 de
2431 1359 2530 1414 Dei
2554 1368 2603 1414 et
2625 1358 2827 1415 Christi
2859 1358 2975 1429 ejus
2992 1358 3219 1429 judicio,
3244 1359 3308 1413 de
3340 1358 3656 1413 clericorum
3676 1376 3798 1430 pene

2214 1453 2468 1519 omnium,
2504 1460 2574 1518 et,
2606 1461 2665 1504 ut
2691 1467 2868 1506 verum
2888 1450 3087 1516 dicam,
3116 1450 3328 1503 omnino
3368 1451 3606 1504 omnium
3656 1452 3799 1506 testi-

2214 1545 2412 1611 monio,
2448 1543 2512 1598 de
2537 1541 2739 1614 plebis,
2760 1558 2879 1614 qum
2900 1550 3021 1596 tunc
3044 1540 3239 1612 adfuit,
3271 1542 3549 1613 suffragio,
3597 1543 3664 1596 de
3710 1559 3798 1601 sa-

2216 1636 2482 1691 cerdotum
2516 1635 2855 1706 antiquorum
2877 1641 2929 1689 et
2963 1633 3198 1687 virorum
3248 1624 3501 1686 bonarum
3556 1633 3796 1704 collegio,

2216 1744 2336 1781 cum
2360 1742 2511 1781 nemo
2531 1734 2653 1781 ante
2674 1740 2729 1780 se
2750 1725 2926 1796 factus
2961 1732 3114 1791 esset,
3145 1740 3266 1778 cum
3295 1723 3592 1779 Alexandri
3627 1725 3796 1791 locus,

533 1822 682 1871 sunt.
713 1812 825 1870 Nec
847 1829 911 1868 ea
938 1812 1138 1879 solum,
1166 1825 1288 1880 quae
1329 1808 1630 1863 Lutherum
1681 1813 2112 1871 antecesserunt,

2216 1819 2385 1885 Petri,
2423 1818 2501 1874 vel
2534 1818 2731 1891 gradus
2752 1816 3014 1871 cathedra:
3035 1814 3381 1870 sacerdotalis
3403 1826 3634 1872 vacaret.
3684 1816 3798 1882 Quo

532 1904 768 1975 coniecit
796 1902 1016 1958 Gratius
1040 1902 1097 1956 in
1120 1914 1281 1957 suum
1305 1898 1670 1965 Fasciculum,
1694 1897 1789 1952 sed
1810 1904 1864 1951 et
1883 1895 1989 1950 alia
2009 1894 2113 1950 Lu-

534 1998 691 2061 tbero
713 1997 1048 2068 synchrona;
1079 2001 1142 2048 ut
1167 2000 1440 2048 testantur
1465 1988 1785 2046 Gravamina
1817 1988 2114 2044 Germaniae

534 2087 591 2140 in
612 2086 846 2141 comitiis
869 2081 1416 2153 Norimbergensibus
1440 2080 1652 2147 oblata;
1670 2079 1897 2151 epistola
1918 2079 2114 2134 Adria-

534 2178 591 2231 ui
639 2174 709 2230 Vl
730 2177 797 2231 ad
835 2175 1109 2246 principes
1150 2173 1471 2238 Germanos,
1514 2170 1841 2233 declamatio
1890 2168 2113 2225 liutteni

534 2275 726 2323 contra
748 2266 1098 2322 donationem
1122 2262 1484 2319 Constantini.
1511 2262 1830 2318 Constitutio
1852 2262 1920 2315 ad
1946 2278 2116 2316 remo-

534 2359 722 2415 vendos
745 2358 961 2425 abusus,
997 2365 1046 2411 et
1072 2355 1337 2411 ordinatio
1367 2355 1435 2409 ad
1466 2356 1628 2409 vitam
1662 2354 1790 2408 cleri
1822 2353 2115 2425 reforman-

528 2451 681 2518 dam,
705 2449 985 2505 Laurentii
1004 2446 1319 2513 cardinalis,
1346 2454 1401 2501 ct
1420 2447 1525 2501 alia
1542 2446 1705 2517 hujus
1727 2445 1957 2517 generis.
1977 2443 2113 2500 Nam

534 2542 682 2613 quod
719 2541 983 2607 Sutlivius
1011 2539 1163 2607 dicit,
1200 2538 1399 2593 similia
1423 2538 1791 2602 Bennonianis
1824 2539 1891 2593 de
1912 2537 2114 2601 Grego-

535 2635 616 2690 rio
640 2633 807 2698 scribi
826 2633 890 2697 ab
916 2631 1277 2707 Urspergensi,
1309 2640 1358 2684 et
1382 2629 1671 2701 Sigeberto,
1693 2640 1743 2683 et
1775 2639 1989 2684 auctore
2024 2628 2115 2683 Vi-

533 2712 1021 2793 ttellenricianaz,
1059 2723 1347 2795 impudens
1400 2731 1766 2777 commentum
1816 2730 1918 2776 est.
1965 2720 2114 2777 Licet

533 2819 678 2874 enim
709 2816 1096 2889 Urspergcnsis
1135 2814 1396 2885 Gregorio
1424 2829 1619 2884 parum
1654 2814 1948 2869 benevolus
1996 2812 2115 2868 fue-

532 2911 626 2977 rit,
656 2910 940 2979 multoque
971 2908 1156 2963 minus
1182 2904 1517 2976 Sigebertus,
1546 2914 1737 2961 neuter
1766 2913 1949 2961 tamen
1989 2904 2113 2960 illo-

532 3017 656 3059 rum
696 2999 1039 3057 horrihilium
1075 2997 1365 3054 criminum
1400 2997 1468 3053 de
1527 2996 1727 3068 quibus
1774 3012 1805 3051 a
1857 2995 2115 3053 Bennone

531 3102 843 3161 accusatur,
874 3108 1002 3149 eum
1051 3089 1416 3158 insimulavit;
1446 3088 1557 3144 imo
1612 3104 1714 3144 nec
1754 3097 1945 3143 auctor
1978 3087 2115 3144 Vitae

532 3186 872 3244 Henriciana:
893 3199 1067 3255 neque
1087 3183 1253 3238 etiam
1276 3183 1321 3237 is
1343 3182 1438 3252 qui
1461 3197 1562 3252 pro
1582 3180 1816 3237 Henrico
1840 3180 1908 3234 IV
1932 3181 2119 3252 apolo-

533 3280 678 3350 giam
712 3275 1060 3346 conscripsit,
1095 3283 1155 3330 ut
1184 3272 1327 3328 infra
1355 3274 1471 3328 suis
1521 3273 1657 3328 locis
1696 3274 1951 3329 monebo.
2007 3273 2119 3330 Nec

535 3371 641 3426 nisi
682 3366 938 3440 perlricta
993 3365 1185 3431 fronte
1230 3363 1497 3420 Sutlivius
1537 3363 2117 3436 Schaﬂ‘naburgensem

530 3462 793 3533 opponit:
825 3458 961 3514 nihil
985 3458 1131 3514 enim
1161 3457 1216 3512 in
1243 3472 1310 3512 eo
1340 3455 1755 3512 Bennonianum
1776 3464 2030 3526 apparet,
2058 3465 2118 3513 ut

534 3567 636 3608 nec
660 3551 714 3606 in
748 3549 1051 3616 Helmoldo,
1081 3563 1318 3619 quorum
1350 3547 1418 3602 de
1439 3546 1702 3617 Gregorio
1726 3545 1819 3599 γη
1867 3547 2115 3601 testimo-

536 3644 626 3701 uia
647 3643 808 3715 paulo
833 3649 957 3712 post
980 3640 1370 3712 producentur.

606 3757 757 3812 Licet
812 3762 993 3810 autem
1044 3753 1337 3810 cardinalis
1392 3750 1751 3808 Bellarminus
1795 3751 1891 3806 lib.
1937 3767 1993 3805 vi
2041 3750 2118 3804 De

535 3846 810 3918 pontiﬁce,
839 3860 959 3914 cap.
990 3844 1077 3910 15,
1102 3842 1427 3913 Gregorium
1452 3850 1704 3896 nostrum
1738 3840 2117 3911 copiosissime

534 3945 591 3992 et
614 3935 927 3991 doctissime
949 3934 1018 3989 ab
1044 3933 1420 3988 haereticorum
1449 3931 1925 3987 criminationibus
1962 3945 2117 3985 asse-

536 4026 726 4092 ruerit,
751 4024 929 4079 allatis
951 4022 1207 4093 plurimis
1228 4021 1404 4092 iisque
1443 4021 1781 4091 gravissimis
1832 4017 2117 4090 scriptori-

538 4116 660 4181 bus,
686 4128 919 4185 quorum
962 4111 1120 4166 multi
1161 4125 1228 4166 eo
1270 4111 1390 4181 ipso
1442 4110 1646 4165 saeculo
1692 4111 1963 4177 vixerunt,
2005 4123 2117 4179 quo

537 4202 828 4274 Gregorius
860 4200 1216 4272 apostolicam
1243 4199 1427 4256 sedem
1449 4201 1611 4267 rexit,
1638 4208 1694 4255 et
1726 4200 1923 4270 partim
1977 4214 2118 4269 quo-

538 4308 646 4365 que
669 4307 779 4347 non
812 4301 1022 4347 tantum
1048 4290 1371 4357 eruditione,
1406 4291 1500 4346 sed
1521 4299 1576 4345 et
1604 4291 1727 4345 vitae
1752 4290 2117 4346 sanctimonia

538 4399 605 4444 ac
626 4382 905 4441 miraculis
930 4384 1276 4449 claruerunt;
1301 4382 1579 4454 quilonge
1601 4382 1706 4437 alia
1727 4391 1782 4438 et
1801 4383 1958 4438 aliter
1980 4382 2120 4438 scri-

2217 1920 2490 1981 occupato,
2512 1920 2560 1965 et
2585 1902 2648 1964 de
2679 1909 2776 1963 Dei
2805 1907 3090 1974 uoluntate,
3118 1916 3276 1979 atque
3302 1909 3537 1961 omnium
3559 1916 3797 1961 nostrum

2179 2038 2185 2045 .
2217 2016 2467 2058 consensu
2490 2002 2755 2067 ordinato,
2775 2000 3017 2072 quisquis
3037 1998 3155 2069 jam
3186 2000 3458 2069 episcopus
3480 1999 3601 2069 ﬁeri
3626 1998 3775 2052 rolue

2217 2100 2309 2167 rit,
2344 2099 2487 2171 foras
2513 2096 2609 2167 fiat
2652 2108 2854 2148 necesse
2874 2100 2973 2158 est,
3021 2106 3113 2146 nec
3154 2091 3345 2146 habeat
3387 2084 3799 2145 ecclesiasticam

2217 2191 2624 2254 ordinationem,
2645 2186 2737 2258 qui
2762 2182 3018 2238 Ecclesia?
3042 2199 3147 2237 non
3174 2191 3311 2237 tenet
3329 2182 3608 2236 unitatem.
3643 2181 3800 2248 Quis-

2216 2286 2334 2356 quis
2359 2282 2452 2337 ille
2472 2280 2652 2351 fuerit,
2677 2276 2798 2331 licet
2821 2276 2885 2330 de
2908 2291 2963 2329 se
2986 2274 3211 2329 multum
3224 2270 3462 2344 jactura,
3486 2284 3538 2328 et
3560 2274 3666 2328 sibi
3684 2273 3801 2345 plu-

2219 2376 2411 2429 rimum
2442 2371 2739 2436 vendicans,
2772 2368 3144 2439 profanus'est,
3173 2365 3377 2421 alienus
3401 2374 3498 2433 est,
3530 2365 3663 2435 foris
3687 2374 3799 2427 est;

2217 2470 2267 2522 et
2300 2482 2420 2520 cum
2452 2472 2569 2535 post
2595 2462 2823 2533 primum
2843 2459 3100 2514 secundus
3148 2474 3259 2513 esse
3283 2474 3388 2513 non
3423 2459 3612 2529 possit,
3650 2459 3799 2530 quis-

2216 2559 2333 2630 quis
2363 2565 2479 2627 post
2506 2569 2689 2619 unum,
2726 2552 2816 2623 qui
2851 2550 2996 2606 solus
3020 2567 3131 2606 esse
3156 2546 3325 2618 debet,
3360 2550 3534 2620 factus
3566 2559 3667 2619 est,
3697 2566 3800 2604 non

2217 2648 2474 2704 secundus
2500 2645 2613 2721 ille,
2640 2644 2729 2698 sed
2753 2642 2933 2698 nullus
2968 2651 3067 2698 est.

2287 2739 2435 2797 Citat
2460 2747 2514 2795 et
2542 2736 2737 2794 recitat
2767 2735 2882 2792 haec
2912 2735 3078 2791 verba
3108 2727 3701 2804 abbas'Urspergensis
3745 2734 3800 2788 in

2215 2829 2511 2897 Chronico,
2533 2844 2600 2885 ex
2616 2826 2868 2899 epistola,
2891 2835 2953 2880 ut
2973 2826 3071 2895 ait,
3092 2826 3334 2883 Anselmi
3350 2826 3417 2880 ad
3439 2824 3797 2880 Guibertum:

2217 2938 2340 2994 qum
2363 2922 2576 2977 videtur
2605 2920 2777 2976 fuisse
2799 2919 3016 2975 diversa
3047 2918 3117 2973 ab
3142 2916 3231 2974 bis
3269 2916 3485 2973 duobus
3519 2915 3699 2983 libris,
3742 2926 3803 2972 ut

2217 3015 2382 3070 etiam
2415 3014 2714 3068 arbitratur
2742 3010 3011 3066 Baronius
3032 3010 3088 3064 in
3120 3008 3432 3080 Appendice
3471 3004 3541 3063 ad
3589 3016 3799 3063 tomum

2219 3104 2314 3160 XII
2361 3105 2675 3160 Annalium.
2717 3101 2831 3158 Nec
2868 3100 3225 3172 improbabile
3254 3108 3340 3156 est
3372 3098 3698 3154 Anselmum
3737 3097 3803 3152 ad

2144 3167 2185 3223 Ο
2217 3213 2338 3253 eam
2365 3198 2604 3253 alludere
2630 3167 3017 3253 verbisillis—in
3045 3193 3167 3264 ipso
3187 3191 3350 3262 primi
3381 3190 3507 3246 libri
3533 3189 3801 3246 vestibqu

2216 3290 2629 3345 occurrentibus
2662 3306 2675 3320 ο
2717 3285 2918 3356 Scripsi
2943 3285 3038 3339 tibi
3068 3301 3238 3356 pauca
3262 3298 3382 3337 cum
3424 3281 3591 3336 multo
3625 3280 3803 3335 dolore

2214 3391 2263 3435 et
2298 3382 2516 3436 sincera
2554 3379 2834 3434 charitatis
2871 3378 3084 3447 affectu,
3124 3385 3183 3431 ut
3223 3390 3536 3448 cognoscens
3573 3390 3802 3429 errorem

2217 3481 2363 3526 tuum
2392 3474 2584 3527 redires
2621 3471 2691 3525 ad
2723 3487 2832 3536 cor,
2854 3478 2997 3536 etc.;
3028 3468 3118 3523 sed
3140 3469 3266 3539 quia
3303 3468 3457 3522 verba
3481 3477 3574 3520 tua
3600 3466 3800 3537 iniqui-

2215 3572 2297 3618 tas
2330 3574 2380 3618 et
2411 3564 2585 3630 dolus,
2640 3571 2689 3616 et
2738 3561 2957 3615 noluisti
2997 3559 3309 3631 intelligere,
3348 3568 3407 3613 ut
3456 3558 3582 3613 bene
3625 3574 3801 3629 ageres

2217 3655 2391 3727 (Psal.
2419 3672 2584 3721 xxxv,
2604 3653 2682 3725 4),
2715 3654 2843 3707 audi
2863 3654 3084 3719 interea,
3108 3661 3213 3708 etc.
3239 3652 3344 3719 Qui
3377 3651 3459 3709 sic
3479 3650 3648 3705 etiam
3675 3648 3803 3704 Gui-

2214 3747 2427 3802 bertum
2466 3746 2760 3817 alloquitur
2797 3764 2811 3799 :
2849 3744 2927 3798 Tu
2974 3760 3091 3799 vero
3142 3744 3357 3798 aliunde
3398 3741 3714 3807 ascendisli,
3756 3749 3803 3794 et

2214 3854 2317 3891 non
2350 3849 2563 3892 vocatus
2599 3856 2630 3891 a
2655 3837 2764 3891 Deo
2800 3836 3091 3904 accessisti,
3116 3836 3227 3890 noli
3247 3851 3502 3905 usurpare
3540 3834 3641 3887 tibi
3670 3834 3803 3887 tanti

2214 3943 2398 3979 curam
2433 3925 2722 3997 regiminis.
2768 3923 2919 3979 Sicut
2970 3925 3111 3978 enim
3152 3923 3273 3994 jam
3317 3923 3520 3977 dictum
3575 3930 3697 3976 est:
3745 3919 3803 3976 Si

2216 4017 2494 4088 Gregorius
2521 4019 2577 4070 in
2612 4015 2851 4070 Ecclesia
2875 4015 2997 4085 fuit,
3029 4016 3120 4086 qui
3154 4014 3297 4085 apud
3321 4024 3370 4069 te
3398 4015 3565 4069 etiam
3601 4014 3802 4068 consti-

2215 4110 2300 4175 tit,
2322 4110 2489 4179 judex
2508 4125 2541 4162 a
2567 4107 2713 4162 nullo
2750 4106 3087 4166 condemnari
3114 4107 3307 4177 potuit,
3339 4105 3685 4176 manifestum
3706 4113 3803 4173 est,

2217 4211 2266 4256 te
2290 4201 2354 4255 ab
2382 4201 2634 4257 Ecclesia:
2662 4200 2841 4254 radice
2859 4199 3144 4269 prtecisum
3171 4199 3397 4265 eruisse,
3431 4196 3672 4267 nihilque
3705 4197 3803 4249 Ita-

2216 4296 2331 4349 bere
2354 4294 2629 4364 potestatis
2660 4308 2724 4346 ac
2736 4290 2898 4361 juris.

2285 4385 2421 4453 Quis
2446 4400 2578 4441 vero
2612 4384 2715 4440 iste
2756 4382 3048 4438 Anselmus
3094 4381 3392 4438 Lucensis?
3436 4397 3507 4437 an
3548 4397 3696 4436 unus
3738 4397 3806 4436 ex

539 4475 675 4531 bunt
699 4483 754 4530 et
774 4483 1063 4541 testantur,
1101 4489 1263 4544 quam
1317 4475 1724 4533 mendaciorum
1769 4475 1857 4530 ille
1888 4473 2040 4529 faber
2061 4482 2117 4528 et
2150 4524 2189 4546 η
2215 4478 2398 4543 trivio,
2431 4477 2589 4546 cujus
2623 4474 2999 4530 testimonium
3030 4474 3211 4543 primo
3247 4475 3434 4530 statim
3484 4474 3678 4530 auditu
3700 4472 3808 4529 dif-

432 4616 439 4623 .
539 4566 873 4635 architectus
903 4563 1119 4631 Benno;
1158 4564 1286 4643 quia
1315 4573 1499 4645 tamen
1521 4566 1680 4637 pauci
1722 4574 1871 4632 sunt,
1913 4566 2112 4636 quibus

540 4657 706 4727 cepia‘
719 4656 956 4727 suppetit
978 4657 1223 4715 omnium
1250 4672 1441 4714 eorum
1464 4669 1770 4727 auctorum,
1797 4674 1936 4730 quos
1991 4658 2117 4713 Bel-

2216 4568 2337 4634 Dari
2361 4576 2416 4623 et
2435 4565 2692 4637 dissipari
2716 4566 2916 4636 queat?
2946 4564 3169 4620 Minime
3207 4581 3358 4621 vero.
3392 4565 3533 4621 Audi
3570 4564 3806 4635 Ursper-

2219 4675 2439 4731 gensem
2465 4658 2525 4712 in
2576 4657 3074 4725 schismaticorum,
3127 4674 3295 4729 quam
3358 4658 3414 4714 in
3462 4658 3690 4730 Grcgori
3720 4656 3809 4712 VII

543 4747 809 4802 larminus
829 4761 927 4816 pro
953 4745 1201 4818 Gregorii
1231 4747 1322 4802 VII
1344 4750 1656 4805 innocentia
1702 4750 1969 4806 haeretica
2010 4749 2115 4803 im—
2217 4760 2402 4821 partes
2421 4750 2713 4820 cateroqui
2732 4749 3044 4820 proniorem
3071 4769 3085 4805 :
3108 4748 3387 4807 Anselmus
3408 4752 3705 4822 cpiscopus,
3729 4752 3810 4805 vir

542 4837 811 4909 pudentize
837 4838 1083 4908 opponit,
1110 4839 1287 4895 visum
1308 4850 1393 4896 est
1425 4856 1535 4896 non
1568 4842 1667 4897 abs
1695 4856 1754 4896 re
1788 4839 1927 4909 fore,
1964 4841 2010 4896 si
2033 4841 2117 4911 ip—
2219 4842 2414 4898 litteris
2449 4842 2685 4913 apprime
2717 4842 2976 4910 eruditus,
3006 4842 3214 4913 ingenio
3230 4843 3595 4910 acutissimus,
3620 4843 3812 4913 facun-

542 4943 729 4986 sorum
752 4928 1062 4984 testimonia
1093 4930 1359 4986 verbatim
1378 4932 1834 4998 exscriberentur,
1865 4940 1920 4987 et
1948 4932 2123 4989 lecto-
2223 4936 2316 4990 dia
2335 4935 2652 5006 prazcipuus,
2679 4942 2728 4988 et
2756 4934 2896 5005 quod
2925 4935 3164 4990 omnibus
3194 4935 3368 5005 majus
3399 4944 3500 5001 est,
3527 4936 3585 4989 in
3608 4934 3708 4990 Dei
3735 4938 3809 4990 ti-

541 5035 665 5074 rum
701 5018 874 5074 oculis
899 5019 1320 5090 subjicerentur,
1342 5031 1396 5077 et
1418 5031 1610 5093 postea
1632 5023 1868 5079 breviter
1896 5024 2122 5079 menda-
2221 5043 2363 5082 more
2386 5034 2436 5083 et
2461 5036 2649 5082 sancta
2670 5027 3061 5081 conversatione
3086 5028 3562 5095 nominatissimus,
3592 5028 3725 5082 adeo
3751 5035 3811 5081 ut
