3962 5348
477 244 482 248 ⁷
545 249 654 312 205

1757 259 1811 315 S.
1854 257 2251 318 GREGORIUS
2291 258 2379 314 VH
2415 260 2612 316 PAPA.

3708 265 3811 320 204

539 374 688 428 ‘beati
738 371 927 430 Leonis
965 390 1116 445 papa:
1166 373 1251 428 hic
1294 372 1720 440 archidiaconus,
1746 383 2021 446 tanquam,
2051 376 2132 429 vir
2163 378 2206 433 Α
2235 383 2339 428 tere
2383 391 2478 428 suo
2512 372 2876 428 Eberhardum
2911 373 3153 428 comitem
3201 373 3368 443 misit,
3410 375 3501 447 qui
3545 374 3812 432 Romanos

546 467 777 537 prudens
814 475 975 538 atque
1003 465 1277 536 probatus,
1311 465 1461 518 hanc
1509 475 1903 520 sacrosanctam
1936 465 2132 520 Roma-
2229 479 2466 535 proceres
2524 464 2848 528 conveniens,
2915 480 3134 518 causam
3186 464 3250 518 ab
3297 465 3374 519 eis
3427 465 3810 532 sciscitaretur,

547 574 674 612 nam
733 555 1032 612 Ecclesium
1079 555 1368 627 plurimum
1417 555 1708 623 exultavit,
1759 565 1810 610 et
1862 558 2128 611 civitatem
2167 612 2174 618 _

546 653 721 723 ipsam
761 651 826 704 ab
869 648 1264 703 imminentibus
1328 647 1580 718 periculis
1636 647 1900 702 liberavit.
1960 647 2126 715 Unde,

545 743 671 814 quia
711 740 1006 796 idoniorcm
1037 739 1106 793 ad
1138 737 1395 793 Ecclesia:
1433 739 1662 809 regimen
1692 739 1921 792 invenire
1951 739 2130 808 nequi-

545 853 682 903 mus,
737 851 862 902 nos,
917 835 1147 904 episcopi
1196 832 1533 901 cardinales,
1589 834 1913 887 unanimiter
1953 833 2128 904 ipsum

543 927 715 992 nobis,
751 934 800 980 et
833 925 976 980 vobis
1012 926 1067 979 in
1097 934 1381 996 pastorem,
1413 933 1462 978 et
1493 925 1790 995 episcopum
1826 924 2126 977 animarum

542 1025 846 1071 nostrarum
880 1015 1144 1086 eligimus.
1184 1014 1254 1068 Et
1292 1015 1539 1068 continuo
1570 1015 1911 1069 universitate
1962 1030 2129 1084 popu-

541 1110 583 1164 li
610 1118 660 1164 et
691 1108 819 1164 cleri
851 1108 1220 1162 acclamante:
1248 1106 1532 1160 Dominum
1576 1105 1886 1178 Gregorium
1932 1122 2125 1177 papam

506 1199 601 1256 "S.
643 1200 836 1255 Petnus
862 1199 1052 1270 elegit;
1080 1199 1298 1253 indutus
1345 1199 1510 1253 rubea
1559 1198 1834 1270 chlamyde
1859 1199 2018 1270 (sicut
2049 1207 2126 1253 est

539 1291 678 1362 mos)
698 1300 749 1346 et
773 1291 958 1362 populi
984 1292 1142 1345 mitra
1181 1292 1487 1362 insignitus,
1516 1292 1711 1345 invitus
1741 1299 1790 1345 et
1821 1307 2040 1345 maerens
2070 1292 2124 1344 in

540 1381 607 1438 B.
633 1381 785 1438 Petri
814 1382 1066 1438 cathedra
1090 1383 1190 1454 fuit
1225 1384 1638 1437 inthronizatus.

615 1471 703 1527 IV.
757 1472 896 1529 Acta
948 1473 1168 1545 publica
1203 1474 1486 1530 electionis
1529 1473 1776 1545 Gregorii
1821 1471 1911 1528 Vll
1961 1482 2125 1544 prout

535 1572 765 1619 exstant
819 1566 876 1619 in
933 1563 1171 1636 Begcsto
1222 1565 1580 1636 epistolarum
1630 1563 1803 1636 ipsius
1851 1564 2120 1637 Gregorii,

533 1654 774 1711 tomolll
797 1656 956 1727 epist.
986 1656 1342 1713 decretalium
1368 1657 1527 1713 Rom.
1556 1657 1776 1730 pontiﬁ,
1803 1667 1860 1713 et
1879 1666 2032 1712 tomo
2054 1655 2121 1711 IlI

538 1751 898 1806 conciliorum
944 1767 1099 1806 novae
1135 1751 1263 1806 edit.
1312 1750 1505 1807 Colon.
1539 1771 1551 1806 :
1587 1751 1854 1822 Regnante
1897 1750 2122 1805 Domino
2155 1735 2200 1791 Β

538 1853 716 1897 nostro
759 1841 889 1897 Iesu
941 1841 1154 1898 Christo
1191 1859 1331 1897 anno
1383 1842 1810 1897 clementissima
1863 1841 2126 1896 Incarna-

539 1935 699 1988 tionis
747 1934 864 2004 ejus
897 1933 1179 1989 millesimo
1207 1934 1590 2007 septuagesimo
1632 1935 1812 2000 tertio,
1836 1935 2125 1988 indictione

537 2034 586 2079 et
609 2025 736 2078 luna
777 2024 1079 2092 undecima,
1105 2024 1298 2079 decim.
1335 2022 1462 2078 Kal.
1506 2023 1659 2090 Maii,
1700 2025 1834 2094 feria
1869 2025 2122 2092 secunda,

537 2117 625 2172 die
649 2116 936 2188 sepultura
969 2116 1172 2171 domini
1203 2115 1520 2183 Alexandri,
1547 2118 1694 2171 bonas
1727 2117 2014 2184 memoria,
2043 2133 2124 2171 se-

537 2213 700 2267 cundi
735 2229 888 2284 papte
911 2227 930 2266 :
955 2228 1018 2267 ne
1053 2213 1198 2266 sedes
1236 2211 1528 2283 apostolica
1564 2211 1656 2264 diu
1692 2209 1866 2282 lugeat
1909 2211 2122 2282 proprio

537 2307 797 2361 destituta
825 2314 1059 2376 pastore,
1095 2304 1398 2376 congregati
1428 2304 1485 2357 in
1523 2302 1747 2356 basilica
1780 2302 1847 2357 B.
1877 2301 2027 2357 Petri
2053 2301 2121 2356 ad

547 2399 794 2467 Vincula,
822 2416 914 2454 nos
937 2408 1135 2454 sancta:
1164 2398 1420 2452 Romanis
1444 2396 1721 2451 catholica:
1742 2404 1792 2450 et
1817 2395 2122 2467 apostolica:

539 2490 798 2546 Ecclesia
846 2489 1168 2557 cardinales,
1222 2488 1423 2555 clerici,
1478 2487 1730 2558 acolythi,
1783 2487 2118 2555 subdiaconi,

535 2582 772 2648 diaconi,
817 2579 1138 2652 presbyteri,
1174 2579 1518 2650 prwsentibus
1573 2577 1954 2632 venerabilibus
2009 2579 2122 2649 epi—

534 2673 708 2744 scopis
744 2681 794 2727 et
825 2672 1128 2740 abbatibus,
1154 2672 1362 2726 clericis
1393 2681 1442 2726 et
1468 2671 1760 2739 monachis,
1786 2673 2119 2726 consentien-

536 2765 677 2819 tibus
707 2764 954 2836 plurimis
984 2765 1152 2818 turbis
1199 2765 1475 2836 utriusque
1507 2780 1682 2830 sexus,
1707 2765 2010 2835 diversique’
2032 2781 2120 2817 or-

535 2854 678 2909 dinis
723 2853 1170 2922 acclamantibus,
1205 2853 1450 2926 eligimus
1498 2854 1646 2908 nobis
1676 2856 1732 2907 in
1766 2864 2028 2926 pastorem
2068 2863 2118 2908 et

534 2964 801 3002 summum
844 2949 1188 3019 pontificem,
1259 2949 1431 3002 virum
1497 2948 1802 3020 religiosum
1831 2991 1846 3016 ,
1897 2950 2118 3020 gemina

532 3042 770 3095 scientia
818 3040 1103 3111 prudentia
1145 3037 1752 3111 pollentem,'a:quitatis
1804 3048 1855 3093 et
1885 3040 2116 3109 justitice

534 3132 1040 3202 prwstantissimum
1091 3139 1403 3197 amatorem,
1440 3131 1498 3183 in
1544 3131 1778 3184 adversis
1814 3130 2024 3199 fortem,
2060 3131 2114 3184 in

533 3225 797 3296 prosperis
819 3232 1198 3303 temperatum,
1226 3231 1274 3276 et
1302 3223 1463 3292 juxta
1496 3221 1735 3292 Apostoli
1766 3223 1986 3288 dictum,
2021 3222 2114 3276 bo-

537 3317 621 3370 nis
653 3315 886 3370 moribus
914 3323 1183 3380 ornatum,
1220 3315 1491 3384 pudicum,
1519 3314 1833 3381 modestum,
1859 3316 2113 3381 sobrium,

535 3415 763 3472 castum,
799 3403 1134 3475 hospitalem,
1171 3404 1385 3457 domum
1419 3419 1570 3458 suam
1619 3403 1742 3458 bene
1773 3415 2030 3476 regentem
2062 3405 2115 3476 (Ι

541 3501 677 3556 Tim.
717 3517 798 3566 ιιι,
821 3501 900 3572 2),
933 3500 992 3552 in
1022 3499 1219 3569 gremio
1253 3497 1408 3567 hujus
1432 3499 1620 3552 matris
1638 3496 1894 3553 Ecclesiae
1928 3516 1960 3552 a
1985 3491 2115 3569 pne-1

482 3619 489 3625 -
535 3594 666 3646 ritia
708 3593 840 3646 satis
890 3590 1138 3645 nobiliter
1164 3590 1445 3644 educatum
1473 3599 1523 3644 et
1554 3590 1788 3657 doctum,
1825 3601 1980 3662 atque
2020 3609 2115 3662 pro

535 3686 657 3740 vitae
694 3685 879 3738 merito
920 3684 978 3736 in
1007 3681 1470 3736 archidiaconatus
1497 3683 1743 3737 honorem
1767 3700 1928 3754 usque
1962 3684 2116 3740 hodie

533 3773 898 3839 sublimatum,
934 3770 1360 3826 Hildebrandum
1384 3772 1626 3826 videlicet
1653 3773 2110 3842 archidiaconum,

534 3885 689 3942 quem
731 3866 919 3922 amodo
953 3882 1116 3936 usque
1143 3867 1199 3919 in
1243 3867 1616 3936 sempiternum
1663 3875 1714 3920 et
1756 3885 1884 3934 esse,
1921 3877 1972 3922 et
2006 3870 2114 3923 dici

536 3960 847 4030 Gregorium
880 3975 1093 4029 papam,
1116 3967 1164 4012 et
1193 3956 1819 4028 apostolicum‘volumus,
1857 3969 1906 4015 et
1931 3977 2117 4032 appro-

537 4053 746 4106 bamus.
795 4048 982 4103 Placet
1029 4048 1216 4102 vobis?
1260 4047 1466 4103 Placet.
1527 4047 1700 4103 Vultis
1752 4052 1914 4105 eum?
1951 4051 2115 4106 Volu-

537 4161 674 4198 mus.
710 4142 971 4196 Laudatis
993 4158 1111 4196 eum
1128 4143 1153 4195 ?
1179 4140 1506 4197 Laudamus.
1542 4142 1678 4196 Acta
1712 4143 1892 4199 Romae
1915 4163 1948 4199 x
1978 4144 2107 4199 Kal.

536 4234 693 4300 Maii,
720 4233 1011 4288 indictione
1045 4233 1341 4287 undecima.

607 4324 669 4380 V.
700 4324 1026 4379 Lambertus
1044 4322 1589 4395 Schaﬂnaburgensis
1612 4324 1666 4378 in
1689 4322 1984 4393 Chronico,
2013 4341 2112 4380 an-

534 4428 608 4470 no
644 4413 784 4468 1075
817 4433 832 4468 :
861 4412 1163 4468 Alexander
1193 4429 1354 4484 papa,
1393 4414 1484 4485 qui
1511 4414 1896 4481 et-Anselmus,
1927 4415 2108 4469 deces-

532 4508 605 4560 sit
633 4521 650 4559 :
679 4507 765 4559 cui
807 4505 1050 4560 Romani
1060 4507 1321 4576 protinus,
1357 4505 1656 4561 inconsulto
1685 4523 1820 4578 rege,
1848 4523 2115 4563 successo—

535 4613 645 4651 rem
682 4595 948 4667 elegerunt
1002 4594 1452 4664 Hildebrandum,
1501 4599 1673 4652 virum
1705 4601 1874 4653 sacris
1927 4598 2121 4654 litteris

527 4687 980 4755 eruditissimum,
1013 4697 1065 4742 et
1113 4695 1308 4744 intota
1339 4684 1604 4756 Ecclesia,
1656 4698 1883 4760 tempore
1919 4707 2120 4762 quoque

526 4782 773 4852 priorum
803 4779 1136 4853 pontificum,
1173 4782 1316 4835 omni
1347 4781 1602 4835 virtutum
1637 4797 1820 4853 genere
1839 4781 2120 4836 celeberri-

528 4886 692 4926 mum.
742 4866 800 4928 Is
843 4869 1102 4941 quomodo
1129 4869 1240 4924 zelo
1268 4868 1369 4926 Dei
1395 4871 1810 4942 ferventissimus
1831 4879 1967 4939 erat,
2001 4873 2114 4941 epi-

527 4963 676 5034 δευρί
730 4959 1034 5018 Galliarum
1063 4961 1303 5031 protinus
1337 4962 1529 5033 grandi
1549 4960 1800 5032 scrupulo
1829 4965 2118 5032 permoveri

526 5063 821 5123 creperum,
867 5068 930 5106 ne
977 5052 1059 5105 vir
1102 5052 1414 5108 vehementis
1472 5055 1691 5125 ingenii,
1723 5061 1773 5108 et
1823 5055 1964 5108 acris
1993 5070 2116 5124 erga

526 5144 694 5199 Deum
723 5143 874 5215 fidei,
897 5143 1195 5197 districtius
1216 5158 1303 5197 eos
1332 5160 1437 5214 pro
1453 5145 1783 5216 negligentiis
1808 5146 1921 5199 suis
1943 5161 2083 5216 quan
2101 5175 2116 5188 ο

525 5236 695 5306 doque
733 5235 1056 5298 discuteret;
1083 5243 1239 5306 atque
1261 5233 1381 5287 ideo
1403 5234 1765 5288 communibus
1786 5249 1964 5288 omnes
1992 5249 2118 5287 con-

534 5325 669 5348 _'_'il:_
714 5341 879 5348 _-_-...
923 5324 1094 5348 -.Ι-...3
1160 5324 1378 5348 ---ι-..ι
1416 5334 1474 5348 -.ι
1514 5324 1809 5348 -Ι--ΑΣ-..-...
1867 5341 1976 5348 _--_
2012 5324 2114 5348 -1-.-

1160 5324 1281 5348 ---ι
1294 5333 1378 5348 -..ι
1416 5334 1474 5348 -.ι
1514 5324 1656 5348 -Ι--ιέ

714 5341 879 5348 _-_-...
923 5325 1094 5348 -.Ι-...3
1160 5325 1378 5348 ---ι-..ι
1416 5334 1474 5348 -.ι
1514 5325 1809 5348 -Ι--ΑΣ-..-...
1867 5341 1976 5348 ----

2227 570 2393 626 quare
2435 565 2629 626 prteter
2683 554 3110 609 consuetudinem
3155 556 3440 625 majorum,
3480 573 3596 627 rege
3626 558 3811 610 incon-

2228 644 2404 705 sulto.
2457 644 2713 699 Romanis
2771 643 3027 698 Ecclesia:
3079 646 3379 716 pontificem
3435 638 3850 711 ordinauerit,-

2225 737 2501 808 ipsumque
2542 738 2588 790 si
2633 753 2737 790 non
2782 736 2964 790 idonee
2991 737 3346 806 satisfaceret,
3384 736 3572 791 illicite
3598 746 3812 808 accepta

2227 827 2507 899 dignitate,
2547 828 2795 882 abdicare
2817 844 2870 882 se
2890 828 3214 898 praeciperet.
3255 827 3312 882 Is
3335 830 3541 882 veniens
3564 828 3810 894 Romam,

2227 921 2779 993 benigneaprazdicto
2833 922 2946 974 viro
2988 930 3257 991 susceptus
3303 931 3400 975 est.
3453 919 3690 992 Cumque
3730 920 3812 974 illi

2227 1015 2485 1069 mandata
2538 1016 2674 1086 regis
2705 1015 3048 1085 exposuisset,
3096 1015 3364 1084 respondit
3408 1031 3483 1080 se,
3515 1023 3645 1068 teste
3681 1013 3809 1078 Deo,

2227 1104 2442 1159 honoris
2491 1105 2648 1175 hujus
2697 1107 2898 1176 apicem
2929 1122 3196 1178 nunquam
3231 1122 3322 1176 per
3356 1106 3703 1160 ambitionem
3725 1108 3812 1175 af-

2227 1195 2468 1266 fectasse,
2497 1197 2588 1250 sed
2632 1196 2856 1250 electum
2887 1213 2941 1251 se
2967 1215 2999 1251 a
3027 1197 3303 1266 Romanis,
3337 1206 3388 1252 et
3413 1197 3668 1252 violenter
3711 1199 3811 1252 sibi

2224 1289 2530 1359 impositam
2561 1291 2724 1360 fuisse
2753 1289 3098 1345 ecclesiastici
3115 1293 3382 1363 regiminis
3409 1294 3810 1358 necessitatem;

2226 1383 2342 1452 cogi
2375 1391 2551 1436 tamen
2588 1381 2734 1436 nullo
2766 1383 2921 1436 modo
2969 1385 3218 1453 potuisse,
3259 1395 3316 1437 ut
3355 1386 3599 1439 ordinari
3622 1403 3677 1440 se
3697 1403 3812 1456 per-

2227 1473 2476 1539 mitteret,
2506 1473 2669 1527 donec
2716 1474 2771 1527 in
2809 1473 3115 1528 electionem
3141 1491 3293 1528 suam
3323 1484 3432 1530 tant
3459 1493 3630 1547 regem
3654 1493 3811 1548 quam

2224 1564 2487 1634 principes
2528 1563 2802 1619 Teutonici
2836 1550 2979 1637 regni
3005 1567 3344 1635 consensisse,
3373 1577 3516 1622 certa
3551 1567 3812 1639 legatione

2225 1666 2591 1728 cognosceret;
2637 1657 2738 1711 hac
2769 1659 2974 1712 ratione
3007 1659 3279 1715 distulisse
3315 1661 3487 1714 adhuc
3510 1662 3812 1715 ordinatio-

2225 1763 2342 1802 nem
2371 1765 2546 1816 suam,
2582 1758 2633 1804 et
2675 1751 2790 1805 sine
2832 1751 2993 1805 dubio
3032 1751 3347 1820 dilaturum,
3391 1753 3556 1807 donec
3587 1754 3692 1807 sibi
3725 1770 3812 1807 vo-

2223 1840 2482 1896 luntatem
2514 1843 2650 1914 regis
2675 1852 2848 1896 certus
2873 1843 2996 1898 inde
3022 1845 3229 1899 veniens
3267 1846 3481 1899 nuntius
3511 1845 3808 1900 intimaret.

2226 1933 2342 1988 Hoc
2373 1935 2463 1989 ubi
2499 1936 2606 2006 regi
2639 1944 2716 1989 est
2755 1937 3135 2004 renuntiatum,
3183 1937 3404 1992 libenter
3447 1939 3679 2009 suscepit
3721 1955 3810 1992 sa-

2225 2025 2601 2095 tisfactionem,
2629 2035 2678 2080 et
2708 2025 2986 2081 lwtissimo
3029 2029 3308 2098 suffragio,
3342 2037 3401 2081 ut
3443 2029 3808 2095 ordinaretur,

2212 2118 2532 2183 mandavit;
2576 2119 2715 2191 quod
2749 2128 2798 2172 et
2828 2119 3032 2190 factum
3058 2129 3136 2174 est
3173 2138 3313 2175 anno
3341 2123 3576 2194 sequenti
3605 2123 3662 2176 in
3692 2121 3808 2176 Pu»-

2223 2212 2520 2283 riﬁcatione
2556 2220 2754 2266 sancta:
2788 2211 2998 2267 Mariae.

2292 2302 2436 2358 Idem
2461 2302 2786 2360 Lambertus
2817 2319 2926 2358 non
2960 2305 3152 2376 procul
3178 2320 3208 2360 ιι
3248 2305 3357 2361 ﬁne
3391 2306 3478 2362 sui
3508 2305 3800 2372 Chronici,

2213 2397 2314 2452 ubi
2350 2397 2461 2469 agit
2493 2397 2560 2452 de
2601 2397 2946 2452 absolutione
2980 2396 3197 2454 Henrici
3233 2400 3362 2470 imp.
3397 2401 3468 2455 ab
3486 2415 3807 2455 excommu-

2220 2489 2542 2544 nicatione:
2586 2487 2674 2543 Ita
2720 2489 2960 2543 absoluto
3018 2505 3078 2544 eo
3127 2490 3190 2544 ab
3236 2492 3803 2558 excommunicatione,

2220 2597 2359 2652 papa
2401 2582 2686 2635 missarum
2720 2580 2977 2635 solemnia
3010 2581 3311 2648 celebravit,
3340 2583 3682 2654 confectaque
3718 2600 3806 2636 sa-

2220 2690 2312 2728 cra
2367 2673 2670 2742 oblatione,
2729 2691 2898 2750 regem
2939 2691 3060 2729 cum
3118 2685 3331 2744 cwtera,
3397 2693 3513 2747 qua:
3561 2677 3804 2748 frequens

2219 2764 2426 2831 aderat,
2476 2764 2820 2820 multitudine
2875 2767 2946 2819 ad
3001 2766 3172 2821 altare
3207 2769 3459 2836 evocavit,
3495 2769 3808 2840 praeferens-

2218 2873 2316 2927 que
2340 2872 2501 2910 manu
2521 2873 2710 2927 corpus
2733 2857 3068 2911 Dominicum
3095 2874 3112 2911 :
3141 2878 3158 2910 ι
3179 2857 3311 2929 Ego,
3336 2860 3526 2930 inquit,
3541 2860 3662 2929 jam
3693 2860 3804 2930 pri-

2218 2945 2337 2999 dem
2372 2963 2406 3001 α
2445 2959 2511 3014 te,
2563 2949 2769 3019 tuisque
2812 2948 3112 3018 fautoribus
3155 2949 3360 3004 litteras
3383 2951 3580 3020 accepi,
3613 2951 3803 3026 quibus

2217 3053 2299 3090 me
2323 3038 2676 3093 insimulabas
2711 3040 2886 3094 sedem
2936 3041 3283 3110 apostolicam
3319 3059 3411 3113 per
3441 3042 3803 3098 Simoniacam

2142 3098 2186 3160 ο
2219 3125 2461 3182 hwresim
2482 3145 2786 3200 occupasse,
2810 3139 2860 3184 et
2884 3098 3008 3184 aliis
3043 3098 3377 3202 quibusdam,
3403 3142 3512 3188 tam
3542 3145 3666 3189 ante
3695 3137 3804 3207 epi-

2217 3227 2494 3289 scopatum
2519 3236 2679 3291 quam
2720 3230 2840 3292 post
2865 3233 3135 3293 acceptum
3159 3225 3519 3296 episcopatum
3565 3229 3805 3282 crimini-

2220 3310 2315 3364 bus
2350 3312 2514 3365 vitam
2538 3312 2856 3380 maculasse,
2883 3331 3000 3385 quoe
3029 3316 3157 3369 mihi
3180 3318 3464 3372 secundum
3485 3320 3624 3374 scita
3645 3337 3802 3376 cano-

2219 3421 2367 3473 num,
2402 3421 2609 3460 omnem
2641 3408 2711 3460 ad
2747 3424 2928 3462 sacros
2962 3409 3172 3463 ordines
3212 3421 3480 3465 accessum
3525 3413 3802 3468 obstruxe—

2219 3500 2345 3554 rint.
2376 3499 2448 3553 Et
2482 3499 2607 3554 licet
2642 3501 2927 3555 multorum
2949 3503 3258 3557 idoneorum
3275 3513 3412 3558 certe
3435 3507 3649 3560 testium
3675 3508 3802 3561 asti-

2216 3591 2491 3662 pulatione
2515 3594 2715 3648 crimen
2743 3595 2978 3664 refellere
3009 3613 3218 3667 queam,
3243 3614 3424 3652 eorum
3461 3599 3688 3668 scilicet,
3716 3617 3801 3672 qus

2217 3699 2424 3738 omnem
2457 3686 2577 3740 vitce
2606 3703 2734 3740 mea:
2763 3687 2828 3740 ab
2874 3688 3084 3742 ineunte
3113 3697 3268 3744 aetate
3309 3691 3699 3746 institutionem
3723 3694 3796 3745 in-

2223 3778 2496 3846 tegerrime
2530 3788 2800 3846 noverunt,
2827 3787 2876 3832 et
2917 3796 3116 3847 eorum,
3145 3783 3236 3853 qui
3267 3799 3396 3838 mea:
3430 3784 3502 3837 ad
3533 3785 3798 3854 episcopa-

2219 3876 2329 3921 tum
2352 3872 2698 3939 promotionis
2726 3879 2966 3925 auctores
2997 3871 3243 3942 fuerunt;
3267 3890 3359 3944 ego
3379 3884 3574 3943 tamen,
3609 3893 3674 3930 ne
3703 3877 3797 3930 hu-

2216 3977 2373 4016 mano
2413 3963 2589 4032 potius
2641 3979 2800 4034 quam
2829 3964 3007 4018 divino
3032 3965 3134 4019 niti
3166 3967 3352 4020 videar
3382 3968 3708 4035 testimonio,
3745 3979 3798 4022 ut

2215 4053 2604 4122 satisfactionis
2650 4055 2957 4125 compendio
3009 4073 3216 4112 omnem
3274 4059 3515 4114 omnibus
3558 4059 3799 4114 seandali

2213 4143 2525 4213 scrupulum
2575 4144 2640 4198 de
2684 4145 2854 4199 medio
2885 4145 3148 4216 auferam,
3180 4164 3296 4202 ecce
3331 4164 3522 4219 corpus
3554 4149 3798 4204 Domini-

2213 4248 2354 4300 cum,
2381 4234 2521 4304 quod
2547 4244 2855 4305 sumpturus
2886 4253 2996 4304 ero,
3021 4238 3078 4291 in
3105 4240 3518 4308 experimentum
3547 4241 3680 4295 mihi
3709 4243 3797 4295 ho-

2212 4325 2298 4378 die
2331 4325 2428 4394 βαι
2475 4327 2788 4382 innocentia:
2833 4345 2981 4394 mete,
3026 4339 3084 4383 ut
3133 4331 3461 4401 omnipotens
3513 4331 3659 4386 Deus
3705 4349 3798 4386 suo

2215 4430 2296 4467 me
2317 4414 2474 4469 hodie
2505 4416 2716 4485 judicio
2738 4418 2816 4472 vel
2851 4419 3089 4474 absolvat
3118 4421 3306 4490 objecti
3349 4422 3592 4476 criminis
3621 4424 3798 4494 suspi-

2221 4506 2388 4571 cione,
2412 4507 2460 4559 si
2491 4507 2738 4561 innocens
2754 4525 2908 4574 sum;
2931 4509 3010 4564 vel
3024 4511 3301 4566 subitanea
3323 4514 3599 4568 interimat
3615 4515 3797 4581 morte,

2221 4598 2268 4649 si
2290 4613 2429 4651 reus.
2452 4617 2470 4649 ι
2506 4597 2657 4657 Hcce.
2676 4609 2726 4654 et
2748 4601 2861 4654 alia
2887 4602 2967 4674 (ut
2995 4603 3223 4657 solemne
3249 4605 3348 4676 est)
3365 4607 3627 4676 praefatus
3648 4608 3799 4662 verba

2221 4686 2507 4754 terribilia,
2539 4689 2729 4758 quibus
2761 4689 2930 4745 Deum
2959 4708 3138 4747 causa
3170 4710 3282 4748 sate
3310 4696 3676 4766 aequissimum
3710 4701 3793 4770 ju-

2217 4777 2408 4845 dicem,
2452 4790 2503 4833 et
2533 4781 2848 4838 innocentiae
2901 4793 3214 4838 assertorem
3249 4786 3432 4841 adesse
3463 4790 3798 4858 precabatur,

2215 4878 2422 4939 partem
2444 4869 2711 4925 Dominici
2742 4875 2979 4944 corporis
3010 4876 3212 4945 accepit
3234 4885 3284 4930 et
3307 4879 3554 4933 comedit.
3587 4877 3705 4944 Qua
3734 4879 3796 4932 li-

2225 4959 2448 5015 berrime
2487 4961 2785 5032 absumpta,
2813 4981 2931 5018 cum
2971 4966 3197 5037 populus
3231 4968 3288 5021 in
3308 4967 3494 5023 laudes
3515 4969 3619 5024 Dei
3651 4971 3792 5024 inno-

2223 5057 2408 5111 centia
2454 5056 2570 5126 ejus
2615 5059 3034 5129 congratulatus,
3085 5061 3401 5134 aliquandiu
3433 5064 3798 5131 (reclamasset,

2223 5148 2432 5202 tandem
2469 5149 2753 5218 impetrato
2775 5150 2986 5205 silentio
3007 5168 3286 5208 conversus
3305 5155 3375 5208 ad
3401 5172 3572 5226 regem
3601 5172 3621 5210 :
3651 5177 3670 5208 ι
3691 5153 3796 5209 Fac

2219 5255 2364 5310 ergo,
2416 5242 2607 5312 inquit,
2657 5241 2765 5310 fili,
2809 5245 2857 5298 si
2903 5244 3110 5315 placet,
3143 5248 3283 5318 quod
3318 5264 3402 5302 me
3449 5249 3628 5318 facere
3665 5249 3795 5304 vidi-
