3962 5348
214 298 325 361 203

992 293 1528 358 PROLEGOMENA.
1566 324 1638 339 -ιο
1675 286 2019 354 ΑΡοιοοιΑ
2055 292 2194 353 Ριιο
2227 293 2580 356 GREGORIO
2618 297 2727 357 VII.

3389 295 3499 351 206

214 417 588 488 comprobata,
632 415 738 469 Deo
784 423 933 480 teste,
993 415 1297 469 innocentia
1344 423 1457 481 tua,
1504 413 1814 468 obstruatur
1841 419 1887 474 Α
1911 411 2153 482 spiravit.
2189 408 2280 466 Sic
2308 419 2358 464 et
2381 408 2702 479 Godefridus
2723 411 2856 477 dux,
2882 411 3048 467 hostis
3075 409 3347 481 Satanae,
3380 430 3505 483 pcr-

214 525 367 563 omne
399 526 461 563 os
499 509 777 563 adversum
798 516 845 561 te
871 506 1056 578 iniqua
1077 509 1450 578 garrientium,
1476 516 1524 561 et
1558 524 1638 562 me
1660 507 1810 561 dein-

215 617 331 671 ceps
347 617 535 656 cause
568 610 674 656 tute
693 600 969 666 advocato,
996 607 1049 653 et
1078 599 1397 654 innocentia:
1420 610 1525 653 tate
1549 599 1816 654 vehemen-

216 694 429 747 tissimo
463 701 750 760 assertore,
792 692 1057 761 principes
1113 689 1211 744 tibi
1256 690 1684 756 reconcilientur,
1733 706 1817 743 re-

215 801 375 857 gnum
410 786 753 851 restituatur,
784 801 804 835 ι
828 792 933 838 etc.
956 782 1039 836 Ad
1061 782 1174 836 haec
1216 779 1307 835 ille
1330 783 1609 851 inopinata
1642 797 1698 835 re
1723 788 1812 834 at-

214 879 414 933 tonitus
448 888 702 943 mstuare,
738 876 1097 947 tergiversari,
1134 874 1361 929 consilia
1409 890 1531 927 cum
1573 875 1687 928 suis
1724 873 1813 944 fau-

217 969 528 1026 tuiliai-ibus
588 978 887 1042 segregatus
939 986 973 1022 a
1026 966 1370 1022 multitudine
1421 965 1688 1036 conferre,
1730 973 1811 1031 et,

212 1062 339 1133 quid
361 1062 515 1131 facto
546 1077 679 1132 opus
700 1068 854 1126 esset,
880 1057 1115 1130 qualiter
1144 1066 1255 1111 tam
1276 1055 1525 1110 horrendi
1552 1055 1813 1110 examinis

214 1154 589 1208 necessitatem
620 1152 881 1217 evaderet,
915 1148 1151 1220 trepidas
1176 1146 1468 1214 consulere,
1490 1156 1597 1202 etc.

286 1247 483 1304 Refert
523 1249 671 1303 idem
706 1245 1031 1301 Lambertus
1076 1242 1394 1298 horribilem
1435 1241 1644 1296 exitum
1676 1239 1815 1294 Wil-

215 1342 379 1399 helmi
434 1341 684 1412 episcopi
741 1337 1143 1409 Traiectensis,
1203 1334 1300 1406 qui
1349 1334 1538 1389 hostili
1583 1346 1814 1403 prorsus

217 1433 343 1488 odio
365 1430 703 1503 Gregorium
735 1428 819 1483 Vll
840 1427 1312 1500 persequebatur:
1335 1424 1654 1480 Wilhelmus
1681 1422 1816 1478 Tra-

214 1525 470 1595 jectensis
527 1524 807 1594 episcopus
846 1537 1067 1591 causam
1110 1521 1247 1592 regis
1295 1529 1482 1574 contra
1528 1519 1721 1572 bonum
1762 1526 1814 1572 et

220 1632 426 1687 equum
468 1616 740 1670 obstinate
780 1614 1045 1681 tuebatur,
1072 1622 1124 1668 et
1152 1612 1333 1667 stadio
1367 1612 1607 1678 partiam
1649 1611 1809 1682 regis,

219 1708 383 1762 multa
426 1710 484 1765 in
520 1709 785 1779 injuriam
823 1707 1049 1762 Romani
1074 1706 1365 1777 pontificis,
1400 1703 1643 1759 omnibus
1684 1719 1813 1774 pene

1916 521 2121 573 cussus,
2146 503 2260 559 sine
2297 502 2622 573 confessione
2645 505 2821 575 periit.
2862 503 2951 559 Ita
2978 514 3028 560 et
3060 504 3209 577 Eppo
3229 506 3504 578 episcopus

1917 605 2111 664 uoster,
2149 612 2371 668 magnus
2399 596 2625 652 Henrici
2658 597 2842 668 fautor
2871 606 2923 652 et
2969 606 3285 666 assentator,
3330 608 3505 654 morte

1916 689 2062 745 mala
2092 689 2369 755 conclusit,
2396 690 2462 745 de
2494 706 2599 761 qua
2646 691 2704 743 in
2745 690 3014 761 praedictis
3040 689 3321 747 Chronicis
3349 690 3507 763 Hag-
3554 738 3570 751 .
3599 714 3615 725 ι

1894 779 2253 865 deburgensis
2298 779 2552 835 Ecclesiae
2572 782 2650 835 ita
2684 781 2753 836 ad
2777 783 2987 839 verbum
3016 783 3304 837 scribitur:
3330 782 3502 855 Epp-0,

1914 870 2198 927 Citizensis
2249 872 2543 945 episcopus,
2598 872 2728 927 dum
2770 873 2828 927 in
2866 873 3128 944 episcopio
3180 871 3240 928 S.
3267 872 3505 929 Chiliani

1912 963 2194 1033 quemdam
2228 965 2399 1018 rivum
2430 963 2559 1035 forti
2587 964 2771 1020 sedens
2805 965 2863 1019 in
2883 981 3014 1036 equo
3045 966 3321 1034 transiret,
3351 983 3507 1038 quem

1913 1053 2132 1124 quilibet
2165 1054 2321 1124 pedes
2370 1055 2484 1110 sine
2536 1055 2774 1125 periculo
2806 1057 3033 1112 transire
3057 1066 3250 1128 posset,
3277 1057 3373 1125 ubi
3412 1074 3506 1111 nec

1915 1145 2075 1199 timor
2084 1145 2226 1200 ullus
2241 1146 2516 1218 fuit;equo
2526 1147 2744 1202 cadente
2759 1148 2988 1205 moriens
2998 1150 3075 1203 sic
3084 1150 3507 1216 interiit,sancto

1916 1236 2165 1293 Chiliano
2187 1239 2267 1295 sic
2292 1240 2620 1311 disponente,
2660 1249 2743 1308 ut,
2795 1242 2886 1313 qui
2924 1240 3041 1311 ejus
3067 1243 3219 1308 rebus
3250 1240 3506 1297 violentus

1915 1328 2247 1397 incubuerat,
2308 1330 2587 1403 vinumque
2642 1330 2792 1386 illius
2842 1347 2980 1402 swpe
3032 1332 3227 1402 injuste
3275 1332 3506 1398 biberat,

1915 1440 2109 1494 aquam
2130 1441 2331 1496 quoque
2372 1442 2526 1481 suam
2539 1426 2686 1496 juste
2717 1426 2938 1481 bibendo
2962 1425 3107 1481 ultra
3158 1442 3359 1493 merum
3404 1441 3510 1479 non

1915 1526 2139 1588 quwrat.
2178 1517 2271 1586 Et,
2294 1521 2422 1592 quia
2446 1520 2595 1574 nobis
2625 1518 3039 1575 inconciliabilis
3058 1519 3370 1590 permansit,
3400 1516 3509 1572 Deo

1916 1610 2361 1677 irreconciliatus,
2399 1611 2465 1667 ab
2483 1612 2589 1667 hac
2614 1613 2723 1667 vita
2750 1612 3021 1683 migravit.
3049 1610 3180 1668 Hice
3201 1612 3273 1669 ad
3295 1611 3509 1671 verbum

1915 1706 1971 1759 in
2016 1705 2363 1774 prtenarratis
2387 1703 2852 1777 Magdeburgensis
2903 1703 3160 1763 Ecclesia
3211 1704 3510 1763 Annalibus

218 1799 398 1854 diebus
428 1799 780 1865 solemnibus,
826 1800 967 1852 inter
1014 1798 1300 1851 missarum
1333 1794 1592 1849 solemnia
1626 1793 1817 1848 rabido
1851 1798 1894 1852 Β
1919 1797 2187 1868 leguntur.

220 1907 305 1945 ore
334 1891 681 1945 declamabat
717 1906 736 1944 :
767 1889 1042 1960 perju‘rum
1070 1905 1213 1954 eum,
1250 1886 1557 1941 adulterum
1581 1894 1632 1939 et
1659 1900 1817 1956 pseu-

221 1983 590 2052 doapostolum
620 1981 922 2052 appellans,
956 1989 1008 2035 et
1042 1990 1154 2037 tam
1194 1996 1228 2034 a
1270 1995 1347 2046 se,
1372 1993 1535 2050 quam
1556 1994 1589 2031 a
1613 1975 1820 2040 caeteri.

221 2075 479 2144 episcopis
514 2088 879 2144 «spenumero
911 2071 1425 2127 excommunicatam
1445 2068 1817 2139 pronuntians.

223 2163 278 2219 Is
311 2166 458 2220 breui
490 2176 843 2238 posteaquam
890 2181 1004 2232 rex,
1039 2164 1242 2219 exactis
1276 2160 1615 2234 paschalibus
1648 2161 1818 2231 feriis,

228 2256 472 2328 Trajecto
521 2259 862 2325 discesserat,
904 2265 1113 2328 repente
1147 2255 1466 2327 gravissima
1508 2253 1823 2325 (egritudine

223 2359 493 2420 correptus
540 2358 639 2405 est.
679 2348 921 2421 Cumque
948 2365 1042 2420 per
1061 2349 1352 2402 acerrimos
1387 2347 1661 2401 cruciatus
1697 2346 1821 2399 ani-

224 2458 319 2497 inc
358 2458 425 2495 ac
455 2443 696 2513 corporis
730 2449 1035 2513 urgeretur,
1070 2438 1365 2494 miserabili
1406 2437 1615 2508 ejulatu
1643 2452 1823 2492 coram

168 2604 171 2607 _
224 2535 490 2600 omnibus,
513 2535 605 2606 qui
635 2533 887 2599 aderant,
917 2532 1331 2603 vociferabatar,
1359 2530 1510 2601 justo
1543 2527 1644 2583 Dei
1669 2528 1822 2599 judi-

225 2629 304 2681 cio
324 2644 381 2682 se
401 2637 454 2682 et
494 2636 809 2699 prmseutem
840 2627 1005 2681 vitam
1030 2627 1272 2681 amisisse
1295 2634 1345 2679 et
1364 2634 1619 2680 teternam
1641 2640 1659 2678 :
1682 2623 1822 2695 quod

226 2721 332 2791 regi
363 2720 436 2775 ad
477 2720 679 2787 omnia,
725 2735 848 2791 qua:
892 2735 1167 2790 perperam
1232 2716 1561 2783 intendisset,
1609 2731 1822 2787 operam

223 2828 396 2880 suam,
421 2828 629 2866 summa
656 2811 852 2866 adnisa
870 2810 1198 2882 praebuisset,
1217 2817 1376 2880 atque
1396 2808 1454 2862 in
1477 2823 1621 2878 spem
1634 2806 1823 2878 gratiis

221 2904 337 2974 ejus
382 2902 627 2957 Romano
674 2902 918 2973 pontiﬁci
965 2901 1339 2966 sanctissimo,
1393 2906 1444 2953 et
1495 2895 1820 2968 apostolica-

228 3014 344 3050 rum
380 2998 643 3051 virtutum
673 2998 787 3052 uiro
820 3012 1001 3067 graves
1032 2992 1380 3049 contumelias
1417 2992 1607 3057 sciens,
1633 2999 1683 3044 et
1702 3005 1826 3060 pru-

222 3089 351 3143 dens
374 3091 645 3143 innocenti
682 3089 989 3159 irrogasset.
1020 3085 1249 3140 Inhanc
1268 3090 1536 3149 oocem,ut
1557 3089 1819 3148 asserunt,
1856 3100 1859 3103 ·

1996 1844 2130 1943 illi].
2154 1888 2429 1946 Chronica
2460 1888 2860 1962 Thuringensia
2892 1892 3036 1961 apud
3069 1844 3325 1951 eumdem
3362 1892 3512 1949 Ian-

1923 1984 2073 2057 gium
2099 2024 2113 2039 .
2136 1983 2290 2038 Anno
2312 1982 2529 2038 Domini
2577 1983 2739 2050 1075,
2766 1983 3173 2049 Hildebr‘andus,
3188 1988 3512 2058 professione
3614 2004 3615 2007 ‘

1924 2077 2212 2132 monachus
2245 2086 2295 2131 et
2339 2076 2595 2133 Romana:
2637 2077 2894 2133 Ecclesia:
2942 2078 3376 2148 archidiaconus,
3406 2097 3511 2136 na-

1925 2169 2067 2222 tione
2097 2167 2327 2235 Tuscus,
2362 2169 2600 2223 omnium
2633 2169 2992 2225 cardinalium
3024 2186 3280 2237 consensu
3313 2172 3513 2228 salem-

1924 2260 2063 2315 niter
2092 2268 2252 2332 atque
2277 2261 2527 2315 canonice
2559 2260 2756 2317 electus
2802 2263 2864 2332 fit
2892 2279 3053 2333 papa,
3075 2263 3133 2317 in
3157 2280 3377 2320 numero
3404 2265 3512 2322 M7

1921 2359 1973 2404 et
1993 2358 2206 2405 vocatus
2249 2358 2327 2405 est
2392 2350 2676 2423 Gregorius
2728 2350 3002 2425 septimus.
3042 2351 3191 2411 Sedit
3225 2358 3381 2413 annis
3420 2357 3510 2424 l2,

1924 2458 2098 2497 mense
2130 2458 2257 2509 uno,
2280 2443 2462 2497 diebus
2498 2444 2553 2499 4i.
2602 2442 2771 2500 Istius
2795 2445 3079 2517 prudentia
3104 2464 3209 2504 non
3250 2447 3404 2504 modo
3454 2450 3514 2503 in

1922 2534 2039 2606 ipsa
2075 2534 2265 2602 Italia,
2289 2535 2379 2590 sed
2403 2538 2563 2591 etiam
2596 2538 2651 2592 in
2681 2537 2978 2594 Teutonicis
3004 2541 3308 2611 provinciis,
3336 2559 3515 2599 sacer-

1922 2626 2107 2680 dotum
2133 2627 2402 2697 refrenata
2428 2636 2505 2682 est
2532 2628 2935 2685 incontinentia.
2964 2630 3090 2699 Hic,
3139 2641 3201 2688 ut
3244 2633 3513 2690 Martinus

1922 2716 2021 2781 ait,
2048 2715 2272 2771 concilio
2319 2715 2423 2771 H0
2450 2718 2815 2787 episcoporum
2861 2720 3062 2789 habito,
3092 2722 3385 2779 Henricum
3405 2724 3514 2779 im-

1922 2817 2215 2878 peratorem
2247 2810 2749 2875 excommunicarit,
2782 2813 2937 2881 quasi
2967 2810 3222 2868 Ecclesiae
3257 2815 3515 2870 Romanae

1923 2899 2229 2963 scissarcm;
2251 2899 2342 2952 sed
2374 2898 2587 2953 tandem
2620 2900 2876 2968 absolvit,
2912 2911 2964 2956 et
2996 2913 3133 2974 post,
3183 2905 3376 2960 iterum
3421 2924 3516 2961 ex-

1924 2990 2362 3056 communicauit;
2391 2991 2517 3062 quia
2546 2991 2831 3049 dissidium
2876 2994 2932 3049 in
2982 2994 3226 3051 Ecclesia
3256 3015 3516 3068 procura-

1925 3084 2018 3149 vit,
2050 3083 2279 3153 pueritia
2298 3091 2349 3137 et
2379 3083 2764 3153 inexperientia
2787 3102 2886 3140 sua
2911 3087 3164 3143 existente
3184 3089 3241 3145 in
3262 3106 3445 3147 causa.

224 3180 339 3232 sine
357 3179 751 3245 comntunione,
770 3178 885 3231 sine
907 3176 1022 3230 ulla
1053 3176 1428 3245 satisfactione
1447 3172 1753 3242 exspiravit.
1851 3163 1891 3220 C
1990 3173 2079 3229 l-X.
2109 3172 2386 3230 Mai-ianus
2409 3173 2609 3231 Scelus
2628 3176 2725 3231 lib.
2753 3193 2814 3233 ιιι
2850 3176 3113 3235 Chronici
3140 3199 3153 3212 ο
3180 3180 3391 3238 Interea
3419 3184 3515 3237 do—

149 3324 155 3328 .
298 3265 385 3320 Vl.
420 3265 569 3322 Idem
590 3267 662 3324 de
688 3266 796 3322 hoc
819 3264 1111 3342 Willielmo
1143 3264 1369 3319 tradunt.
1388 3261 1634 3317 Annales
1664 3259 1814 3331 Mag-

226 3359 622 3430 delmrgenses,
658 3358 807 3429 apud
848 3357 1082 3413 Paulum
1128 3356 1400 3428 Langium
1442 3354 1501 3410 in
1539 3353 1817 3410 Chronico

229 3453 490 3509 εἱειεηεί
522 3472 539 3508 :
582 3451 654 3507 In
679 3454 794 3524 ipso
818 3452 955 3518 loco,
990 3451 1188 3524 inquit,
1213 3452 1270 3507 in
1296 3467 1403 3523 quo
1421 3450 1661 3506 Romano
1683 3465 1818 3520 pon-

230 3542 362 3611 tiﬁci
403 3543 719 3617 derogabat,
755 3543 867 3613 ipse
912 3541 1055 3597 mala
1090 3540 1390 3596 valetudine
1426 3542 1732 3611 corripitur,
1765 3541 1822 3595 in

229 3650 333 3704 qua
360 3650 528 3705 usque
549 3634 623 3688 ad
659 3633 1023 3689 miserandum
1057 3634 1182 3688 vitm
1219 3633 1501 3687 terminum
1533 3631 1817 3687 detinetur.

233 3722 424 3797 Itaque
458 3725 642 3783 morbo
668 3725 842 3796 magis
880 3741 943 3779 ac
965 3726 1137 3795 magis
1158 3724 1566 3794 ingravescente,
1588 3737 1711 3779 cum
1739 3736 1820 3787 eo,

234 3816 361 3871 dum
388 3817 611 3887 quidam
651 3816 809 3871 homo
833 3816 966 3887 regis
1001 3831 1120 3871 eum
1147 3822 1375 3885 rogaret,
1402 3822 1472 3869 ut.
1492 3830 1547 3869 se
1568 3829 1689 3867 cum
1727 3828 1822 3867 suo

238 3909 495 3963 mandato
512 3909 805 3963 remitteret
835 3907 904 3961 ad
937 3922 1109 3976 regem
1131 3921 1150 3961 :
1178 3925 1196 3958 ι
1218 3904 1357 3972 Hoc,
1382 3905 1574 3976 inquit,
1600 3905 1753 3957 mitto
1774 3902 1824 3956 ei

235 3999 572 4065 mandatum,
609 3998 752 4070 quod
803 3998 939 4067 ipse,
980 4006 1033 4053 et
1077 4013 1192 4068 ego,
1223 4005 1275 4051 et
1323 4011 1502 4051 omnes
1552 3993 1826 4066 iniquitati

232 4091 343 4160 ejus
379 4091 636 4161 faventes,
668 4105 856 4143 sumus
878 4088 1122 4143 damnati
1153 4087 1209 4142 in
1230 4096 1555 4158 perpetuum.
1592 4083 1826 4155 Cumque

236 4202 267 4238 a
288 4187 401 4239 suis
446 4186 540 4256 qui
572 4183 798 4238 aderant
835 4181 1067 4249 clericis,
1091 4196 1155 4236 ne
1180 4179 1316 4235 talia
1343 4178 1664 4251 loqueretur,
1690 4184 1828 4231 esset

235 4280 539 4335 admonitus
561 4294 582 4333 :
616 4278 763 4345 Quid
794 4277 968 4345 aliud,
992 4277 1187 4349 inquit,
1203 4276 1410 4350 loquor,
1433 4275 1538 4330 nisi
1573 4273 1712 4346 quod
1738 4289 1826 4328 ve-

236 4387 349 4425 runt
409 4387 523 4426 esse
565 4370 855 4425 visibiliter
888 4369 1137 4424 intueor?
1186 4367 1326 4423 Ecce
1368 4367 1511 4423 enim
1563 4365 1827 4421 daemones

234 4460 426 4516 lectum
470 4478 647 4517 meum
702 4463 1077 4529 circumstant,
1122 4469 1383 4532 quatenus
1436 4474 1518 4513 me
1570 4474 1714 4526 mox,
1770 4464 1829 4511 ut
1876 4485 1883 4495 -

1919 3267 2065 3321 mino
2088 3266 2397 3321 Alexandro
2428 3268 2720 3337 apostolico
2745 3269 2810 3324 de
2840 3271 3013 3326 medio
3028 3271 3259 3341 sublato,
3286 3277 3518 3346 suscepit

1918 3359 2466 3429 sedemﬁpostolicam
2492 3358 3083 3434 Gregoriusseptimus,
3126 3367 3218 3436 qui
3248 3376 3297 3421 et
3326 3366 3515 3422 Ililde-

1921 3449 2178 3516 brandus,
2206 3449 2530 3520 professione
2554 3451 2864 3506 monachus.
2913 3451 3047 3521 Iste,
3085 3456 3431 3526 querimoniis
3466 3467 3518 3512 et

1920 3539 2244 3596 clamoribus
2275 3539 2658 3597 catholicorum
2691 3542 2860 3612 just-is
2910 3544 3187 3601 adversam
3221 3545 3517 3602 Henricum

1918 3641 1971 3686 et
2000 3632 2257 3687 scelerum
2275 3633 2389 3703 ejus
2411 3633 2798 3689 immanitatem
2822 3636 3046 3705 auditis,
3098 3638 3233 3695 zelo
3267 3641 3367 3697 Dei
3420 3658 3483 3696 ac
3503 3669 3518 3685 ι

1922 3742 2128 3791 census,
2144 3726 2265 3796 jam
2293 3727 2495 3781 dictum
2537 3744 2704 3800 regem
2737 3733 3252 3787 excommunicatum
3281 3750 3520 3805 pronun—

1923 3818 2096 3885 tiavit,
2123 3818 2354 3875 maxime
2397 3828 2610 3890 propter
2652 3819 2968 3876 Simoniam.
3005 3822 3160 3889 Quod
3185 3825 3390 3895 factum
3429 3844 3522 3881 ca-

1925 3910 2136 3965 tholicis
2168 3910 2381 3982 quidem
2418 3911 2548 3966 uiris
2581 3911 2708 3967 bene
2749 3913 2985 3984 placuit;
3043 3912 3365 3970 Simonideis
3403 3933 3521 3971 vero

1923 4019 1988 4057 ac
2009 4002 2311 4072 fautoribus
2343 4004 2480 4073 regis
2506 4005 2732 4057 nimium
2777 4005 3053 4075 displicuit
3095 4023 3114 4060 :
3135 4008 3225 4078 qui
3250 4009 3519 4076 dicebant,

1925 4108 2195 4163 nunquam
2234 4092 2398 4163 fuisse
2420 4094 2684 4161 auditum,
2711 4109 2882 4164 regem
2902 4095 3195 4167 aliquando
3216 4113 3523 4153 excommu-

1925 4185 2181 4241 nicationi
2215 4184 2509 4240 subditum.
2539 4184 2713 4241 Facta
2745 4194 2824 4241 est
2856 4186 3026 4259 igitur
3054 4191 3294 4245 maxima
3326 4191 3521 4246 divisio

1926 4281 1984 4335 in
2006 4278 2248 4334 Ecclesia
2312 4277 2445 4344 Dei;
2480 4278 2761 4335 catholicis
2794 4280 3009 4336 domino
3061 4281 3355 4352 apostolico
3404 4292 3523 4339 stu—

1925 4370 2075 4427 diose
2108 4370 2405 4442 faventibus
2431 4383 2515 4425 ac
2537 4371 2814 4442 praeceptis
2833 4369 2970 4442 ejus,
2996 4372 3350 4428 schismaticis
3375 4372 3522 4429 Hen-

1929 4466 2041 4519 rico
2100 4473 2151 4519 et
2202 4464 2631 4535 cooperatoribus
2679 4464 2795 4535 ejus
2853 4478 2922 4520 es;
2975 4465 3134 4520 corde
3166 4465 3523 4522 obedientiam

234 4560 586 4629 exspiravero,
643 4559 886 4629 rapiant.
943 4555 1134 4628 Itaque
1182 4572 1304 4610 cum
1356 4554 1507 4625 fuero
1541 4570 1569 4609 e
1612 4569 1829 4625 corpore
1860 4534 1904 4591 Ῐ)
1928 4534 2311 4613 επηιιίὸεηιίὺιιδζ
2340 4552 2490 4610 Inter
2509 4571 2640 4627 quos
2669 4534 2784 4611 erat
2838 4553 3084 4627 princeps'
3110 4565 3161 4611 et
3193 4556 3418 4629 signifer
3429 4555 3525 4627 ju-

234 4650 471 4718 eductus,
505 4666 631 4721 rogo
673 4666 764 4705 vos
795 4658 849 4704 ct
880 4664 1059 4703 omnes
1103 4646 1286 4719 ﬁdeles
1310 4662 1373 4701 ne
1401 4662 1455 4701 se
1486 4646 1710 4718 fatigent
1732 4661 1829 4717 pro

238 4757 314 4794 me
337 4741 591 4812 faciendo
640 4738 1084 4812 supplicationes.
1115 4757 1135 4791 s
1174 4736 1279 4792 Hic
1301 4737 1467 4808 igitur
1494 4736 1550 4790 in
1571 4736 1828 4807 despera-

237 4832 372 4887 tione
389 4832 697 4904 defunctus,
720 4829 1050 4901 diujacebat
1079 4827 1398 4900 insepultus,
1421 4827 1586 4883 donec
1605 4826 1829 4883 Romam

238 4922 480 4979 mittitur.
519 4922 589 4978 Et
618 4924 746 4979 inde
781 4920 1010 4994 qucusito
1034 4920 1276 4988 consilio,
1313 4934 1379 4974 ne
1401 4919 1626 4990 populus
1648 4922 1830 4994 faetore

237 5026 667 5087 corrumperetur,
684 5011 990 5087 apostolico
1008 5012 1185 5083 jussu,
1210 5015 1325 5069 sine
1351 5012 1831 5070 commendationi-

244 5110 329 5167 bus
350 5113 616 5185 sepelitur.

308 5202 409 5260 VII.
445 5207 637 5265 Subdit
666 5199 951 5272 Longius,
966 5206 1020 5253 et
1038 5198 1138 5256 iste
1164 5202 1436 5275 septimus
1457 5202 1531 5257 sit
1553 5204 1710 5262 testis
1733 5216 1835 5273 pro

1930 4649 2116 4715 stitite,
2140 4646 2364 4703 dilectus
2394 4646 2504 4701 Deo
2534 4657 2605 4702 .et
2657 4646 2978 4714 hominibus,
3005 4647 3190 4703 beatus
3230 4647 3391 4703 Anno
3415 4646 3525 4703 Coo

1929 4739 2182 4795 loniensis
2236 4738 2661 4810 archiepiscopus
2705 4736 2877 4809 (cujus
2921 4739 3178 4794 memoria
3223 4738 3281 4793 in
3313 4738 3527 4793 benedi—

1932 4833 2104 4887 ctione
2135 4832 2234 4904 est)
2267 4848 2387 4886 cum
2414 4830 2868 4899 revereitdissimis
2897 4829 3265 4889 Ecclesiarum
3309 4830 3529 4891 rectori-

1932 4924 2051 4989 bus,
2079 4921 2344 4996 Sigefrido
2380 4920 2729 4997 Hoguntiuo,
2774 4918 3022 4979 Vesslino
3066 4919 3527 4995 Hagdeburgensi,

1939 5011 2199 5069 Rucherio
2225 5013 2663 5073 Halverstadeusi
2687 5012 2914 5091 aliisque
2949 5015 3209 5088 episcopis
3235 5020 3287 5068 et
3315 5010 3529 5069 abbati-

1937 5105 2054 5171 bus,
2087 5103 2356 5160 monachis
2388 5112 2441 5157 et
2465 5105 2703 5176 clericis,
2722 5090 3138 5179 ratscnttentibas
3158 5100 3532 5176 quoqueprin-
3580 5090 3585 5094 ’

1935 5194 2141 5263 cipibus
2179 5195 2337 5275 totius
2374 5190 2655 5269 Samnite,
2680 5197 2875 5256 Ottone
2925 5197 3079 5266 duce,
3130 5194 3325 5264 Magno
3374 5190 3529 5259 duce.

245 5290 535 5348 innocentia
559 5289 831 5348 Gregorii
879 5285 991 5342 VII.
1023 5285 1195 5348 Quem
1227 5290 1452 5348 sectarii
1481 5306 1550 5348 eo
1572 5292 1837 5348 libentius
1942 5282 2124 5339 Udone
2148 5284 2470 5348 marchione,
2499 5286 2773 5348 ικάουίου
2818 5289 3030 5348 comite.
3055 5304 3178 5348 cum
3220 5283 3345 5339 aliis
3369 5282 3531 5335 innu-
