3962 5348
418 446 535 504 υτ

1735 434 2135 501 GBEGORIUS
2171 436 2263 496 νιι
2298 436 2500 495 PAPA.

3592 437 3729 498 ξων

421 573 594 621 cerent
620 564 677 619 in
704 562 1159 627 tribulationibus,
1187 576 1320 634 quas
1341 559 1672 615 sustinebant
1694 557 1759 611 ab
1789 556 2008 627 iniquis,
2040 556 2088 614 Α
2110 555 2313 620 xerint,
2353 555 2530 609 beatos
2576 555 2833 611 assumas.
2868 553 2987 621 Qua
3025 550 3270 627 opinione
3296 555 3426 628 quid
3457 554 3705 613 insanius
3740 562 3741 569 ‘

421 658 514 712 sed
540 657 805 728 fortiores,
840 657 946 709 imo
988 653 1300 708 constantia:
1333 652 1525 706 virtute
1572 649 1850 704 solidiores
1892 649 2015 720 efﬁ-
2118 653 2211 698 aut
2231 645 2500 715 infelicius
2536 647 2646 701 dici
2668 647 2878 717 potest?
3762 655 3767 659 ’

421 760 695 816 cerentur;
721 750 897 805 missis
926 747 996 802 ad
1019 763 1106 802 eos
1141 744 1357 812 litteris,
1394 744 1602 816 paucis,
1646 743 2015 799 Iuereticorum

422 841 728 909 audaciam,
754 839 1127 913 garrulitatem
1177 846 1226 893 et
1276 836 1597 907 superbiam,
1622 843 1835 889 auctore
1871 831 2018 917 Hen-

424 934 538 990 rico
561 951 624 990 ac
660 933 952 1004 defensore,
979 933 1049 986 ad
1068 931 1326 1003 injuriam
1344 939 1394 985 et
1418 928 1794 984 contumeliam
1815 934 2016 982 sancta:

380 1096 384 1101 ρ
422 1027 563 1082 sedis
588 1025 896 1099 apostolica:
916 1024 1230 1096 perstrinxit
1258 1023 1476 1077 elatam.
1502 1018 1853 1088 Quamobrem
1877 1018 2018 1090 quod

382 1122 389 1134 ‘
422 1136 593 1191 regem
615 1118 973 1173 anathematis
988 1114 1198 1171 vinculo
1214 1113 1539 1187 alligaverit,
1555 1112 1749 1167 litteris
1776 1110 2021 1165 insinua-

419 1203 517 1277 vit,
546 1210 734 1283 quibus
758 1209 1010 1266 catholici
1037 1208 1107 1263 ad
1151 1208 1500 1262 resistendum
1527 1205 1724 1276 iniquis
1753 1201 2019 1258 haereticis

420 1303 806 1358 constantiores
831 1301 1005 1372 effecti
1034 1308 1178 1356 sunt.

494 1414 642 1472 Idem
678 1413 959 1471 Marianus
1010 1414 1253 1470 ibidem:
1290 1410 1575 1483 Gregorius
1621 1411 1787 1483 igitur
1821 1409 2019 1481 prwsul

421 1507 756 1575 venerabilis,
784 1506 1151 1562 hatreticorum
1171 1505 1459 1572 insaniam,
1484 1503 1865 1559 catholicorum
1890 1518 2020 1574 quo-

423 1614 543 1670 que,
608 1597 934 1669 astipulante
983 1599 1222 1662 veritate,
1277 1611 1591 1668 cognoscens
1638 1595 2016 1660 constantiam,

420 1689 698 1761 Rodolpho
730 1690 840 1761 regi
875 1689 1055 1743 missis
1094 1687 1310 1755 litteris,
1348 1686 1699 1759 apostolicam
1748 1688 2019 1743 mandavit

427 1780 839 1835 benedictionem
865 1796 883 1835 :
906 1781 962 1835 in
994 1781 1185 1851 quibus
1207 1782 1371 1835 etiam
1396 1780 1640 1834 omnibus
1666 1778 1867 1835 Christi
1887 1780 2021 1850 ﬁde—

423 1873 584 1940 libus,
616 1876 766 1928 beato
798 1873 979 1942 Petro,
1018 1891 1083 1928 ac
1119 1875 1223 1929 sibi
1253 1874 1451 1928 vicario
1487 1873 1624 1943 ejus,
1668 1873 2017 1931 obedientiam

2189 736 2303 793 XII.
2333 737 2389 793 S.
2428 739 2722 796 Anselmus
2751 737 3187 808 Cantuariensis,
3214 741 3269 795 in
3294 739 3615 812 praefatione
3634 741 3706 799 ad

2118 829 2322 885 librum
2337 830 2415 886 De
2430 832 2745 902 fermentata
2761 841 2810 886 et
2827 847 3038 903 azyma,
3054 833 3261 888 nullam
3277 834 3508 891 salutem
3522 834 3708 891 dicere

2118 923 2236 978 vult
2266 922 2580 981 Waleramo
2617 924 2703 981 vel
2747 923 3032 981 Walramo
3087 924 3536 998 Nuvenburgensi
3591 927 3710 999 epi-

2120 1030 2308 1086 scopo,
2341 1019 2488 1088 quod
2521 1025 2706 1088 partes
2753 1014 2973 1073 Henrici
3005 1026 3347 1090 sequeretur,
3381 1027 3438 1075 et
3478 1035 3708 1075 excom-

2121 1111 2433 1166 municatus
2456 1118 2620 1167 esset.
2649 1107 2709 1165 Si
2739 1119 2911 1165 certus
2929 1127 3113 1178 essem,
3146 1112 3344 1183 inquit,
3369 1113 3711 1183 prudentiam

2121 1210 2347 1258 vestram
2382 1220 2487 1258 non
2541 1204 2715 1275 favere
2747 1204 3037 1258 successori
3062 1203 3202 1259 Julii
3239 1203 3492 1271 Cesaris,
3522 1214 3573 1260 et
3600 1204 3715 1261 Ne-

2122 1296 2288 1364 ronis,
2323 1305 2373 1351 et
2408 1296 2642 1364 Iuliani,
2677 1304 2727 1351 et
2754 1298 3007 1367 potestati
3051 1306 3234 1352 contra
3276 1314 3630 1354 successorem
3661 1308 3713 1355 et

2120 1388 2382 1445 vicarium
2419 1389 2567 1444 Petri
2590 1388 2836 1459 apostoli,
2862 1389 3208 1446 libentissime
3229 1400 3413 1459 vas,,et
3446 1392 3716 1446 amicissi—

2121 1497 2267 1535 mum
2295 1491 2346 1536 et
2379 1481 2717 1537 reverendam
2756 1482 3061 1553 episcOpum
3109 1482 3432 1549 salutarem;
3457 1485 3715 1555 quoniam

2120 1582 2301 1629 autem
2319 1574 2392 1629 ad
2419 1574 2774 1645 defensionem
2801 1575 3037 1630 veritatis
3062 1584 3249 1631 contra
3272 1574 3502 1641 Graecos,
3527 1578 3621 1648 qui
3643 1577 3714 1631 ad

2120 1682 2208 1721 vos
2241 1676 2509 1737 venerunt,
2559 1668 2833 1740 quaeritis;
2874 1664 3161 1725 secundum
3194 1686 3344 1741 posse
3372 1669 3511 1725 nulli
3538 1672 3717 1727 deesse

2121 1758 2366 1815 debemus
2394 1775 2414 1815 :
2445 1760 2756 1832 opusculum
2790 1761 2933 1816 vobis
2954 1763 3100 1829 misi,
3122 1762 3263 1834 quod
3287 1762 3351 1817 de
3385 1765 3718 1835 processione

2124 1849 2360 1924 Spiritus
2389 1854 2563 1908 sancti
2585 1853 2731 1909 edidi
2761 1863 2947 1909 contra
2973 1853 3118 1910 illos.

421 1923 814 2038 proﬁlentibus,
843 1923 1215 2022 universaliter
1257 1923 1570 2034 insinuarit,
1609 1923 1853 2021 ,Ilenrico
1887 1984 2015 2039 pro-
2050 1923 2094 1980 Β
2123 1945 2258 2039 Et
2279 1946 2511 2039 9915mm
2538 1956 2733 2003 ocra”
2768 1948 2839 2004 ad
2864 1946 3221 2004 wnhdmum
3261 1949 3515 2005 abbatem
3556 1950 3722 2007 doc“

421 2068 538 2131 pter
564 2060 889 2131 superbiam,
950 2060 1363 2115 inobedientiam
1404 2076 1467 2113 ac
1514 2058 1829 2131 falsitatem,
1871 2062 2018 2133 regni

422 2153 735 2225 dignitatem
768 2152 1034 2221 ablatam,
1071 2152 1345 2224 Rodolpho
1380 2168 1498 2207 vero
1530 2152 1638 2223 regi
1681 2170 1777 2224 pro
1799 2170 1897 2209 sua
1920 2154 2020 2208 hu-

425 2245 677 2313 militate,
714 2245 1017 2301 obedientia
1059 2255 1109 2301 et
1156 2247 1397 2311 veritate,
1439 2246 1760 2300 auctoritate
1783 2244 1840 2302 S.
1868 2246 2018 2302 Petri

426 2339 703 2394 collatam.

495 2453 567 2510 Χ.
606 2451 957 2511 Dodechinus
993 2453 1347 2511 continuator
1378 2450 1609 2509 Mariam
1655 2451 1817 2525 :Ipse
1847 2452 2021 2510 Urba-

425 2565 524 2603 nus
558 2546 869 2604 venerabilis
894 2563 1046 2619 papa
1078 2545 1318 2619 Gregorii
1349 2547 1549 2617 scripta
1571 2555 1620 2600 et
1643 2546 1790 2601 dicta
1835 2556 2021 2603 contra

421 2641 790 2695 schismaticos
816 2639 1002 2695 habita
1033 2639 1388 2709 conﬁrmavit.
1416 2637 1485 2694 Et
1505 2654 1653 2695 anno
1681 2637 1820 2696 1090
1848 2639 2022 2698 beatae

425 2732 710 2789 memoria:
734 2748 934 2804 papam
962 2731 1289 2804 Gregorium
1320 2730 1592 2788 nominat.

492 2846 586 2903 XI.
627 2847 937 2919 Stephanus
981 2847 1276 2920 episcopus
1300 2846 1769 2905 Halberstatensis
1791 2862 2020 2905 causam

426 2937 676 3012 Gregorii
701 2939 791 2995 Vll
815 2940 1115 2998 fortissime
1143 2948 1338 2997 contra
1370 2939 1673 2996 llenricum
1706 2956 1889 3013 regem
1911 2941 2024 3013 egit

425 3030 482 3087 in
506 3047 571 3089 ea
600 3032 836 3106 epistola
874 3050 1040 3104 quam
1073 3033 1295 3105 scripsit
1332 3034 1403 3089 ad
1426 3032 1796 3091 Waltramum
1833 3032 2024 3091 Eccle-

425 3124 524 3181 εἰπε
569 3124 1058 3198 Magdeburgensis
1126 3125 1230 3199 (sic
1283 3126 1449 3183 habet
1489 3126 1800 3183 Pistoriana
1852 3128 2022 3185 editio

427 3215 750 3289 Dodechini)
785 3219 1124 3293 episcopum,
1165 3219 1269 3275 sub
1303 3218 1529 3275 nomine
1564 3219 1827 3277 Ludovici
1847 3222 2023 3277 comi-

426 3306 520 3376 tis,
548 3324 712 3381 quem
760 3308 1102 3368 Waltramus
1153 3311 1222 3365 ad
1270 3318 1455 3381 partes
1496 3309 1718 3368 llenrici
1772 3313 2026 3384 pellicere

427 3402 733 3456 studuerat.
758 3400 954 3458 Exstat
1009 3403 1152 3473 apud
1174 3401 1551 3463 Dodcchinum
1612 3419 1759 3459 anulo
1822 3404 2027 3462 Christi

429 3490 590 3548 1090.
623 3493 771 3548 Inter
792 3503 991 3550 enitere
1028 3496 1110 3551 sic
1143 3494 1393 3566 loquitur
1428 3514 1442 3549 :
1480 3495 1623 3549 Audi
1647 3510 1788 3564 vera,
1815 3514 1917 3552 non
1940 3500 2029 3569 fu-

426 3593 586 3639 cata:
622 3585 765 3640 Audi
792 3586 978 3657 fortia,
1012 3603 1117 3642 non
1138 3589 1333 3658 faceta.
1365 3588 1552 3642 Omnis
1598 3590 1688 3660 qui
1740 3590 2026 3662 dignitates

2048 3274 2096 3335 C

424 3676 737 3746 spirituales
776 3679 973 3748 vendit,
1020 3680 1304 3736 hatreticus
1361 3690 1462 3736 est.
1524 3681 1786 3738 Dominus
1849 3694 2027 3739 autem
2083 3687 2086 3691 ’

430 3766 717 3837 Henricus,
750 3786 903 3842 quem
935 3789 1107 3844 regem
1129 3773 1338 3840 dicunt,
1360 3775 1696 3845 episcopatus
1710 3785 1760 3831 ct
1782 3777 2025 3832 abbatias

426 3863 625 3918 vendit.
659 3862 872 3918 Etenim
885 3862 1367 3934 Constantiensem,
1384 3865 1889 3939 Babeabergensem,
1908 3868 2027 3925 Μο-

424 3957 790 4027 guntinensem
816 3965 866 4011 et
898 3956 1073 4027 plures
1100 3957 1370 4029 alios,pro
1393 3961 1647 4030 pecunia;
1670 3959 2027 4032 Ratisponen-

427 4062 562 4112 sem,
593 4046 1000 4119 Augustensem,
1029 4047 1516 4122 Strasburgensem,
1544 4068 1639 4122 pro
1676 4051 1888 4122 gladio;
1925 4057 2026 4111 ab-

426 4139 630 4194 batiam
677 4138 1016 4208 Fuldensem,
1061 4158 1159 4212 pro
1205 4143 1505 4210 adulterio;
1554 4143 2025 4205 Monasteriensem

424 4231 783 4304 episcopatum
808 4233 970 4305 (quod
991 4235 1167 4290 dicere
1187 4246 1236 4291 et
1261 4237 1448 4292 audire
1469 4237 1621 4309 nefas
1646 4235 1778 4308 est!)
1801 4258 1898 4313 pro
1921 4242 2029 4299 So:

423 4325 683 4381 domitica
720 4327 1063 4385 immunditia
1106 4328 1361 4385 vendidit.
1411 4329 1565 4399 Quae,
1596 4333 1646 4386 si
1694 4333 2027 4404 impudenter

425 4434 614 4491 negare
636 4417 888 4487 volueris,
930 4428 1059 4474 teste
1091 4420 1243 4488 caelo,
1270 4431 1400 4477 teste
1434 4433 1598 4491 terra,
1635 4441 1814 4479 omnes
1861 4428 2025 4484 etiam

425 4527 460 4564 α
481 4507 639 4580 furno
664 4512 938 4569 redeuntes
968 4512 1122 4567 scioli
1167 4513 1523 4570 concludent:
1555 4514 1720 4587 Ergo,
1776 4518 2023 4576 dominus

428 4600 693 4701 Henricus
720 4603 1029 4701 “haereticus
1071 4612 1169 4659 est.
1215 4604 1328 4659 Pro
1369 4607 1562 4677 quibus
1593 4607 1839 4678 nefandis
1863 4612 2021 4671 malis

427 4695 493 4749 ub
524 4695 819 4765 apostolica
849 4698 969 4753 sede
1009 4700 1527 4775 excommunicatus,
1571 4717 1664 4756 nec
1689 4720 1904 4777 regnum
1927 4728 2019 4767 nec

388 4828 395 4840 ι
426 4794 738 4857 potestatem
762 4788 1001 4860 aliquam
1033 4806 1192 4853 super
1222 4807 1345 4859 nos,
1368 4795 1494 4865 quia
1529 4797 1781 4856 catholici
1813 4821 2017 4877 sumus,

428 4879 621 4949 poterit
643 4879 906 4937 obtinere.
1183 4894 1186 4898 '
1248 4894 1251 4895 '
1680 4890 1681 4893 “

500 4992 646 5050 intra
668 4992 814 5051 idem
860 4986 1174 5060 Stephanus
1207 5016 1226 5054 .'
1268 5001 1422 5060 Quod
1460 5020 1579 5059 vero
1615 5023 1808 5060 uanam
1832 5008 2023 5060 Crena—

2120 2037 2263 2093 idem
2284 2038 2580 2096 Anselmus
2605 2041 2935 2097 sententiam
2970 2040 3562 2099 excommunicationis
3584 2059 3722 2099 con-

2120 2140 2202 2188 tra
2228 2130 2610 2205 Henricianos,
2639 2131 2986 2192 Simoniacos
3008 2142 3064 2191 et
3106 2135 3335 2193 clericos
3366 2130 3737 2192 incontinen?

2122 2234 2204 2281 tes
2226 2226 2398 2281 latam
2425 2227 2796 2299 essejustam,
2829 2244 2895 2284 ac
2918 2227 3148 2301 proinde
3172 2229 3329 2295 tales,
3361 2237 3424 2284 ut
3452 2230 3723 2305 ecclesia-

2121 2316 2259 2373 stica
2275 2317 2667 2374 communione
2683 2319 2950 2389 privatos,
2971 2320 3470 2376 declinari‘debere;
3499 2319 3722 2377 Utrius-

2121 2421 2230 2477 que
2261 2409 2525 2478 cpistolze,
2547 2409 2801 2466 videlicet
2824 2411 2944 2481 ejus
2985 2416 3113 2482 quae
3151 2421 3238 2468 est
3258 2412 3326 2469 ad
3347 2412 3721 2483 Walramum,

2122 2496 2440 2572 episcopum
2461 2499 2993 2574 Naumburgensem,
3021 2511 3077 2558 et
3098 2502 3219 2573 ejus
3243 2520 3365 2583 quae
3379 2513 3465 2560 est
3488 2505 3558 2560 ad
3582 2504 3724 2560 Wil-

2124 2591 2367 2647 helmum
2434 2592 2709 2663 abbatem,
2776 2610 2974 2667 magna
3048 2612 3178 2652 cum
3240 2599 3723 2654 commendatione

2124 2684 2457 2742 mentionem
2498 2685 2629 2743 facit
2670 2686 3020 2747 Dodechinus
3062 2689 3119 2745 in
3144 2689 3457 2763 Appendice
3498 2691 3568 2748 ad
3605 2690 3723 2747 Ma-

2125 2777 2340 2834 rianum
2363 2794 2510 2835 anno
2524 2779 2744 2836 Domini
2768 2781 2926 2838 1094.

2193 2866 2334 2925 Xlll.
2379 2869 2707 2943 Compilatio
2754 2873 3144 2948 chronologica
3193 2877 3386 2933 incerti
3450 2879 3720 2947 auctoris,

2125 2960 2323 3017 tomol
2372 2963 2562 3034 script.
2594 2963 2903 3022 Germaniae
2943 2982 3084 3037 quos
3125 2968 3308 3025 claris.
3332 2969 3418 3024 vir
3441 2969 3503 3024 D.
3549 2969 3723 3026 Joan-

2125 3068 2224 3109 nes
2245 3051 2520 3112 Pistorius
2545 3055 2677 3111 olim
2702 3056 2908 3113 edidit:
2932 3057 3087 3112 Anno
3110 3058 3329 3115 Domini
3360 3058 3498 3115 1076
3540 3060 3723 3132 (error

2123 3153 2208 3201 est
2230 3145 2285 3200 in
2313 3149 2602 3219 tempore),
2652 3146 2934 3219 Gregorius
2983 3165 3123 3220 papa
3155 3148 3313 3221 hujus
3339 3149 3567 3204 nominis
3604 3146 3722 3204 VII

2128 3254 2160 3293 a
2186 3238 2250 3294 Β.
2292 3238 2454 3294 Petro
2479 3239 2580 3294 167
2602 3241 2901 3307 ordinatur,
2931 3251 3036 3297 etc.
3070 3232 3181 3297 Iste
3211 3242 3498 3297 vocabatur
3526 3240 3725 3297 Hilde-

2129 3331 2385 3399 orandus,
2413 3338 2462 3386 et
2498 3332 2602 3402 fuit
2643 3333 2700 3387 in
2761 3331 3053 3406 Scripturis
3097 3335 3251 3390 valde
3300 3336 3564 3404 eruditus,
3609 3346 3720 3391 etc.

2128 3420 2239 3479 Iste
2263 3442 2401 3496 papa
2428 3428 2590 3481 etiam
2626 3427 2809 3481 stricte
2831 3428 2925 3482 sub
2951 3445 3103 3499 paena
3139 3430 3369 3501 auguria
3393 3429 3645 3498 inhibuit,
3669 3437 3723 3484 et

2128 3516 2423 3590 sortilegia,
2450 3529 2500 3575 et
2524 3520 2931 3589 incantationes,
2966 3531 3014 3576 et
3039 3524 3273 3594 magicas
3299 3532 3459 3577 artes.

2194 3598 2331 3665 XIV.
2357 3612 2686 3669 Godel‘ridus
2707 3610 3069 3670 Vitcrbiensis
3095 3633 3107 3668 :
3134 3611 3257 3685 Ipse
3280 3611 3565 3686 Gregorius
3577 3630 3721 3685 papa

2126 3702 2196 3755 ad
2219 3700 2519 3761 Simoniam
2580 3706 2982 3779 exstirpandam
3030 3717 3082 3762 et
3114 3706 3428 3762 clericorum
3482 3708 3719 3761 inconti—

2127 3794 2360 3852 nentiam
2396 3799 2783 3870 reprimendam
2808 3799 3101 3869 intendens,
3126 3801 3498 3872 imperatorem
3542 3800 3721 3871 ipsum

2125 3892 2196 3946 ad
2223 3893 2506 3964 synodalia
2531 3911 2628 3965 pro
2653 3893 2958 3964 hujusmodi
2985 3896 3283 3968 frequenter
3315 3894 3539 3949 vocavit.
3573 3893 3719 3951 Con-

2126 3985 2286 4039 nubia
2311 3984 2643 4055 clericorum,
2668 4003 2701 4040 a
2722 3986 3112 4043 subdiaconatu
3144 3998 3194 4044 et
3218 4004 3404 4060 supra,
3430 4004 3524 4059 per
3549 3997 3719 4043 totum

2126 4076 2302 4132 orbem
2325 4075 2645 4145 Romanum,
2682 4077 2853 4131 edicto
2877 4079 3150 4148 decretali,
3203 4082 3259 4135 in
3305 4090 3563 4135 internum
3588 4096 3718 4152 pro-

2126 4171 2316 4240 hibuit,
2364 4187 2426 4225 ac
2471 4171 2701 4243 seipsum
2745 4170 3001 4227 athletam
3036 4171 3134 4227 Dei
3162 4190 3257 4243 pro
3306 4173 3463 4229 domo
3496 4173 3718 4233 Domini

2126 4279 2335 4317 murum
2355 4265 2652 4319 constituit.

2194 4363 2311 4420 XV.
2350 4365 2668 4422 Fasciculus
2690 4372 3020 4436 temporum,
3066 4360 3164 4423 Seu
3203 4365 3504 4425 Wet-uerus
3555 4367 3721 4424 Bole-

2123 4448 2339 4513 winék:
2375 4457 2485 4513 Iste
2506 4458 2790 4530 Gregorius
2813 4458 2918 4531 fuit
2940 4460 3021 4513 vir
3039 4467 3351 4529 sanctus,et
3382 4459 3582 4516 multas
3604 4477 3723 4532 per-

2126 4553 2416 4624 secutiones
2443 4568 2538 4622 pro
2563 4538 2784 4623 justitia
2809 4542 3083 4623 perpessus
3114 4561 3212 4608 est.
3252 4552 3358 4607 Hic
3383 4563 3540 4609 antea
3566 4555 3716 4609 dice-

2319 4641 2740 4711 Hildebrandus,
2773 4645 2922 4716 prior
2955 4642 3355 4711 Cluniacensis;
3403 4655 3456 4700 et
3485 4647 3593 4719 fuit
3638 4646 3717 4702 le-

2127 4744 2282 4807 gatus
2312 4736 2369 4790 in
2395 4734 2595 4807 Gallia,
2627 4746 2677 4792 et
2699 4738 2829 4792 dure
2851 4739 3107 4811 processit
3129 4747 3314 4793 contra
3358 4736 3716 4799 Simoniacos.

2129 4827 2425 4895 Quemdam
2464 4831 2625 4893 etiam
2656 4832 2957 4901 episcopum
3012 4829 3329 4887 miraculose
3362 4831 3488 4885 vicit
3529 4833 3597 4886 de
3624 4830 3717 4887 Si—

2128 4922 2337 4987 monia;
2359 4907 2485 4995 quia
2510 4939 2613 4977 non
2634 4923 2819 4993 potuit!
2850 4922 3210 4976 contradicere
3251 4920 3480 4993 Spiritui
3509 4933 3716 4979 sancto.

2134 5010 2332 5060 Factus
2367 5023 2543 5060 agitem
2572 5031 2727 5060 nnnn-
2759 5012 3019 5060 synodum
3045 5012 3343 5060 celebravit-
3376 5015 3430 5060 in
3459 5031 3566 5060 mm
3591 5032 3720 5060 non-
