3962 5348
184 329 294 380 του

958 321 1499 379 ιιιωωιιουῃελλλ.
1539 352 1610 364 -
1644 323 1992 381 APOLOGIA
2006 323 2164 382 «PRO
2198 324 2557 382 GBEGORIO
2596 325 2707 383 VII.

3363 330 3471 386 210

184 440 357 494 dium.
394 439 504 506 Qui
536 448 653 510 post
700 440 907 496 veniens
952 440 1023 493 ad
1047 439 1241 510 ipsum,
1264 448 1315 494 et
1338 437 1580 511 pluribus
1606 438 1789 494 diebus
1818 450 1867 509 Α
1960 438 2039 495 De
2063 438 2255 497 eodem
2300 438 2558 510 pontiﬁce
2586 439 2728 496 idem
2761 437 3051 500 Bertoldus
3084 456 3233 500 anno
3262 442 3469 502 Christi

186 532 342 586 nudis
372 532 601 603 pedibus
634 550 788 603 super
817 532 1041 605 glaciem
1072 542 1241 600 stans,
1273 534 1361 587 vix
1402 531 1785 587 absolutionem

184 625 518 695 impetravit.
550 623 652 679 Sed
682 627 970 696 imperator
1004 642 1107 680 non
1139 626 1486 697 perseveravit
1515 625 1571 679 in
1594 624 1784 679 humili

185 718 513 784 obedientia,
536 736 693 791 quam
721 719 895 790 carpit.
928 792 933 796 '

250 808 396 865 XVI.
441 809 655 869 Paulus
677 810 1107 867 Bernriedensis.

248 900 418 957 XVII.
476 903 763 961 Gerochus
827 901 1402 974 Rcichcrspergensis,
1444 901 1511 958 de
1552 910 1787 972 utroque

182 995 285 1050 ista
321 994 641 1052 Aventinus
685 996 824 1051 libro
872 1012 906 1050 v
935 994 1231 1050 Annalium
1284 993 1543 1066 Bojorum
1591 1012 1604 1049 :
1659 991 1786 1065 Legi

184 1084 402 1154 multos,
430 1091 735 1159 praesertim
760 1087 994 1143 Paulum
1022 1087 1470 1155 Bernriedensem,
1496 1085 1788 1143 Gerochum

182 1178 738 1252 Beiclterspergensem
773 1181 1090 1247 antistitem,
1121 1180 1539 1252 Augustinianos
1565 1186 1785 1249 mystas,

183 1273 239 1325 in
272 1270 506 1342 Bojaria
535 1283 700 1327 ortos.
738 1271 963 1346 Uterque
1007 1273 1071 1328 de
1107 1272 1469 1344 hujuscemodi
1520 1270 1789 1324 discordia

183 1365 487 1433 perniciosa
521 1364 687 1420 libros
710 1366 911 1441 edidit;
942 1375 1161 1436 uterque
1192 1383 1317 1436 pars
1349 1364 1507 1435 hujus
1532 1354 1789 1417 tumultus

185 1457 289 1524 fuit
317 1472 336 1508 :
358 1442 479 1524 ille,
506 1455 917 1530 Reginoburgii;
946 1458 1051 1525 hic,
1080 1457 1335 1530 Augusta:
1362 1457 1636 1528 primariae
1658 1456 1790 1510 azdis

185 1549 458 1602 sacerdos.
510 1548 681 1604 Ambo
738 1551 889 1605 rebus
940 1549 1299 1605 Hildebrandi
1358 1549 1635 1614 studuere,
1681 1556 1786 1603 etc.

191 1638 513 1696 Heinricum
544 1643 767 1714 stupris,
806 1644 1098 1712 amoribus,
1131 1644 1480 1715 impudicitia:
1512 1651 1561 1697 et
1584 1641 1793 1697 adulte-

189 1733 258 1785 rii
287 1734 554 1805 flagrasse
593 1736 847 1806 infamia,
891 1752 954 1791 ne
987 1737 1150 1791 amici
1173 1736 1385 1808 quidem
1427 1744 1641 1807 negant,
1681 1743 1787 1790 etc.

1891 531 2029 587 10-76
2088 552 2100 586 :
2150 531 2365 597 Cincius
2425 532 2644 604 quidam
2692 532 2959 589 Romanus
2997 535 3125 590 civis
3162 533 3472 608 Gregorium

1886 641 2104 697 papam,
2134 626 2220 681 die
2263 626 2578 680 Natiritatis
2611 625 2847 695 Domini,
2895 629 3179 683 missarum
3213 627 3472 685 solemnia

1887 718 2236 773 celebrantem
2276 717 2699 787 comprehendit;
2742 735 2896 790 quem
2936 719 3014 774 ita
3045 719 3473 790 comprehensum

1885 809 2105 883 quidam
2129 808 2476 871 exmilitibus
2496 809 2730 880 ejusdem
2766 808 2941 867 Cincii
2964 811 3199 868 occidere
3232 812 3472 867 destina-

1888 905 1984 959 vit.
2020 902 2123 959 Sed
2146 920 2269 958 cum
2311 904 2549 975 gladium
2578 920 2740 974 supra
2775 914 2933 974 caput
2970 903 3085 975 ejus
3112 905 3360 972 vibraret,
3396 905 3477 960 ni-

1889 998 1996 1051 mio
2032 1006 2229 1051 terrore
2275 1006 2566 1068 correptus,
2611 997 2835 1064 corruit,
2859 1012 2951 1051 nec
2981 995 3265 1066 incoeptum
3308 997 3474 1051 ictum

1886 1090 2094 1162 explere
2116 1090 2311 1162 potuit.

1960 1182 2231 1239 Recenset
2278 1181 2422 1237 idem
2458 1180 2747 1239 Bertoldus
2792 1181 3055 1237 nonnulla
3103 1180 3303 1243 divina:
3354 1180 3476 1234 viu-

1889 1275 2049 1330 dicta:
2085 1274 2334 1345 exempla
2374 1274 2429 1329 in
2466 1274 2814 1331 adversarios
2849 1272 3096 1344 Gregorii
3121 1271 3210 1327 VII
3243 1281 3298 1328 et
3333 1270 3478 1328 Hen-

1891 1368 1989 1424 rici
2035 1366 2181 1438 regis
2217 1367 2479 1427 asseclas.
2526 1364 2661 1434 Quae
2708 1368 2986 1423 ascribere
3025 1367 3220 1422 lubet:
3270 1364 3479 1421 Vercel-

1891 1458 2052 1513 lensis
2081 1459 2378 1529 episcopus,
2403 1460 2629 1531 depositi
2654 1461 2794 1531 regis
2823 1458 3196 1525 cancellarius,
3221 1474 3341 1512 cum
3365 1474 3480 1512 om-

1893 1552 2047 1606 nibus
2072 1552 2186 1607 suis
2231 1553 2543 1625 sequacibus
2575 1552 2899 1625 colloquium
2929 1551 3169 1624 generale
3191 1551 3336 1606 circa
3361 1548 3412 1605 Κ
3414 1567 3479 1604 a-

1893 1643 2078 1700 lendas
2103 1644 2238 1700 Maii
2253 1645 2310 1700 in
2332 1644 2645 1702 Rumalibus
2664 1646 2925 1712 condixit,
2944 1654 3023 1712 ut,
3054 1645 3102 1699 si
3122 1643 3305 1715 aliquo
3327 1642 3482 1698 modo

1893 1749 2089 1811 posset,
2142 1738 2455 1813 Gregorium
2510 1758 2707 1812 papam
2750 1740 3062 1811 deponeret;
3114 1738 3204 1793 sed
3258 1735 3484 1808 ipse,“

192 1821 505 1896 Gregorium
538 1828 713 1882 virum
756 1829 1153 1884 sanctissimum
1194 1828 1603 1900 pervicaciorem
1625 1827 1794 1883 exsti-
1829 1818 1870 1874 Β
1894 1835 2135 1890 eumdem
2166 1836 2449 1890 terminum
2486 1835 2679 1906 absque
2697 1833 3059 1889 ecclesiastica
3093 1832 3482 1895 communione,

192 1917 316 1971 tisse
361 1918 575 1975 Paulus
620 1921 1043 1990 Bernriedensis,
1093 1923 1183 1994 qui
1232 1922 1348 1992 ejus
1419 1920 1597 1976 Vitam
1638 1919 1792 1976 libris

190 2008 393 2065 duobus
429 2014 741 2085 complexus
762 2024 861 2081 est,
891 2024 941 2069 et
981 2015 1171 2088 reliqui
1213 2017 1329 2088 ejus
1358 2016 1595 2087 partium
1642 2031 1792 2069 acer-

192 2102 314 2156 rimi
334 2118 759 2178 propugnarores
784 2108 1035 2180 produnt.

265 2197 508 2262 Qumsivi
537 2200 680 2255 duos
707 2199 875 2256 hosce
901 2210 1158 2258 auctores
1206 2200 1262 2255 in
1305 2199 1533 2256 Bavaria
1554 2207 1609 2255 ct
1636 2208 1790 2256 extra

194 2286 504 2360 diligenter,
529 2293 733 2362 partim
758 2308 905 2358 mea,
930 2294 1129 2364 partim
1154 2294 1463 2349 amicorum
1483 2309 1669 2364 opera,
1692 2308 1793 2351 nec

195 2383 404 2453 repsri;
430 2400 559 2440 cum
576 2394 761 2440 tamen
782 2395 995 2444 certum
1019 2386 1091 2441 sit
1116 2387 1407 2457 utriusque
1433 2393 1793 2442 monumenta

195 2473 308 2529 sisa
325 2484 384 2530 et
404 2476 569 2543 lecta,
598 2475 783 2533 forsan
808 2486 864 2533 et
889 2478 1125 2549 expilata
1149 2495 1271 2536 esse
1294 2478 1363 2534 ab
1384 2479 1674 2545 Aventino,
1698 2478 1797 2549 qui

196 2565 388 2619 colem
423 2564 567 2619 libro
602 2569 800 2636 quinto
834 2567 970 2636 haec,
1006 2584 1130 2640 quae
1173 2570 1241 2625 de
1272 2568 1568 2625 Wilhclmo
1606 2568 1796 2640 Traje-

198 2656 370 2712 ειεξιιεὶ
391 2658 715 2729 accipienda
763 2660 1018 2716 videntur
1066 2680 1080 2718 :
1130 2661 1339 2718 Paulus
1393 2662 1795 2719 Bernriedensis

200 2758 384 2803 narrat
406 2750 715 2821 episcopum
744 2752 1047 2824 quemdam,
1088 2753 1219 2808 dum
1237 2772 1333 2826 pro
1382 2758 1634 2812 concione
1680 2755 1800 2811 Hil-

199 2841 531 2897 debrandum
562 2846 901 2916 vituperaret,
927 2846 1151 2917 fulmine
1183 2859 1382 2905 tactum
1416 2867 1545 2919 esse,
1571 2852 1798 2923 dumque

202 2945 375 3006 ageret
410 2938 676 3006 animum,
714 2939 917 2995 dixisse
944 2957 962 2994 :
995 2960 1015 2994 ι
1057 2939 1223 3012 Ignea
1250 2952 1437 2999 catena
1477 2945 1797 2999 constrictus

204 3027 387 3081 trahor
411 3029 485 3083 ad
508 3030 740 3102 inferos;
763 3032 857 3099 ite,
886 3034 1127 3088 nuntiate
1157 3034 1382 3102 Caesari,
1409 3044 1468 3089 ut
1498 3036 1796 3106 resipiscat,

203 3127 248 3171 et
270 3119 548 3190 ﬂagitium
572 3122 630 3174 in
671 3119 864 3192 Deum,
907 3124 1086 3178 divum
1133 3123 1376 3192 Petrum,
1399 3126 1512 3196 ejus
1538 3127 1797 3181 vicarium

204 3213 567 3278 commissum,
593 3213 788 3284 ofﬁciis
814 3224 1131 3286 compenset,
1167 3217 1271 3270 nisi
1299 3233 1379 3271 me
1413 3217 1801 3272 antecedentem

205 3303 270 3356 ad
301 3314 508 3359 interna
534 3304 799 3376 supplicia
831 3306 1076 3378 subsequi
1119 3309 1292 3363 malit.
1324 3327 1343 3359 ι
1378 3306 1578 3362 Eodem
1601 3324 1802 3380 quoque

205 3394 308 3459 die,
340 3412 528 3467 nempe
558 3395 900 3467 paschalibus
944 3409 1136 3471 quarto
1180 3399 1310 3455 Kal.
1352 3399 1561 3465 Martii,
1578 3410 1637 3453 ut
1662 3400 1803 3457 idem

210 3484 415 3543 Paulus
446 3491 659 3557 recitat,
684 3492 960 3562 episcopus
995 3490 1280 3562 Spirensis,
1307 3492 1559 3564 Gregorio
1580 3493 1802 3563 septimo

208 3583 442 3653 iniquus,
478 3584 546 3637 ab
573 3584 753 3639 eodem
772 3583 1033 3641 Kalendis
1060 3585 1274 3641 Martiis
1300 3587 1535 3653 devotus,
1568 3588 1804 3642 animam

211 3674 416 3743 efflavit.
478 3672 729 3748 Gregorio
790 3676 1074 3732 Salernum
1117 3680 1340 3750 profugo
1386 3679 1636 3742 intrante,
1673 3676 1802 3747 civis

212 3767 427 3836 quidam
450 3767 664 3821 dixerat
700 3784 718 3822 :
748 3771 950 3823 Auctor
979 3771 1343 3837 dissensionis,
1379 3768 1469 3841 qui
1513 3777 1680 3823 totum
1715 3784 1803 3822 or-

217 3855 325 3909 bem
360 3867 631 3911 terrarum
680 3861 850 3913 armis
894 3869 944 3915 et
983 3861 1131 3916 bellis
1172 3860 1412 3928 involvit,
1458 3860 1615 3930 hujus
1657 3859 1803 3912 urbis

213 3966 410 4020 quoque
434 3951 660 4024 quietem
700 3953 1111 4009 conturbaturus
1143 3954 1373 4010 advenit.
1413 3952 1540 4008 Mox
1566 3952 1677 4019 ille,
1721 3951 1802 4005 his

216 4042 391 4109 dictis,
420 4044 768 4109 obmutescit;
795 4044 1054 4099 deductus
1090 4044 1163 4099 ad
1206 4043 1536 4116 Gregorium,
1572 4057 1804 4097 errorem

217 4152 361 4188 suum
393 4137 699 4207 conﬁtetur,
725 4138 796 4192 ad
820 4138 1002 4192 eodem
1026 4138 1251 4194 sanitati
1287 4136 1603 4191 restituitur.

284 4226 471 4283 XVIII.
534 4227 863 4286 Bertholdus
908 4228 1373 4297 Constantiensis,
1419 4230 1475 4284 in
1502 4226 1801 4293 Chronico,

222 4318 264 4373 si
314 4327 499 4375 tamen
542 4319 797 4378 diversus
852 4330 941 4377 est
983 4338 1016 4377 a
1067 4321 1339 4377 Bernaldo
1368 4317 1802 4383 Constantiensi,

220 4411 372 4480 cujus
395 4426 538 4465 nova
563 4427 663 4482 pro
689 4411 959 4484 Gregorio
982 4412 1072 4467 VII
1095 4412 1408 4469 testimonia
1429 4411 1543 4482 jam
1566 4410 1805 4481 primum

1895 1927 2058 1979 vitam
2093 1926 2257 1980 simul
2304 1935 2355 1981 et
2393 1927 2776 1997 episcopatum,
2826 1925 2926 1979 heu
2953 1921 3367 1979 miserabiliter!
3387 1922 3482 1976 de-

1892 2018 2087 2087 posuit,
2121 2033 2227 2089 quo
2260 2016 2353 2072 ille
2374 2033 2570 2088 papam
2615 2016 2825 2087 nefaria
2856 2016 3263 2087 prtesumptione
3291 2015 3485 2070 statuit

1888 2108 2165 2179 deponere.
2217 2106 2339 2163 Non
2377 2109 2545 2163 multo
2579 2117 2697 2179 post
2725 2108 2840 2179 ejus
2864 2109 3161 2175 interitum,
3193 2106 3480 2178 pratfectus

1892 2199 2146 2256 Romana:
2168 2200 2335 2268 urbis,
2368 2199 2663 2271 indefessus
2690 2198 2841 2254 miles
2874 2197 2933 2255 S.
2962 2197 3115 2253 Petri
3141 2207 3327 2252 contra
3350 2196 3490 2252 schi-

1894 2293 2170 2358 smaticos,
2195 2309 2227 2346 a
2250 2292 2481 2364 quodam
2510 2292 2719 2363 fautore
2756 2290 2979 2346 Henrici
3013 2288 3304 2345 crudeliter
3340 2289 3489 2343 occi-‘

1894 2384 2077 2450 ditur;
2111 2384 2181 2438 ad
2224 2384 2374 2454 cujus
2408 2400 2597 2454 corpus
2629 2384 2687 2439 in
2711 2399 2873 2455 parvo
2897 2392 3144 2454 tempore,
3175 2381 3295 2453 plus
3327 2397 3490 2453 quam

1896 2478 2086 2548 viginti
2114 2476 2381 2533 miracula
2411 2477 2764 2549 contigerunt,
2800 2485 2859 2530 ut
2886 2475 3121 2532 ﬁdelium
3146 2477 3381 2531 virorum
3400 2484 3489 2529 re-

1897 2569 2097 2623 latione
2116 2569 2423 2624 didicimus.
2450 2566 2686 2623 lmbrico
2710 2568 3056 2639 Augustensis
3076 2568 3373 2638 episcopus,
3396 2566 3495 2637 qui

1898 2660 1955 2714 in
1977 2660 2249 2729 prseterito
2291 2658 2505 2715 Pascha
2537 2658 2821 2731 Rudolpho
2851 2660 2962 2731 regi
2996 2658 3311 2730 ﬁdelitatem
3327 2658 3493 2728 jura!

1860 2802 1867 2807 .
1898 2752 1993 2817 vit,
2020 2751 2097 2805 nil
2131 2750 2195 2806 de
2224 2751 2461 2821 perjurio
2481 2767 2695 2817 curans,
2722 2749 2952 2805 Henrico
2980 2750 3279 2805 advenienti
3302 2748 3509 2803 adita-o1

1899 2843 1993 2908 sit,
2019 2851 2068 2896 et
2099 2841 2242 2910 apud
2274 2841 2429 2896 illum
2472 2843 2709 2913 quadam
2729 2841 2817 2897 die
2838 2843 3061 2897 missam
3093 2841 3317 2911 faciens,
3351 2839 3495 2895 hanc

1900 2931 2005 2986 sibi
2057 2934 2417 2987 conditionem
2446 2934 2606 2987 miser
2630 2933 2883 3003 imposuit
2918 2941 2975 2987 ut
2999 2948 3155 2986 sacra
3201 2930 3493 2987 oblationis

1901 3023 2164 3092 perceptio
2199 3022 2256 3075 in
2277 3022 2547 3092 judicium
2575 3024 2623 3078 ei
2647 3023 2965 3094 proveniret,
2997 3023 3046 3077 si
3091 3022 3350 3077 Dominus
3369 3021 3493 3092 ejus

1909 3111 2173 3167 Henricus
2212 3130 2429 3184 regnum
2472 3114 2576 3169 sibi
2601 3115 2796 3185 injuste
2843 3123 3145 3185 usurparet.
3191 3113 3321 3169 Post
3352 3113 3491 3169 hanc

1829 3180 1871 3237 Ο
1905 3207 2243 3261 temerariam
2267 3180 2677 3278 perceptionem,
2702 3224 2863 3278 parvo
2884 3180 3023 3279 quod
3045 3207 3333 3278 supervixit
3359 3215 3497 3263 teme

1902 3316 2027 3369 pore
2057 3315 2221 3371 usque
2266 3299 2338 3354 ad
2376 3308 2599 3355 mortem
2643 3317 2911 3372 nunquam
2952 3316 3008 3354 se
3031 3315 3221 3357 sanum
3259 3298 3323 3354 de
3355 3297 3492 3355 lecto

1902 3389 2113 3447 levavit.
2163 3388 2310 3445 Nam
2354 3391 2502 3447 circa
2531 3388 2660 3445 Kal.
2694 3388 3079 3461 Juliiabsque
3124 3387 3495 3445 eeclesiastiu

1904 3484 2271 3551 communione
2316 3484 2597 3556 defunctus
2626 3492 2724 3539 est.
2764 3482 2907 3539 Item
2951 3481 3278 3554 Sigehardus
3315 3482 3497 3553 Aquiq

1903 3576 2115 3632 leiensis
2148 3576 2461 3648 patriarcha
2487 3577 2545 3633 in
2572 3575 2839 3632 auxilium
2880 3575 3113 3637 Henrico
3147 3584 3333 3629 contra
3356 3575 3497 3631 bona

1904 3683 2031 3729 num
2067 3666 2375 3738 apostolici,
2398 3675 2611 3722 armata
2639 3682 2800 3723 manu
2833 3666 3064 3733 veniens,
3105 3666 3161 3720 in
3202 3665 3493 3721 amentiam

1905 3762 2128 3818 vertitur
2155 3760 2298 3832 apud
2341 3758 2714 3831 Ratisponam,
2749 3768 2800 3815 et
2833 3775 2898 3815 ex
2941 3759 3056 3829 ipso
3084 3760 3275 3814 itinere
3305 3774 3499 3829 repen-q

1905 3853 2018 3907 tina
2051 3861 2216 3907 morte
2236 3852 2593 3922 intercipitur,
2627 3852 2805 3923 sicque
2831 3851 3069 3917 domum,
3104 3867 3209 3907 non
3241 3852 3357 3906 sine
3386 3849 3497 3909 alia

1903 3944 2095 4014 quibus
2124 3959 2345 3998 suorum
2380 3942 2676 4013 funeribus,
2723 3942 2782 3998 in
2816 3958 3031 4014 corpore
3060 3950 3110 3997 et
3140 3942 3323 3996 anima
3346 3958 3494 3997 mor-

1907 4051 2048 4109 tuus,
2076 4040 2465 4113 reportabatur.

1976 4134 2124 4189 Idem
2158 4132 2468 4199 Bertoldus,
2508 4146 2661 4187 anno
2687 4130 2827 4186 1085
2870 4149 2885 4186 :
2926 4127 3032 4185 Sed
3059 4129 3178 4200 jam
3202 4128 3348 4183 Deus
3374 4143 3494 4182 om-

1907 4227 2145 4297 nipotens
2202 4224 2466 4292 famulum
2517 4237 2673 4276 suum
2718 4219 3027 4291 Gregorium
3063 4234 3258 4289 papam
3310 4216 3505 4271 nolena

1907 4316 2112 4370 diutius
2139 4312 2406 4378 laborare,
2436 4312 2545 4365 imo
2573 4326 2670 4381 pro
2701 4309 2970 4363 laboribus
2997 4309 3109 4363 suis
3134 4308 3289 4378 digne
3319 4322 3498 4360 remus

1908 4422 2092 4461 nerare
2133 4403 2332 4470 volens,
2368 4404 2433 4459 de
2461 4402 2617 4473 hujus
2649 4403 2771 4457 vita:
2812 4400 3077 4472 ergastulo
3106 4416 3228 4455 eum
3270 4399 3493 4453 vocavit.

220 4501 269 4556 in
295 4504 473 4559 lucem
502 4504 810 4575 promimus
837 4523 850 4560 :
891 4504 1071 4562 Roma'
1100 4505 1406 4561 Alexander
1432 4520 1573 4576 papa
1624 4504 1804 4560 deces-
1839 4540 1883 4595 υ
1912 4496 2055 4553 Nam
2080 4496 2359 4569 aliquanto
2404 4504 2636 4595 tempore
2664 4493 2892 4565 graviter
2928 4507 3141 4595 corpore
3166 4488 3495 4595 infirmatus,

219 4594 319 4659 sit;
340 4611 437 4665 pro
470 4611 574 4665 quo
609 4595 928 4650 venerabilis
963 4595 1386 4664 Hildebrandus,
1419 4594 1675 4650 Romanae
1700 4593 1807 4649 Ec-

220 4685 387 4741 clesia:
448 4686 865 4741 archidiaconus
894 4727 911 4754 ,
968 4688 1235 4741 communi
1286 4687 1523 4741 omnium
1585 4686 1807 4740 consilio

218 4776 477 4846 expetitur
513 4792 656 4847 papa
695 4776 1123 4831 constituendus.
1171 4776 1287 4843 Quo
1331 4776 1540 4844 audito,
1572 4776 1682 4847 ipse
1719 4792 1810 4830 ar-

218 4868 556 4922 chidiaconus
601 4884 656 4922 se
704 4868 910 4923 viribus
960 4884 1071 4923 esse
1104 4869 1361 4939 imparem
1398 4877 1545 4923 tanta
1593 4867 1802 4933 honori,

219 4960 316 5013 imo
350 4962 523 5027 oneri,
569 4972 848 5032 reputans,
882 4959 1125 5014 inducias
1156 4960 1503 5030 respondendi
1556 4960 1731 5031 petiit,
1755 4966 1805 5013 et

220 5051 288 5105 sic
321 5051 452 5122 fuga
489 5049 725 5121 elapsus,
768 5050 976 5121 aliquot
1021 5050 1136 5105 dies
1172 5052 1241 5105 ad
1296 5050 1521 5106 Vincula
1558 5050 1616 5107 S.
1663 5049 1813 5105 Petri

217 5144 512 5198 occultatus
542 5143 724 5198 latuit.
756 5140 865 5199 Sed
890 5142 1100 5197 tandem
1123 5143 1211 5197 vix
1235 5144 1495 5208 intentus,
1519 5152 1568 5198 et
1590 5141 1660 5196 ad
1687 5157 1815 5213 apo-

218 5236 460 5291 stolicam
493 5236 670 5291 sedem
722 5236 776 5291 vi
826 5235 1131 5306 perductus,
1166 5252 1306 5307 papa
1358 5232 1534 5289 CLIX
1589 5236 1811 5305 septimo

227 5325 365 5348 1.7-.-.
402 5337 425 5348 Α
497 5327 547 5348 υ
589 5330 623 5342 ⁸⁵
686 5346 693 5348 .
724 5328 960 5348 -J.‘---A-_.-
1028 5338 1066 5348 -4
1119 5327 1158 5348 ΙἾ

1912 4592 2002 4647 sed
2026 4592 2081 4645 in
2112 4590 2418 4662 defensione
2452 4586 2686 4658 justitia:
2714 4601 2874 4655 usque
2903 4583 2973 4638 ad
2995 4591 3215 4636 mortem
3244 4580 3498 4651 βηηίεείες

1916 4699 2054 4751 mus,
2082 4680 2294 4738 Salerni
2323 4680 2467 4735 diem
2490 4677 2684 4733 clausit
2731 4684 3040 4730 extremum.
3077 4670 3156 4727 De
3178 4671 3328 4742 cujus
3353 4669 3501 4727 obitu

1915 4793 2093 4831 omnes
2135 4775 2371 4846 religiosi
2393 4773 2667 4842 utriusque
2710 4783 2886 4833 sexus,
2913 4774 2963 4820 et
2995 4766 3225 4823 maxime
3246 4777 3502 4835 pauperes

1915 4868 2218 4925 doluerunt.
2244 4867 2381 4923 Erat
2404 4866 2545 4922 enim
2572 4861 2847 4919 catholica:
2877 4858 3147 4931 religionis
3175 4856 3505 4929 ferventissi-

1918 4975 2033 5017 mus
2074 4962 2371 5026 institutor,
2398 4966 2448 5011 et
2484 4954 2861 5011 ecclesiastica:
2895 4950 3159 5008 libertatis
3194 4946 3506 5007 strenuissi-

1916 5066 2033 5106 mus
2058 5053 2325 5123 defensor.
2358 5047 2550 5103 Noluit
2571 5066 2701 5104 sane
2723 5054 2781 5103 ut
2803 5044 3198 5103 ecclesiasticus
3233 5042 3363 5098 ordo
3400 5044 3513 5094 ma‘

1914 5143 2070 5198 nibus
2096 5143 2358 5200 laicorum
2381 5139 2699 5208 subjaceret,
2728 5139 2818 5195 sed
2843 5139 3066 5208 eisdem,
3083 5147 3133 5196 et
3160 5149 3366 5191 morum
3391 5142 3516 5185 sana

1913 5234 2119 5303 etitate,
2154 5244 2205 5291 et
2230 5231 2433 5288 ordinis
2457 5229 2724 5302 dignitate
2749 5233 3150 5303 prwemineret;
3189 5224 3329 5301 quod
3353 5219 3515 5278 illum

1919 5326 2079 5348 1—1-..-
2119 5343 2216 5348 μ---
2258 5322 2448 5348 ..-1-..21
2528 5326 2663 5346 --ςὲκγ
2690 5343 2715 5345 μ
2734 5339 2819 5346 μ-.-
2862 5322 2959 5344 -3---
2984 5326 3003 5344 1
3142 5314 3403 5342 ..---l-':a:
3428 5322 3514 5340 th;

2258 5340 2317 5348 ..Α
