3962 5348
340 344 347 355 '
448 324 547 382 ﬁll

1653 323 1709 382 S.
1759 323 2161 384 GREGORIUS
2205 325 2296 382 VII
2336 326 2532 382 PAPA.

3619 323 3722 381 2i!

447 460 652 517 supera
689 445 977 499 vocationis
1014 442 1253 521 βραϐεῖον
1287 441 1546 513 accepisse
1593 456 1697 497 non
1731 442 2029 509 dubitatur,
2063 447 2110 503 Α
2133 444 2363 514 episcopi
2390 441 2609 514 singuli,
2630 441 2805 495 missis
2825 456 3010 511 apapa
3026 439 3276 512 Gregorio
3302 439 3541 511 epistolis
3558 456 3578 491 :
3588 454 3723 510 pric-

449 539 687 611 sepultus
736 536 949 594 Salerni
981 538 1037 591 in
1069 536 1297 591 ecclesia
1340 533 1527 590 Sancti
1560 533 1825 601 Matthati,
1847 551 2031 607 'quam

448 626 561 703 ipse
582 633 764 688 eodem
795 642 934 686 anno
961 622 1242 686 dedicavit.
1279 628 1397 685 'Scd
1435 627 1716 685 Guibertus
1746 629 2030 685 hceresiar-

449 725 550 780 cha
596 725 824 780 multum
871 724 933 779 de
976 723 1122 778 obitu
1173 724 1287 793 ejus
1338 721 1641 788 lcetabatur,
1678 720 1800 775 licet
1842 735 2033 791 parum

448 818 955 888 prosperitatis-suae
985 816 1131 886 parti
1152 816 1209 869 in
1238 832 1298 870 eo
1328 813 1651 870 lucraretur.
1690 812 1832 868 Nam
1855 828 2032 866 omnes

450 902 705 961 catholici
746 915 864 977 post
898 914 1119 960 mortem
1152 905 1357 959 domini
1389 904 1669 976 apostolici
1712 919 1816 959 non
1856 903 2032 956 minus

449 1006 609 1071 quam
634 1007 775 1065 ante,
797 998 967 1057 eidem
998 998 1367 1054 hieresiarcha:
1411 999 1734 1064 restiterunt,
1760 997 2035 1067 ipsumque

451 1091 517 1145 de
548 1090 715 1144 Roma
740 1089 1044 1144 Ravennam
1076 1090 1324 1161 repedare
1345 1088 1729 1170 compulerunt.

524 1180 666 1238 XIX.
711 1182 1043 1250 Bernardus,
1081 1183 1319 1254 primum
1342 1180 1848 1239 Constantiensium
1873 1180 2037 1238 scho-

452 1277 634 1331 larum
682 1278 966 1348 magister,
1017 1286 1207 1348 postea
1250 1277 1557 1332 monachus
1587 1275 1939 1331 Corbeiensis
1978 1274 2035 1329 in

456 1365 856 1439 Saxonia,-pro
886 1367 1147 1439 Gregorio
1189 1367 1282 1423 νη
1325 1368 1630 1440 apologiam
1674 1356 1928 1436 scripsit,
1968 1364 2038 1419 de

454 1474 567 1530 qut)
614 1458 902 1515 Bertoldus
941 1458 1385 1515 Constantiensis
1420 1460 1475 1513 in
1518 1457 1798 1513 Chronico
1841 1455 1909 1511 ad
1939 1469 2041 1511 an-

454 1559 587 1606 num
636 1550 783 1606 1888
828 1569 843 1607 :
897 1550 1205 1607 Bernartius
1255 1549 1744 1607 Gonstantiensium
1789 1547 2043 1619 magister

455 1639 782 1711 scholarum,
818 1643 900 1698 vir
925 1644 1340 1710 eruditissimus,
1377 1643 1433 1697 in
1467 1659 1631 1698 causa
1663 1639 1721 1697 S.
1761 1640 1911 1696 Petri
1934 1639 2043 1708 fer-

453 1735 805 1803 ventissimus,
850 1737 909 1790 in
953 1734 1189 1797 Saxonis
1234 1736 1330 1791 sub
1378 1736 1675 1795 monastica
1713 1732 2039 1806 professione

455 1828 709 1900 migravit
731 1828 802 1883 ad
827 1828 1134 1888 Dominum.

528 1918 604 1975 De
624 1920 837 1988 eodem,
869 1920 938 1975 ad
966 1934 1176 1975 annum
1199 1920 1359 1989 4091,
1383 1920 1526 1977 idem
1545 1918 1834 1975 Bertoldus
1867 1934 1879 1969 :
1907 1916 2040 1971 Ber-

455 2010 657 2073 nartius
680 2010 885 2084 quoque
906 2010 1396 2068 Constantiensium
1435 2011 1739 2067 scholarum
1766 2011 2039 2081 magister,

457 2102 633 2161 malm
650 2103 803 2161 nobis
820 2105 913 2159 «sui
950 2104 1147 2175 ingenii
1193 2114 1529 2177 monumenta
1585 2103 1818 2176 reliquit,
1848 2100 2046 2156 multa-

458 2211 570 2265 que.
590 2212 694 2267 pro
725 2196 1005 2257 catholicis
1037 2205 1223 2253 contra
1261 2197 1629 2265 schismaticos
1661 2197 1744 2251 sui
1796 2195 2045 2265 temporis

456 2282 845 2356 elegantissime
869 2288 1102 2358 scripsit,
1120 2296 1169 2342 et
1194 2289 1426 2359 primum
1455 2288 1666 2359 quidem
1694 2288 1762 2340 ad
1791 2286 2047 2358 quosdam

458 2392 591 2435 suos
624 2379 845 2447 anticus,
889 2379 971 2434 de-
985 2380 1199 2451 judicio
1244 2379 1486 2453 Gregorii
1530 2396 1682 2452 papae
1734 2378 1846 2439 VII
1893 2395 2051 2450 super

456 2468 835 2536 schiomaticis,
861 2480 913 2524 et
935 2471 1001 2525 de
1019 2472 1368 2527 sacramentis
1389 2480 1541 2526 extra
1567 2469 1863 2526 Ecclesium
1894 2486 2050 2524 usur-

459 2562 622 2631 patis.
655 2559 1037 2617 Posteaetiam
1060 2562 1132 2617 ad
1153 2562 1503 2618 venerabilem
1527 2560 1868 2632 Hartungum
1892 2559 2050 2631 Mag-

461 2651 839 2724 deburgensem
882 2654 1186 2724 episcopum
1238 2654 1303 2708 de
1351 2654 1536 2708 eadem
1578 2670 1741 2708 causa
1800 2669 2053 2725 magnum

462 2742 663 2799 librum
715 2743 1199 2803 luculentissimum
1244 2748 1557 2817 composuit,
1581 2762 1647 2805 ex
1676 2761 1899 2817 persona
1933 2760 2057 2799 san-

464 2845 566 2892 cte
596 2836 885 2903 Ecclesia;
923 2840 977 2894 in
1006 2855 1107 2916 quo
1133 2840 1447 2894 testimoniis
1482 2849 1789 2895 sanctorum
1825 2839 2055 2894 Patrum

464 2942 643 2985 omnes
686 2928 974 2984 insidiosas
1009 2928 1374 2985 cavillationes
1407 2930 1711 2985 eorumdem
1746 2930 2056 2986 schismati—

466 3035 655 3077 σωκῶ
686 3020 972 3091 prudenter
1022 3021 1310 3077 annulasse
1351 3023 1575 3078 ridetur.
1615 3021 1733 3099 Sed‘
1772 3024 1828 3078 in
1860 3024 2056 3079 eisdem

466 3114 682 3185 scriptis
706 3115 874 3169 nimio
921 3114 1037 3170 zelo
1058 3115 1270 3183 ductus,
1297 3115 1497 3171 alicubi
1540 3117 1757 3171 modum
1775 3117 2057 3172 excessisse

467 3214 703 3273 notatur,
730 3206 969 3262 videlicet
996 3208 1086 3262 ubi
1123 3210 1237 3279 agit
1280 3209 1345 3263 de
1370 3211 1716 3265 sacramentis
1745 3209 2054 3264 schismati—

468 3311 674 3351 corum.
714 3296 893 3369 Negat
918 3299 1061 3353 enim
1094 3299 1308 3355 omnino
1352 3299 1417 3353 ab
1449 3300 1525 3354 eis
1546 3299 1695 3354 etab
1718 3315 1898 3354 eorum
1921 3315 2062 3353 com-

469 3390 896 3446 municatoribus
925 3400 1260 3447 sacramenta
1281 3408 1431 3464 posse
1453 3392 1662 3462 conﬁci,
1688 3393 1765 3447 ita
1787 3400 1846 3446 ut
1857 3391 1923 3446 ab
1941 3391 2056 3446 illis

468 3481 767 3550 ordinatos,
802 3483 852 3537 si
887 3484 1220 3554 resipiscam,
1244 3486 1437 3540 iterum
1471 3483 1798 3549 ordinandas
1825 3493 2052 3541 censeat.

470 3571 815 3631 Gestarum-si
859 3576 977 3646 quis
1014 3576 1125 3632 haec
1154 3577 1362 3648 plenius
1389 3593 1541 3632 nosse
1580 3574 1867 3643 desiderat,
1921 3576 2060 3630 scri-

470 3672 623 3735 ptum
664 3666 952 3737 cujusdam
990 3667 1063 3722 ad
1112 3656 1353 3727 eumdem
1398 3667 1752 3734 Bernardum,
1780 3667 1846 3722 de
1873 3667 2058 3725 eadem

466 3757 761 3827 quastione
803 3757 1082 3826 directum,
1118 3760 1522 3831 diligentissime
1570 3758 1841 3830 perlegat;
1877 3758 1934 3813 in
1956 3773 2059 3829 quo

470 3849 786 3912 testimoniis
840 3860 1149 3905 sanctorum
1174 3850 1404 3911 Patrum
1433 3850 1824 3906 euidentissime
1844 3848 2057 3904 docebi-

473 3947 565 4001 tur.
580 3940 716 4010 quid
744 3938 845 3997 SS.
873 3939 1065 3997 Patres
1091 3941 1155 3996 de
1172 3940 1273 3996 illa
1289 3942 1582 4012 quaestione
1612 3942 1911 3996 censuerint
1941 3955 2060 3995 sene

452 4028 731 4095 ‘tiendum.
767 4032 981 4100 Verum,
1007 4033 1151 4099 idem
1169 4033 1482 4101 uenerabilis
1513 4033 1820 4089 Bernardns
1844 4035 1901 4089 in
1929 4035 2056 4101 ista,

468 4124 609 4179 sicut
646 4133 696 4179 et
746 4125 813 4181 Β.
854 4124 1156 4197 Cyprianus
1205 4127 1263 4180 in
1308 4127 1746 4198 rebaptizationis
1776 4130 2060 4195 sententia,

468 4233 577 4281 non
594 4218 945 4289 pertinaciter
984 4230 1174 4287 contra
1202 4219 1509 4276 Ecclesium
1552 4216 1789 4294 egerunt,
1845 4224 1938 4278 sed
1970 4233 2060 4278 nt-

470 4310 965 4380 6W,~ﬂ§iiﬂium
1020 4320 1209 4367 contra
1252 4311 1619 4368 schismaticos
1666 4313 1917 4380 zelantes,
1952 4314 2062 4368 ali—

470 4398 790 4469 quantulum
818 4400 1059 4472 regulam
1087 4400 1506 4457 ecclesiasticam
1534 4411 1885 4461 excesserunt.

541 4489 886 4557 Bernardum
920 4490 1071 4555 hunc
1099 4491 1177 4547 ita
1208 4492 1452 4549 sensisse
1486 4493 1622 4567 satis
1657 4492 1832 4564 liquet
1851 4509 1918 4548 ex
1942 4494 2060 4564 epi-

473 4582 757 4653 stoia'ejus
778 4584 846 4639 ad
867 4582 1195 4645 Bernaldum
1222 4583 1726 4653 Constantiensem,
1768 4601 1935 4657 quam
1971 4585 2058 4641 in-

474 4672 562 4733 fra
608 4673 759 4735 inter
801 4676 1067 4745 opuscula
1105 4674 1359 4735 Bernaldi
1402 4677 1662 4747 reperies,
1687 4685 1745 4733 et
1775 4692 1847 4733 ex
1878 4677 2059 4748 primo

474 4773 715 4827 tractatu
752 4764 1004 4824 Bernaldi
1042 4767 1119 4824 De
1161 4768 1523 4824 sacramentis
1550 4770 2059 4828 excommunicato-

475 4872 622 4925 rum,
643 4873 811 4929 quem
839 4868 1031 4931 rogatu
1044 4859 1330 4929 Bernardi,
1353 4859 1705 4920 Corbeiensis
1723 4870 1914 4933 postea
1935 4877 2029 4918 mo
2046 4888 2063 4907 ι

476 4948 662 5017 Molli,
686 4951 1076 5019 composuisse
1115 4953 1353 5021 videtur,
1374 4953 1447 5010 de
1476 4968 1590 5025 quo
1612 4954 1771 5025 plura
1807 4952 2059 5011 inferius.

547 5042 667 5101 XX.
694 5040 1057 5101 ‘Gebebsrdus
1099 5047 1547 5118 archiepiscopus
1598 5046 2059 5120 Salisburgensis,

477 5134 676 5206 dequo
697 5132 1004 5201 Bertoldus,
1024 5148 1171 5191 anno
1197 5135 1337 5191 1088
1359 5155 1372 5192 :
1400 5135 1740 5194 Gebeltardus
1755 5130 2064 5193 veneranda:

478 5234 749 5289 memorice
772 5230 1106 5286 Juvaviensis
1128 5231 1572 5306 archiepiscopus,
1604 5236 1661 5290 in
1682 5248 1848 5291 causa
1872 5232 1929 5289 S.
1960 5234 2065 5289 Pe—

540 5325 552 5348 :
578 5328 874 5348 ...._-:..-.-.-
927 5322 1012 5348 ...ι
1038 5321 1398 5348 --l.:-...-o:---
1423 5326 1624 5348 ..--LL'--
1665 5328 1813 5348 1:-.3-
1853 5334 1892 5348 ,ι
1930 5326 2030 5348 --.Α

508 5325 552 5348 ..2
578 5328 874 5348 ...._-:..-.-.-
927 5323 1012 5348 ...μζ
1038 5323 1398 5348 --Ι-2-...-ι2---

2136 536 2323 590 moniti
2337 544 2480 602 sunt,
2496 536 2660 590 etiam
2676 533 2936 589 obsecrati
2958 550 3053 604 pro
3067 532 3391 587 observanda
3419 530 3477 587 S.
3497 529 3662 584 Petro
3676 538 3726 582 et

2133 628 2247 698 ejus
2263 628 2464 683 vicario
2480 627 2800 694 obedientia,
2813 627 3030 681 inbanni
3037 626 3077 679 ti
3102 641 3302 697 quoque
3320 634 3371 679 et
3385 624 3481 678 sub
3509 622 3726 676 obtentu

2134 720 2219 772 sui
2230 719 2386 789 oﬁicii
2400 729 2519 773 sunt
2533 719 2743 773 astricti
2759 734 2821 772 ne
2833 719 2940 789 regi
2952 717 3408 772 anathematizato
3416 724 3467 770 et
3476 714 3593 785 ejus
3605 729 3731 766 con—

2135 808 2363 865 siliariis
2414 810 2700 865 nominatis
2735 809 3201 864 communicarent.
3238 807 3354 861 Hoc
3377 823 3591 871 novum,
3624 804 3730 857 sive

2137 917 2318 955 rarum
2340 903 2396 956 in
2409 919 2579 974 regem
2594 902 2898 969 anathema,
2926 911 3104 956 utrum
3121 918 3189 956 ea:
3200 901 3495 956 venditione
3519 899 3729 971 episco-

2135 994 2343 1065 piorum
2363 1003 2415 1049 et
2432 994 2791 1060 abbatiarum,
2809 1011 2879 1048 an
2892 1009 2957 1047 ex
2985 993 3097 1047 alia
3121 992 3346 1063 infamia
3368 1007 3559 1046 causas
3585 1004 3734 1044 sum—

2136 1090 2298 1157 pserit
2312 1104 2464 1159 penes
2481 1103 2664 1142 earum
2679 1087 2915 1142 conscios
2930 1087 3014 1141 sui
3033 1094 3082 1140 et
3093 1085 3325 1157 judices.
3349 1082 3517 1138 Nobis
3531 1091 3736 1137 senten-

2139 1181 2217 1235 tia
2232 1181 2464 1252 pastoris
2481 1180 2717 1235 timenda
2733 1188 2832 1246 est,
2844 1179 3133 1250 sivejusta,
3151 1178 3258 1232 sive
3272 1176 3496 1247 injusta.
3516 1172 3733 1229 Prcedi-

2139 1282 2253 1349 ctus
2276 1272 2418 1326 enim
2439 1273 2545 1343 pia:
2572 1272 2842 1326 memoria:
2871 1287 3011 1342 papa
3063 1268 3367 1341 Gregorius,
3406 1267 3546 1322 velut
3598 1265 3738 1319 alter

2141 1362 2317 1430 Elius,
2344 1363 2539 1432 spiritu
2572 1360 2671 1416 Dei
2702 1361 2908 1432 plenus,
2944 1369 2993 1416 et
3030 1360 3141 1415 zelo
3158 1360 3392 1431 justitice
3421 1368 3469 1413 et
3495 1359 3736 1417 veritatis

2141 1469 2411 1536 accpnsus,
2463 1452 2761 1508 sacerdotes
2814 1452 2976 1521 Baal,
3022 1469 3127 1507 non
3174 1452 3614 1523 quadringentos,
3644 1448 3735 1504 scd

2139 1532 2353 1618 inﬁnita
2379 1546 2549 1602 millia
2593 1547 2972 1614 trucidaverat,
3007 1547 3154 1619 quia,
3189 1545 3273 1601 vel
3289 1562 3375 1600 eos
3399 1547 3491 1616 qui
3514 1561 3609 1615 per
3643 1532 3739 1598 Si;

2145 1640 2381 1693 maniam
2425 1640 2791 1710 episcopatus,
2840 1638 3110 1707 abbatias,
3160 1638 3565 1709 pra-positurus,
3606 1650 3741 1706 pra!-

2146 1731 2343 1786 bendas
2380 1730 2459 1786 vel
2515 1730 2766 1785 ecclesias
2792 1730 3150 1796 obtinuerant,
3179 1727 3278 1796 vel,
3325 1728 3417 1799 qui
3459 1727 3517 1781 in
3553 1741 3737 1780 sacer-

2074 1816 2119 1871 Β
2142 1825 2288 1879 dotio
2340 1833 2434 1879 aut
2464 1824 2753 1879 diaconatu
2781 1838 2969 1878 uxores
2998 1822 3313 1889 habuerant,
3340 1820 3440 1887 vel,
3466 1821 3558 1892 qui
3580 1837 3614 1872 a
3646 1817 3738 1874 Si-

2143 1918 2401 1972 moniacis
2444 1916 2523 1971 vel
2570 1915 2926 1971 schismaticis
2968 1915 3204 1970 ordinati
3245 1914 3492 1985 fuerant,
3555 1910 3740 1982 gladio

2145 2011 2297 2066 Petri
2343 2027 2517 2066 omnes
2543 2008 2705 2065 simul
2730 2016 3085 2065 truncaverat.
3135 2007 3370 2063 Proinde
3402 2008 3628 2061 istorum
3650 2006 3738 2060 in-

2146 2105 2365 2171 stinctu,
2400 2102 2663 2160 Henricus
2698 2104 2989 2175 imperator
3020 2102 3333 2159 Guibertum
3383 2101 3743 2156 Ravennatem

2148 2198 2577 2265 horresiarcham,
2604 2197 2822 2269 expulso
2844 2200 3071 2270 prtefato
3090 2215 3230 2270 papa
3256 2195 3529 2268 Gregorio,
3560 2194 3742 2249 Rome

2148 2291 2548 2346 inthronizavit.
2595 2290 2808 2367 Videres
2845 2307 2982 2346 nunc
3025 2288 3329 2344 naviculam
3373 2287 3512 2342 beati
3564 2285 3742 2352 Petri,

2149 2385 2304 2456 quasi
2328 2383 2618 2438 dormiente
2650 2383 2865 2438 interim
2897 2381 3049 2449 Iesu,
3080 2379 3455 2452 propemodum
3490 2378 3656 2448 mergi
3690 2384 3746 2431 et

2153 2485 2523 2546 tempestatum
2548 2475 2781 2546 procella
2804 2476 3005 2543 vexari,
3031 2474 3159 2528 dum
3195 2489 3370 2528 omnes
3394 2472 3669 2526 veritatem
3691 2478 3742 2523 et

2151 2569 2311 2639 ﬁdem
2357 2569 2507 2623 beato
2542 2567 2704 2622 Petro
2743 2577 2794 2622 et
2828 2567 2945 2637 ejus
2981 2567 3182 2621 vicario
3223 2572 3509 2631 seruantes,
3551 2570 3644 2616 aut
3686 2562 3746 2614 in

2152 2661 2323 2715 undas
2347 2663 2537 2716 mortis
2558 2661 2737 2715 dirum
2780 2661 3007 2732 fremens
3031 2676 3094 2714 ac
3125 2659 3327 2730 fervens
3357 2656 3533 2711 salum
3560 2655 3743 2709 trahe-

2154 2754 2263 2819 bat,
2293 2753 2462 2807 autin
2484 2751 2698 2824 longum
2719 2750 2990 2817 exsilium,
3021 2751 3221 2821 patria,
3257 2746 3562 2810 honoribus,
3587 2743 3745 2799 rebus

2153 2855 2388 2901 extorres
2414 2845 2679 2915 jactabat.
2711 2843 2966 2916 Tempora
2999 2845 3256 2898 mmirum
3281 2849 3405 2896 tunc
3427 2839 3581 2895 ualde
3599 2838 3747 2909 peri-

2155 2938 2337 2992 culosa
2365 2938 2655 3004 instabant,
2704 2953 2846 3004 cum,
2873 2924 3067 3007 printer
3109 2932 3311 2990 Christi
3338 2931 3596 2986 athletam
3642 2946 3745 2983 no-

2154 3037 2327 3084 strum
2356 3029 2632 3083 dominum
2677 3027 3042 3083 Gebehardum
3086 3026 3542 3097 archiepiscopum
3585 3020 3747 3077 Sals-

2159 3120 2486 3191 bnrgensem,
2518 3119 2863 3173 Altmannum
2910 3118 3302 3183 Pataviensem,
3354 3114 3747 3170 Adalberonem

2164 3210 2643 3281 Wirzburgensem,
2690 3209 3055 3267 Hermannum
3092 3209 3393 3276 Metensem,
3424 3207 3745 3280 Megintvar-
3798 3248 3801 3249 ν

2159 3304 2287 3358 dum
2325 3302 2738 3375 Frisingensem,
2770 3313 2963 3373 praeter
2983 3303 3076 3357 hos
3112 3301 3250 3356 solos
3273 3302 3521 3373 quinque,
3547 3301 3606 3355 in
3636 3307 3746 3353 tota

2159 3417 2329 3472 regno
2342 3400 2625 3456 Teutonico
2646 3400 2918 3470 episcopus
2951 3398 3244 3453 catholicus
3276 3396 3500 3451 inveniri
3520 3408 3627 3447 non
3646 3407 3743 3462 po-

2160 3502 2315 3548 terat.
2342 3492 2424 3547 Ea
2458 3493 2627 3564 igitur
2654 3499 2960 3561 tempestate
2991 3492 3095 3545 iste
3118 3498 3296 3544 noster
3336 3487 3744 3553 dominum—sc-

2157 3586 2368 3657 pefatus
2406 3584 2830 3655 archiepiscopus
2874 3582 3048 3654 ﬁdelis
3096 3580 3352 3636 Romana?
3393 3576 3672 3642 Ecciesite,
3696 3582 3748 3631 et

2159 3678 2398 3735 veritatis
2441 3676 2722 3731 catholicae
2764 3683 3126 3746 propugnator
3157 3668 3440 3737 eminebat,
3464 3670 3583 3741 qui,
3608 3667 3751 3723 velut

2160 3768 2299 3824 alter
2322 3766 2660 3823 Machameus
2680 3765 2851 3820 lorica
2876 3764 3004 3835 ﬁdei
3028 3780 3083 3820 se
3103 3762 3460 3827 succinxerat,
3487 3769 3539 3814 et
3565 3758 3749 3831 gladio

2160 3861 2302 3917 verbi
2349 3861 2435 3915 sui
2480 3868 2657 3915 castra
2693 3857 2952 3913 Ecclesia:
2995 3856 3051 3911 in
3101 3863 3210 3909 toto
3243 3869 3399 3924 regno
3455 3850 3748 3904 Teutonico

2160 3953 2478 4025 protegebat.
2600 3980 2601 3983 η
3508 3985 3515 3991 α

2231 4044 2395 4101 XXII.
2437 4043 2789 4114 Micrologus,
2825 4057 2923 4099 seu
2959 4040 3157 4107 Guido,
3196 4038 3458 4094 Arctinus
3491 4051 3615 4107 cap.
3660 4035 3748 4100 ii,

2160 4136 2256 4191 lib.
2300 4134 2379 4191 De
2410 4134 2601 4191 olIiciis
2633 4132 3020 4190 ecclesiasticis
3056 4151 3068 4186 :
3105 4129 3228 4186 Sedi
3264 4129 3539 4194 Romanae,
3567 4133 3753 4181 nostro

2164 4233 2391 4295 tempore
2413 4223 2572 4278 talem
2598 4222 2742 4277 Deus
2781 4224 3200 4294 gubernatorem,
3241 4217 3535 4274 reverenda:
3559 4231 3759 4271 memo-

2164 4318 2261 4372 τίω
2296 4315 2606 4388 Gregorium
2642 4331 2837 4388 papam
2864 4316 3151 4386 imposuit;
3183 4315 3274 4384 qui
3299 4312 3395 4367 sub
3420 4312 3604 4366 decem
3639 4310 3753 4364 suis

2167 4408 2580 4464 antecessoribus
2630 4425 2665 4462 a
2702 4425 2863 4480 puero
2912 4407 3093 4463 Romae
3124 4406 3354 4485 nutritus
3399 4413 3452 4459 et
3482 4404 3752 4467 eruditus,
3830 4445 3837 4450 .

2169 4519 2344 4558 omnes
2374 4502 2696 4573 apostolicus
2728 4501 3039 4556 traditiones
3082 4500 3487 4572 diligentissime
3528 4498 3754 4553 investi-

2164 4594 2329 4665 gavit,
2360 4603 2409 4649 et
2441 4594 2784 4665 investigatas
2815 4594 3205 4648 studiosissime
3238 4593 3296 4645 in
3329 4601 3509 4645 aetum
3555 4590 3755 4660 referre

2163 4687 2388 4741 curavit.
2422 4684 2578 4741 Hunc
2600 4702 2723 4757 ergo
2746 4686 3034 4752 doctorem,
3062 4684 3314 4755 religione
3355 4691 3407 4737 et
3430 4682 3755 4737 auctoritate

2166 4782 2511 4852 praecipuum,
2561 4780 2668 4833 imo
2692 4776 3040 4848 apostolicam
3089 4776 3428 4852 traditionem
3450 4790 3547 4845 per
3579 4774 3755 4843 ipsum

2166 4850 2224 4926 in
2259 4869 2629 4926 consecrandis
2665 4869 2930 4939 mysteriis
2960 4850 3294 4938 potissimum
3332 4865 3541 4919 imitari
3570 4864 3752 4917 decre-

2169 4966 2360 5029 vimus,
2415 4971 2521 5018 ctc.
2572 4960 2885 5017 Reverenda:
2950 4959 3220 5014 memorie
3270 4955 3556 5015 Greaorius
3612 4969 3753 5026 papa

2167 5054 2314 5124 fecit,
2337 5062 2442 5109 etc.

2235 5142 2425 5199 XXIII.
2476 5142 2743 5198 Domnizo
2797 5141 3080 5212 presbyter
3121 5138 3214 5210 qui
3253 5136 3433 5193 Vitam
3473 5132 3753 5189 Matbildis

2167 5235 2418 5291 versibus
2462 5233 2773 5303 descripsit.
2831 5231 2892 5287 In
2949 5247 3058 5302 qua
3112 5228 3492 5286 lucubratione
3533 5230 3756 5281 exstant

2168 5326 2311 5348 -_-_:-
2347 5325 2591 5348 ΑἿ----μξὲ
2620 5323 2710 5348 1111
2742 5332 2789 5348 ..ι
2820 5323 3048 5348 Δ-.-ΑΙ-...ξ

2292 5342 2311 5348 Α
2347 5325 2591 5348 ΔἿ-Α--..ξὲ
2620 5323 2710 5348 ‘7']
2742 5332 2789 5348 ..ι
2820 5322 3048 5348 Ᾱ-..-ΑΙ-ηιξ
3082 5320 3105 5348 ι’
3128 5321 3345 5348 ιιι-Αηηῖ-
3364 5319 3536 5348 ’.ιη’-δη.
3585 5315 3751 5348 μεξεὲτι

2742 5332 2789 5348 ΑΙ
3082 5320 3105 5348 1
3128 5321 3345 5348 ..ΛΑ-ιιιῖρ
