3962 5348
213 200 316 258 ω

945 202 1477 265 ΡιιοιεροΜΕΝΑ.
1542 235 1616 246 —-
1653 199 1996 258 APOLOGIA
2031 198 2170 256 PRO
2203 188 2557 256 GR'EGOBIO
2602 200 2710 256 νιι.

3376 207 3483 256 Ἅι

208 314 375 385 tendat
407 317 683 374 asemorice
717 316 999 392 Gregorius
1019 339 1159 393 papa
1200 320 1310 377 VII
1347 320 1558 378 Salerni
1600 337 1792 394 magna
1822 322 1868 380 Α
1891 318 2176 391 dignitatis
2211 317 2383 373 uirum
2411 332 2517 371 non
2540 315 2755 371 decebat
2783 316 2861 371 ire
2891 313 3064 370 solum
3088 314 3160 369 ad
3194 314 3481 385 infernum,

210 407 263 460 ri
285 408 448 462 morbi
479 421 829 481 premeretur,
876 422 998 470 ante
1044 414 1259 469 tertium
1299 416 1385 471 sui
1411 415 1584 471 obitus
1630 417 1791 484 diem,

1901 411 2283 483 quinquaginta
2311 410 2469 480 (sicut
2502 407 2827 479 audiuimus)
2849 409 2914 463 de
2942 406 3054 463 suis
3083 406 3269 463 habuit
3290 407 3482 472 socios,

211 508 419 571 rogatus
453 502 523 555 ab
549 502 811 575 episcopis
845 515 895 560 et
933 500 1322 574 cardinalibus,
1371 508 1462 579 qui
1493 508 1630 579 forte
1673 519 1773 562 tun.

1897 501 2079 556 eadem
2104 509 2271 555 morte
2307 498 2578 571 repentina
2599 507 2886 570 correptos,
2921 515 2984 553 ne
3011 512 3141 569 quos
3170 496 3394 553 habebat
3427 497 3484 552 in

203 590 425 644 aderant
472 609 586 647 una
630 612 750 649 cum
786 594 1082 664 Desiderio,
1114 599 1241 669 quid
1284 599 1349 653 de
1378 597 1632 654 Romam:
1656 600 1794 654 sedis
1896 592 2178 665 iniquitate
2197 603 2484 662 consortes,
2512 594 2565 647 in
2603 593 2948 649 retributione
2993 609 3098 649 non
3125 592 3336 649 haberet
3357 609 3485 663 par-

204 692 317 753 post
341 685 549 739 obitum
589 704 745 743 suum
796 690 1131 746 ordinatione
1167 692 1395 761 juberet,
1427 693 1671 749 hortatus
1714 703 1794 749 est
1896 688 2098 757 ticipes.

204 785 284 839 ut,
308 778 353 830 si
395 794 500 848 quo
531 788 691 848 pacto
726 790 954 853 possent,
992 784 1165 853 ipsum
1200 782 1536 838 Desiderium
1580 785 1793 855 pontiﬁ-

203 885 310 923 cem
333 870 591 938 facerent,
619 880 725 928 etc.

267 956 461 1015 Narrat
497 961 645 1017 idem
685 962 798 1018 Leo
833 964 1026 1019 eodem
1071 964 1168 1021 lib.
1196 982 1278 1033 ιιι,
1312 982 1435 1037 cap.
1474 966 1563 1031 ω,
1607 966 1788 1024 visum

198 1051 469 1123 quoddam
517 1054 745 1110 caeleste
775 1056 1044 1112 columba:
1080 1057 1274 1123 niveae,
1321 1073 1486 1128 super
1523 1057 1787 1131 Gregorio

199 1142 510 1211 residentis,
553 1158 684 1199 cum
720 1161 879 1202 sacra
906 1147 1204 1203 missarum
1235 1135 1513 1204 solemnia
1546 1148 1787 1205 celebra-

199 1242 312 1301 ret;
334 1236 480 1306 quod
510 1237 715 1306 visum,
748 1255 894 1305 cum,
936 1241 1031 1313 qui
1075 1241 1229 1308 vidit,
1270 1242 1527 1314 evulgare
1559 1251 1787 1299 cuncta-

197 1334 364 1392 retur,
420 1327 510 1383 bis
560 1329 745 1386 verbis
795 1331 1060 1387 divinitus
1104 1331 1411 1403 patefacere
1436 1333 1628 1404 jussus
1661 1342 1781 1390 est:

206 1414 348 1469 Vade
368 1416 633 1486 celeriter,
666 1431 719 1474 et
762 1421 859 1477 hoc
888 1423 1061 1493 ipsum
1085 1424 1305 1479 auribus
1338 1442 1493 1497 papce
1515 1426 1783 1494 intimato,

196 1516 252 1559 at
270 1516 574 1564 constanter
609 1511 785 1583 uigore
809 1514 984 1569 sancti
1012 1512 1248 1585 Spiritus
1279 1515 1418 1588 quod
1454 1518 1609 1588 coepit
1637 1533 1785 1572 exse-

192 1609 402 1669 quatur.

1968 777 2083 834 Udo
2118 777 2438 834 Trevirensis
2472 778 2920 850 archiepiscopus,
2957 778 3103 834 omni
3138 779 3335 851 pietate
3370 777 3485 848 ple-

1891 887 2008 936 nus,
2045 870 2173 924 dum
2220 870 2378 925 nimis
2413 879 2721 924 mansuetus
2756 868 3027 941 tyrannidi
3063 886 3168 925 non
3209 869 3479 935 resistens,

1892 959 2126 1016 Henrico
2156 960 2276 1032 plus
2304 977 2465 1033 quam
2508 960 2724 1016 decebat
2750 961 3073 1033 obsequitur,
3097 961 3212 1032 ejus
3234 962 3482 1032 flammeo

1888 1052 2060 1123 furori
2094 1069 2206 1106 sua:
2234 1052 2594 1107 consensionis
2624 1051 2798 1107 oleum
2830 1053 3123 1119 ministrat,
3150 1060 3199 1108 et
3225 1060 3283 1108 ut
3314 1051 3481 1107 eccle—
3552 1110 3557 1115 Α

1886 1144 1983 1200 sia
2018 1144 2393 1215 deprwdentur
2433 1144 2707 1200 licentiam
2749 1144 2933 1213 donat,
2983 1162 3107 1201 mox
3141 1146 3200 1200 in
3243 1145 3480 1199 crastino

1886 1252 2040 1291 mane
2070 1245 2308 1291 mortuus
2341 1237 2626 1304 invenitur,
2652 1245 2710 1292 ut
2733 1237 2977 1292 omnibus
3011 1246 3189 1308 aperte
3214 1244 3482 1291 constaret

1886 1327 2004 1382 ideo
2035 1327 2134 1382 tali
2154 1344 2275 1383 eum
2297 1335 2465 1383 morte
2495 1328 2687 1384 obiisse
2710 1327 2850 1401 quod
2874 1328 2931 1382 in
2963 1326 3308 1383 ecclesiarum
3341 1343 3480 1398 pra:-

1854 1411 2100 1476 datione
2137 1438 2241 1476 non
2280 1422 2458 1477 timuit
2487 1439 2761 1477 assensum
2787 1420 3037 1494 prcebere.

1956 1510 2032 1567 De
2069 1511 2295 1584 Eppone
2328 1511 2594 1570 Citizensi
2627 1513 2907 1585 episcopo,
2943 1514 3013 1570 de
3042 1528 3155 1585 quo
3193 1513 3284 1569 hic
3312 1496 3478 1570 etiam

1885 1603 2093 1673 Bruno,
2119 1621 2284 1677 supra
2307 1607 2423 1679 jam
2446 1608 2688 1664 diximus
2714 1627 2727 1664 :
2760 1605 3082 1679 Godefridus
3108 1606 3240 1674 dux,
3262 1608 3354 1680 qui
3376 1607 3480 1678 fuit

259 1689 422 1775 Χξν.
461 1690 610 1750 Otho
653 1694 1045 1770 Frisingensis,
1074 1700 1186 1757 .lib.
1214 1717 1268 1757 v1
1300 1720 1315 1756 :
1351 1701 1504 1757 Anno
1539 1702 1780 1775 sequenti
1812 1690 1858 1745 Β
1883 1698 2151 1752 maximus
2186 1699 2353 1752 hostis
2383 1696 2653 1767 Saxonica,
2680 1699 2837 1770 periit
2864 1700 2925 1753 in
2945 1699 3217 1754 secretiori
3241 1700 3483 1770 corporis

195 1769 488 1839 Alexander
517 1787 628 1840 vita
660 1796 712 1843 et
741 1769 1039 1846 sacerdotio
1084 1793 1392 1864 perfunctus
1433 1769 1675 1862 decessit,
1703 1812 1781 1851 se-

192 1872 402 1944 demque
436 1873 770 1946 Hiltprando
806 1880 1184 1937 archidiacono
1209 1901 1326 1952 suo,
1370 1885 1461 1957 qui
1494 1883 1776 1958 Gregorius

204 1961 312 2018 VII
334 1967 503 2023 dictus
526 1979 629 2038 est,
645 1970 883 2043 reliquit.
904 1973 1112 2030 Exhinc
1127 1975 1355 2032 schisma
1378 1979 1773 2049 gravissimum,

190 2070 245 2107 eo
268 2057 408 2126 quod
439 2057 639 2131 absque
674 2077 932 2118 consensu
972 2067 1111 2137 regis
1162 2083 1255 2139 per
1296 2068 1603 2139 electionem
1644 2086 1774 2124 con-

192 2148 401 2203 stitutus
442 2151 644 2221 fuerat,
701 2155 894 2211 oritur.
947 2155 1069 2228 Ipse
1118 2170 1315 2229 autem,
1364 2162 1456 2234 qui
1500 2179 1594 2234 per
1634 2163 1774 2217 mul-

193 2250 297 2294 tum
359 2245 608 2314 temporis
668 2246 739 2301 ad
788 2247 1085 2304 libertatem
1122 2250 1379 2307 Ecclesia:
1432 2253 1773 2309 obtinendam

192 2334 414 2402 priuatus
462 2335 824 2407 laboraverat,
860 2340 980 2411 jam
1021 2343 1091 2397 ad
1120 2345 1506 2401 sacerdotalem
1531 2347 1770 2418 dignita-

194 2433 286 2477 tem
334 2436 641 2496 provectus,
688 2448 723 2484 a
771 2440 937 2502 coepto
967 2432 1218 2490 desistere
1251 2436 1527 2508 indignum
1551 2437 1768 2506 ducens,

194 2523 291 2569 tam
312 2516 372 2571 ob
408 2517 508 2573 hoc
534 2536 696 2590 quam
732 2536 827 2592 pro
854 2521 1097 2579 Simonia
1119 2527 1464 2599 exstirpanda
1496 2545 1559 2582 ac
1583 2529 1770 2583 incon-

196 2607 403 2662 tinenria
440 2608 767 2668 clericorum
810 2616 1163 2685 reprimenda,
1204 2618 1497 2689 plurimum
1535 2620 1768 2676 desuda-

193 2695 290 2752 bat.
335 2697 575 2773 Denique
604 2719 711 2757 non
733 2705 904 2760 solum
940 2723 1110 2779 regem
1155 2726 1251 2781 pro
1285 2711 1547 2781 ejusmodi
1576 2714 1646 2768 ad
1676 2730 1769 2785 sy-

194 2789 394 2845 nodalia
438 2810 690 2864 responsa
727 2796 908 2851 crebro
934 2800 1159 2867 vocavit,
1203 2801 1295 2855 sed
1325 2810 1376 2856 et
1409 2802 1553 2858 datis
1584 2803 1768 2858 decre-

194 2880 271 2947 tis,
297 2881 636 2954 clericorum,
665 2904 698 2941 a
733 2889 1120 2946 subdiaconatu
1140 2902 1191 2947 et
1215 2910 1399 2965 supra,
1425 2894 1686 2952 connubia
1711 2898 1768 2952 in

193 2980 288 3026 toto
318 2975 443 3030 orbe
490 2976 731 3063 Romano
760 2982 1017 3052 cohibuit,
1048 2985 1322 3059 formaque
1348 2990 1521 3060 gregis
1566 2991 1764 3060 factus,

1877 1796 2030 1859 parte
2068 1789 2337 1860 perfossus
2378 1807 2514 1846 saevo
2555 1807 2832 1858 mucrone,
2866 1807 2958 1845 nec
2992 1799 3252 1862 purgatus
3286 1789 3482 1846 ultima

1878 1880 2227 1951 confessione,
2263 1898 2356 1937 nec
2385 1883 2624 1937 munitus
2657 1898 2815 1937 sacra
2850 1884 3236 1939 communione.

1950 1993 2308 2064 chebaldus,
2357 1996 2485 2051 dum
2521 2013 2651 2069 equo
2685 2011 2781 2051 suo
2810 1997 3015 2057 naviter
3060 1995 3260 2067 ferrato
3293 1996 3477 2067 pedem

1874 2072 2215 2157 posteriorem
2237 2087 2455 2157 levaret,
2478 2098 2534 2144 ut
2558 2106 2627 2143 an
2648 2098 2769 2161 apte
2791 2089 2992 2160 ferrum
3014 2097 3147 2144 esset
3166 2089 3481 2159 impositum
3534 2102 3539 2115 θ

1873 2179 2213 2249 perspiceret,
2258 2180 2325 2233 ab
2360 2179 2475 2251 ipso
2518 2179 2648 2250 pede
2680 2180 2739 2234 in
2778 2179 2957 2250 fronte
2979 2179 3277 2250 percutitur
3310 2186 3361 2233 et
3396 2179 3479 2232 sic
3524 2216 3525 2219 η

1874 2266 1941 2320 ab
1967 2265 2067 2321 hac
2096 2269 2205 2322 vita
2230 2268 2579 2350 abstrahitur.

1945 2358 2292 2417 Burchardus
2324 2360 2610 2417 Misnensis
2640 2362 2946 2433 prtefectus,
2983 2360 3111 2416 dum
3150 2361 3209 2415 in
3239 2360 3475 2432 quadarn
3518 2372 3534 2398 ί

1872 2470 1992 2521 sua,
2020 2455 2107 2509 cui
2135 2468 2385 2526 proterat,
2411 2455 2538 2510 urbe
2572 2456 2637 2510 ab
2661 2456 2880 2510 urbanis
2915 2454 3209 2523 invaditur,
3234 2469 3365 2526 equo
3386 2452 3495 2508 cui
3522 2464 3537 2494 ῖ-

1871 2544 2135 2600 insidebat
2177 2545 2381 2617 frustra
2420 2544 2723 2600 calcaribus
2758 2545 3058 2613 vulnerato,
3103 2546 3284 2617 fugere
3318 2542 3478 2599 moli-

1873 2644 1962 2689 tur
1971 2650 1991 2701 ,°
2012 2637 2103 2709 qui
2123 2654 2283 2709 equus
2304 2654 2441 2709 sirpe
2463 2639 2612 2709 prius
2635 2638 2699 2692 de
2720 2636 2996 2692 velocitate
3018 2637 3294 2704 laudatus,
3319 2637 3476 2691 modo

1872 2743 1993 2780 cum
2029 2729 2263 2784 maxime
2298 2730 2536 2783 maximo
2573 2745 2731 2782 cursu
2771 2745 2902 2800 opus
2938 2737 3075 2795 erat,
3114 2729 3177 2798 ﬁt
3210 2728 3478 2782 stationa-

1874 2820 2011 2885 rius,
2041 2820 2198 2890 quasi
2236 2813 2433 2873 (liceret
2456 2834 2474 2872 :
2510 2817 2645 2873 Mihi
2671 2833 2773 2873 non
2804 2818 2927 2873 licet
2949 2835 3069 2874 eum
3114 2835 3251 2872 nunc
3276 2834 3309 2872 a
3333 2817 3474 2873 vobis

1874 2910 2076 2979 eripere
2098 2911 2209 2980 qui,
2235 2910 2362 2964 dum
2388 2909 2491 2963 sibi
2516 2908 2690 2976 licuit,
2718 2908 2929 2963 nolebat
2954 2926 3010 2964 se
3045 2910 3325 2981 corrigere.
3354 2908 3473 2963 Ho-

1876 3000 2020 3053 ritur
2062 3015 2184 3071 ergo
2224 3016 2345 3053 cum
2388 3015 2582 3069 magno
2622 2999 2818 3053 animle
2865 3014 2976 3054 sua:
3019 2997 3287 3069 periculo,
3330 2998 3475 3070 quod
3512 3028 3516 3037 ι

189 3066 314 3134 quod
341 3069 514 3163 ~uerbo
548 3072 733 3163 docuit
776 3076 1014 3148 exemplo
1055 3078 1457 3149 demonstravit,
1515 3100 1578 3137 ac
1611 3085 1770 3154 fortis
1798 3065 1841 3125 θ
1874 3108 2011 3163 sirpe
2052 3065 2362 3147 consensum
2393 3065 2618 3163 praebuit
2662 3090 2962 3163 periculoso
3005 3065 3287 3147 stultissimi
3335 3065 3471 3162 regis
3506 3120 3513 3129 ε

188 3171 269 3225 per
294 3160 475 3214 omnia
497 3162 719 3233 athleta,
736 3181 947 3221 murum
967 3184 1022 3223 se
1044 3184 1143 3240 pro
1163 3169 1318 3226 domo
1336 3170 1552 3228 Domini
1581 3189 1774 3245 ponere

190 3262 281 3301 non
312 3251 518 3320 timuit,
542 3261 651 3310 etc.
1468 3263 1472 3267 ’
1598 3256 1605 3263 ’

247 3335 381 3394 Idem
416 3338 609 3398 Otho:
644 3341 952 3401 Praedictus
983 3350 1224 3420 pontifex
1259 3349 1546 3424 Gregorius
1579 3356 1621 3407 a'
1650 3370 1772 3426 rege

192 3427 301 3523 urbe
329 3429 574 3501 pellitur,
616 3433 1002 3510 Guibertusque
1042 3439 1459 3499 Ravennatensis
1497 3446 1771 3523 episcgpus

192 3519 242 3572 in
264 3517 429 3576 locum
450 3524 571 3594 ejus
599 3526 955 3584 subtruditur.
1001 3529 1172 3586 Porro
1205 3531 1512 3606 Gregorius,
1556 3517 1772 3591 Salerni

191 3612 415 3705 um,
468 3609 931 3693 appropinquante
989 3626 1283 3705 vocationis
1329 3640 1444 3682 sua:
1510 3637 1769 3700 tempore,

190 3703 367 3763 dixisse
398 3709 578 3779 fertur
598 3727 618 3766 :
649 3712 829 3770 Dilexi
845 3716 1144 3788 justitiam,
1162 3703 1220 3775 et
1244 3721 1389 3776 odivi
1410 3723 1769 3795 iniquitatem,

189 3804 443 3864 propterea
466 3802 672 3855 morior
689 3803 744 3857 in
762 3805 978 3861 exsilio.
1006 3807 1148 3874 Quia
1172 3826 1295 3882 ergo
1328 3812 1386 3866 in
1410 3814 1654 3886 principe
1673 3832 1771 3871 sue

192 3899 406 3977 regnum,
452 3892 521 3947 ab
562 3888 806 3952 Ecclesia
847 3902 1151 3970 praecisum,
1193 3905 1426 3974 grauiter
1461 3923 1768 3977 percussum

192 3975 297 4045 fuit,
334 3978 580 4040 Ecclesia
614 4001 815 4061 quoque
846 3998 997 4047 tanto
1022 4003 1255 4065 pastore,
1292 3998 1385 4068 qui
1423 3975 1562 4054 inter
1590 4016 1769 4057 omnes

189 4074 467 4131 sacerdotes
496 4086 552 4132 et
572 4077 840 4137 Romanos
868 4088 1141 4157 pontifices
1164 4090 1424 4159 prazcipui
1456 4091 1557 4146 zeli
1579 4109 1643 4148 ac
1666 4090 1768 4147 (ια-ὲ

191 4166 436 4223 claritatis
466 4179 605 4238 erat,
636 4174 1110 4242 orbata,‘dolorem
1135 4197 1238 4235 non
1268 4183 1534 4238 modicum
1556 4185 1763 4241 habuit.

248 4255 383 4313 idem
418 4260 517 4316 lib.
541 4279 640 4331 vn,
666 4281 786 4336 cap.
819 4267 884 4321 ιτ
916 4268 1177 4340 Defuncto
1212 4270 1423 4328 Salerni
1459 4274 1625 4331 beatas
1659 4292 1770 4332 me-

193 4349 353 4404 morie
379 4367 587 4407 summa
615 4357 873 4427 pontifice
899 4355 1170 4431 Gregorio,
1192 4369 1297 4417 etc.

1876 3183 2120 3237 consilio.

1945 3271 2239 3344 Luipoldus
2280 3273 2450 3344 frater
2474 3272 2801 3339 ,Berthaldi,
2842 3274 2978 3345 regis
3023 3273 3344 3340 consiliarii,
3377 3288 3470 3344 qui
3532 3291 3544 3303 ·

1870 3373 1922 3419 et
1950 3365 2061 3436 ipse
2094 3364 2208 3434 ejus
2234 3364 2579 3419 consiliarius
2608 3375 2744 3434 erat,
2780 3366 2909 3420 dum
2939 3366 3177 3437 quadam
3197 3364 3285 3420 die
3299 3365 3467 3436 juxta
3503 3407 3506 3410 .

1873 3474 2043 3528 regem
2073 3458 2316 3529 equitans
2348 3472 2469 3511 cum
2501 3473 2562 3512 eo
2587 3456 2843 3530 quoslibet
2888 3473 3151 3514 sermones
3183 3458 3473 3531 conferret,

1871 3551 2153 3621 accipiter,
2207 3565 2361 3623 quem
2401 3553 2626 3607 sinistra
2674 3554 2953 3623 portabat,
3010 3553 3235 3608 uolitare
3287 3555 3495 3626 carpit,

1870 3642 2028 3713 quasi
2063 3651 2343 3714 capturum
2375 3649 2604 3714 peteret:
2647 3643 2743 3699 ille
2774 3660 2893 3699 vero
2928 3652 3046 3715 post
3077 3658 3221 3700 avem
3253 3658 3475 3717 parum-
3502 3688 3507 3695 .

1870 3749 1963 3805 per
1979 3751 2044 3810 _se
2086 3733 2375 3804 inclinans,
2431 3735 2496 3790 ab
2541 3753 2674 3808 eque
2714 3739 2891 3809 gravis
2927 3736 3149 3803 cecidit,-
3179 3749 3230 3794 et
3271 3748 3470 3811 erisem,‘

1868 3841 1972 3897 quo
1996 3826 2201 3881 cinctus
2223 3835 2360 3893 erat,
2383 3844 2410 3882 e
2431 3828 2623 3899 uagina
2645 3827 2855 3899 lapsum
2874 3827 3065 3900 capulo
3089 3838 3249 3888 terra:
3269 3833 3475 3905 defixo,“
3498 3861 3503 3867 ι

1869 3918 1925 3971 in
1956 3926 2163 3988 pectore
2202 3918 2376 3972 medio
2416 3920 2631 3991 recepit,
2675 3927 2728 3975 et
2762 3920 2855 3993 qui
2895 3911 3032 3992 saepe
3072 3925 3226 3994 pravi
3262 3926 3477 3981 consilii

1871 4026 2086 4066 consors
2116 4010 2197 4066 vel
2231 4018 2418 4067 auctor
2442 4011 2567 4084 fuit,
2594 4013 2710 4070 sine
2738 4013 2965 4070 consilio
2984 4027 3255 4087 perpetuae
3278 4017 3475 4071 salutis

1869 4104 1936 4158 ab
1961 4103 2061 4157 hac
2083 4104 2192 4159 vita
2224 4106 2457 4159 recessit.
2828 4110 2833 4113 ‘
3462 4098 3467 4103 θ

1940 4194 2155 4250 XXVII.
2215 4194 2567 4264 Helmoldus,
2613 4198 2709 4255 lib.
2758 4215 2776 4253 ι
2828 4197 3095 4259 Chronic.
3154 4200 3469 4266 Slavorum,

1870 4301 1989 4358 cap.
2016 4286 2119 4342 28:
2147 4285 2281 4341 Post
2301 4304 2500 4359 paucos
2523 4296 2699 4343 autem
2722 4289 2856 4357 dies,
2881 4290 3149 4361 principes
3173 4290 3467 4356 Saxonum;

1870 4388 2064 4449 prmter
2092 4378 2417 4433 voluntatem
2458 4380 2597 4450 regis
2624 4381 2933 4450 captivitate
2968 4381 3221 4449 absoluti,
3259 4381 3325 4435 in'
3346 4396 3470 4451 pro-

248 4436 432 4544 XXYI;
466 4442 653 4544 Βῗυηο
695 4447 755 4502 in
790 4446 1045 4544 Eis‘oria
1084 4452 1210 4508 belli
1258 4453 1537 4512 saxoniCi-
1575 4455 1771 4514 Ειδῑθῑ
1804 4438 1848 4494 D
1870 4436 1993 4539 prid
2028 4469 2219 4523 reversi
2240 4476 2384 4537 sunt,
2412 4436 2762 4542 necvunquam
2791 4471 2856 4526 de
2884 4436 3076 4528 cretero
3099 4436 3470 4544 promissioni—

195 4537 324 4588 tonio
349 4533 371 4587 Ι
408 4533 753 4608 Scriptorum
788 4539 1086 4598 illustrium
1112 4544 1439 4614 Germania),
1472 4563 1613 4619 quos
1642 4548 1775 4604 Cal-'

195 4619 425 4681 rinianus
451 4625 726 4687 Froberus
752 4632 1049 4703 evolgavit.
1085 4633 1223 4692 Tota
1256 4637 1372 4692 hac
1408 4635 1649 4695 Historia
1684 4647 1772 4697 est

194 4722 362 4771 contra
403 4715 698 4777 Henricum
737 4730 797 4778 et
839 4721 1201 4799 Henricianos
1243 4744 1345 4801 pro
1375 4727 1642 4803 Gregorio
1675 4731 1767 4788 VII

195 4811 240 4861 et
271 4806 371 4865 illis
410 4811 504 4881 qui
544 4828 773 4869 causam
820 4812 880 4869 S.
914 4813 1061 4871 Petri
1109 4818 1419 4874 tuebantur.
1467 4820 1769 4882 Enumerat

198 4892 296 4964 ipse
315 4912 528 4972 quoque
549 4904 795 4975 tragicos
819 4904 1081 4962 interitus
1104 4910 1471 4980 quorumdam
1494 4916 1769 4973 scbisma—'

199 4984 429 5080 licorum;
478 4993 546 5049 de
593 4996 801 5066 quibus
836 5011 1007 5067 supra
1047 5014 1111 5054 ex
1161 5000 1663 5080 Schafnaburgensi
1709 5018 1767 5066 et

198 5072 443 5137 Chronico
472 5083 736 5143 Cititensi
766 5086 981 5151 aliquid
1012 5084 1215 5149 dictum
1245 5113 1260 5150 :
1286 5072 1640 5168 Patriarclia,
1674 5099 1763 5154 in-

1874 4557 1971 4614 bus
2019 4561 2157 4632 regis
2206 4561 2366 4632 ﬁdem
2415 4562 2998 4634 prcebuerunt.’Missa
3044 4582 3167 4638 ergo
3213 4563 3473 4620 relatione

1874 4648 2149 4705 Saxonum
2183 4651 2446 4723 principes
2490 4652 2563 4707 ad
2596 4655 2944 4725 apostolicam
2987 4656 3162 4711 sedem
3199 4658 3469 4729 conquesti

1868 4750 1994 4797 sunt
2012 4743 2446 4799 reverendissimo
2470 4760 2623 4818 papa:
2652 4745 2906 4818 Gregorio
2950 4746 3064 4803 VII
3085 4747 3321 4823 qualiter
3353 4762 3468 4816 res,

1869 4836 2066 4891 divina:
2095 4835 2226 4908 legis
2258 4844 2603 4907 contemptor,
2642 4836 2902 4896 Ecclesiis
2942 4839 3046 4898 Dei
3078 4843 3136 4898 in
3164 4842 3475 4917 statuendis

1869 4927 2128 4998 episcopis
2163 4944 2369 4983 omnem
2415 4930 2685 4986 canonica:
2721 4929 2998 4990 electionis
3030 4933 3329 4990 libertatem
3354 4931 3478 4987 adi-4

1871 5027 2056 5086 meret,
2079 5034 2275 5084 ponens
2296 5036 2389 5090 per
2411 5018 2720 5077 violentiam
2741 5025 3016 5096 episcopos
3049 5044 3181 5101 quos
3200 5020 3475 5081 coluisset.

1873 5108 2100 5180 Insuper
2133 5110 2293 5181 quod,
2329 5124 2473 5165 more
2510 5109 2936 5182 Nicolaitarnm,
2969 5119 3035 5174 de
3060 5133 3226 5176 uxore
3246 5130 3349 5169 sua
3373 5118 3491 5185 ρει-ι’

199 5169 297 5222 uuit
314 5172 505 5222 Brunn-
543 5180 634 5222 nui
674 5176 889 5222 [enatus
928 5181 1205 5222 annuntiat
1257 5186 1532 5222 ama-tm...
1578 5201 1768 5222 ωηο..-
1875 5199 1975 5222 ιη-
