3962 5348
474 57 537 112 2-I
547 59 582 114 5

1609 72 1616 76 '
1693 61 1750 118 S.
1783 63 2182 123 GBEGORIUS
2217 67 2310 124 VII
2342 71 2540 126 ΡΛΡΛ.

3636 75 3738 137 216

469 170 722 262 ultimum
765 173 1124 242 familiarium
1157 177 1394 232 consiliis
1434 179 1708 247 astrictus,
1765 181 2060 236 timentium
2091 188 2137 246 Α
2163 201 2194 242 a
2227 185 2492 260 Gregorio
2513 197 2695 263 gestas
2726 189 2947 262 cepiose
2979 206 3103 246 cum
3128 191 3372 264 ejusdem
3396 193 3560 252 laude
3583 210 3738 254 exse-

465 282 532 322 ne
562 282 718 336 regno
735 279 881 336 Juste
907 268 1269 340 deponeretur,
1304 271 1398 326 ivit
1423 267 1671 340 Romam,
1693 281 1799 328 etc.
1851 275 1858 282 “

538 356 778 414 XXVIII.
829 360 1088 418 Albertus
1133 363 1304 418 abbas
1349 360 1633 420 Stadensis
1675 363 1730 418 in
1781 363 2058 422 Chronico

466 450 659 504 eadem
696 449 810 506 fere
840 453 1030 507 scribit
1063 468 1186 524 quae
1223 437 1556 511 Ilelmoldus.
1596 453 1722 510 Haec
1756 455 1882 512 item
1910 471 2057 511 anno

467 538 609 594 i085
647 558 661 594 :
708 539 1106 597 Hildebrandus
1146 561 1307 615 papa,
1352 545 1443 616 qui
1479 555 1528 600 et
1563 544 2056 626 Gregorius,‘apud

467 629 756 687 Salernum
782 628 1038 703 moritur;
1068 637 1155 691 cui
1200 637 1505 693 Desiderius
1537 639 1830 716 cardinalis
1855 639 2056 694 Roma-

465 739 590 792 nus,
617 735 667 779 et
697 726 860 783 abbas
893 727 1245 799 Cassinensis,
1284 749 1434 787 verus
1458 731 1659 788 Christi
1690 733 1945 803 famulus,
1988 731 2058 787 li-

465 823 545 868 cet
579 816 804 874 multum
846 823 1094 892 renitens,
1122 823 1466 900 substituitur
1496 843 1712 881 assensu
1746 825 2057 880 Nordman-

466 923 676 980 norum,
693 921 744 967 et
762 913 1041 971 Mat/tildis
1059 919 1442 989 potentissima:
1461 936 1554 990 per
1575 917 1800 974 Italiam
1821 919 2054 990 Icarium,

466 1011 877 1078 cunctarumque
917 1007 1180 1079 ejusmodi
1215 1019 1412 1064 sectam
1455 1011 1842 1066 wmulantium.
1872 1009 1960 1078 _Et
1999 1010 2054 1066 hi

465 1091 699 1162 quidem,
713 1097 804 1168 qui
819 1097 1132 1155 videbantur
1148 1103 1486 1174 perfectiores
1498 1113 1547 1158 et
1561 1103 1820 1158 columna:
1831 1103 1886 1159 in
1895 1103 2056 1159 domo

465 1183 586 1254 Dei,
615 1188 950 1248 adhaeserunt
981 1196 1118 1250 sicut
1143 1195 1414 1268 Gregorio,
1443 1199 1520 1253 ita
1543 1209 1594 1253 et
1617 1198 1924 1266 Desiderio;
1947 1215 2054 1258 ccc-

467 1276 568 1330 teri
597 1295 735 1348 vero,
763 1298 893 1353 quos
928 1277 1020 1339 aut
1051 1287 1212 1342 timor
1236 1297 1328 1342 aut
1359 1289 1512 1360 favor
1540 1287 1815 1346 Gwsareus
1842 1291 2053 1363 agebat,

463 1371 632 1442 secuti
655 1383 778 1428 sunt
806 1373 1136 1448 Guibertum,
1163 1381 1254 1452 qui
1277 1391 1326 1436 et
1352 1379 1614 1451 Clemens,
1641 1391 1746 1438 etc.

533 1460 694 1520 Certe
723 1483 848 1524 cum
879 1487 1251 1532 successorem
1279 1478 1545 1551 Gregorii.
1588 1496 1751 1551 quem
1789 1479 2052 1551 (ἶνθῧοτίο

462 1553 922 1639 δειάίωὶεεὶωιιω,
950 1562 1122 1624 fuisse
1162 1567 1332 1638 probe
1379 1579 1559 1637 norat,
1593 1571 1759 1627 tantis
1794 1571 2050 1628 laudibus

460 1644 683 1734 alliciat,
708 1667 819 1708 non
853 1656 1032 1726 potuit
1069 1658 1136 1714 de
1153 1659 1428 1733 Gregorio
1461 1663 1681 1720 sinistre
1714 1668 1937 1732 sentire,
1965 1663 2050 1720 vel

457 1753 526 1792 ex
567 1755 672 1795 suo
715 1758 882 1802 sensu
927 1749 1186 1818 scribere,
1219 1769 1344 1808 cum
1381 1756 1570 1812 eadem
1613 1773 1840 1828 prorsuts
1887 1756 2052 1817 fuerit

459 1845 627 1921 causa
655 1841 1011 1910 successoris,
1034 1859 1156 1914 quas
1179 1844 1426 1916 Gregorii
1449 1848 1833 1905 antecessoris.

533 1919 727 1980 XXIX.
761 1926 1048 2000 Alphanus
1091 1936 1541 2009 archiepiscopus
1578 1937 1958 1996 Salernitanus
1990 1937 2048 1996 in

458 2010 720 2075 Oratione
751 2024 978 2082 metrica
1003 2028 1147 2098 apud
1173 2027 1492 2098 Baronium,
1523 2039 1673 2086 tomo
1695 2030 1766 2086 XI
1791 2051 1804 2086 :

530 2104 976 2184 Archiapostolici
995 2121 1086 2192 qui
1117 2120 1344 2177 culmine
1369 2122 1534 2195 fulget
1566 2115 1780 2178 honoris

607 2205 827 2281 Protege
853 2209 1187 2284 Gregorium,
1215 2217 1319 2272 scis
1351 2233 1503 2288 quem
1526 2201 1708 2273 amare
1731 2217 1952 2296 Petrum

529 2295 797 2370 Septimus
833 2305 888 2357 in
922 2321 1140 2361 numero
1163 2307 1479 2380 vigilantum
1503 2295 1940 2382 muneraiscptem

472 2466 478 2472 _
511 2451 514 2455 ,
597 2393 880 2452 Possideat
911 2415 1114 2471 semper
1133 2401 1372 2472 [laminis
1405 2401 1496 2458 ille
1522 2403 1621 2458 tui.

525 2483 698 2544 XXX.
739 2487 1036 2547 Deusdedit
1094 2494 1378 2567 presbyter
1429 2495 1726 2553 cardiualis
1784 2495 1840 2552 in
1895 2509 2047 2552 ceu:-

456 2580 732 2636 mentario
757 2579 833 2636 De
859 2582 1160 2656 privilegiis
1184 2584 1446 2643 Romanas
1476 2585 1734 2644 Ecclesiae
1767 2587 1910 2658 apud
1941 2585 2058 2666 Ba-q

451 2675 699 2744 mnium,
721 2685 872 2734 temo
896 2677 988 2748 XI,
1016 2697 1164 2738 anno
1192 2681 1329 2738 l080
1356 2702 1370 2740 :
1405 2683 1538 2739 Post
1561 2686 1806 2756 prtBstita
1829 2685 2044 2740 domino

453 2781 550 2822 suo
581 2767 747 2825 beata:
769 2773 1036 2826 memoria:
1059 2775 1280 2844 septimo
1313 2773 1564 2848 Gregorio
1589 2795 1742 2848 papa:
1762 2778 2042 2849 ﬁdelitatis

2157 275 2363 346 quitur.
2552 303 2570 334 η
2607 289 2613 294 ‘
2755 289 2762 298 ‘

2163 414 2168 419 .
2227 366 2470 430 XXXVI.
2523 369 2868 442 Epitomator
2919 371 3115 432 Blondi
3145 372 3370 450 lineas
3419 375 3643 450 Sylvius
3685 375 3740 438 in

2159 462 2483 532 compendio
2515 461 2728 536 Blondi.
3047 522 3050 526 ί

2227 538 2492 616 XXXVII.
2531 549 2773 610 Joannes
2807 537 3071 610 Yillanus'
3096 553 3194 614 lib.
3237 571 3289 610 Iv
3330 553 3474 628 Hist.
3519 555 3743 614 Floren-

2157 643 2306 701 tinus.

2228 737 2515 810 XXXVIII.
2569 739 2838 798 Martinus
2879 740 3120 798 Polonus
3165 742 3222 796 in
3271 743 3594 814 Chronico;
3642 741 3744 814 Hic

2155 841 2369 902 propter
2411 831 2737 889 laudabilem
2785 835 2948 890 vitam
2995 844 3075 911 est
3123 837 3194 898 in
3227 853 3421 908 papam
3468 836 3668 895 electus
3712 854 3746 893 ι

2157 925 2542 993 cardinalibus,
2578 935 2683 982 etc.
2723 925 2936 982 Salerni
2963 937 3201 983 mortuus
3231 939 3307 984 est
3345 929 3630 986 miraculis
3659 946 3747 984 co-

2157 1015 2442 1072 ruscando.
2820 1079 2824 1084 ,
3089 1062 3091 1064 -
3483 1087 3490 1090 .

2226 1105 2469 1188 XXXIX.
2500 1105 2800 1165 Sabellicus
2830 1107 3075 1182 Ennead.
3101 1109 3154 1186 9,
3180 1110 3274 1166 lib.
3306 1127 3388 1166 Ill.
3579 1183 3584 1186 ,

2219 1201 2334 1259 XL.
2365 1201 2758 1260 Volaterranus
2798 1203 2895 1260 lib.
2950 1219 3067 1260 χιιι
3111 1202 3561 1275 Anthropologiae
3588 1220 3606 1257 :
3642 1201 3746 1256 llic

2158 1296 2474 1370 (Gregorius
2498 1295 2612 1369 VII)
2638 1306 2830 1368 printer
2858 1313 3058 1366 omnes,
3089 1301 3229 1369 quod
3263 1297 3342 1352 rir
3361 1298 3483 1368 pius
3513 1305 3563 1350 et
3591 1295 3748 1351 Clu-iv

2045 1445 2050 1450 .
2153 1391 2348 1446 stiante
2390 1390 2664 1462 religionis
2698 1391 2990 1446 acerrimus
3032 1390 3276 1461 defensor
3320 1389 3506 1461 fuerit,
3541 1387 3748 1456 latores

2153 1484 2372 1556 pertulit
2404 1501 2648 1556 uiuam.

2220 1575 2736 1655 XLI..Tt-ithemius
2766 1575 2825 1639 in
2859 1561 3135 1642 Chronico
3167 1573 3567 1644 Hirsaugiensl,
3600 1586 3747 1628 anno

2151 1669 2369 1726 Domini
2394 1668 2532 1724 1075
2559 1687 2573 1724 :
2603 1671 2816 1724 Mortuo
2837 1684 2978 1738 papa
2997 1667 3304 1722 Alexandro
3337 1665 3588 1720 successit
3622 1662 3748 1718 Hil-

2149 1762 2452 1822 debrandus
2486 1760 2648 1826 abbas
2681 1759 2870 1830 Sancti
2902 1758 3066 1816 Pauli
3089 1759 3293 1826 ordinis
3326 1757 3517 1823 nostri,
3550 1766 3604 1820 et
3635 1753 3746 1822 Bo-

2151 1873 2324 1912 manas
2359 1855 2616 1912 Ecclesiae
2639 1853 3074 1922 archidiaconus,
3108 1861 3158 1908 et
3187 1852 3405 1924 praefuit
3435 1850 3592 1906 annis
3617 1848 3748 1902 duo-

2148 1947 2340 2014 decim,
2381 1946 2658 2016 dictusque
2695 1953 2776 1999 est
2814 1943 3094 2016 Gregorius
3123 1943 3282 2014 hujus
3320 1941 3550 1998 nominis
3581 1939 3747 2010 septi-

2150 2040 2332 2106 timus,
2365 2039 2447 2094 vir
2471 2047 2610 2093 certe
2638 2035 2820 2100 multa:
2844 2036 3122 2104 doctrinas,
3165 2051 3474 2106 ntagnazqne
3499 2033 3743 2103 pietatis,

2146 2129 2466 2201 prudentior,
2509 2129 2763 2200 justitias,
2817 2127 3128 2182 constantia:
3175 2133 3226 2180 et
3285 2125 3601 2196 religionis,
3653 2122 3744 2193 qui

2023 2197 2029 2206 δ
2059 2210 2062 2214 Α
2146 2197 2317 2278 multa
2350 2237 2447 2292 pro
2488 2197 2790 2291 defensione
2826 2219 3088 2275 libertatis
3131 2217 3506 2273 ecclesiastica
3529 2225 3582 2272 et
3617 2215 3746 2286 fecit

2147 2315 2302 2383 bona,
2339 2324 2390 2370 et
2423 2315 2679 2370 sustinuit
2723 2313 2966 2376 aduersa.
3002 2311 3106 2367 Hic
3150 2311 3380 2382 primum
3413 2309 3517 2380 fuit
3556 2323 3746 2362 mona-

2146 2409 2273 2464 chus
2299 2407 2691 2474 Cluniacensis,
2718 2414 2770 2462 et
2806 2424 2839 2460 a
2869 2404 3040 2462 Leone
3059 2421 3198 2484 papa
3241 2401 3325 2456 IX
3357 2400 3418 2458 S.
3444 2401 3530 2457 Β..
3551 2397 3621 2454 Ε.
3651 2417 3746 2459 ar-

2145 2502 2490 2556 chidiaconus
2519 2500 2590 2555 ad
2618 2497 2996 2554 monasterium
3025 2494 3084 2552 S.
3119 2494 3285 2550 Pauli
3310 2493 3612 2559 ordinatus,
3643 2491 3748 2552 hoc.

2145 2609 2284 2648 anno
2327 2601 2444 2664 post
2494 2591 2864 2647 Alexandrum
2916 2589 3150 2644 omnium
3199 2603 3456 2644 consensu
3498 2601 3744 2642 summus

2142 2685 2382 2756 pontifex
2408 2691 2616 2737 creatus
2650 2689 2748 2737 est.
2803 2707 2810 2716 -

2211 2777 2374 2834 XLII.
2411 2775 2717 2832 Nauclerus
2737 2776 2794 2830 in
2817 2773 3094 2830 Chronico
3124 2773 3380 2830 Gencmt.
3410 2772 3480 2828 36
3501 2782 3558 2827 et
3588 2772 3681 2829 ‘57.

451 2870 808 2958 sacramenta,
831 2871 883 2917 et
905 2863 1254 2940 obedientiam
1275 2883 1372 2922 vni
1394 2869 1550 2924 annis
1575 2869 1886 2943 exhibitam,
1913 2885 2043 2940 apo-
2068 2900 2111 2958 ο
2211 2866 2395 2924 XLIII.
2418 2864 3084 2958 AlbertusGrantziuslib.
3105 2879 3157 2918 ν.
3179 2862 3513 2934 Metropolis,
3536 2877 3662 2958 cap.
3685 2878 3702 2916 ι
3722 2881 3737 2916 :

452 2948 702 3006 stolicum
737 2952 983 3008 thronum
1009 2954 1222 3011 invasit.
1257 2955 1528 3031 Loquitur
1548 2959 1616 3015 de
1649 2957 1912 3016 Guiberto
1944 2975 2044 3016 ειη-
2073 2948 2110 2958 ν
2145 2957 2427 3031 Gregorius
2471 2955 2601 3025 VII,
2630 2955 3028 3012 Hildebrandus
3075 2963 3196 3010 ante
3237 2962 3477 3018 uocatus,
3521 2953 3741 3007 natione

392 3097 400 3104 .
451 3043 656 3114 tipapa.

475 3195 502 3204 ν
522 3132 717 3190 XXXI.
754 3135 1012 3208 Magnum
1033 3137 1348 3196 Chronicon
1373 3140 1672 3213 Belgicum,
1697 3143 1902 3199 editum
1939 3160 2043 3200 nu-

451 3242 550 3299 per
565 3243 598 3282 a
623 3229 945 3287 clarissimae
957 3241 1010 3288 et
1030 3233 1420 3290 laudatissima:
1441 3236 1722 3291 memoriae
1740 3235 1803 3290 D.
1817 3235 2040 3306 Joanne

450 3319 729 3388 Pistorio:
773 3321 1056 3396 Gregorius
1094 3323 1204 3379 γιι
1243 3327 1456 3380 natione
1493 3324 1716 3396 Tuscus,
1741 3335 1872 3394 etc.,
1911 3326 2038 3382 Hil-

451 3412 754 3470 dcbrandus
785 3415 934 3485 prius
965 3427 1198 3483 vocatus,
1232 3426 1364 3485 etc.,
1403 3418 1736 3488 postmodum
1771 3435 1888 3474 vero
1920 3437 2040 3475 car-

383 3575 390 3581 _
451 3503 673 3573 dinalis,
716 3516 930 3578 propter
966 3507 1292 3564 laudabilem
1331 3509 1447 3579 ejus
1489 3509 1654 3564 vitam
1685 3511 1740 3578 in
1781 3529 1976 3583 papam
2005 3530 2040 3568 a

449 3597 817 3654 cardinalibus
843 3610 920 3655 est
947 3601 1164 3670 electus,
1188 3611 1296 3659 etc.
1320 3601 1465 3660 Infra
1493 3623 1506 3658 :
1536 3604 1799 3675 Defuncto
1824 3605 2037 3662 Salerni

451 3689 618 3746 beatae
648 3695 918 3746 memoria:
945 3709 1150 3748 summo
1183 3694 1430 3764 pontiﬁce
1455 3694 1727 3768 Gregorio,
1755 3708 1862 3753 etc.

471 3861 475 3866 Δ
519 3783 737 3838 XXXII.
795 3784 1122 3844 Wilhelmus
1167 3785 1395 3859 Tyrius,
1449 3789 1543 3844 lib.
1597 3807 1616 3845 ι
1667 3788 1802 3846 Belli
1849 3792 2035 3860 sacri,

447 3890 569 3946 cap.
612 3877 699 3944 15,
736 3877 829 3932 ubi
864 3879 1094 3950 loquens
1123 3879 1191 3936 de
1239 3877 1578 3936 Inuestituris
1620 3883 2036 3955 episcopatuum

447 3970 518 4026 ab
543 3969 780 4029 Henrico
801 3971 1042 4030 conferri
1071 3973 1270 4040 solitis,
1297 3975 1380 4030 sic
1413 3975 1605 4032 scribit
1631 3982 1658 4032 :'
1681 3975 1834 4042 Quod
1863 3977 2038 4032 domi-

446 4077 544 4115 nns
566 4077 708 4132 papa
730 4070 916 4118 contra
939 4079 1146 4119 omnem
1177 4065 1297 4135 fieri
1322 4065 1646 4121 honestatem
1671 4066 2032 4135 considerans,

444 4164 494 4209 et
507 4154 639 4224 jura
660 4156 718 4210 in
737 4171 798 4210 eo
821 4154 966 4226 facta
987 4157 1290 4211 conculcari
1308 4157 1670 4212 ecclesiastica
1690 4157 2032 4228 perpendens,

2143 3053 2424 3120 Etruscus,
2458 3069 2579 3106 cum
2611 3050 2782 3106 multa
2815 3067 2912 3121 pro
2940 3049 3197 3104 Romanis
3222 3049 3562 3120 pontiﬁcibus
3597 3049 3742 3121 egisa

2141 3153 2251 3210 set,
2307 3143 2638 3203 acclamante
2679 3141 2820 3196 clero
2868 3149 2919 3196 et
2965 3139 3188 3212 populo,
3231 3139 3666 3196 Hildebrandum
3700 3159 3742 3210 ts

2140 3235 2208 3292 Β.
2241 3235 2400 3291 Petro
2431 3234 2654 3292 electum
2687 3250 3070 3300 successorem,
3104 3233 3309 3304 magnis
3353 3234 3487 3289 ratis
3518 3243 3568 3288 et
3605 3251 3734 3288 con-

2139 3327 2386 3384 cordibus
2423 3343 2543 3382 eum
2583 3327 2920 3397 designarere
2965 3325 3179 3380 Patres.
3221 3324 3426 3380 Multus
3458 3325 3543 3380 illi
3581 3327 3737 3382 labos

2137 3431 2251 3478 erat
2275 3438 2397 3476 cum
2419 3419 2650 3476 Henrico
2677 3417 2704 3472 1
2723 3417 2784 3487 V,
2802 3417 3082 3490 multiplex
3106 3419 3438 3486 colluctatio,
3465 3419 3556 3472 sed
3579 3435 3734 3490 supe-

2138 3514 2278 3570 rarit
2327 3512 2541 3578 veritas,
2585 3521 2633 3566 et
2658 3509 2899 3580 justitia,
2931 3511 3256 3582 obtinuitque
3280 3509 3522 3581 pontifex
3553 3519 3616 3564 ut
3663 3509 3734 3566 ad

2135 3621 2334 3659 annum
2353 3603 2612 3657 decimum
2627 3601 2747 3657 terti
2752 3619 2839 3656 um
2853 3602 3162 3673 perveniret.

2208 3695 2397 3752 XLIV.
2435 3694 2724 3766 Philippus
2786 3692 3172 3766 Bergomensis
3228 3693 3284 3748 in
3341 3691 3736 3768 supplemento

2134 3789 2578 3849 Chronicorum:
2629 3787 2915 3858 Gregorius
2972 3785 3080 3842 VII
3107 3803 3270 3858 papa,
3311 3785 3526 3840 natione
3567 3785 3732 3841 Etru-

2134 3897 2285 3946 scus,
2323 3886 2428 3935 etc.
2482 3877 2578 3933 Vir
2610 3886 2749 3932 certe
2791 3875 2902 3932 Deo
2937 3887 2988 3932 et
3024 3876 3324 3930 hominibus
3363 3876 3732 3946 gratissimus,

2133 3971 2385 4043 prudens,
2425 3969 2628 4041 justus,
2673 3968 2950 4032 CléWﬂS,’
2963 3983 3253 4038 pauperum
3303 3965 3738 4039 pupillorumque

2133 4079 2198 4116 ac
2221 4061 2506 4116 viduarum
2538 4068 2794 4132 patronus
2827 4069 2878 4114 et
2919 4069 3092 4130 pater,
3125 4075 3216 4113 nec
3250 4075 3354 4113 non
3381 4069 3432 4113 et
3450 4057 3733 4128 ,Ecclesic

2133 4151 2387 4207 Romanae
2421 4158 2605 4206 contra
2643 4149 3009 4204 hazreticorum
3044 4149 3438 4220 improbitatem
3471 4158 3524 4205 et
3555 4151 3734 4205 malo-

443 4245 624 4311 semel,
662 4246 911 4313 secundo,
949 4263 1012 4302 ac
1044 4247 1198 4300 tertio
1223 4248 1463 4302 eumdem
1492 4249 1860 4320 imperatorem
1891 4264 2036 4302 com-
2067 4263 2114 4320 υ
2138 4261 2256 4300 rum
2296 4245 2594 4316 principum
2628 4243 2939 4315 potentiam,
2977 4260 3056 4298 res
3084 4242 3472 4299 ecclesiasticas
3503 4261 3599 4314 per
3626 4246 3730 4300 vim

444 4339 670 4405 monuit,
696 4347 756 4392 ut
785 4357 818 4392 a
841 4348 954 4392 tam
977 4337 1279 4394 detestabili
1305 4338 1576 4394 desisteret
1605 4341 2034 4410 prcesumptione.

405 4499 410 4502 _
447 4425 614 4492 Quem
657 4431 934 4501 praceptis
978 4428 1308 4486 salutaribus
1345 4431 1768 4496 commonitum,
1794 4447 1913 4484 cum
1952 4446 2034 4485 re-

443 4535 630 4574 uocare
656 4537 762 4575 non
780 4531 973 4592 posset,
993 4519 1204 4576 vinculo
1229 4521 1581 4578 anathematis
1607 4521 1902 4590 innodavit,
1923 4529 2032 4578 etc.

515 4613 755 4669 XXXIII.
791 4615 1114 4674 Vincentius
1140 4617 1198 4672 iu
1233 4617 1454 4688 speculo
1493 4617 1590 4672 lib.
1623 4633 1751 4685 xxv,
1786 4633 1906 4689 cap.
1938 4619 2029 4687 «ll,

440 4704 768 4776 Grgorium
790 4709 1070 4767 miraculis
1095 4719 1152 4766 et
1169 4709 1502 4767 charismate
1521 4725 1723 4766 arcana
1745 4719 2028 4782 pectorum

441 4799 814 4868 cognoscendi
847 4801 1112 4858 claruisse
1146 4802 1356 4859 scribit.

511 4889 752 4946 XXXIV.
795 4890 852 4948 S.
913 4891 1259 4960 Antoninus,
1309 4902 1463 4964 parte
1512 4895 1753 4952 secunda
1811 4892 2024 4950 Summ.

441 4983 606 5050 llist.,
637 4987 719 5042 tit.
761 4986 848 5054 16,
877 5001 1002 5060 cap.
1037 4989 1090 5054 I,
1132 4988 1160 5061 §
1190 4990 1258 5044 21
1287 5008 1304 5044 :
1351 4989 1488 5044 Erat
1531 4991 1610 5044 vir
1651 4991 1751 5044 iste
1787 4989 2028 5060 (Grego—

439 5077 560 5137 rius
585 5076 695 5149 VII)
725 5079 1004 5150 religiosus
1027 5096 1091 5136 ac
1117 5081 1306 5136 timens
1332 5079 1521 5146 Deum,
1535 5081 1766 5150 justitias
1785 5089 1834 5134 et
1861 5081 2028 5152 tequi—

443 5170 572 5224 tatis
599 5180 838 5237 amator,
871 5171 928 5226 in
959 5171 1197 5228 aduersis
1230 5179 1498 5235 constans,
1531 5173 1588 5226 in
1612 5173 1877 5241 prosperis
1914 5189 2027 5228 mo-

439 5263 681 5328 deratus,
711 5263 815 5333 fuit
841 5269 893 5317 et
926 5261 1082 5317 ualde
1111 5260 1386 5325 cordatus,
1423 5259 1681 5317 Ecclesia:
1695 5262 1905 5333 jurium
1935 5264 2028 5319 de-

2136 4353 2393 4408 occuparc
2417 4338 2720 4392 conantium
2743 4336 2930 4390 unicus
2965 4344 3014 4390 et
3049 4338 3338 4391 acerrimus
3364 4336 3636 4406 defensor.

2205 4430 2379 4488 Paulo
2412 4428 2555 4486 infra
2584 4430 2651 4485 de
2681 4438 2843 4501 capto
2873 4429 3132 4501 pontiﬁce
3151 4430 3365 4485 eodem.

2205 4521 2312 4580 Sed
2345 4521 2431 4577 die
2469 4520 2725 4592 sequenti,
2755 4519 2984 4575 Romani
3011 4522 3218 4592 cognito
3259 4521 3524 4590 facinore,
3556 4521 3728 4592 ipsum

2135 4614 2379 4674 Cincium
2401 4623 2788 4684 prosequuntur
2809 4623 2860 4668 et
2884 4615 3184 4686 ponti/irem
3207 4623 3452 4668 sanctum
3474 4613 3730 4678 liberant,

2135 4707 2706 4776 turrimqueevertunt,
2729 4713 2837 4760 etc.

2205 4800 2338 4857 Post
2362 4816 2536 4872 pauca
2573 4801 2640 4856 de
2671 4799 2930 4856 Mathilde
2955 4819 2968 4855 :
3005 4800 3284 4856 Mathildis
3315 4799 3597 4854 comitissa
3628 4815 3726 4854 no.

2133 4895 2397 4950 bilissima
2429 4903 2482 4948 et
2515 4895 2715 4964 optima
2751 4903 2905 4964 atque
2939 4893 3168 4948 illustris
3199 4894 3418 4964 femina,
3448 4893 3650 4947 virtute
3674 4900 3728 4947 et

2133 4986 2286 5040 rebus
2323 4985 2516 5056 optime
2557 4985 2716 5056 gestis
2751 4983 2900 5038 clara
2927 4992 2978 5038 et
3011 4977 3210 5054 inelyte
3244 4983 3434 5054 ubique
3458 4984 3728 5052 pradica-

2135 5084 2239 5132 tur.
2285 5075 2605 5132 Guibertum
2653 5083 2836 5130 autem
2875 5074 3027 5130 illum
3072 5073 3435 5148 (Clementem
3475 5073 3726 5144 dictum)

2133 5170 2444 5240 antipapam
2476 5176 2655 5224 vocat.
2697 5166 2822 5234 Hic,
2859 5167 3044 5222 subdit
3065 5173 3188 5236 post
3209 5163 3519 5236 paululum,
3547 5164 3724 5220 malo-

2135 5277 2252 5315 rum
2275 5263 2509 5316 omnium
2541 5269 2721 5332 caput,
2757 5268 2921 5314 morte
2953 5259 3231 5314 subitanea
3261 5265 3538 5327 correptus
3564 5270 3728 5312 seets-
