3962 5348
144 270 265 350 ιιι

899 288 1437 349 ΡΒΟιΕΟΟΜΕΝᾹ.
1476 322 1547 333 ——
1581 288 1926 348 APOLOGIA
1966 288 2103 347 PRO
2138 286 2491 346 CREGORIO
2529 285 2636 343 ΠΙ.

3301 295 3404 351 illi

146 408 417 479 Gregorius
450 405 584 474 VII,
601 408 812 462 natione
838 406 1060 474 Tuscus,
1082 406 1347 478 quondam
1365 405 1720 477 Hiltprandus
1749 413 1796 466 Α
1820 425 2006 464 errore
2024 408 2138 480 jam
2166 409 2294 464 olim
2343 409 2397 463 in
2431 408 2629 481 priscis
2669 408 2968 478 hmreticis,
2993 409 3316 465 nominatim
3349 382 3409 465 in

144 503 277 571 prior
285 498 676 565 Cluniacensis,
694 509 903 569 propter
917 499 1241 553 laudabilem
1253 499 1415 551 vitam
1427 515 1458 552 a
1474 498 1724 552 cardina-

144 593 269 647 lilrus
286 591 341 645 in
370 608 571 661 papam
594 592 808 659 electus,
836 590 1195 661 Wichpertum
1220 591 1605 645 Ravennensem
1628 609 1721 645 ar-

145 682 542 752 chiepiscopum,
554 684 646 752 qui
655 683 826 737 dictus
835 692 913 737 est
926 681 1184 750 Clemens,
1196 682 1380 735 habuit
1391 692 1719 753 antrpapam.

204 773 269 830 Et
303 776 473 846 paulo
507 774 692 831 infra:
733 775 836 841 Qui
860 785 978 846 post
1019 777 1077 829 in
1114 774 1365 845 Apuliam
1403 775 1721 829 descendens

144 866 340 922 Salerni
371 876 620 922 mortuus
643 878 723 922 est
746 867 1021 922 miraculis
1046 884 1352 922 coruscans.
1380 866 1526 923 Infra
1558 868 1725 924 refert

145 960 461 1016 miraculum
495 961 648 1032 quod
699 962 909 1033 legatus
947 960 1274 1033 Lugdunum
1306 958 1436 1017 fecit
1458 961 1603 1017 circa
1636 977 1725 1016 ar-

144 1054 542 1124 chiepiscopum
564 1053 1046 1109 Eberudunenscm
1072 1052 1467 1121 Simoniacum,
1495 1053 1589 1124 qui
1614 1069 1724 1107 non

146 1146 303 1216 potuit
349 1153 483 1201 ante
527 1146 930 1216 depositionem
977 1146 1202 1201 dicere:
1238 1143 1426 1200 Gloria
1468 1144 1630 1199 Patri
1675 1144 1727 1199 et

148 1237 278 1292 Filio
297 1247 348 1292 et
371 1236 612 1308 Spiritui
642 1248 857 1301 sancto;
885 1248 1008 1307 post
1030 1237 1281 1307 expedite
1313 1237 1449 1291 dixit
1475 1255 1487 1291 :
1525 1244 1575 1290 et
1598 1234 1726 1305 Spié

150 1330 262 1383 τίειιὶ
285 1338 493 1383 sancto.
525 1328 790 1384 Eamdem
819 1329 1107 1384 historiam
1140 1327 1306 1383 refert
1337 1326 1635 1384 Gobelinus
1670 1326 1726 1380 in

151 1434 239 1475 suo
260 1418 711 1486 Cosmodromio,
733 1428 894 1475 atate
914 1435 993 1484 γι,
1022 1434 1142 1489 cap.
1174 1417 1263 1473 57.

210 1509 384 1565 XLVI.
426 1510 647 1567 Platina
684 1513 739 1565 in
779 1509 901 1566 Vita
923 1509 1171 1581 Gregorii
1202 1508 1316 1565 VII.

208 1603 410 1659 XLVII.
449 1603 813 1676 Onuphrius,
846 1606 901 1660 in
936 1605 1030 1660 lib.
1075 1604 1152 1660 De
1187 1604 1419 1661 summis
1457 1600 1729 1675 pontifici-

151 1699 264 1764 bus,
288 1698 421 1753 etin
444 1698 919 1755 Annotationibus
960 1699 1026 1754 ad
1060 1697 1353 1763 Platinam,
1380 1697 1472 1751 ubi
1502 1695 1636 1751 dicit
1667 1710 1728 1750 se

1825 499 2144 568 Donatistis,
2169 501 2447 557 damnato.
2482 500 2739 556 Nonnulli
2766 502 2953 568 etiam,
2988 501 3238 573 quamvis
3274 501 3409 558 Gre-

1824 596 1978 667 gorio
2010 596 2391 663 addictissimi,
2428 612 2534 651 non
2583 597 2728 653 malo
2769 597 2975 665 animo,
3006 598 3099 652 sed
3145 598 3406 652 nimirum

1824 687 1996 743 nimio
2028 688 2291 743 adversus
2342 687 2743 755 schismaticos,
2796 687 3140 745 Simoniacos
3187 697 3241 744 et
3271 704 3407 747 cou-

1823 779 2139 837 cubinarios
2174 779 2290 834 zelo
2322 769 2916 849 provecti,'delendcre
2960 779 3063 833 hoc
3108 778 3286 849 ipsum
3324 778 3429 849 Ill--

1824 873 2119 940 stiterunt,
2168 872 2326 943 quasi
2381 881 2545 928 recta:
2607 880 2663 926 et
2707 889 2855 928 sanae
2896 872 3187 938 doctrinm,
3226 852 3411 943 atque

1824 967 1961 1021 adeo
1993 965 2095 1037 ipsi
2138 965 2302 1019 etiam
2340 965 2457 1021 sedi
2494 966 2807 1036 apostolica:
2845 974 3303 1031 consentaneum;
3339 980 3407 1018 ex

1824 1073 2059 1129 quorum
2089 1073 2319 1111 numero
2351 1073 2494 1112 unus
2525 1056 2627 1111 fuit
2661 1056 2973 1112 Bernardus
3005 1057 3093 1111 ille
3120 1044 3411 1109 Con-beiem

1826 1148 1925 1214 sis,
1962 1155 2021 1202 ut
2044 1156 2271 1217 apparet
2294 1163 2358 1201 ex
2385 1147 2611 1217 epistola
2639 1146 2758 1217 ejus
2783 1163 2946 1217 quam
2973 1146 3112 1201 intra
3140 1146 3327 1211 habes,
3356 1154 3411 1199 et

1827 1257 1993 1312 supra
2027 1241 2078 1297 id
2100 1242 2266 1297 etiam
2299 1258 2365 1296 ex
2400 1236 2637 1297 Bertoldi
2668 1239 3106 1296 Constantiensis
3134 1226 3429 1294 Chronico,

1826 1334 2229 1389 adnotavimus.

1898 1425 2069 1481 Erant
2115 1435 2298 1497 praue:
2315 1441 2379 1481 ea
2428 1442 2537 1480 non
2582 1424 2740 1496 pauci
2775 1425 2868 1496 qui
2915 1422 3161 1495 Gregorii
3196 1423 3409 1478 decreta

1827 1518 2164 1585 vellicarent,
2194 1518 2543 1573 traducerent
2567 1526 2621 1573 et
2662 1516 3032 1588 repudiarent,
3069 1515 3214 1586 quod
3259 1510 3429 1595 carni‘

1829 1618 1884 1666 et
1921 1610 2196 1682 sanguini,
2231 1618 2285 1664 et
2307 1610 2739 1680 corruptissimis
2769 1608 2900 1663 clari
2937 1607 3184 1663 moribus
3219 1598 3429 1677 parum

1831 1709 1985 1771 grata
2044 1709 2099 1754 ct
2155 1701 2331 1754 amica
2381 1699 2706 1754 acciderent.
2771 1697 3039 1765 Quocirca
3102 1697 3415 1765 ubicunque

155 1790 316 1846 Vitam
343 1791 510 1860 hujus
540 1791 822 1862 pontiﬁcis
858 1792 1101 1862 quinque
1132 1791 1284 1845 libris
1313 1790 1725 1859 conscripsisse.
1762 1775 1805 1829 Β
1832 1792 2323 1864 promulgabantur
2346 1835 2360 1858 ,
2410 1790 2593 1846 clerici
2644 1790 3040 1861 propemodum
3093 1789 3147 1843 in
3206 1787 3411 1842 rabiem

212 1880 437 1935 XLVIII.
477 1881 765 1953 Sigonius,
812 1882 954 1937 libro
986 1898 1038 1936 ix
1076 1880 1153 1937 De
1202 1896 1370 1952 regno
1415 1880 1603 1947 ltaliaa,
1636 1878 1729 1933 ubi

156 1972 204 2026 in
225 1971 382 2043 hujus
406 1973 685 2043 pontiﬁcis
720 1973 941 2028 laudem
978 1973 1136 2043 plura
1171 1974 1452 2044 eleganter
1484 1986 1552 2027 ex
1582 1971 1728 2026 anti-

154 2063 420 2133 quioribus
444 2064 823 2120 monumentis
846 2063 1137 2134 depromit.

213 2152 392 2208 XLIX.
420 2152 666 2211 Joannes
690 2156 1138 2226 archiepiscopus
1162 2154 1544 2226 Lugdunensis
1564 2154 1724 2224 epist.

157 2244 216 2299 ad
238 2244 453 2301 ironem
480 2243 885 2301 Carnotensem
926 2246 1031 2316 (est
1075 2245 1239 2316 epist.
1285 2244 1395 2299 259
1438 2245 1578 2299 inter
1605 2244 1729 2299 lvo-

158 2337 352 2406 nianss)
380 2354 393 2390 :
417 2335 677 2408 Nunquid
704 2338 921 2391 incusas
949 2336 1258 2408 Gregorium
1302 2335 1411 2389 VII
1441 2337 1531 2407 qui
1558 2350 1729 2407 regem

162 2424 431 2481 Henricum
463 2429 526 2481 ob
553 2442 651 2481 sua
676 2426 878 2481 scelera
909 2426 1226 2480 damnavit?

215 2518 714 2589 Quinquagesimus
746 2534 879 2589 ergo
908 2518 1063 2573 testis
1088 2533 1190 2588 pro
1232 2518 1543 2573 innocentia
1591 2516 1728 2572 Gre-

162 2613 273 2681 gorii
296 2609 386 2665 Vl]
413 2612 527 2667 sint
553 2612 669 2667 haec
691 2612 955 2681 opuscula
987 2610 1236 2665 Bernaldi
1263 2610 1727 2675 Caznstantionsis,

164 2719 283 2758 nunc
304 2704 549 2773 primum
583 2703 637 2756 in
670 2702 850 2757 lucem
881 2702 1228 2772 deprompta;
1267 2715 1393 2755 cum
1437 2701 1584 2756 enim
1618 2701 1730 2754 hai-

163 2795 289 2850 rctici
308 2806 427 2849 tam
450 2794 742 2865 diligentes
763 2794 876 2850 sint
898 2794 953 2847 in
973 2793 1280 2863 evulgando
1306 2791 1729 2848 mendacissimo

162 2901 243 2940 suo
265 2885 551 2951 Bennone,
575 2899 793 2939 summo
819 2883 1064 2954 Gregorii
1085 2884 1242 2938 hoste
1271 2891 1328 2937 et
1352 2883 1725 2946 criminatore,

163 2979 284 3035 haud
336 2980 498 3035 decet
538 2987 602 3033 ut
644 2977 935 3033 orthodoxi
983 2993 1013 3030 a
1040 2976 1431 3045 conquirendis
1482 2973 1727 3044 Gregorii

162 3068 528 3126 defensoribus
552 3076 611 3123 et
634 3067 912 3124 advocatis
934 3074 1167 3121 cessent.

216 3161 304 3218 Est
321 3171 513 3219 autem
533 3161 937 3217 observandum
964 3161 1078 3215 haec
1100 3159 1364 3229 opuscula
1387 3156 1555 3213 fuisse
1578 3173 1730 3213 com-

164 3254 320 3323 posita
343 3271 375 3308 a
399 3253 695 3319 Bcrnaldo,
730 3252 1022 3307 occasione
1050 3253 1420 3317 decretorum,
1454 3268 1577 3321 quae
1597 3251 1732 3306 Gre-

166 3345 328 3415 gorius
366 3343 620 3415 pontifex
652 3353 844 3399 contra
887 3340 1251 3410 Simoniacos,
1290 3342 1730 3410 concubinarios,

166 3443 211 3488 et
226 3435 447 3491 clericos
466 3435 796 3505 eonjugatos
820 3434 1054 3489 diversis
1080 3434 1419 3503 temporibus
1444 3434 1548 3489 sub
1572 3449 1733 3504 paena

166 3527 733 3583 exeommunicationis
781 3526 1267 3596 promulgaverat,
1325 3525 1513 3581 addito
1561 3526 1732 3580 inter-

168 3622 296 3676 dicto
327 3637 395 3677 ne
430 3620 559 3692 quis
590 3616 915 3691 hujusmodi
953 3619 1298 3675 sacerdotum
1332 3618 1517 3674 missis
1558 3618 1734 3673 inter-

167 3726 308 3772 esset.
361 3714 539 3787 Hujus
596 3715 902 3772 sanctionis
954 3714 1202 3785 plerique
1244 3729 1313 3769 ex
1352 3728 1520 3784 supra
1573 3713 1735 3768 dictis

168 3809 462 3864 auctoribus
519 3808 858 3862 mentionem
911 3805 1161 3872 faciunt,
1217 3821 1342 3876 qua:
1403 3814 1459 3861 et
1512 3821 1544 3860 a
1595 3805 1735 3861 Gra-

167 3902 297 3956 tiano
318 3902 371 3956 in
391 3902 649 3957 volumen
672 3899 1029 3955 Decretorum
1061 3899 1231 3954 relata
1251 3905 1337 3953 est
1359 3898 1604 3953 distinct.
1633 3897 1695 3951 8i
1718 3913 1730 3949 :

169 3993 219 4047 Si
245 3996 326 4064 qui
349 4004 469 4048 sunt
503 3994 815 4064 presbyteri,
842 3992 1055 4047 diaconi
1101 3992 1180 4047 uel
1205 3992 1512 4045 subdiaconi
1556 3993 1649 4062 qui
1679 3991 1736 4045 in

168 4100 365 4140 cnmme
410 4085 782 4155 fornicationis
838 4084 1076 4154 jaccant,
1122 4084 1490 4138 interdicimus
1540 4085 1636 4149 eis,
1672 4099 1738 4136 ea:

166 4187 296 4230 oarte
321 4176 415 4231 Dei
438 4177 814 4248 omnipotentis
838 4185 889 4230 et
917 4173 976 4231 S.
1018 4175 1170 4229 Petri
1198 4175 1541 4242 auctoritate,
1566 4173 1736 4229 eccle-

170 4274 249 4327 sia:
272 4276 560 4340 introitum,
586 4291 755 4346 usque
776 4274 903 4327 dum
935 4273 1220 4349 pwniteant
1265 4282 1314 4327 et
1337 4272 1627 4327 emcndent.
1678 4269 1738 4325 Si

171 4370 244 4438 qui
268 4386 379 4423 sero
400 4371 455 4423 in
476 4386 571 4423 suo
596 4378 815 4439 peccato
845 4384 1173 4438 perseverare
1196 4368 1521 4435 maluerint,
1559 4366 1737 4421 nullus

1831 1887 1975 1942 versi
2017 1885 2233 1957 quidvis
2266 1885 2450 1957 potius
2490 1884 2633 1939 ferre
2672 1883 2949 1949 volebant,
2988 1898 3154 1954 quam
3183 1879 3416 1935 licentia:

1832 1994 1945 2035 sua!
2003 1979 2212 2049 imponi
2262 1977 2507 2033 ﬁbulam.
2561 1976 2702 2031 Audi
2756 1975 3163 2031 Lambcrtum:
3224 1971 3415 2027 Hilde-

1832 2074 2064 2129 brandus
2107 2090 2245 2143 papa
2268 2090 2387 2127 cum
2422 2073 2679 2143 episcopis
2726 2069 2909 2126 Italia!
2961 2068 3265 2125 conrenicns
3296 2065 3416 2138 jam

1831 2168 2186 2240 frequentibus
2240 2166 2454 2238 sgnodis
2515 2154 2813 2221 decrerérat
2874 2174 2928 2219 ut
2990 2163 3275 2219 secundum
3334 2161 3418 2214 in-

1829 2260 2017 2313 stituta
2054 2260 2394 2329 antiquorum
2441 2274 2723 2323 canonum,
2761 2256 3051 2328 presbyteri
3081 2270 3269 2308 uxores
3316 2270 3418 2307 non

1830 2353 2088 2417 habeant;
2125 2353 2393 2417 habentes,
2442 2361 2535 2405 aut
2586 2352 2881 2417 dimittant,
2915 2359 3006 2404 aut
3058 2347 3417 2433 deponantur;

1734 2448 1741 2453 “
1831 2462 1921 2500 nec
1946 2447 2225 2517 quisquam
2259 2445 2472 2498 omnino
2507 2444 2576 2496 ad
2602 2443 2955 2497 sacerdotium
2992 2440 3309 2494 admittatur
3329 2436 3420 2509 qui

1830 2554 1933 2590 non
1978 2538 2033 2589 in
2076 2543 2382 2606 perpetuum
2435 2534 2812 2587 continentiam
2868 2532 3131 2602 uitamque
3186 2527 3421 2584 catlibcm

1828 2630 2161 2700 proﬁteatur.
2202 2627 2317 2681 Hoc
2349 2627 2554 2682 decreto
2598 2644 2689 2698 per
2721 2634 2885 2679 totam
2922 2623 3141 2678 Italiam
3176 2619 3419 2694 promul-

1832 2714 1974 2795 gato,
2020 2723 2229 2776 crebras
2260 2722 2471 2776 litteras
2502 2721 2577 2775 ad
2608 2723 2873 2793 episcopos
2912 2718 3211 2773 Galliarum
3242 2726 3421 2769 trans-

1832 2817 2094 2881 mittebat,
2132 2817 2441 2886 prwcipicns
2482 2825 2538 2868 ut
2568 2815 2671 2886 ipsi
2696 2830 2895 2886 quoque
2928 2814 2982 2867 in
3015 2815 3124 2866 suis
3166 2809 3420 2864 Ecclzrsiis

1830 2908 2079 2964 similiter
2130 2909 2381 2978 facerent,
2416 2917 2569 2979 atque
2615 2925 2647 2961 a
2701 2906 3038 2960 contubernio
3088 2902 3421 2957 sacerdotum

1830 3014 2006 3054 omnes
2056 2999 2268 3052 omnino
2304 2999 2529 3067 feminas
2564 3007 2811 3067 perpetuo
2846 2994 3178 3048 anathemate
3216 3008 3420 3045 reseca-

1832 3099 1963 3145 rent.
1992 3090 2254 3143 Adversus
2285 3089 2382 3141 hoc
2423 3088 2685 3142 decretum
2711 3087 2949 3157 protinus
2985 3085 3307 3138 vehementer
3334 3083 3421 3135 in-

1834 3183 2048 3253 fremuit
2076 3189 2186 3234 tota
2219 3180 2383 3251 factio
2415 3179 2760 3243 clericorum;
2784 3177 3043 3230 hominem
3073 3174 3229 3245 plane
3251 3173 3421 3228 lucre-

1834 3273 2020 3337 ticum,
2046 3281 2095 3325 et
2119 3270 2300 3324 vesani
2324 3269 2589 3340 dogmatis
2616 3284 2725 3321 esse
2748 3266 3031 3320 clamitans
3058 3282 3075 3330 ;
3107 3266 3195 3336 qui
3228 3262 3421 3317 oblitus

1832 3363 2088 3420 sermonis
2136 3360 2372 3426 Domini,
2410 3376 2512 3431 quo
2558 3359 2636 3413 ait
2669 3375 2687 3412 :
2728 3378 2745 3409 ι
2804 3355 2925 3412 Νοη
2977 3372 3152 3410 omnes
3205 3355 3423 3426 capiunt

1833 3455 2043 3509 verbum
2068 3453 2196 3516 hoc;
2219 3453 2311 3522 qui
2335 3458 2505 3521 potest
2531 3462 2735 3520 capere,
2760 3449 2936 3518 capiat
2971 3446 3189 3519 (Matth.
3214 3445 3331 3515 nx)
3363 3463 3381 3497 ι
3404 3460 3419 3498 :

1832 3555 1883 3601 et
1908 3544 2225 3615 Apostolus;
2261 3564 2277 3595 ‹
2321 3540 2426 3608 Qui
2473 3557 2527 3596 se
2564 3556 2666 3596 non
2699 3541 2949 3606 continet,
3004 3539 3201 3603 nubat;
3233 3536 3422 3592 melius

1833 3646 1911 3692 est
1945 3638 2084 3691 enim
2128 3634 2318 3689 nubere
2363 3644 2522 3705 quam
2566 3633 2653 3685 uri
2703 3630 2756 3703 (Ἰ
2793 3629 2917 3686 Cor.
2951 3628 3082 3699 vn);
3132 3647 3151 3679 ι
3194 3626 3423 3681 violenta

1832 3731 2107 3785 exactione
2152 3728 2386 3781 homines
2421 3726 2586 3779 vicere
2616 3731 2819 3795 cogeret
2866 3721 2973 3775 ritu
3004 3718 3343 3790 angelorum;
3373 3724 3425 3771 ct

1833 3822 1960 3877 dum
1984 3830 2293 3875 consuetum
2328 3833 2540 3873 cursum
2570 3812 2778 3869 natura
2810 3821 3048 3883 negaret,
3082 3808 3437 3881 fornicationi!

1834 3923 1884 3969 et
1915 3913 2271 3968 immunditiei
2306 3911 2455 3981 frena
2497 3907 2725 3961 laxaret.
2762 3904 2915 3971 Quod
2944 3904 2991 3957 si
3026 3909 3259 3973 pergeret
3306 3913 3426 3953 sen-

1837 4005 2054 4060 tentiam
2085 4003 2416 4073 conﬁrmare,
2452 3999 2612 4054 malle
2636 4016 2691 4052 se
2712 3996 3065 4052 sacerdotium
3111 4008 3269 4063 quam
3295 4005 3393 4043 con
3421 4022 3427 4029 -

1829 4098 2039 4169 jugium
2071 4096 2324 4162 deserere,
2368 4104 2417 4148 et
2465 4102 2587 4146 tunc
2632 4093 2865 4145 uisurum
2899 4104 3037 4152 eum,
3069 4086 3155 4139 cui
3190 4083 3424 4136 homines

1836 4190 2126 4252 sorderent,
2162 4186 2300 4239 unde
2331 4182 2689 4254 gubernandis
2732 4194 2825 4250 per
2858 4177 3156 4230 Ecclesiam
3188 4173 3287 4226 Dei
3312 4170 3426 4241 ple-

1838 4282 1986 4337 bibus
2018 4277 2227 4349 angelos
2256 4282 2659 4346 comparaturus
2689 4279 2843 4325 esset.

1912 4368 2276 4424 Nihilominus
2312 4367 2404 4420 ille
2436 4364 2691 4428 instabat,
2736 4368 2786 4415 et
2816 4357 3049 4413 assiduis
3073 4352 3439 4427 legationibus.

172 4470 373 4515 rostrum
410 4444 635 4531 oﬂiciuin
659 4476 845 4515 eorum
868 4460 1053 4514 audire
1087 4467 1396 4530 praesumat,
1428 4459 1553 4531 quia
1581 4458 1737 4513 bene-
1769 4487 1812 4541 ι)
1836 4463 2105 4533 episcopos
2151 4475 2326 4513 omnes
2375 4455 2633 4510 socordia
2682 4470 2743 4507 ac
2791 4450 3009 4505 desidit:
3053 4446 3340 4517 arguebat;
3373 4450 3427 4498 et

172 4552 314 4605 dictio
338 4568 517 4607 eorum
545 4553 773 4606 vertitur
806 4552 864 4605 in
903 4550 1347 4617 maledictionem,
1380 4559 1431 4605 et
1477 4552 1650 4604 oratio
1681 4552 1736 4604 in

173 4655 436 4712 peccatum,
467 4653 692 4700 testante
720 4644 952 4698 Domina
996 4661 1089 4715 per
1111 4644 1461 4715 prophetam:
1510 4662 1528 4695 ι
1563 4643 1737 4698 Μαιε-

174 4734 343 4801 dicam,
364 4737 554 4807 inquit,
581 4735 1031 4792 benedictionibus
1059 4736 1244 4790 vestris
1272 4732 1429 4806 (Mal.
1461 4734 1545 4805 ιι).
1582 4752 1601 4786 ι
1632 4733 1736 4800 Qui

175 4840 273 4879 rem
296 4827 412 4882 huic
431 4827 786 4883 saluberrimo
809 4837 1069 4899 pracepto
1096 4827 1307 4881 obedire
1332 4825 1581 4894 noluerit,
1619 4827 1739 4881 ido-

176 4916 383 4975 lolatria
416 4920 1215 4991 peccatumincurrit,Samuele
1239 4928 1461 4974 testante
1490 4936 1509 4975 :
1547 4941 1566 4972 ι
1603 4920 1737 4975 Pec-

178 5018 329 5063 catum
351 5012 612 5066 ariolandi
637 5020 737 5078 est,
769 5027 878 5065 non
903 5011 1129 5077 obedire,
1153 5020 1205 5064 et
1230 5010 1389 5082 quasi
1415 5011 1583 5066 scelus
1610 5012 1733 5066 ido-

178 5096 398 5167 lolatriae,
428 5120 531 5158 non
550 5107 887 5176 acquiescere
911 5101 965 5175 (Ι
991 5101 1116 5173 Reg.
1144 5102 1266 5174 xv);
1302 5118 1322 5154 ι
1353 5110 1403 5155 et
1426 5103 1575 5158 beato
1600 5104 1733 5159 Gre-

180 5193 305 5260 gorio
341 5204 598 5251 astruente
613 5214 632 5251 :
653 5197 950 5252 Peccatum
971 5195 1134 5266 igitur
1159 5197 1487 5267 paganitatis
1508 5198 1738 5252 incurrit

180 5286 405 5348 quisquis.
428 5289 549 5343 dum
576 5288 948 5345 Christianum
980 5304 1035 5341 se
1054 5290 1260 5348 asserit.
1284 5286 1398 5344 sedi
1432 5290 1741 5348 apostolicae

1840 4555 1946 4609 nisi
1994 4552 2141 4607 ocius
2192 4551 2490 4621 injunctum
2538 4548 2640 4601 sibi
2688 4544 2952 4615 negotium
3000 4544 3423 4609 exsequerentur,

1838 4645 2131 4718 apostolica
2181 4660 2235 4698 se
2269 4657 2491 4697 censura
2525 4640 2582 4692 in
2615 4654 2701 4692 cos
2751 4632 3245 4688 animadversurum
3278 4642 3425 4680 com-

1841 4740 2165 4794 minabatur.
2213 4735 2649 4805 Archiepiscopus
2699 4727 3038 4797 Moguntinus
3095 4724 3265 4778 sciens
3324 4735 3429 4774 non

1837 4848 2000 4903 parvo
2026 4839 2268 4884 constare
2301 4841 2513 4898 operam
2551 4824 2707 4888 hanc,
2736 4828 2792 4873 ut
2829 4826 2975 4871 tanto
3008 4825 3238 4887 tempore
3260 4809 3428 4866 inali-

1844 4933 1954 4977 tam
2004 4920 2433 4975 consuetudinem
2481 4914 2749 4969 recelleret
2791 4921 2946 4981 azque
2995 4908 3065 4963 ad
3127 4906 3431 4963 rudimenta

1844 5015 2108 5069 nascentis
2146 5010 2398 5065 Ecclesia:
2422 5013 2769 5061 senescentem
2793 5002 2911 5071 jam
2956 5000 3212 5054 mundum
3257 4993 3432 5062 refor-

1844 5115 2042 5171 maret,
2082 5103 2404 5157 ntoderatius
2439 5098 2629 5167 agebat
2662 5110 2781 5150 cum
2816 5094 2927 5158 eis;
2964 5100 3017 5146 et
3052 5093 3224 5164 primo
3258 5085 3336 5140 eis
3375 5082 3432 5135 in

1842 5198 2123 5252 dimidium
2146 5206 2344 5247 annum
2367 5188 2615 5245 inducias
2637 5197 2689 5245 et
2701 5185 3027 5242 deliberandi
3044 5184 3253 5256 copiam
3264 5172 3436 5236 dedit,

1844 5292 2063 5345 hortans
2089 5303 2195 5348 eos,
2226 5293 2285 5338 ut
2317 5280 2458 5348 quod
2485 5283 2782 5340 necessario
2800 5280 3105 5348 facundum
3129 5279 3221 5343 sit,
3252 5274 3437 5341 sponte
