3962 5348
489 277 597 333 219

1666 318 1670 323 -
1702 286 1760 345 S.
1802 290 2202 353 GREGORIUS
2243 298 2327 353 ΠΙ
2361 297 2560 358 PAPA.

3668 316 3770 374 230

485 391 821 495 abjurarent,
876 398 971 445 aut
1006 393 1148 448 sacri
1186 394 1393 495 altaris
1430 399 1722 457 ministerio
1756 421 1811 459 se
1859 407 2080 465 abdica-
2109 413 2157 471 Δ
2183 421 2418 472 tractatu
2470 425 2526 473 et
2568 418 2630 478 in
2678 420 2888 493 aliquot
2940 379 3186 495 epistolis
3230 426 3645 488 demonstravit.
3696 430 3772 491 De

488 493 622 540 rent.
676 485 887 544 Multa:
934 495 1149 541 econtra
1178 486 1266 543 illi
1294 491 1525 547 rationes
1561 495 1871 566 offerebant,
1896 502 2085 572 quibus

484 576 737 631 instantis
784 578 1221 650 perurgentisque
1272 581 1663 652 improbitatem
1702 587 1913 645 eludere
1964 610 2086 647 sen-

486 670 805 744 tentiamque
838 688 1054 730 cauare
1079 674 1388 732 niterentur.
1415 676 1650 751 Cumque
1681 682 1931 741 adversus
1956 704 2086 758 apo-

483 761 688 819 stoﬂcw
728 766 867 821 sedis
921 768 1452 842 auctoritatemrqua
1496 789 1550 826 se
1573 772 1666 828 ille
1688 776 1757 829 ad
1788 775 1924 832 hanc
1950 762 2082 834 exa-

483 857 729 928 ct'isnem,
782 871 977 932 praeter
1031 860 1357 920 uoluntatem
1406 868 1708 937 propriam,
1755 872 2083 943 compulsum

481 950 813 1023 obtendebat,
844 955 978 1011 nihil
1001 966 1341 1030 arguhtenta,
1366 958 1501 1012 nihil
1527 961 1938 1032 supplicationes
1958 982 2080 1037 pre-

481 1058 665 1115 cesque
683 1048 1018 1119 proﬁcerent,
1041 1050 1264 1124 egressi,
1280 1059 1533 1122 tanquam
1553 1054 1623 1107 ad
1648 1054 2078 1127 consultandum,

480 1134 765 1192 consilium
816 1140 1035 1211 ineunt,
1071 1154 1128 1199 ut
1161 1146 1217 1200 in
1271 1144 1533 1219 synodum
1568 1161 1670 1199 non
1709 1147 1941 1215 redeant,
1990 1149 2080 1203 sed

481 1230 673 1301 iujussi
720 1250 898 1292 omnes
948 1238 1006 1293 in
1052 1241 1235 1297 domos
1286 1259 1415 1305 suas
1466 1241 1761 1297 discedant.
1818 1242 2080 1299 Nonnulli
2119 1240 2122 1243 ’

478 1324 642 1378 etiam
676 1328 913 1399 confusis
948 1334 1158 1390 vocibus
1184 1336 1539 1393 clamitabant
1571 1334 1756 1389 melius
1786 1336 1889 1390 sibi
1913 1337 2080 1392 uideri

479 1425 559 1485 ut,
578 1418 636 1473 in
655 1423 915 1491 synodum
938 1430 1180 1498 regressi,
1212 1431 1389 1501 ipsum
1413 1435 1737 1505 episcopum.
1764 1433 2076 1503 priusquam

478 1513 860 1570 exsecrabilem
894 1519 1172 1577 adversum
1214 1542 1301 1581 eos
1338 1531 1655 1584 sententiam
1683 1526 2075 1599 promulgant,

478 1602 732 1660 cathedra
751 1608 1041 1681 episcopali
1065 1614 1425 1687 deturbarent,
1452 1630 1504 1675 et
1525 1622 1720 1676 merita
1749 1629 1913 1673 morte
1935 1618 2077 1674 mul-

478 1702 652 1763 ctato,
686 1698 890 1773 insigne
925 1716 1321 1763 monumentum
1360 1710 1430 1763 ad
1472 1721 1708 1782 posteros
1744 1709 2076 1767 transmitte-

2187 510 2519 566 continentia
2581 511 2767 569 itidem
2821 516 3170 586 epistularem
3222 521 3593 598 velitationem
3647 541 3771 583 cum

2185 599 2418 657 Alboino
2450 601 2604 671 iniit;
2652 605 2746 676 qui
2797 606 2956 663 initio
2996 625 3097 680 pro
3140 611 3413 684 conjugiis
3443 615 3769 672 clericorum

2185 690 2474 760 dimicans,
2512 693 2582 750 iis
2614 698 3008 767 propemodum
3036 702 3210 757 hastis
3244 719 3358 759 rem
3382 707 3551 776 gessit
3571 707 3773 778 quibus

2184 782 2347 839 hodie
2372 785 2617 844 haeretici
2646 790 3037 848 continentiam
3083 795 3381 852 universim
3425 810 3768 871 oppugnant.

2184 871 2453 945 integram
2488 891 2710 950 quoque
2745 895 2845 950 pro
2888 883 3241 954 synodalibus
3264 884 3510 958 Gregorii
3537 888 3775 945 decretis

2183 967 2494 1038 apologiam
2547 972 2848 1053 contexuit,
2903 976 3153 1053 oculatus
3206 978 3363 1033 testis
3410 994 3602 1035 eorum
3649 998 3774 1052 qua:

2184 1066 2314 1115 tunc
2347 1074 2378 1113 a
2414 1061 2783 1119 schismaticis
2824 1065 2879 1119 in
2915 1066 3143 1137 imperio
3193 1070 3533 1126 turbulenter
3575 1082 3631 1128 et
3670 1073 3771 1128 ila—

2182 1151 2376 1223 gitiose
2415 1156 2763 1226 gerebantur.
2798 1156 2908 1214 Nec
2949 1159 3244 1232 Gregorius
3285 1160 3375 1215 VII
3424 1178 3671 1234 unquam
3704 1179 3770 1219 ea

2181 1234 2347 1300 causa
2368 1244 2617 1309 ﬁdelibus
2634 1248 3009 1317 interdixit,ne
3032 1254 3547 1310 concubinariorum
3570 1255 3772 1312 missas

2181 1336 2414 1405 adirent,
2441 1341 2599 1410 quasi
2646 1340 3023 1410 arbitraretur,
3069 1354 3469 1401 sacramentum
3516 1348 3772 1418 corporis

2178 1439 2235 1485 et
2276 1432 2561 1503 sanguinis
2609 1433 2813 1513 Christi
2859 1436 3035 1493 valide
3066 1438 3135 1493 ab
3173 1438 3279 1495 illis
3309 1454 3421 1494 non
3465 1440 3664 1496 conﬁci
3716 1450 3774 1497 et

2180 1522 2482 1592 immolari;
2517 1526 2614 1581 sed
2638 1527 2775 1605 quia
2816 1528 3152 1586 inveteratus
3196 1538 3252 1586 et
3279 1531 3426 1587 nulla
3477 1530 3627 1607 facili
3655 1548 3771 1588 me-

2180 1616 2363 1674 dicina
2383 1620 2761 1692 expugnabilis
2788 1622 3034 1701 morbus,
3059 1622 3165 1678 hoc
3206 1632 3321 1678 tam
3358 1623 3561 1701 durum
3586 1639 3769 1681 reme-

2177 1711 2330 1768 dium
2359 1728 2426 1768 eo
2452 1721 2696 1784 tempore
2727 1700 3075 1785 exposcebat,
3101 1732 3280 1786 nempe
3309 1700 3618 1771 nullatenus
3639 1732 3769 1771 con-

478 1794 703 1877 rent,ne
735 1792 854 1862 quis
872 1794 1113 1868 deinceps
1144 1816 1505 1857 successorum
1536 1805 1672 1875 ejus,
1699 1805 1862 1861 talem
1897 1819 2074 1858 sacer-
2107 1792 2149 1820 ⁸³
2176 1803 2337 1870 venit,
2379 1802 2458 1859 ait
2504 1802 2561 1858 S.
2606 1802 2900 1861 Anselmus
2929 1805 2985 1860 in
3032 1804 3273 1877 Epistola
3303 1806 3371 1861 ad
3404 1805 3768 1861 Wilhelmum

475 1874 649 1967 dotali
674 1881 875 1937 nomini
903 1884 1229 1943 calumniam
1273 1901 1475 1947 struere
1510 1874 1756 1963 tentaret,
1788 1906 1893 1953 etc.
1946 1891 2075 1953 Haec
2173 1892 2423 1949 abbatem
2454 1891 2897 1967 Hirsaugenscm.
2924 1907 2978 1949 ιιι
3007 1874 3391 1950 ίῦίννευενεηιεν
3417 1904 3643 1962 αδιετατν
3677 1895 3769 1949 ubi

475 1964 802 2061 Lambertus
827 1973 895 2028 de
930 1976 1163 2046 clericis,
1206 1982 1397 2037 eodem
1425 1988 1841 2056 argumentandi
1870 2001 2072 2061 genere
2171 1988 2547 2057 pertinaciter,
2585 1964 2769 2060 aperta
2814 1997 2864 2045 et
2915 1990 3205 2060 impudenti
3246 1988 3464 2044 libidine
3512 1989 3767 2059 fetenm.‘

476 2058 612 2124 usis,
637 2075 747 2131 quo
771 2063 932 2121 hodie
959 2066 1260 2126 Lutherani
1284 2081 1340 2129 et
1364 2073 1671 2132 Calviniani
1704 2058 2067 2150 praedicantes

474 2158 666 2206 contra
690 2154 1009 2213 caelibatum
1038 2170 1285 2218 utuntur.

465 2300 471 2305 ,
546 2240 661 2299 Rex
703 2262 926 2319 quoque
969 2260 1024 2307 et
1064 2254 1229 2310 aulici
1278 2257 1595 2315 invitissimi
1642 2269 1754 2318 tam
1797 2263 1978 2321 lautos
2012 2274 2068 2320 et

472 2336 690 2413 opimos
711 2339 867 2399 bolos
897 2345 1397 2406 ecclesiasticarum
1432 2352 1728 2422 bonorum,
1771 2372 1913 2427 quos
1947 2356 2064 2427 jam

473 2430 649 2488 avidis
678 2431 932 2493 faucibus
958 2440 1451 2512 apprehenderaut,
1483 2446 1620 2517 eripi
1653 2446 1757 2502 sibi
1784 2447 2066 2519 patieban-

471 2531 583 2591 tur,
607 2541 709 2582 nec
732 2527 1039 2587 libertatem
1065 2534 1492 2593 ecclesiasticam
1517 2540 1671 2612 regio
1694 2548 1749 2596 et
1789 2542 2064 2612 regiorum

370 2670 378 2675 .
471 2615 755 2675 dominatu
785 2622 1171 2682 miserabiliter
1194 2642 1510 2699 oppressam
1532 2632 1589 2687 in
1616 2633 1924 2689 libertatem
1951 2634 2067 2705 pri-

472 2710 673 2766 stinam
703 2716 951 2772 revocari
977 2719 1252 2776 volebant.
1288 2720 1428 2779 Hinc
1460 2724 1516 2779 in
1552 2723 1879 2798 Gregorium
1914 2743 2068 2783 com-

472 2818 641 2860 mune
671 2808 917 2864 omnium
951 2813 1205 2870 ordinum
1253 2816 1465 2885 odium,
1511 2826 1568 2873 et
1599 2834 1666 2874 ex
1701 2819 1851 2887 odio,
1890 2828 1949 2875 ut
1982 2820 2063 2889 tit,

473 2898 786 2967 maledicta,
807 2901 1085 2976 ﬁgmenta,
1113 2910 1397 2967 mendacia
1416 2920 1471 2968 et
1490 2912 1757 2985 quidquid
1782 2897 2064 2986 splendida

470 2988 598 3048 bilis
631 2995 892 3066 suggerit.

2168 2078 2270 2140 Itei
2300 2090 2350 2135 et
2385 2090 2692 2135 sanctorum
2719 2081 3122 2161 prohibitionem
3149 2081 3523 2136 contemnendo
3543 2124 3559 2147 ,
3592 2080 3767 2134 sacris

2168 2174 2434 2247 altaribus
2461 2175 2790 2240 deserviunt;
2834 2176 2940 2229 imo
2970 2190 3075 2229 non
3107 2173 3422 2241 deserviunt,
3450 2172 3541 2227 sed
3588 2188 3768 2244 quan-

2171 2282 2284 2328 tum
2324 2274 2395 2330 ad
2429 2269 2595 2345 ipsos,
2641 2269 3052 2341 comtnaculant.
3084 2267 3229 2335 Non,
3260 2283 3361 2340 quo
3396 2267 3515 2338 quis
3538 2283 3604 2321 ea
3646 2281 3770 2337 qua:

2168 2376 2399 2423 tractant
2440 2361 2843 2428 contemnenda,
2889 2361 3002 2427 sed,
3055 2369 3367 2427 tractantes,
3403 2357 3763 2415 exsecrandos

2165 2462 2450 2527 existimet,
2493 2468 2572 2527 ut,
2604 2459 2695 2531 qui
2742 2454 2844 2512 Dei
2874 2465 2925 2509 et
2952 2453 3258 2525 angelorum
3286 2453 3767 2526 prwsentiamnon

2167 2562 2482 2619 reverentur,
2531 2551 2609 2607 uel
2655 2545 3312 2606 hominum'detestatione
3350 2543 3569 2615 repulsi,
3601 2559 3767 2597 sacra

2166 2644 2526 2698 contaminare
2568 2642 2846 2697 desistant.
2895 2639 3006 2694 Nec
3046 2633 3317 2695 ullatenus
3348 2642 3550 2706 oportet
3575 2640 3634 2685 ut
3675 2631 3767 2686 illi

2165 2734 2271 2788 sint
2316 2741 2582 2788 consortes
2608 2731 2672 2786 de
2700 2730 2866 2786 altari
2907 2730 3379 2801 participantium,
3410 2724 3501 2795 qui
3532 2739 3626 2794 per
3648 2722 3763 2775 im-

2166 2826 2486 2881 munditiam
2523 2842 2577 2880 se
2613 2824 2817 2894 faciunt
2852 2830 3084 2878 exsortes
3129 2819 3296 2874 altari
3323 2813 3757 2873 deserrientinm.

2167 2915 2370 2973 Verum
2417 2916 2700 2972 enimvero
2753 2922 3051 2983 antequam
3087 2912 3268 2982 ipsum
3290 2908 3620 2965 Bernaldum
3643 2911 3760 2960 au-

2165 3010 2369 3076 dimus,
2400 3023 2511 3065 non
2555 3008 2656 3063 abs
2686 3022 2748 3061 re
2780 3006 2887 3061 erit
2910 3005 3216 3075 disquirere
3239 3002 3364 3073 quis
3398 3002 3501 3057 iste
3522 2999 3758 3056 Bernal-

542 3079 615 3182 Ut
659 3084 825 3182 igitur
866 3086 956 3182 bis
984 3097 1041 3182 et
1070 3089 1124 3182 id
1155 3107 1329 3162 genus
1360 3092 1485 3149 aliis
1529 3072 1835 3152 Bernaldus
1878 3103 2067 3151 noster
2093 3123 2135 3182 ρ
2167 3102 2271 3158 dus
2302 3072 2484 3157 fuerit.
2520 3097 2613 3156 Sic
2642 3099 2809 3171 igitur
2834 3072 3053 3152 habeto.

471 3170 689 3229 obviam
712 3174 838 3243 iret,
866 3176 1394 3256 baslucubrationes
1420 3183 1609 3252 edidit,
1637 3193 1693 3240 et
1722 3193 2068 3243 sacramenta

471 3264 543 3318 ab
586 3270 1079 3329 excommunicatis
1121 3274 1299 3330 valide
1352 3277 1725 3332 administrari
1786 3278 1841 3333 in
1886 3278 2066 3349 primo

1975 3441 2335 3453 ..ι-,σ--ι-ου

2340 3276 2506 3350 (Vide
2526 3276 2670 3345 infra
2693 3276 2748 3345 in
2776 3273 3134 3330 Monumentis
3169 3271 3555 3344 Gregorianis.)
3620 3342 3627 3347 ἰ

2652 3439 2813 3452 ..ι’-ι*-

2372 3440 2645 3452 ..ι-..ι--ιι-

1038 3772 1041 3773 έ
1152 3590 1340 3711 AD
1428 3594 1854 3716 PAULI
1938 3518 3074 3710 BERNRIEDENSIS

1924 3827 2323 3910 LIBRUM

980 4010 1381 4075 emensus
1445 4002 1724 4074 GESTIS
1781 4007 2171 4074 oaesonu
2226 4008 2350 4107 vn
2412 4000 2863 4068 rennuens
2924 4000 3239 4064 MAXIM]

1240 4191 1922 4288 PROtEMIUM
1956 4154 2369 4284 JACOBI
2416 4183 3000 4280 GRETSERI

1631 4387 1969 4453 Societatis
1996 4364 2153 4451 Iesu
2180 4382 2572 4466 presbyteri.

1417 4555 1628 4629 (Jacobi
1652 4554 1885 4610 Gretseri
1921 4528 2152 4620 Operam
2182 4536 2320 4606 tomo
2362 4548 2459 4617 VI,
2486 4567 2609 4622 pag.
2647 4548 2795 4621 1‘20.)

550 4849 1033 4908 Reverendissimo
1066 4860 1122 4907 et
1166 4850 1539 4907 illustrissimo
1583 4852 1813 4924 principi
1852 4869 1919 4910 ac
1962 4855 2064 4910 do-
2095 4861 2139 4915 D
2167 4852 2299 4908 teris
2341 4867 2409 4907 ex
2456 4859 2572 4907 toto
2624 4850 2943 4920 pentiticum
2984 4868 3214 4911 numero
3256 4852 3501 4910 haeretici
3550 4865 3755 4914 nostra

477 4944 653 5011 mino,
685 4943 912 4999 domino
935 4942 1122 5000 losum
1149 4944 1479 5010 Gonsrmuo,
1513 4943 1770 5001 Ecclesiae
1804 4945 2066 5003 Bamber-

382 5065 387 5071 ~
479 5037 666 5108 gensis
699 5036 980 5108 episcopo,
1009 5046 1113 5092 etc.
1134 5080 1148 5103 ,
1184 5036 1415 5095 Jaconus
1444 5039 1783 5095 Gnsrssnus.

548 5126 689 5185 Cum
731 5128 1209 5199 superiore‘anno,
1234 5131 1689 5187 reverendissime
1719 5140 1777 5186 et
1802 5128 2064 5186 illustris-

2159 4944 2359 5010 aetatis,
2384 4952 2441 4999 et
2467 4942 2805 5017 schismatici
2836 4944 3134 5012 superioris
3165 4944 3463 5011 memoria,
3495 4946 3752 5015 pessimis

2057 5068 2070 5079 -
2116 5097 2123 5103 _
2162 5036 2341 5093 modis
2385 5035 2640 5102 oderint,
2684 5043 2739 5089 et
2782 5034 3011 5092 inﬁnitis
3050 5035 3352 5093 maledictis
3392 5045 3449 5092 et
3486 5039 3752 5109 conviciis

2162 5129 2423 5193 lacerent,
2455 5125 2750 5196 omniaque
2775 5135 3055 5182 venenata:
3088 5142 3203 5184 suae
3231 5128 3432 5199 lingua
3456 5129 3674 5201 spicula
3696 5131 3750 5184 in

478 5223 618 5270 sime
646 5224 932 5270 nrinmns-
970 5230 1182 5270 tomum
1230 5225 1530 5270 muluium
1572 5223 1916 5270 anpnainnie
1948 5224 2068 5270 Bal-
2162 5221 2329 5270 hunc.
2357 5219 2507 5270 velut
2534 5218 2590 5270 in
2618 5217 2941 5270 nrimarium
2970 5233 3217 5270 sconum.
3248 5234 3411 5270 suum
3445 5219 3749 5270 destinem.
