3962 5348
124 272 212 329 ﬁl

761 262 1292 324 PROLEGOMENA.
1333 270 1411 304 --'
1436 256 1729 318 PROUZM.
1768 256 2018 318 GRE'I‘S.
2054 256 2123 312 IN
2155 255 2362 314 PAUL.
2400 252 2768 311 BERNBIED.

80 384 91 395 ”
126 397 203 440 tor
233 401 297 440 ac
330 384 542 440 vindex
581 383 715 451 fuit;
758 384 921 438 nullis
964 383 1128 437 minis
1160 380 1432 451 nullisque
1461 376 1719 450 periculis
1748 375 1794 433 Α
1818 375 2210 446 approbatione
2234 383 2289 431 et
2308 375 2493 432 laetitia
2523 385 2747 434 evectus
2777 383 2943 445 esset,
2978 376 3131 433 misit
3168 375 3239 432 ad
3273 391 3399 431 eum

126 490 257 546 (qua:
288 476 538 546 plurima
578 476 769 547 subiit)
807 477 873 532 de
918 483 1069 530 recto
1109 473 1328 528 tramite
1372 487 1491 529 sese
1521 470 1719 527 abduci

124 584 336 629 passus;
361 569 532 638 cujus
558 567 881 641 integritati,
903 565 1228 622 innocentiae
1247 575 1301 621 et
1322 561 1716 631 sanctimoniae,

124 676 235 713 cum
270 659 433 714 varia
488 660 601 715 alia
645 660 983 715 luculentum
1034 658 1409 713 testimonium
1454 655 1716 728 praebent,

125 760 226 805 tum
257 751 365 805 hoc
397 754 688 823 prateipue
711 752 856 825 quod
882 752 985 806 viri
1021 751 1088 807 iis
1112 750 1449 821 temporibus
1479 757 1533 804 et
1558 747 1720 818 paulo

124 851 232 914 post
255 843 582 901 subSecutis
607 844 931 910 doctissimi,
954 851 1009 899 et
1037 842 1256 898 virtutis
1288 842 1445 897 laude
1479 840 1723 896 celebra-

123 934 330 1001 tissimi,
354 936 414 990 in
445 938 761 994 schismate
787 936 1023 993 excitato
1048 936 1115 991 ad
1150 934 1395 1006 Gregorii
1429 930 1611 1004 partes
1636 931 1720 986 in-

124 1027 317 1097 trepide
344 1044 409 1083 se
433 1028 849 1099 adiunxerunt;
875 1043 1112 1100 quorum
1135 1027 1383 1082 nonnulli
1407 1026 1722 1081 maluerunt

123 1119 355 1175 omnium
383 1137 586 1177 rerum
623 1139 852 1179 suarum
880 1121 1156 1192 iacturam
1199 1119 1380 1176 facere
1413 1118 1547 1175 etin
1569 1117 1718 1174 exsi-

125 1211 242 1266 lium
263 1212 443 1280 abire,
471 1230 652 1285 quam
679 1215 859 1281 ﬁdem,
884 1214 1247 1270 reverentiam
1267 1221 1324 1269 et
1352 1210 1719 1269 obedientiam

124 1316 239 1372 erga
267 1302 460 1357 sedem
493 1305 865 1375 apostolicam
900 1304 1148 1376 perdere.
1282 1346 1287 1349 -
1592 1309 1603 1319 “

186 1392 331 1459 Quos
356 1393 513 1450 inter
536 1395 813 1452 familiam
839 1397 1049 1452 ducunt
1075 1415 1087 1451 :
1112 1396 1406 1453 Anselmus
1431 1395 1719 1464 Lucensis,

128 1484 403 1542 Anselmns
439 1485 891 1556 Cantuariensis,
916 1488 1264 1546 Hermannus
1294 1488 1574 1558 Metensis,
1604 1488 1721 1544 Alt-

129 1590 344 1631 mannus
368 1586 428 1632 et
451 1574 758 1635 Udalricus
782 1577 1186 1647 Passavienscs,
1219 1579 1542 1636 Gebhardus
1571 1578 1695 1636 Con
1716 1609 1722 1617 -

131 1669 460 1736 stantiensis,
508 1669 846 1727 Gebhardus
886 1681 941 1727 et
969 1670 1200 1727 Thiemo
1244 1670 1716 1744 Salisburgenses,

1820 466 1878 522 S.
1924 465 2222 539 Gregorius
2251 466 2631 525 Nazianzenus
2670 468 3081 540 gratulatoriam
3113 469 3398 540 epistolam

1819 559 2011 629 (epist.
2051 560 2161 631 24)
2190 604 2203 627 ,
2260 577 2426 632 quam
2467 562 2613 618 hunc.
2654 562 2711 617 in
2759 565 2981 619 modum
3026 565 3343 634 auspicatur
3383 582 3396 619 :

1818 649 2173 721 Posteaquam
2208 661 2257 706 te
2285 652 2341 706 in
2371 651 2589 707 sublimi
2629 653 2815 708 throno
2853 654 3190 721 collocatum,
3225 673 3288 709 ac
3311 655 3399 709 lu-

1818 759 2030 797 cernam
2055 758 2118 798 ne
2145 743 2301 799 illam
2344 745 2552 815 quidem
2572 787 2588 812 ,
2635 748 2785 817 prius
2816 747 3031 802 obscure
3059 747 3337 813 lucentem,
3365 764 3400 803 α

1818 835 2015 905 spiritu
2052 835 2282 904 uictore,
2328 853 2491 908 supra
2529 837 2905 892 candelabrum
2946 837 3114 892 oculis
3165 838 3399 892 omnium

1816 929 2112 999 expositam
2133 945 2247 986 esse
2270 928 2530 996 intellexi,
2554 929 2767 985 laetatus
2798 947 2938 997 sum,
2970 930 3160 1002 fateor.
3198 928 3400 995 Quidni

1816 1021 2001 1075 enim?
2039 1036 2159 1074 cum
2194 1019 2453 1076 Ecclesia:
2494 1037 2684 1092 corpus
2721 1021 2859 1077 male
2878 1023 3124 1093 affectum
3157 1036 3286 1086 esse,
3316 1028 3402 1073 at-

1815 1126 1918 1186 que
1946 1113 2253 1185 hujusmodi
2291 1116 2455 1169 ductu
2483 1112 2771 1170 et‘auzilio
2813 1130 2941 1187 opus
2974 1113 3163 1168 habere
3195 1111 3404 1182 conspi-

1819 1224 2008 1264 cerem.

1889 1299 2077 1357 Liceat
2100 1343 2115 1369 ,
2168 1300 2534 1359 illustrissime
2570 1303 2798 1375 praesul,
2847 1310 3032 1375 aperte
3065 1310 3119 1357 et
3148 1302 3400 1373 ingenue,

1817 1393 1964 1450 bona
1991 1408 2116 1450 cum
2149 1394 2489 1451 celsitudinis
2509 1403 2704 1452 vestrm
2724 1395 2903 1462 venia,
2933 1394 2987 1451 id
3017 1395 3162 1466 quod
3186 1407 3274 1448 res
3297 1400 3402 1458 est,

1818 1486 2092 1558 proloqui.
2124 1485 2300 1542 Simul
2324 1495 2490 1559 atque
2510 1488 2679 1553 fama,
2704 1488 2907 1559 alioqui
2936 1495 3045 1543 tam
3067 1486 3220 1558 pravi
3239 1497 3405 1556 quam

1821 1582 1956 1639 recti
1992 1592 2177 1651 tenax,
2209 1591 2265 1638 et
2299 1592 2413 1639 tam
2457 1584 2580 1640 falsi
2614 1599 2777 1656 quam
2804 1584 2917 1640 veri
2959 1584 3171 1650 nuntia,
3207 1582 3274 1639 ad
3306 1596 3409 1637 nos

1821 1676 2145 1733 electionem
2195 1676 2259 1733 C.
2308 1676 2372 1733 V.
2426 1679 2657 1746 detulit,
2705 1687 2759 1735 et
2812 1680 3028 1750 quidem
3076 1678 3405 1743 verissime;

132 1761 269 1815 Anno
310 1761 711 1830 Coloniensis,
761 1762 1146 1820 Burckhardus
1217 1741 1715 1830 Halberstatensis,
1750 1741 2067 1823 Bomnium
2116 1769 2513 1825 catholicorum
2541 1810 2557 1837 ,
2602 1741 2874 1840 quotquot
2919 1769 3068 1836 vidi,
3116 1768 3279 1833 idem,
3314 1741 3408 1838 qui

133 1866 298 1907 omnes
318 1853 737 1925 archiepiscopi
759 1863 813 1909 et
827 1855 1095 1926 episcopi;
1130 1855 1371 1926 itemque
1394 1852 1717 1910 Wilhelmus

133 1943 279 1999 abbas
312 1943 738 2018 Hirsaugiensis
761 1990 775 2013 ,
818 1949 902 2002 vir
936 1948 1215 2020 religionis
1268 1946 1527 2019 opinione
1572 1945 1717 2016 apud

132 2051 301 2092 omnes
331 2038 698 2108 decantatus,
731 2049 790 2095 ut
830 2041 965 2096 alios
1000 2041 1212 2097 sileam.

187 2126 287 2184 Nec
305 2129 611 2187 defuerunt
640 2147 711 2187 ex
734 2133 1073 2188 eruditorum
1097 2141 1264 2198 coetu,
1288 2131 1382 2204 qui
1410 2132 1715 2187 litterarum

133 2223 491 2279 monumentis
539 2224 857 2294 posteritati
910 2233 1167 2280 testatum
1223 2222 1500 2292 facerent,
1549 2240 1715 2295 quam

134 2312 328 2369 sedulus
349 2323 415 2368 et
440 2314 759 2373 indefessus
791 2316 1050 2373 Ecclesia:
1074 2324 1263 2388 pastor
1298 2315 1593 2387 Gregorius
1623 2314 1715 2370 VII

136 2404 313 2472 inerit,
380 2414 598 2477 quanta
665 2424 798 2463 cura
862 2416 918 2463 et
972 2408 1252 2481 vigilantia
1310 2408 1453 2464 ovile
1509 2406 1714 2464 Christi

138 2498 333 2565 rexerit,
372 2509 432 2554 et
466 2517 637 2571 quam
673 2501 1010 2558 mendaciter
1039 2511 1094 2558 et
1124 2502 1466 2559 calumniose
1500 2518 1533 2558 a
1568 2503 1716 2559 schi—

139 2599 350 2646 smatum
392 2592 677 2649 satoribus
714 2594 1053 2662 traducatur,
1092 2595 1252 2665 quasi
1286 2594 1342 2649 in
1375 2594 1494 2665 ipso
1535 2594 1715 2651 omnis

140 2681 362 2736 omnium
411 2682 704 2739 turbarum
754 2692 810 2740 et
842 2686 1220 2741 turbationum
1265 2701 1435 2743 causa
1469 2694 1524 2743 et
1554 2687 1715 2758 culpa

140 2769 353 2839 haserit,
383 2780 483 2827 aut
511 2773 817 2829 etiamnum
848 2775 1073 2830 haereat.

195 2861 264 2917 Ex
300 2863 393 2919 bis
421 2863 676 2937 Gregorii
704 2864 797 2920 VII
821 2867 1178 2938 apologeticis
1197 2865 1583 2924 defensoribus
1603 2868 1713 2925 duo

142 2954 437 3011 claruerunt
467 2956 601 3011 olim
633 2957 691 3013 in
727 2957 953 3013 Bavaria
988 2959 1093 3015 sub
1123 2957 1359 3015 Henrico
1382 2958 1449 3014 1V
1484 2968 1539 3015 et
1569 2959 1715 3015 Hen-

1819 1859 1949 1915 olim
1982 1857 2334 1929 Nazianzeni,
2378 1860 2580 1918 Basilio
2615 1862 2907 1933 episcopali
2944 1862 3080 1917 tiara
3126 1862 3405 1933 insignito,

1817 1951 2036 2007 animus
2080 1958 2135 2006 et
2181 1951 2350 2006 animi
2397 1950 2588 2017 index,
2634 1951 2812 2007 oratio
2863 1951 2964 2007 fuit
3001 1971 3012 2006 :
3049 1952 3236 2006 multis
3279 1964 3406 2005 cum

1816 2041 2082 2114 Gregorio
2106 2085 2121 2110 ,
2173 2042 2422 2114 Gregorii
2453 2041 2781 2097 Nazianzeni
2812 2052 3064 2114 parente,
3098 2043 3151 2097 in
3188 2030 3287 2097 has
3311 2056 3409 2095 vo-

1815 2148 1908 2187 ces
1929 2133 2345 2203 erumpentibus
2370 2133 2545 2205 (epist.
2568 2134 2660 2201 25,
2678 2134 2817 2188 inter
2835 2134 2989 2205 epist.
3017 2130 3070 2187 Ν
3071 2131 3373 2203 azianzeni)
3391 2150 3405 2186 :

1814 2222 1926 2277 Alii
1948 2223 2158 2296 quidem
2182 2224 2320 2278 alios
2346 2224 2559 2297 eligent,
2587 2234 2743 2297 atque
2765 2225 2820 2279 in
2842 2224 3073 2279 medium
3092 2230 3405 2295 proponens,

1817 2317 2069 2372 nimirum
2123 2334 2218 2389 pro
2270 2318 2380 2373 suis
2419 2320 2643 2391 quisque
2676 2320 2931 2386 moribus,
2970 2310 3069 2373 aut
3096 2311 3405 2384 commodis,

1814 2410 2261 2480 quemadmodum
2292 2411 2599 2483 hujusmodi
2633 2413 2787 2467 rebus
2830 2413 3072 2467 accidere
3117 2411 3404 2465 consuevit.

1818 2501 1932 2557 Nos
1968 2519 2085 2559 vero
2118 2505 2409 2569 neminem;
2437 2521 2600 2576 neque
2622 2505 2763 2559 enim
2790 2504 2875 2575 fas
2897 2510 2995 2571 est,
3019 2518 3130 2558 non
3158 2503 3271 2573 jam
3302 2501 3404 2557 Ba.
3448 2528 3453 2531 ~

1815 2593 1961 2660 silio,
1992 2594 2084 2651 sed
2112 2593 2301 2650 Joaaat
2344 2593 2659 2650 Gooeramo
2702 2594 2769 2648 ab
2800 2593 3125 2659 Aschausen,
3156 2593 3408 2663 praeferre

1813 2701 2110 2758 possumus.
2142 2684 2372 2757 Ecquem
2395 2688 2534 2741 enim
2567 2703 2632 2741 ex
2667 2686 2941 2753 omnibus,
2977 2700 3110 2756 quos
3143 2685 3404 2752 novimus,

1813 2775 1893 2831 vel
1920 2776 2028 2830 vita
2052 2775 2429 2847 probatiorem,
2461 2776 2541 2831 vel
2575 2792 2814 2831 sermone
2839 2793 2902 2830 ac
2940 2775 3184 2830 doctrina
3221 2775 3405 2831 valen-
3484 2800 3485 2803 η

1816 2870 2023 2937 tiorem,
2051 2870 2321 2942 magisque
2340 2871 2412 2924 ad
2442 2871 2655 2924 virtutis
2678 2868 2994 2941 elegantiam
3024 2869 3254 2940 undique
3285 2884 3409 2939 pere

1813 2958 2039 3031 politum
2072 2961 2436 3030 reperiemus?

140 3046 234 3103 rice
266 3046 308 3101 Ἴ
355 3049 581 3121 regibus
612 3059 671 3106 et
700 3036 1130 3123 imperatoribus
1152 3095 1169 3121 ,
1211 3051 1417 3110 Paulus
1460 3053 1714 3110 Bernrie-
1739 3090 1781 3148 α
1885 3050 1996 3108 Nec
2040 3067 2175 3108 sane
2204 3053 2479 3107 immerito
2506 3067 2799 3108 commune
2834 3052 3090 3124 gaudium
3133 3052 3401 3120 exoritur,

142 3140 323 3209 densis,
356 3152 412 3197 et
452 3142 741 3200 Gerocbus
780 3144 1351 3218 Reicherspergensis;
1398 3146 1521 3214 sed,
1565 3149 1712 3218 quod

142 3229 435 3299 dolendum,
474 3248 671 3310 eorum
703 3249 806 3305 pro
835 3234 1098 3307 Gregorio
1129 3233 1221 3289 VII
1256 3246 1615 3292 monumenta
1636 3238 1712 3295 ita

144 3320 271 3380 tuere
288 3326 627 3395 nata._quasi
658 3336 790 3385 nata
818 3343 928 3383 non
958 3327 1218 3398 fuissent;
1242 3330 1407 3401 longa
1437 3330 1712 3387 oblivione

143 3416 465 3488 tenebrisque
493 3419 698 3475 obruta
739 3438 751 3473 :
783 3436 907 3491 qua:
946 3422 1241 3493 aliquando
1287 3423 1565 3480 exstitisse
1600 3422 1712 3479 for-

142 3522 226 3562 san
250 3508 676 3580 ignorassemus,
713 3512 820 3568 nisi
845 3512 1171 3582 Aventinus,
1202 3515 1298 3586 qui
1323 3516 1457 3571 vidit
1477 3524 1532 3571 et
1560 3516 1708 3590 legit,

142 3597 375 3657 indicium
394 3602 619 3660 fecisset
640 3604 699 3658 in
733 3604 1037 3683 Annalibus
1061 3606 1259 3663 Boicis.
1293 3602 1403 3663 Nec
1431 3606 1566 3663 vidit
1589 3617 1709 3663 tan-

142 3703 241 3748 tum
272 3696 590 3765 Aventinus,
614 3698 735 3763 sed,
769 3707 829 3754 ut
859 3699 1090 3766 videtur,
1119 3701 1356 3771 posteris
1382 3716 1603 3771 quoque
1624 3702 1709 3756 in-
1741 3760 1744 3765 _

142 3784 283 3853 vidit,
310 3804 376 3843 ne
408 3789 681 3844 haberent
712 3804 856 3859 quos
897 3788 1386 3847 Pseudohennonis
1422 3791 1478 3846 in
1502 3790 1709 3863 Grego-

143 3874 265 3931 rium
294 3876 379 3931 ΥΠ
412 3878 804 3935 furiosissimis
837 3880 1315 3939 criminationibus
1346 3891 1702 3954 opponerent.

144 3963 521 4040 Utcunque’sit,
548 3971 781 4026 numine
806 3971 946 4027 bene
975 3973 1175 4038 amico,
1205 3973 1426 4029 tandem
1464 3973 1518 4028 in
1565 3972 1709 4028 Pau-

142 4054 240 4112 lum
271 4058 724 4118 Bernriedensem
768 4062 939 4119 variis
973 4063 1030 4119 in
1070 4064 1415 4121 bibliothecis
1439 4064 1703 4131 studiese,

142 4148 238 4204 imo
272 4160 323 4205 et
354 4152 518 4207 anxie
562 4152 859 4223 quaesitum
884 4195 901 4222 ,
944 4153 1131 4210 incidi.
1169 4152 1279 4211 Nec
1320 4155 1388 4210 de
1430 4152 1703 4221 Gerocho,

142 4242 269 4296 socio
329 4244 620 4314 scriptoris
675 4252 734 4299 et
777 4245 1152 4301 calamitatum
1213 4262 1351 4318 quas
1418 4245 1620 4300 Paulus
1672 4261 1704 4300 a

142 4332 478 4391 schismaticis
502 4337 827 4406 pertulerat,
851 4354 1005 4409 spem
1028 4354 1248 4395 omnem
1277 4338 1493 4409 penitus
1521 4337 1699 4408 posui.

1814 3160 1940 3200 cum
1971 3145 2135 3200 alicui
2163 3143 2423 3201 Ecclesia:
2446 3145 2787 3216 gubernator
2808 3146 3031 3202 sedulus
3053 3154 3107 3201 et
3133 3146 3187 3199 in
3209 3160 3404 3202 omnes

1812 3244 1997 3306 partes
2027 3236 2271 3292 intentus
2296 3236 2613 3307 praeficitur.
2649 3235 2808 3303 Nam,
2842 3246 2905 3292 ut
2928 3237 3071 3292 idem
3107 3236 3404 3308 Gregorius

1812 3326 1891 3383 ait
1924 3326 2098 3401 (epist.
2136 3326 2228 3392 22)
2270 3347 2283 3382 :
2318 3326 2558 3383 Lucerna
2587 3330 2823 3399 corporis
2858 3337 2936 3383 est
2963 3327 3147 3382 oculus
3183 3344 3288 3382 non
3317 3327 3403 3381 hic

1813 3428 2020 3473 tantum
2052 3419 2143 3491 qui
2172 3435 2421 3490 corporeo
2452 3420 2608 3474 modo
2643 3421 2813 3475 cernit
2847 3437 2909 3474 ac
2944 3421 3198 3486 cernitur,
3228 3420 3320 3474 sed
3355 3420 3402 3473 is

1810 3513 1972 3569 etiam
2016 3513 2108 3583 qui
2129 3512 2487 3583 spiritualiter
2525 3522 2726 3584 spectat
2751 3524 2800 3568 et
2836 3522 3121 3584 spectatur.
3162 3511 3406 3567 Lucerna

1810 3612 1987 3657 autem
2022 3601 2276 3659 Ecclesiae
2303 3614 2381 3660 est
2417 3605 2708 3677 episcopus.
2740 3604 2931 3678 Itaque
2960 3604 3403 3678 quemadmodum

1810 3712 1931 3749 cum
1964 3694 2056 3750 ille
2083 3713 2213 3766 pure
2234 3706 2283 3752 et
2312 3699 2515 3769 integre
2538 3716 2592 3753 se
2627 3698 2802 3766 habet,
2827 3716 3014 3770 corpus
3037 3715 3241 3771 quoque
3268 3708 3404 3753 recte

1808 3785 2058 3852 ducitur;
2095 3804 2215 3841 cum
2240 3796 2419 3842 autem
2454 3790 2695 3859 impurus
2730 3798 2830 3856 est,
2861 3806 2966 3844 non
2996 3798 3134 3844 recte
3172 3805 3189 3842 :
3221 3789 3400 3843 consi-

1810 3876 1925 3930 mili
1945 3894 2147 3948 quoque
2168 3879 2393 3945 ratione,
2422 3878 2674 3934 utrolibet
2698 3880 2853 3933 modo
2880 3896 2991 3934 sese
3022 3878 3277 3934 Ecclesia:
3299 3895 3399 3932 an-

1810 3968 1955 4023 tistes
1988 3969 2253 4037 habuerit,
2288 3973 2502 4026 omnino
2534 3972 2612 4026 vel
2633 3971 2858 4043 periculi
2892 3973 2971 4027 vel
2995 3971 3188 4027 salutis
3222 3971 3400 4041 parti-

1807 4074 1923 4127 ceps
1954 4075 2064 4114 esse
2098 4076 2303 4115 necesse
2334 4069 2432 4116 est.
2484 4060 2612 4118 Haec
2671 4062 2958 4118 verissime
2996 4060 3397 4121 sanctissimus

1808 4148 1970 4203 simul
2006 4157 2062 4203 et
2086 4149 2441 4208 doctissimus
2481 4153 2775 4223 episcopus
2828 4152 3124 4224 Gregorius
3158 4150 3397 4207 Nazian-

1808 4258 1997 4298 zenus.

1874 4330 2046 4387 Porro
2081 4347 2209 4388 cum
2243 4333 2349 4389 hoc
2378 4341 2624 4404 tempore
2656 4333 2710 4388 in
2742 4333 3075 4404 supellectile
3100 4347 3222 4388 mea
3250 4333 3398 4388 litte-

197 4424 422 4494 lnterea,
454 4428 590 4484 dum
632 4429 737 4486 iste
780 4430 1157 4503 investigatur,
1187 4440 1243 4487 et
1271 4448 1340 4511 ex
1381 4430 1612 4502 caligine
1651 4431 1705 4485 in
1738 4434 1784 4491 D
1808 4426 1955 4481 raria
1984 4433 2040 4481 et
2064 4425 2307 4494 libraria,
2345 4426 2482 4483 nihil
2525 4441 2639 4498 quo
2677 4426 2850 4483 celsit.
2878 4425 2943 4481 ν.
2975 4433 3190 4496 partam
3216 4425 3397 4497 digni-

143 4513 291 4571 lnoem
331 4520 666 4587 vindicatur,
714 4520 945 4576 Paulum
983 4524 1130 4581 notis
1179 4522 1508 4581 illustratum
1556 4520 1705 4585 foras

144 4612 328 4679 prodire
345 4612 521 4683 iussi;
557 4622 614 4668 et
653 4612 876 4684 quidem
916 4614 1018 4670 sub
1041 4622 1138 4671 tuo
1182 4613 1505 4685 patrocinio,
1552 4628 1707 4688 reve-f

145 4702 442 4759 tendissime
469 4712 528 4761 et
567 4703 942 4760 illustrissime
975 4705 1247 4781 princeps.
1293 4704 1529 4761 Docebat
1555 4705 1703 4766 enim

144 4801 193 4846 ut
209 4794 257 4848 in
275 4796 378 4852 hac
398 4796 619 4868 publica
646 4804 703 4853 et
724 4798 958 4859 solemni
990 4799 1260 4855 bonorum
1286 4799 1534 4854 omnium
1568 4800 1707 4855 Iazti-

146 4884 222 4951 lia,
248 4890 443 4958 partim
479 4891 608 4959 sibi,
634 4891 858 4963 partim,
891 4899 1110 4947 et.vero
1143 4892 1513 4961 potissimum,
1545 4891 1704 4948 nobi-

144 4974 338 5035 lssimre
358 4980 751 5054 Bambergensi
785 4981 1043 5038 Ecclesiae
1083 4990 1139 5037 et
1165 4982 1389 5041 ditecesi
1424 4983 1704 5053 gratulan-

148 5065 257 5104 lium
297 5071 367 5104 at.
414 5071 793 5104 ηΔΙοῖοιιικηιιιιη.
830 5069 875 5104 v
951 5072 1016 5104 ..τι
1070 5074 1327 5104 σιωπω..
1374 5071 1413 5104 Ω
1471 5070 1700 5104 nummi.

1807 4527 1972 4574 tatem
2001 4521 2328 4590 gratularer,
2370 4528 2568 4592 praeter
2612 4520 2865 4587 wau,
2911 4519 3245 4589 reperirem;
3282 4533 3394 4573 non

1806 4612 2051 4668 dubitavi
2086 4613 2235 4670 hunc
2263 4613 2331 4669 ad
2360 4614 2534 4670 ceisit.
2560 4612 2627 4669 ν.
2661 4611 2982 4669 interndntii
3010 4613 3130 4668 vice
3172 4611 3395 4667 functu-

1806 4720 1958 4772 rum,
1994 4704 2265 4777 ablegare.
2304 4704 2360 4760 Si
2395 4705 2541 4760 enim
2581 4705 2742 4761 tertio
2777 4703 2978 4759 abhinc
3006 4717 3154 4758 anno
3184 4702 3398 4758 Praedi-

1805 4805 2012 4851 cantem
2047 4795 2399 4869 Vapulantem
2425 4813 2457 4851 α
2480 4812 2567 4852 me
2598 4799 2841 4854 oblatum
2870 4803 2981 4851 tam
3009 4793 3395 4852 benevoleex-

1805 4890 1975 4961 cepit;
2022 4890 2157 4961 quid
2202 4889 2309 4946 sibi
2351 4888 2556 4945 Paulus
2605 4905 2717 4946 non
2751 4887 2952 4958 poterit
2979 4886 3263 4959 polliceri;
3301 4885 3399 4957 qui

1803 4983 2060 5055 pontiﬁce
2084 4984 2345 5049 maximo,
2368 4990 2422 5037 et
2441 4979 2661 5051 quidem
2685 4981 2780 5037 tali
2813 4996 2878 5037 ac
2905 4989 3082 5052 tanto,
3106 4978 3400 5036 comitatus

1803 5078 1977 5104 -.η-ιτσ-
2013 5092 2115 5104 καί.
2146 5075 2402 5104 ---οἶαι-ι.
2431 5082 2647 5104 θην-...Μ
2698 5074 2791 5104 sunt]
2817 5083 2868 5104 ΛΟ
2902 5078 3181 5104 ΔΑ-Ᾱε-ιΑ1Α
3226 5086 3400 5104 nnc-nn

3297 256 3505 321 2'23.
