3962 5348
481 211 610 270 .225

1725 217 1781 277 S.
1823 219 2223 280 GREGORIUS
2259 222 2351 279 VII
2387 225 2586 284 PAPA.

499 326 676 382 donec
694 325 900 398 aliquid
917 327 1180 402 dignitate
1199 339 1254 387 et
1274 329 1490 404 fastigio
1506 331 1680 389 celsit.
1699 332 1764 389 V.
1781 323 2001 407 dignius
2016 352 2104 393 oc-
2131 343 2177 398 A
2203 341 2546 397 uevolentem
2567 341 2917 400 Maacenatem
2939 361 3104 416 quam
3127 345 3435 403 diutissime
3452 345 3788 404 incolumem
3881 415 3892 430 ο

497 417 736 472 currerit
761 435 774 472 :
797 417 909 476 Deo
929 420 1205 478 submisse
1227 423 1549 494 supplicans
1574 433 1634 479 ut
1655 423 1912 482 Ecclesia:
1933 426 2096 482 Bam-

3683 231 3790 288 224

2192 437 2249 484 et
2279 431 2654 501 superstitem,
2681 449 3005 506 semperque
3043 434 3205 493 donis
3238 445 3296 492 et
3329 437 3595 494 subsidiis
3625 438 3790 494 cccle-

497 509 1162 580 bcrgensimoderatorem
1183 515 1697 586 vigilantissimum;
1719 519 1968 575 societati
1993 532 2097 576 no.—‘
2193 519 2371 604 stibus
2399 519 2686 578 ﬂorentem
2720 533 2962 594 praestet.

495 607 626 658 Strat
645 609 938 671 patronum
962 605 1325 676 singularem;
1349 616 1406 664 et
1432 608 1696 666 omnibus
1718 609 1976 668 litteratis
1999 609 2090 668 be-

2263 605 2602 682 Ingolstadii,
2637 614 2702 670 19
2725 612 2930 684 Martii,
2957 631 3105 672 anno
3132 615 3517 692 Redemptoris
3553 618 3717 676 l6l0.

1944 771 2368 786 ﬂ

867 919 1479 982 PROLEGOMENA
1526 921 1608 981 IN
1654 920 1919 983 VITAM
1966 915 2354 982 GREGOBII
2401 917 2516 980 VII
2563 918 3020 983 PONTIFICIS
3057 923 3395 987 MAXIMI.

542 1079 684 1154 Rogo
724 1091 794 1151 te,
825 1084 996 1138 amice
1025 1082 1234 1152 Lector,
1266 1094 1322 1139 ut
1347 1085 1497 1156 prius
1531 1085 1642 1141 lucc
1673 1084 1966 1157 praeloquia
1989 1083 2157 1156 legas,
2183 1097 2344 1154 quam
2371 1082 2442 1137 ad
2464 1087 2903 1142 commentarium
2935 1087 3072 1144 hunc
3097 1089 3448 1149 lectitandum
3477 1095 3728 1153 accedas.

562 1237 696 1304 Quis
731 1239 895 1312 fuerit
940 1240 1148 1298 Paulus
1184 1241 1606 1298 Bernriedensis.

2118 1244 2162 1301 Β
2191 1236 2298 1294 Sed
2321 1255 2387 1294 ex
2429 1221 2646 1312 iisquze
2673 1243 2740 1298 de
2771 1241 3022 1302 Gerocho
3055 1258 3246 1304 narrat
3291 1250 3407 1321 ipse
3450 1251 3785 1324 Aventinus,

559 1330 616 1386 ω
641 1334 803 1389 “oms
827 1335 1160 1406 expncamm
1192 1337 1344 1392 dabit
1367 1335 1672 1392 Aveminus
1705 1337 1800 1391 1:1,.
1831 1352 1864 1392 γ
1896 1335 2082 1391 Anna-
2183 1337 2238 1384 et
2261 1345 2328 1385 ex
2361 1329 2618 1402 Aventini
2641 1333 2881 1405 ingenio,
2907 1352 3084 1408 exque
3113 1339 3222 1396 illis
3249 1341 3433 1398 itidem
3456 1361 3588 1414 qua:
3613 1345 3786 1404 Paulo

487 1424 625 1482 lium
657 1423 961 1498 Bojorum:
1006 1449 1023 1481 ι
1059 1427 1190 1502 Legi
1235 1431 1460 1498 multos,
1503 1429 1806 1502 praesertim
1849 1429 2077 1485 Paulum

2182 1419 2570 1479 Bernriedensi
2616 1423 2842 1496 aﬂingit,
2885 1429 3160 1486 :estimare
3209 1433 3336 1488 licet
3376 1450 3489 1505 qua
3523 1437 3636 1492 ﬁde
3669 1437 3786 1496 lucc

487 1517 962 1590 Bernriedensem,
1007 1521 1321 1580 Gerochum
1357 1523 1940 1596 Beicherspergensem
1981 1539 2058 1578 an

2179 1510 2248 1566 de
2277 1509 2530 1570 Gerocho
2554 1514 2874 1585 prodiderit.
2917 1517 3150 1576 Credam
3192 1521 3324 1578 talia
3358 1539 3389 1579 a
3421 1524 3682 1584 Gerocho
3704 1527 3786 1584 ef-

487 1611 736 1682 tistitem,
777 1613 1212 1686 Augustiniauos
1259 1617 1486 1690 Mystas,
1534 1617 1592 1672 in
1637 1615 1852 1687 Bojaria
1901 1625 2074 1672 ortos.

486 1702 730 1776 Uterque
774 1707 842 1762 de
887 1708 1270 1778 hujuscemodi
1319 1709 1597 1766 discordia
1648 1709 1957 1782 perniciosa
2005 1709 2076 1764 li-

482 1797 617 1854 bros
638 1799 827 1868 edidit,
861 1809 1094 1872 uterque
1131 1817 1261 1872 pars
1300 1803 1468 1874 hujus
1491 1803 1762 1859 tumultus
1796 1802 1918 1858 fuit.
1959 1803 2072 1870 llle,

481 1887 912 1964 Reginoburgii;
957 1895 1082 1962 hic,
1125 1881 1388 1968 Augustae
1418 1896 1696 1968 primariae
1732 1896 1866 1953 aedis
1891 1913 2075 1953 sacer-

478 1983 600 2050 dos,
627 1985 790 2040 ambo
811 1987 979 2044 rebus
1011 1986 1365 2046 Hildebrandi
1392 1990 1674 2046 studuere.
1701 1987 2072 2058 Quamobrem

478 2077 700 2135 sedibus
745 2079 915 2150 pulsi,
945 2081 1002 2137 iu
1046 2081 1302 2138 exsilium
1339 2083 1448 2140 acti
1479 2092 1629 2143 sunt.
1671 2103 1690 2136 ι
1725 2082 1807 2139 ita
1839 2083 2070 2140 Aventi-
2111 2130 2116 2134 .

481 2182 606 2225 nus.

545 2260 779 2320 Paulum
803 2265 978 2324 fuisse
1005 2267 1351 2326 sacerdotem
1387 2285 1487 2328 seu
1513 2269 1846 2326 canonicum
1881 2271 2068 2327 Ratis-

474 2352 775 2413 bonensem
819 2361 1046 2431 planum
1099 2362 1162 2418 ﬁt
1211 2378 1279 2418 ex
1324 2362 1449 2420 Vita
1502 2364 1734 2436 virginis
1781 2363 2063 2432 Herlucae,

475 2461 598 2518 cap.
621 2450 694 2504 45
733 2461 792 2506 et
811 2453 904 2510 44.
952 2453 1255 2514 Ra-tisbona
1297 2458 1492 2529 pulsus
1525 2458 1808 2514 Bernriedi
1842 2474 1940 2515 seu
1971 2459 2069 2516 Be-

473 2541 678 2598 ronicse
730 2543 1044 2603 institutum
1097 2549 1506 2609 Canonicorum
1551 2552 1905 2626 Regularinm
1946 2567 2066 2608 am-

473 2631 666 2701 plexus
703 2637 939 2709 videtur,
977 2657 1090 2697 non
1129 2643 1326 2713 prius:
1365 2647 1470 2704 etsi
1509 2649 1665 2719 prius
1696 2647 1864 2703 etiam
1895 2647 2062 2704 decli-

473 2725 670 2784 nanda:
721 2729 1066 2792 Henricianze
1107 2742 1508 2808 persecutionis
1541 2759 1708 2800 causa
1757 2742 2058 2799 Ratisbona

473 2817 706 2877 subinde
729 2837 790 2880 se
813 2826 1102 2898 subduxit,
1127 2839 1191 2886 ut
1219 2847 1289 2888 ex
1323 2836 1514 2892 eadem
1540 2837 1780 2894 Historia
1801 2837 1870 2894 de
1900 2839 2059 2894 beata

471 2910 686 2983 virgine
716 2915 953 2976 Herluca
978 2923 1171 2994 liquet.

537 3002 686 3063 Idem
714 3009 1020 3072 Aventinus
1041 3016 1174 3076 ibid.
1213 3039 1228 3076 :
1268 3041 1288 3076 ι
1331 3023 1678 3098 Gregorium,
1718 3029 1894 3085 virum
1930 3045 2058 3086 san-

467 3100 775 3162 ctissimum
819 3111 1246 3178 pervicaciorem
1293 3119 1592 3188 exstitisse,
1643 3119 1846 3178 Paulus
1887 3122 2058 3178 Bern-

467 3195 757 3266 riedensis,
795 3201 893 3271 qui
936 3203 1056 3274 ejus
1098 3205 1278 3264 Vitam
1308 3211 1466 3270 libris
1495 3215 1714 3273 duobus
1739 3211 2058 3288 complexus

465 3295 570 3354 est,
591 3297 650 3344 et
674 3293 873 3364 reliqui
899 3297 1020 3366 ejus
1040 3301 1279 3370 partium
1308 3309 1562 3364 acerrimi
1598 3321 2054 3384 propugnatores,

467 3379 726 3448 produnt.
773 3404 792 3438 ι
841 3385 1040 3446 Nescio
1084 3395 1286 3464 quibus
1326 3401 1504 3458 oculis
1543 3379 1846 3466 Aventinus
1888 3379 2058 3466 Bern;

467 3469 776 3530 riedensem
807 3475 1018 3550 legerit.
1049 3480 1107 3538 lu
1141 3501 1263 3542 meo
1306 3499 1455 3546 certe
1490 3493 1664 3551 Paulo
1717 3492 1929 3556 nullum
1963 3517 2058 3557 ve-

465 3561 690 3632 stigium
719 3567 804 3622 vel
827 3575 1198 3632 accusationis
1218 3581 1304 3634 vel
1335 3583 1479 3640 uo'tze
1509 3583 1676 3656 hujus
1711 3588 1778 3644 de
1807 3591 2057 3660 pervica-

463 3649 551 3705 cia
575 3665 820 3752 apparet.
857 3657 926 3715 Et
951 3663 1088 3719 adeo
1131 3665 1428 3740 Gregorius
1459 3673 1514 3730 in
1552 3649 1656 3734 hac
1681 3649 1848 3736 causa
1875 3683 2056 3752 pervi-

461 3759 566 3800 cax
597 3761 709 3804 non
745 3749 869 3820 fuit,
905 3764 969 3810 ut
1007 3759 1228 3828 quoties
1271 3762 1542 3825 Henricus
1587 3787 1714 3840 rex;
1764 3775 1851 3830 vel
1877 3749 2055 3830 imini-

461 3853 610 3895 mam
645 3846 1046 3908 emendationis
1082 3854 1542 3925 signiﬁcationem
1587 3863 1774 3934 daret;
1819 3881 1947 3923 eum
1995 3867 2050 3924 in

459 3934 693 4003 gratiam
728 3945 784 4034 et
813 3946 1261 4004 communionem
1293 3953 1439 4009 sedis
1459 3959 1776 4026 apostolicae
1809 3963 2050 4034 recipere
2083 3961 2128 4015 D

458 4033 688 4092 paratus
721 4027 908 4088 fuerit.
963 4033 1125 4092 Certe
1179 4046 1394 4098 tantum
1451 4045 1626 4115 abest,
1683 4058 1745 4106 ut
1799 4027 2048 4111 Saxones

456 4115 782 4217 Gregorium
814 4126 1136 4194 pervicacia;
1163 4137 1469 4206 arguerint,
1509 4149 1570 4195 ut
1605 4151 1730 4198 eum
1763 4160 2050 4217 propemo-

455 4208 586 4264 dum
611 4211 797 4270 nimiae
837 4216 1180 4279 lentitudinis
1211 4225 1268 4280 in
1289 4225 1524 4286 Henrico
1555 4208 1882 4292 damnando.
1906 4238 2046 4295 insi-

453 4303 739 4373 mularint,
763 4308 908 4366 datis
938 4311 1006 4367 ad
1031 4329 1160 4370 eum
1191 4318 1460 4388 epistolis,
1485 4339 1625 4395 quas
1657 4343 1772 4384 suae
1793 4328 2048 4388 Historiae

451 4396 520 4450 de
559 4397 704 4454 bello
755 4400 1030 4461 Saxonico
1074 4406 1260 4466 Bruno
1293 4411 1542 4472 intexuit.
1592 4417 1660 4474 Et
1705 4421 1822 4491 ipsa
1865 4423 2046 4481 oratio

451 4486 700 4560 Gregorii
749 4494 819 4549 ad
861 4505 1085 4554 sanctos
1117 4505 1399 4571 apostolos
1430 4505 1650 4565 Petrum
1681 4486 1740 4567 et
1788 4512 2042 4585 Paulum,

449 4590 580 4634 cum
608 4583 804 4641 ultimo
840 4585 1138 4646 Henricum
1179 4599 1696 4671 excommunicavit,
1742 4607 1970 4665 recitata
2009 4583 2042 4665 a

447 4667 640 4742 Paulo,
673 4679 808 4736 satis
833 4684 1076 4740 ostendit
1105 4702 1274 4757 quam
1316 4692 1453 4749 nihil
1489 4667 1788 4770 Gregorius
1831 4701 1938 4759 hoc
1983 4704 2040 4760 in

447 4769 668 4838 negotio
691 4775 1047 4842 pertinaciter
1067 4783 1260 4854 egerit.

516 4879 700 4956 Pergit
721 4885 1022 4949 Aventinus
1063 4915 1076 4950 :
1109 4915 1129 4948 ‹
1159 4895 1444 4956 Gerochus
1465 4918 1684 4974 quoque
1717 4907 1851 4978 (quo
1875 4925 2038 4966 nemo

445 4977 629 5034 acrius
655 4980 877 5052 scriptis
911 4985 1067 5044 libris
1098 4987 1530 5050 Hildehrandum
1567 4977 1780 5056 tutatus
1811 5011 1914 5070 est,
1952 5014 2039 5060 ut—

443 5077 572 5162 pote
601 5071 694 5162 qui
719 5073 956 5132 crimina
981 5077 1186 5138 Caesari
1221 5085 1458 5156 objecta,
1492 5105 1616 5160 quae
1655 5091 1799 5162 apud
1823 5095 2036 5151 nullum

441 5157 612 5217 alium
649 5161 894 5234 legerim,
931 5169 1190 5244 explicat)
1228 5177 1446 5232 tandem
1492 5157 1605 5235 suae
1651 5157 1826 5252 partis
1869 5186 2035 5254 perti-

441 5253 678 5316 naciam.
718 5272 788 5311 ne
809 5257 987 5314 dicam
1024 5265 1362 5316 tvrannidem
1398 5270 1547 5316 Ιτίςορ
1567 5274 1748 5316 vni-hie
1809 5253 2031 5316 mar-nm

2179 1605 2323 1674 fusa,
2361 1622 2489 1663 cum
2529 1608 2670 1664 meis
2704 1609 2882 1666 oculis
2915 1627 2980 1667 ea
3015 1610 3070 1666 in
3109 1613 3360 1671 Gerocho
3394 1616 3604 1689 legero.

2249 1697 2396 1753 Idem
2421 1696 2728 1754 Aventinus
2758 1717 2772 1754 :
2811 1718 2832 1750 ‹
2867 1698 3072 1758 Paulus
3106 1700 3524 1762 Bernriedensis
3567 1717 3783 1779 narrat,

2175 1789 2492 1860 episcopum
2520 1790 2838 1860 quemdam,
2866 1791 2997 1848 dum
3020 1810 3120 1864 pro
3151 1798 3420 1855 concione
3447 1799 3784 1859 Hildebran-

2175 1881 2306 1937 dum
2337 1882 2631 1953 vituperat,
2665 1881 2904 1969 fulmine
2929 1893 3138 1942 tactum
3173 1905 3325 1958 esse;
3359 1892 3610 1966 dumque
3651 1911 3786 1969 age-

2176 1983 2260 2031 ret
2302 1975 2566 2044 animam,
2613 1976 2820 2034 dixisse
2855 1968 2940 2034 τ’(
2979 1977 3143 2052 Ignea
3189 1993 3388 2041 catena
3436 1968 3782 2048 constrictus

2175 2065 2367 2120 trahor
2392 2068 2462 2122 ad
2495 2065 2746 2125 inferos:
2787 2068 2881 2137 ite,
2919 2072 3172 2130 nuntiate
3217 2074 3427 2133 Caesari
3466 2087 3531 2135 ut
3581 2082 3782 2153 resipi-

2173 2163 2370 2222 scat,et
2395 2157 2661 2228 ﬂagitium
2691 2159 2752 2213 in
2788 2159 2982 2230 Deum,
3020 2163 3207 2220 divum
3247 2165 3497 2236 Petrum,
3529 2171 3656 2242 ejus
3687 2172 3777 2228 vi-

2169 2249 2404 2318 carium,
2430 2250 2810 2320 commissum,
2835 2253 3028 2312 oﬂiciis
3056 2269 3398 2330 compenset,
3427 2263 3539 2321 nisi
3563 2281 3656 2322 me
3676 2283 3780 2324 an-

2169 2345 2511 2401 tecedentem
2545 2355 2748 2403 aterna
2787 2350 3059 2420 supplicia
3105 2353 3369 2426 subsequi
3395 2358 3571 2414 malit.
3609 2379 3630 2414 ι
3677 2359 3780 2416 Eo-

2166 2434 2290 2492 dem
2327 2451 2550 2507 quoque
2593 2437 2706 2506 die,
2744 2453 2942 2512 nempe
2980 2439 3364 2514 Paschalibus,
3409 2458 3618 2519 quarto
3659 2449 3776 2506 Ka-

2167 2528 2356 2584 lendas
2386 2529 2589 2599 Martii,
2646 2540 2710 2587 ut
2759 2532 2901 2589 idem
2956 2533 3163 2592 Paulus
3205 2539 3421 2608 recitat,
3474 2542 3778 2615 episcopus

2091 2606 2132 2662 C
2168 2621 2467 2694 Spirensis,
2523 2625 2790 2699 Gregorio
2847 2629 3085 2699 septimo
3133 2606 3413 2702 iniquus,
3446 2606 3526 2690 ab
3572 2606 3774 2694 eodem

2163 2715 2419 2772 Kalendis
2443 2715 2622 2773 Martii
2653 2719 2905 2788 devotus,
2944 2722 3190 2778 animam
3231 2723 3453 2781 eﬂlavit.
3501 2725 3774 2800 Gregorio

2164 2806 2452 2864 Salernum
2486 2810 2720 2882 profugo
2755 2812 3018 2882 intrante,
3062 2816 3200 2872 civis
3243 2817 3466 2888 quidam
3497 2820 3720 2878 dixerat
3754 2841 3770 2878 :

2167 2920 2185 2953 ‹
2207 2899 2416 2956 Auctor
2434 2901 2820 2970 dissensionis,
2844 2903 2937 2975 qui
2963 2913 3141 2961 totum
3164 2907 3352 2962 orbem
3380 2915 3657 2966 terrarum
3681 2927 3775 2967 ar-

2089 3029 2093 3034 ε
2163 2992 2270 3049 mis
2301 3001 2358 3048 et
2383 2992 2544 3049 hellis
2575 2993 2827 3062 involvit,
2872 2995 3040 3066 hujus
3070 2998 3225 3054 urbis
3269 3015 3492 3071 quoque
3520 3002 3770 3072 quietem

2159 3087 2593 3142 conturbaturus
2613 3087 2854 3143 advenit.
2887 3106 2906 3140 ι
2936 3087 3062 3144 Mox
3099 3090 3212 3158 ille,
3237 3091 3325 3148 his
3345 3092 3530 3160 dictis,
3565 3094 3772 3150 obmuo

2159 3179 2319 3235 teseit
2353 3199 2366 3234 :
2394 3180 2662 3237 deductus
2691 3181 2760 3237 ad
2783 3169 3152 3253 Gregorium,
3173 3197 3422 3241 errorem
3443 3201 3612 3241 suum
3637 3201 3772 3242 cou-

2158 3273 2362 3340 litetur,
2396 3273 2466 3328 ab
2498 3274 2691 3329 eodem
2725 3273 2948 3330 sanitati
2979 3275 3307 3332 restituitur.
3338 3276 3569 3334 Benried
3597 3280 3770 3336 colle-

2158 3361 2310 3433 gium
2343 3372 2432 3418 est
2453 3362 2740 3419 ﬂaminum
2787 3364 3174 3438 Augustalium
3213 3369 3518 3440 superioris
3549 3369 3768 3429 Vinde-

2157 3453 2316 3521 licise,
2363 3463 2590 3526 propter
2631 3455 2858 3512 Verrem
2917 3459 3124 3526 lacum,
3174 3476 3343 3532 supra
3407 3461 3766 3522 Monachium

2156 3543 2472 3616 quindecim
2492 3547 2662 3607 millia
2687 3564 2978 3619 passuum,
3022 3551 3100 3606 ibi
3128 3551 3377 3610 Herlueze
3423 3563 3658 3613 sacram
3693 3557 3768 3613 te

2157 3637 2320 3694 mina:
2370 3640 2688 3711 sepulcrum
2743 3643 3074 3700 ostenditur.
3143 3643 3222 3702 Ea
3285 3647 3380 3704 illa
3431 3656 3766 3721 tempestate

2155 3729 2310 3797 vixit,
2347 3739 2403 3786 et
2443 3732 2732 3789 nocturnis
2761 3750 3051 3807 superum,
3081 3747 3139 3794 et
3177 3738 3414 3796 inferum
3443 3741 3762 3815 congressi-

2155 3818 2280 3887 bus,
2306 3823 2643 3894 secretisque
2673 3825 2966 3897 colloquiis
3003 3827 3272 3886 interesse
3305 3841 3596 3900 cousueta,
3633 3846 3762 3890 usr-

2153 3926 2278 3968 rare
2309 3912 2470 3968 solita
2506 3912 2635 3982 fuit;
2669 3926 2986 3974 exsecratos
3011 3919 3233 3976 ﬂamma
3265 3923 3520 3978 omnium
3549 3925 3755 3980 arden-

2154 4001 2366 4058 tissima
2399 4005 2724 4061 excruciari.
2762 4025 2780 4059 ι

2223 4091 2352 4150 Haec
2393 4095 2600 4165 omnia,
2660 4106 2722 4153 ut
2766 4099 2837 4156 ab
2891 4099 3166 4157 Aventino
3220 4114 3751 4172 commemorantur,

2149 4191 2369 4240 exstant
2399 4183 2454 4240 in
2511 4185 2638 4254 hac,
2697 4204 2865 4258 quam
2910 4205 3058 4246 nunc
3109 4191 3452 4264 evulgamus,
3498 4192 3752 4266 Gregorii

2151 4273 2296 4344 Vita,
2332 4285 2393 4333 ut
2429 4286 2485 4335 et
2517 4279 2606 4334 illa
2636 4295 2760 4351 quae
2785 4281 2853 4337 de
2879 4281 3154 4353 Rulando,
3203 4283 3492 4343 Parmensi
3525 4289 3748 4358 clerico,

2147 4375 2203 4422 et
2235 4367 2304 4423 de
2337 4385 2432 4423 ουο
2453 4370 2770 4442 prodigiose
2803 4383 3222 4432 commemorat.
3271 4375 3378 4434 Ille
3413 4377 3750 4451 (Bulandus)

2148 4457 2236 4512 vix
2257 4475 2352 4529 ope
2376 4458 2620 4531 Gregorii
2657 4461 2756 4535 (ita
2785 4462 2990 4522 Paulus
3035 4465 3226 4538 refert)
3265 4471 3452 4525 evasit.
3491 4469 3564 4527 Et
3585 4473 3750 4543 quid-

2146 4549 2278 4620 quid
2331 4551 2638 4610 Aventinus
2692 4555 2803 4612 illic
2850 4557 3064 4620 scribit,
3125 4559 3179 4616 id
3239 4559 3410 4616 ferme
3457 4577 3528 4618 ex
3578 4563 3752 4622 Paulo

2145 4639 2529 4701 Bernriedensi
2588 4645 2908 4718 decerptum
2959 4665 3084 4706 esse
3107 4693 3124 4719 ,
3185 4653 3476 4723 perspicue
3528 4657 3756 4714 docebit

2143 4732 2528 4790 Aventinianae
2557 4738 2896 4794 narrationis
2921 4756 3050 4796 cum
3073 4742 3178 4798 hac
3201 4741 3323 4798 Vita
3355 4745 3602 4803 collatio.
3635 4747 3748 4804 Ex-

2142 4823 2287 4895 cipio
2312 4834 2496 4882 tamen
2519 4829 2828 4887 calumnias
2849 4847 2988 4902 quas
3022 4833 3329 4892 Aventinus
3351 4853 3468 4894 sua:
3499 4839 3750 4898 historia:

2143 4917 2372 4974 subinde
2409 4922 2676 4994 aspergit;
2724 4939 2852 4978 nam
2885 4923 2990 4981 has
3031 4935 3128 4982 aut
3173 4929 3289 5000 ipse
3332 4945 3402 4985 ex
3435 4947 3543 4987 suo
3567 4935 3750 5006 capite

2139 5009 2381 5077 extudit;
2417 5019 2513 5068 aut
2545 5028 2613 5068 ex
2656 5013 2922 5087 Apologia
2971 5016 3304 5074 innominati
3353 5025 3605 5081 auctoris
3647 5043 3746 5097 pro

2140 5099 2376 5158 Henrico
2401 5102 2471 5158 IV
2516 5106 2760 5177 accepit;
2793 5117 2849 5162 et
2874 5109 3032 5164 valde
3069 5113 3320 5183 suspicor
3363 5115 3612 5172 indidem
3649 5120 3748 5174 de-

2137 5201 2449 5264 promptum
2506 5196 2650 5252 hanc
2706 5195 2980 5254 Aventino
3039 5204 3456 5261 assertionem:
3520 5227 3542 5260 α
3600 5206 3744 5281 Opes

2139 5301 2358 5316 nonAn-un
2414 5289 2814 5316 ΑΑΑῘΑηξηι-ιὲιηιη
2897 5292 3062 5316 ι..-21ι--
