3962 5348
113 396 219 453 83

746 375 1281 437 PROLEGOMENA.
1320 410 1392 421 -—-
1426 378 1716 440 PROCEM.
1759 381 2009 442 GRETS.
2050 382 2127 439 ΙΝ.
2152 381 2356 440 PAUL.
2394 382 2764 440 BERNRIED.

3288 382 3395 439 2‘16

113 513 193 565 An
219 507 541 564 Aventinus
564 521 669 562 non
703 505 1088 577 copiosiorem,
1114 506 1207 563 sed
1232 505 1714 576 obsequentiorem
1742 509 1788 565 Α
1885 503 2080 561 Exstat
2114 519 2280 576 porro
2305 506 2449 576 apud
2470 504 2669 561 Baron.
2715 521 2863 561 anno
2898 506 3091 562 salutis
3115 504 3256 561 1106
3275 498 3396 578 θρῖα

114 599 344 655 Paulum
388 600 607 663 habuit,
645 599 714 653 ita
755 607 817 654 ut
845 598 1114 670 quidquid
1163 595 1280 668 ipse
1314 598 1456 652 male
1488 596 1542 650 in
1577 595 1711 652 Gre-
1812 600 1951 656 stola
1993 598 2277 655 Paschalis
2332 599 2559 656 secundi
2593 600 2663 655 ad
2686 597 3023 655 .Udalrieum
3061 615 3159 655 seu
3208 596 3400 655 Oderio

113 690 323 762 gorium
349 691 608 757 allectus,
636 690 829 758 vellet,
866 690 1113 745 diceret?

117 806 261 860 [nde
283 816 491 862 constet
520 805 751 861 Paulum
779 805 1214 889 Bernriedensem
1248 822 1359 861 esse
1379 805 1539 877 hujus
1565 822 1710 860 tam-

628 888 873 932 menturit
904 888 1194 933 ductarent.

175 968 362 1027 Codex
412 984 483 1024 ex
525 984 639 1040 quo
668 969 832 1040 hujus
865 967 1003 1025 Vitae
1032 968 1313 1039 exemplar
1356 967 1710 1039 desumptum

109 1070 210 1126 est,
257 1078 371 1115 non
424 1060 756 1132 prazferebat
810 1076 1011 1116 nomen
1069 1059 1227 1115 Pauli
1272 1060 1705 1117 Bernriedensis.

112 1152 263 1210 Unde
282 1170 419 1225 ergo
445 1154 624 1225 liquet
650 1155 799 1209 hunc
832 1152 1003 1209 fetum
1027 1152 1200 1209 Paulo
1231 1153 1433 1210 ascribi
1466 1153 1711 1209 debere?

111 1245 443 1315 Respondeo
470 1245 527 1300 id
570 1243 925 1300 manifestum
957 1243 1073 1299 ﬁeri
1121 1261 1187 1298 ex
1217 1243 1512 1309 Aventino,
1544 1243 1710 1314 cujus

110 1336 294 1392 Codex
318 1335 475 1391 Pauli
504 1335 922 1392 Bernriedensis
963 1350 1162 1390 nomen
1207 1334 1588 1407 praescriptum
1620 1349 1711 1406 ge-

112 1428 301 1493 rebat;
339 1426 532 1481 omnia
578 1435 763 1481 autem
806 1441 930 1496 quae
966 1424 1272 1481 Aventinus
1303 1440 1369 1481 ex
1400 1422 1573 1480 Paulo
1608 1438 1712 1479 suo
1760 1440 1765 1448 '

112 1518 320 1580 recitat,
367 1514 424 1570 in
464 1517 573 1571 hoc
602 1524 795 1571 nostro
848 1514 1220 1585 reperiuntur,
1256 1524 1318 1569 ut
1362 1524 1525 1570 antea
1571 1513 1711 1570 dixi-

114 1626 249 1665 mus.
283 1606 398 1664 Nec
433 1607 608 1663 refert
631 1608 779 1678 quod
826 1607 882 1662 in
918 1616 1111 1664 nostro
1142 1608 1443 1678 exemplari
1489 1623 1601 1663 non
1638 1608 1713 1664 sit

114 1701 391 1757 distinctio
421 1701 609 1771 operis
634 1700 689 1755 in
713 1700 853 1755 duos
879 1700 1081 1766 libros;
1116 1700 1332 1756 duobus
1354 1699 1503 1755 enim
1528 1699 1702 1766 libris,

114 1792 335 1847 Paulum
384 1790 642 1863 Gregorii
697 1789 876 1845 Vitam
920 1790 1267 1862 complexum
1309 1805 1433 1845 esse
1476 1798 1712 1846 testatur

1809 708 1935 749 cum
1960 692 2402 762 Passaviensem,
2435 703 2490 749 et
2519 694 2589 750 ad
2621 693 2973 751 Gebhardum
2998 693 3400 751 Constantien-

1811 798 1927 838 sem
1952 798 2263 854 episcopos.

1883 918 1959 975 De
2001 921 2193 975 eodem
2240 920 2569 977 Bertholdus
2602 922 2656 977 in
2694 922 2971 981 Chronico
3021 939 3168 979 anno
3218 920 3397 977 1092:

1819 1030 1837 1061 ι
1880 1009 1939 1065 1η
2007 1010 2292 1067 Bavariam
2370 1014 2521 1068 venit
2593 1013 3034 1085 Saltzburgensis
3110 1013 3401 1084 episcopus

1811 1102 1971 1160 Dimo
2000 1103 2274 1178 (Thiemo)
2303 1106 2398 1178 qui
2429 1107 2739 1163 Pataviensi
2763 1107 3018 1164 Ecclesiae
3046 1108 3158 1179 jam
3193 1109 3401 1164 dudum

1810 1195 2047 1251 viduata:
2099 1199 2375 1253 ordinavit
2416 1199 2733 1269 episcopum
2787 1200 3009 1254 nomine
3061 1197 3401 1269 Udalricum,

1813 1293 2016 1341 sancta:
2041 1285 2405 1356 Augustensis
2447 1287 2703 1344 Ecclesia:
2748 1289 3125 1360 przepositum,
3166 1306 3404 1364 eumque

1812 1377 1869 1432 iu
1903 1379 2022 1450 ipso
2048 1380 2137 1435 die
2186 1378 2538 1436 Pentecostes
2582 1398 2709 1437 cum
2747 1382 2866 1453 ipso
2909 1379 3318 1438 Constantiensi
3348 1391 3405 1437 et

1814 1467 2216 1526 Wormaeiensi
2270 1471 2590 1528 solemniter
2619 1474 2993 1542 consecravit;
3033 1473 3250 1545 hocque
3294 1488 3407 1528 ma-

1813 1580 1975 1637 gnam
2008 1565 2264 1621 ﬁduciam
2310 1566 2456 1622 dedit
2491 1567 2777 1623 catholicis
2823 1576 2886 1623 ut
2930 1568 2985 1621 in
3033 1567 3291 1623 ﬁdelitate
3342 1565 3400 1621 S.

1812 1654 1957 1712 Petri
1986 1657 2345 1728 persisterent
2379 1667 2431 1712 et
2458 1659 2940 1715 sebismaticorum
2979 1659 3217 1715 vesania:
3252 1658 3406 1714 inde-

1813 1747 2017 1805 fessius
2051 1747 2399 1803 obsisterent.
2432 1768 2450 1800 ›

114 1881 431 1948 Aventinus,
461 1882 595 1952 quia
631 1880 892 1936 eollector
932 1879 1184 1936 Vitarum
1220 1877 1602 1945 Wolfhardus,
1642 1879 1711 1935 de
1742 1867 1785 1923 Β
1858 1882 2017 1955 Quis
2045 1883 2336 1954 qualisque
2380 1882 2548 1939 fuerit
2577 1884 2771 1950 codex,
2814 1899 2882 1941 ex
2927 1898 3040 1955 quo
3072 1884 3191 1940 haec
3217 1883 3404 1939 Histo-

117 1988 218 2044 quo
236 1973 407 2045 paulo
432 1981 584 2043 post,
618 1972 714 2043 qui
744 1970 925 2027 Vitam
967 1972 1217 2044 Gregorii
1258 1988 1388 2028 cum
1416 1972 1630 2027 caeteris
1652 1971 1708 2025 in

117 2081 277 2120 unum
302 2066 570 2121 volumen
603 2063 863 2133 conjecit,
909 2063 1055 2120 hanc
1108 2065 1250 2119 forte
1296 2064 1711 2120 distinctionem

116 2158 349 2223 sustulit,
375 2166 443 2213 ut
468 2173 583 2211 non
618 2172 749 2212 raro
775 2157 833 2211 in
859 2156 1012 2212 omni
1046 2172 1249 2229 genere
1302 2156 1573 2211 librorum
1614 2169 1710 2210 ac-

116 2248 255 2305 cidit.
293 2249 445 2305 Sane
479 2249 715 2305 historia
739 2265 907 2321 quam
939 2265 1089 2305 nunc
1130 2249 1453 2321 evulgamus
1496 2247 1713 2318 prolixa

117 2351 212 2409 est,
231 2351 289 2398 et
312 2342 773 2398 commodissime
794 2342 849 2396 in
873 2341 1016 2397 duos
1041 2340 1215 2396 libros
1237 2341 1413 2399 secari
1435 2349 1639 2411 potest.

176 2430 241 2489 ll.
271 2433 487 2490 Paulus
532 2433 954 2489 Bernriedensis
989 2432 1214 2505 scripsit
1250 2430 1433 2488 Vitam
1464 2431 1715 2488 Herluca:

122 2526 356 2598 virginis,
394 2526 562 2597 cujus
583 2527 788 2581 bonam
814 2533 1028 2596 partem
1054 2524 1337 2581 transtulit
1360 2524 1417 2580 in
1442 2522 1625 2581 Vitam
1650 2524 1709 2579 S.

125 2617 396 2689 Wicterpi,
445 2618 692 2690 episcOpi
734 2617 1066 2687 Augustam,
1105 2617 1437 2674 reverendus
1491 2625 1548 2672 et
1591 2632 1713 2687 per-

122 2712 303 2768 doctus
326 2710 519 2778 Pater,
557 2710 793 2765 Carolus
830 2708 1163 2781 Stengclius.
1201 2711 1320 2766 0rd.
1348 2707 1411 2764 D.
1438 2707 1713 2765 Benedicti

122 2804 183 2859 ad
207 2803 264 2859 S.
304 2801 630 2859 Udairieum
654 2802 919 2873 Augustae
948 2800 1381 2869 Vindelicorum,
1412 2816 1582 2872 quam
1614 2798 1713 2855 tibi

123 2912 260 2952 nunc
291 2896 574 2967 integram
605 2892 750 2949 infra
772 2893 1023 2950 exhibeo.
1063 2892 1124 2948 In
1162 2909 1230 2949 eo
1262 2893 1445 2963 libello
1480 2900 1716 2948 testatur

121 2987 315 3043 Paulus
334 3002 402 3043 se
432 2987 621 3042 itidem
660 2984 840 3041 Vitam
877 2985 1127 3057 Gregorii
1159 2985 1357 3041 litteris
1388 2984 1711 3048 mandasse;

122 3086 175 3133 et
190 3092 315 3150 quae
338 3078 414 3135 de
461 3077 677 3133 caelesti
720 3076 960 3147 quadam
995 3075 1208 3131 visione
1248 3073 1497 3131 Herlueze
1532 3073 1715 3127 oblata

123 3172 173 3226 in
202 3171 357 3227 Actis
412 3167 668 3224 ﬂeriuea:
716 3166 1022 3236 scribebat,
1055 3167 1170 3239 jam
1216 3167 1273 3222 in
1315 3163 1716 3222 commentario

124 3260 193 3317 De
211 3260 385 3317 rebus
404 3260 577 3332 gestis
607 3259 857 3330 Gregorii
885 3257 974 3312 Vll
996 3259 1320 3330 explicasse.
1346 3256 1418 3312 At
1446 3255 1717 3328 quidquid

123 3351 318 3408 Paulus
346 3353 409 3407 in
442 3350 568 3406 Vita
616 3348 850 3422 virginis
892 3347 1141 3405 Herlucze
1183 3347 1376 3405 scribit
1404 3349 1472 3404 de
1494 3346 1718 3403 Christo

124 3444 232 3515 qui,
255 3444 415 3501 clara
433 3441 544 3509 die,
571 3441 897 3496 vulneratus
920 3455 951 3494 a
983 3440 1157 3494 multo
1180 3439 1449 3510 sanguine
1478 3437 1715 3505 stillans,

126 3551 235 3592 sese
258 3537 311 3591 ei
331 3535 701 3607 conspicuum
726 3532 1056 3604 praebuerat,
1078 3533 1135 3588 id
1167 3540 1351 3588 exstat
1382 3532 1438 3586 in
1465 3531 1570 3587 hac
1599 3531 1717 3586 Vita

126 3641 232 3683 non
253 3628 450 3699 procul
485 3643 517 3682 a
547 3628 681 3695 ﬁne,
720 3635 785 3682 ut
824 3627 1027 3682 ibidem
1073 3625 1486 3693 adnotavimus,
1522 3641 1717 3696 quein-

127 3719 417 3774 admodum
444 3727 507 3775 et
539 3719 633 3774 illa
679 3734 806 3790 quae
854 3719 922 3774 de
968 3717 1251 3775 Adalberti
1298 3718 1600 3790 presbyteri
1653 3718 1720 3773 de

129 3809 259 3866 [tota
297 3811 525 3866 interitu
556 3811 634 3866 in-
666 3801 787 3865 Vita
818 3808 1068 3868 Herlucte
1106 3810 1334 3883 virginis
1384 3825 1721 3867 commemo-

129 3913 333 3957 rantur.
402 3901 483 3957 Ex
557 3903 762 3973 quibus
817 3904 1105 3974 perspicue
1169 3902 1429 3960 eluwscit
1488 3902 1720 3959 Paulum

130 3992 576 4052 Bemriedeusem
643 3997 937 4068 utriusque
988 3998 1388 4054 lucubrationis
1440 4007 1721 4055 auctorem

130 4104 264 4144 esse.

196 4181 433 4253 Scripsit
466 4182 674 4239 Paulus
710 4180 894 4239 Vitam
924 4183 1173 4254 Gregorii
1205 4180 1297 4237 VII
1332 4196 1478 4237 anno
1504 4180 1725 4238 Domini

133 4274 284 4329 1151.
312 4273 370 4330 Id
396 4276 526 4331 inde
550 4277 782 4346 planum
818 4276 1048 4332 eﬂlcitur
1075 4275 1206 4346 quia
1229 4275 1297 4329 ad
1327 4274 1531 4329 calcem
1558 4274 1725 4343 hujus

133 4368 508 4423 commentarii
535 4368 610 4424 ita
656 4369 905 4439 loquitur
932 4369 998 4424 de
1023 4366 1281 4423 Udalrieo
1310 4366 1568 4437 episcopo
1592 4363 1727 4421 Pas.

135 4460 384 4527 saviensi,
417 4458 700 4515 Altmanni
748 4473 1087 4515 successore.
1126 4480 1146 4511 ι
1200 4455 1299 4514 Hic
1345 4456 1599 4528 (Thiemo
1628 4471 1726 4514 seu

136 4548 550 4609 Theodemanus
590 4551 1044 4621 archiepiscopus
1087 4547 1543 4620 Salisburgensis)
1575 4548 1726 4603 ordi-

137 4652 351 4699 naverat
374 4653 581 4700 nostra:
611 4636 943 4699 humilitatis
973 4641 1346 4697 ordinatorem
1381 4640 1725 4696 reverendis-

138 4733 328 4790 simum
353 4735 567 4791 scilicet
593 4734 920 4791 Udalricum
944 4732 1381 4789 Laureacensem
1421 4733 1536 4788 sive
1567 4729 1728 4786 Pata-

138 4826 372 4884 vieuscm
407 4829 731 4900 episcopum
755 4836 924 4899 atque
949 4828 1261 4899 apostolica:
1286 4826 1433 4882 sedis
1461 4827 1724 4898 legatum,

139 4919 379 4989 quiante
408 4922 519 4977 hoc
554 4920 934 4992 septennium,
970 4928 1098 4992 post
1130 4921 1332 4975 multos
1373 4933 1598 4991 agones,
1626 4933 1727 4990 pro

138 5010 438 5068 assertione
467 5012 798 5084 Gregoriani
831 5012 1125 5084 dogmatis,
1153 5020 1285 5079 etc.,
1310 5011 1640 5067 obdormivit
1670 5010 1725 5065 in

139 5098 384 5171 Domino,
432 5123 451 5156 ›
478 5113 586 5160 etc.
612 5102 767 5160 Obiit
800 5111 984 5159 autem
1019 5101 1311 5159 Udalricus
1340 5112 1415 5158 νη
1448 5103 1576 5159 ldus
1614 5102 1727 5157 Au-

143 5193 276 5214 _--c£
300 5208 445 5214 __._.-
492 5195 620 5214 nan-
683 5194 929 5214 l.--..-u-!
964 5192 1232 5214 l‘L...-..1--
1294 5191 1543 5214 Α--Αιγ-1⁹κ
1608 5193 1688 5214 ,1-3

1811 1978 1894 2035 ria
1918 1978 2189 2035 descripta
2214 1986 2321 2043 est,
2362 1979 2510 2033 malo
2554 1993 2860 2049 cognoscas
2894 1978 3078 2034 verbis
3108 1976 3405 2035 clarissimi

1811 2077 1867 2124 et
1906 2069 2212 2126 doctissimi
2258 2068 2386 2135 viri,
2447 2068 2759 2126 Sebastiani
2790 2067 3164 2140 Tengnagelii,
3198 2069 3419 2139 absque-

1813 2161 1974 2232 cujus
1998 2176 2101 2231 ope
2144 2168 2201 2216 et
2246 2176 2415 2235 opera
2470 2159 2614 2216 (ornt
2665 2158 2870 2218 Paulus
2922 2162 3108 2218 adhuc
3153 2161 3209 2217 in
3253 2170 3409 2217 teneo-

1812 2251 1929 2307 bris
1963 2268 2089 2307 eum
2115 2252 2225 2307 situ
2252 2261 2308 2307 et
2341 2252 2621 2323 squalore,
2657 2268 2894 2323 cumque
2934 2254 3123 2311 blattis
3154 2269 3220 2310 ac
3242 2253 3406 2309 tineis

1813 2347 2146 2413 decertaret;
2204 2344 2461 2403 fortassis
2513 2348 2635 2403 sine
2678 2348 2789 2403 ulla
2837 2365 2936 2419 spe
2980 2348 3285 2404 missionis.
3325 2348 3406 2404 Ita

1813 2452 1945 2508 ergo
1994 2436 2081 2492 ille
2112 2437 2181 2492 ad
2223 2452 2312 2495 me
2352 2435 2603 2495 Vienna:
2663 2457 2684 2507 ς
2736 2436 2981 2495 Ρίωιιιηι»
3010 2438 3164 2494 illum
3212 2447 3403 2505 tuum,

1814 2529 1907 2583 diu
1959 2530 2302 2599 multumque
2349 2528 2740 2598 perquisitum,
2789 2529 2895 2585 nisi
2945 2545 3031 2584 me
3077 2530 3407 2600 conjectura:

1816 2619 2026 2687 fallant,
2060 2619 2290 2674 feliciter
2318 2619 2531 2677 eruisse
2561 2618 2771 2675 videor.
2817 2618 3050 2675 Exstant
3077 2620 3225 2674 enim
3262 2618 3408 2689 apud

1815 2730 1903 2769 me
1937 2712 2072 2769 Vitae
2111 2712 2463 2779 Sanctorum,
2500 2712 2779 2767 mensium
2804 2711 3026 2783 Aprilis,
3061 2711 3195 2767 Maii
3224 2722 3281 2767 et
3311 2710 3409 2766 Ju-

1816 2804 1894 2859 nii
1929 2805 2092 2859 unico
2130 2810 2279 2861 tomo
2317 2802 2372 2857 in
2410 2802 2607 2873 grandi
2637 2808 2908 2873 vastoque
2942 2801 3219 2857 volumine
3255 2815 3411 2857 como

1816 2898 2119 2969 prehensa,
2142 2905 2367 2953 auctore
2386 2893 2713 2951 Woll‘bardo
2733 2894 3013 2965 quondam
3049 2893 3069 2965 (
3081 2902 3143 2948 ut
3163 2908 3194 2948 e
3215 2891 3411 2965 prmia-

1818 2988 1964 3045 tione
2008 2989 2062 3043 in
2089 2987 2313 3043 Junium
2350 2987 2542 3057 liquet)
2576 2986 2837 3056 collectas,
2870 2994 2928 3040 et
2962 2985 3023 3041 in
3059 2985 3411 3041 membranas

1818 3078 2072 3146 redactae,
2109 3087 2255 3135 nota:
2297 3078 2431 3134 satis
2477 3077 2684 3148 proba},
2726 3084 2784 3132 et
2817 3084 2946 3132 ante
2978 3076 3413 3147 quadringentos

1818 3181 2015 3242 praeter
2060 3181 2283 3243 prepter
2333 3186 2511 3226 annos
2561 3170 2908 3240 conscriptae.
2959 3167 3121 3225 Hisce
3162 3175 3412 3224 extremo

1821 3265 1965 3322 Maio
1991 3263 2112 3319 Vita
2135 3263 2383 3335 Gregorii
2417 3261 2509 3318 Vll
2536 3278 2689 3334 papa:
2718 3261 2930 3332 adjecta
2955 3268 3074 3327 est;
3111 3258 3271 3329 cujus
3305 3258 3413 3317 iui-
3438 3304 3441 3309 .

1820 3361 1958 3417 tium
2000 3358 2081 3417 sic
2115 3373 2174 3414 se
2206 3357 2431 3421 habet:
2464 3375 2482 3407 ι
2522 3355 2691 3429 igitur
2738 3354 3035 3425 Gregorius
3080 3350 3192 3418 Vl],
3246 3367 3412 3421 supra

1826 3472 1845 3505 ι
1874 3466 2039 3524 quem
2068 3464 2194 3504 vere
2236 3445 2399 3518 primi
2444 3444 2691 3516 Gregorii
2726 3443 2998 3516 requievit
3030 3442 3278 3513 spiritus,
3304 3457 3415 3499 na-

1827 3565 1845 3597 ε
1879 3544 2027 3613 tione
2067 3538 2303 3607 Tuscus,
2348 3546 2560 3609 patrem
2608 3536 2802 3593 habuit
2850 3535 3137 3599 Bonicum,
3188 3540 3246 3589 et
3295 3532 3412 3602 ipse

1827 3654 1846 3688 ι
1878 3630 2229 3697 Hildebrandi
2288 3630 2517 3691 sortitus
2579 3636 2666 3684 cst
2716 3628 2775 3683 in
2835 3627 3111 3699 baptismo
3170 3625 3414 3685 voeabu-

1828 3747 1845 3780 ι
1881 3727 2014 3792 lum,
2048 3744 2066 3777 ι
2096 3732 2201 3780 etc.
2247 3721 2386 3778 Hinc
2420 3721 2476 3777 iu
2511 3710 2702 3779 laudes
2734 3719 2856 3789 ejus
2895 3718 3241 3784 excurrit,.et
3271 3732 3415 3775 non-

1820 3821 1970 3878 nulla
2006 3818 2271 3874 miracula
2307 3822 2594 3885 memorat.
2634 3813 2838 3873 Deinde
2866 3812 2958 3869 ubi
3000 3812 3069 3869 ad
3094 3810 3411 3879 Bulandum

1820 3912 2176 3968 Parmensem
2216 3917 2443 3965 ventum
2478 3916 2584 3972 est,
2620 3907 2767 3976 quod
2800 3921 2867 3961 ex
2908 3904 3082 3971 Paulo
3108 3904 3413 3960 Aventinus

1821 4004 1999 4070 atl‘ert,
2025 3998 2225 4057 Noster
2257 3999 2408 4072 pium
2440 4008 2672 4070 patrem,
2706 3999 2759 4054 id
2783 4006 2869 4054 est
2910 3997 3257 4069 Gregorium,
3299 4003 3414 4053 toto

1823 4114 2053 4170 corpore
2095 4114 2155 4154 se
2202 4112 2369 4167 super
2414 4112 2541 4151 eum
2590 4093 2957 4167 (Rulandum,
3002 4108 3071 4148 ne
3118 4092 3414 4148 obtrunca-

1823 4190 2004 4259 retur)
2036 4188 2356 4259 projecisse,
2400 4186 2658 4255 omnibus
2694 4185 2762 4241 de
2799 4184 2921 4254 ejus
2954 4192 3133 4239 morte
3168 4184 3415 4239 claman-

1826 4282 1992 4349 tibus,
2031 4288 2238 4336 narrat.
2278 4278 2408 4337 [hec
2442 4278 2622 4334 oratio
2645 4276 3111 4347 Gregorii,un
3144 4283 3201 4332 et
3231 4275 3415 4339 Aven-

1827 4373 1974 4429 tinus
1998 4370 2199 4426 ‘leviter
2224 4369 2559 4443 perstringit,
2587 4367 2806 4439 excipit.
2839 4365 3006 4421 Addit
3032 4373 3088 4421 et
3118 4365 3188 4420 de
3212 4365 3413 4437 gallina

1827 4480 1992 4521 ovum
2039 4462 2274 4523 miriﬁco
2302 4462 2557 4525 calatum
2602 4474 2767 4531 opere
2800 4458 3066 4529 pariente.
3114 4454 3318 4523 Quare,
3355 4456 3413 4510 in

1756 4565 1802 4621 D
1827 4571 1949 4617 eam
1983 4554 2224 4611 adducor
2258 4552 2609 4615 sententiam,
2657 4556 2719 4605 ut
2756 4547 3093 4609 Aventinum
3131 4546 3282 4603 hunc
3314 4561 3415 4600 au-

1826 4656 2031 4713 ctorem
2056 4658 2112 4703 et
2132 4644 2413 4711 habuisse,
2438 4651 2493 4697 et
2520 4640 2803 4703 nonnullis
2838 4640 2894 4695 in
2924 4639 3061 4695 locis
3091 4654 3204 4709 qua
3226 4636 3411 4703 verba,
3446 4672 3450 4677 ρ

1825 4759 1935 4815 qua
1963 4758 2186 4799 sensum
2214 4740 2537 4815 sublegisse,
2562 4754 2681 4795 non
2712 4753 2851 4793 vane
2881 4736 3214 4793 existimem.
3256 4732 3416 4800 Quod

1826 4854 1956 4895 vero
1988 4837 2296 4895 Aventinus
2334 4820 2589 4892 Paulum
2612 4834 2761 4888 hunc
2800 4830 3202 4899 duobusplibris
3245 4827 3419 4883 vitam

1826 4930 2075 5001 Gregorii
2112 4928 2460 5000 complexum
2501 4940 2622 4980 esse
2660 4931 2921 4989 testatur,
2959 4938 3088 4979 cum
3126 4927 3319 4977 noster
3361 4916 3419 4971 in

1826 5023 1997 5078 libros
2030 5023 2325 5078 distinctus
2367 5017 2510 5074 haud
2548 5017 2642 5082 sit,
2675 5030 2877 5079 censeo
2896 5014 3057 5072 Pauli
3090 5009 3420 5086 Opusculum

1827 5113 1883 5167 in
1926 5110 2217 5182 Epitomen
2266 5111 2409 5176 hanc
2454 5124 2487 5162 a
2518 5106 2863 5164 .Woll‘harto.
2889 5123 3014 5165 esse
3046 5109 3417 5162 contractum.
3457 5116 3460 5123 λ

3204 5209 3237 5214 ,μ
3274 5188 3421 5214 1.-..]
3488 5194 3491 5203 ‘
