3962 5348
489 343 590 413 25':

1735 351 1794 410 s.
1837 337 2235 432 cumcuius
2269 349 2355 408 vn
2385 347 2584 408 mea.

3656 344 3760 402 232

491 448 656 527 etiam
694 445 1142 554 ipse‘Gregorius
1196 468 1253 524 in
1293 466 1530 539 quadam
1579 466 1831 538 epistola.
1880 466 2080 540 Objicit
2108 473 2153 527 A
2180 482 2353 538 usque
2405 465 2724 534 fosdaverat,
2777 465 2962 537 aliquo
3006 467 3170 525 modo
3195 481 3313 526 eos
3353 465 3450 552 qui
3490 465 3763 524 Joannem

487 559 788 618 Calvinista
823 579 835 615 :
869 582 886 613 ι
919 555 1096 632 Papas
1120 575 1262 632 saepe
1291 575 1412 615 esse
1441 558 1720 630 depositos
1742 561 1812 614 ab
1841 559 2078 632 impera-

492 655 708 710 toribus
743 664 802 709 et
829 654 1070 726 synodis.
1130 673 1148 704 ι
1191 651 1258 707 Ει
1298 666 1430 706 mox
1475 652 1670 708 recitat
1705 670 1770 708 ex
1813 669 1914 709 suo
1952 652 2078 726 illy-

493 745 612 802 rico
647 745 932 817 epistolam
981 745 1362 816 episcoporum
1415 743 1602 800 Galliae
1664 753 1718 800 et
1773 743 2079 802 Germania:

500 855 520 890 ί
548 834 616 892 ad
631 835 980 892 Anastasium
1003 835 1047 889 ll
1070 835 1384 907 pontiﬁcem
1404 835 1734 902 Romanum,
1751 852 1861 907 qua
1879 851 2076 908 papam

491 936 551 984 et
591 927 807 985 Italicos
841 929 1128 1000 episcopos
1176 938 1402 984 monent
1425 920 1493 984 "ut
1528 944 1586 985 se
1629 929 1829 986 missos
1855 927 2076 998 faciant,

495 1034 597 1074 nec
639 1020 896 1092 deinceps
934 1021 1278 1093 tyrannidem
1324 1037 1488 1092 super
1523 1037 1620 1078 eos
1664 1037 1920 1078 exercere
1962 1039 2082 1094 per—

495 1119 644 1182 gant.
693 1131 712 1164 ι
761 1111 939 1168 Aliam
978 1112 1106 1167 item
1153 1113 1310 1168 all‘ert
1351 1113 1733 1184 episcoporum
1777 1112 2082 1170 Germaniae

493 1212 550 1258 et
573 1203 740 1276 Belgii
764 1206 832 1261 ad
857 1204 1140 1260 Nicolaum
1176 1204 1218 1273 Ι,
1255 1221 1321 1261 ex
1354 1206 1564 1278 synodo
1585 1205 1901 1262 Coloniensi
1935 1221 2082 1284 anno

495 1293 620 1351 865.
649 1295 755 1353 Sed
793 1313 895 1354 nec
930 1299 1007 1352 illi
1040 1298 1134 1368 qui
1175 1297 1244 1352 ad
1285 1296 1640 1352 Anastasium
1685 1297 1971 1368 scripsisse
1999 1296 2083 1352 di—

495 1399 718 1455 cuntur,
745 1407 846 1446 nec
871 1391 964 1461 qui
999 1391 1067 1445 ad
1109 1388 1418 1457 Nicolaum,
1440 1389 1524 1445 vel
1568 1391 1716 1447 hunc
1747 1389 1834 1445 vel
1868 1389 2020 1444 illum
2051 1404 2084 1443 a

496 1481 624 1538 sede
669 1481 984 1553 dejecerunt
1026 1490 1082 1536 et
1121 1483 1692 1549 excommunicarunt,
1727 1491 1788 1537 ut
1827 1479 2082 1536 Worma—

496 1572 690 1629 tiensis
740 1573 1086 1629 conciliabuli
1130 1575 1390 1646 praesules
1439 1573 1724 1642 fecerunt;
1760 1573 1853 1646 qui
1907 1574 2086 1632 adacti

499 1670 628 1722 sunt
657 1683 768 1721 non
803 1668 1446 1738 quomodocunque,_sed
1462 1667 1821 1740 jurejurando
1843 1669 2087 1738 interpo-

2177 564 2448 634 deponere
2479 571 2777 630 tentarunt,
2809 577 3073 618 excusare
3109 548 3361 633 poterat,
3382 553 3512 634 quae
3544 561 3601 617 in
3634 560 3766 636 Gre-

2179 655 2332 726 gorio
2359 652 2470 720 Vl],
2497 653 2622 709 vitm
2660 653 3106 726 inculpatissimae
3146 655 3284 722 viro,
3325 639 3512 710 locum
3555 652 3766 708 nullum

2180 745 2432 800 habebat.

2219 849 2223 852 ·
2253 835 2361 892 Sed
2393 845 2454 892 ut
2483 837 2688 908 aliquid
2713 837 2891 892 dicam
2930 836 2998 891 de
3019 835 3248 906 epistola
3285 835 3354 890 ad
3387 835 3768 896 Anastasium,

2181 929 2330 984 nulla
2353 929 2474 1000 ejus
2509 930 2653 1000 apud
2691 929 2842 984 illum
2878 929 3167 1000 probatum
3199 927 3526 998 scriptorem
3563 925 3772 981 mentio

2180 1029 2382 1080 exstat.
2409 1021 2714 1092 Exscripsit
2728 1037 2848 1078 eam
2875 1021 3121 1096 lllyricus
3145 1021 3200 1076 in
3223 1020 3488 1092 Catalogo
3512 1035 3584 1076 ex
3615 1019 3775 1078 sche.

2181 1112 2266 1169 dis
2297 1117 2352 1168 et
2385 1112 2715 1169 adversariis
2756 1097 3147 1183 manuscriptis
3175 1113 3452 1179 Aventini,
3490 1127 3598 1167 nec
3623 1111 3778 1167 novit

2184 1204 2328 1260 unde
2352 1219 2475 1260 eam
2511 1204 2816 1260 Aventinus
2843 1205 3131 1276 acceperit.
3164 1203 3232 1259 Et
3254 1220 3354 1275 ego
3390 1203 3646 1275 epistolae
3681 1219 3778 1259 cu-

2180 1296 2273 1368 jus
2303 1295 2457 1368 origo
2487 1305 2542 1351 et
2571 1295 2753 1351 natale
2783 1297 2963 1351 solum
2996 1295 3275 1352 nesciatur
3305 1291 3466 1358 fidem
3505 1296 3779 1352 habeam?

2187 1389 2408 1444 Dubitat
2427 1403 2648 1459 quoque
2663 1387 2908 1460 lllyricus
2929 1404 3058 1444 num
3076 1388 3144 1444 ad
3159 1387 3514 1443 Anastasium
3533 1386 3778 1457 primum

2186 1500 2256 1540 an
2291 1484 2360 1539 ad
2398 1483 2698 1539 secundum
2743 1483 2912 1538 missa
2949 1480 3132 1537 fuerit.
3174 1479 3434 1537 Omnium
3467 1480 3780 1537 rectissime

2186 1574 2410 1645 sentiet,
2437 1576 2552 1647 qui.
2571 1576 2660 1634 ad.
2679 1584 2936 1640 neutrum
2979 1576 3206 1636 missam
3239 1575 3443 1634 credet.
3470 1574 3777 1633 Calvinista

2188 1682 2378 1728 noster
2409 1671 2622 1728 doctior
2653 1670 2920 1726 Aventino
2953 1669 3122 1726 refert
3153 1679 3274 1726 eam
3313 1670 3398 1725 ad‘
3420 1669 3778 1725 Anastasium

499 1759 626 1824 sito,
668 1768 818 1814 certa
861 1760 914 1814 in
954 1760 1007 1814 id
1049 1761 1364 1830 praescripta
1414 1759 1648 1816 formula
1710 1760 1855 1831 (quin
1908 1768 2089 1816 exstat
2121 1826 2159 1834 _
2189 1763 2254 1831 ll,
2293 1779 2438 1819 anno
2467 1763 2590 1818 497.
2619 1761 2741 1829 Quo
2772 1761 2976 1830 nullius
3011 1761 3229 1834 penitus
3263 1760 3483 1817 concilii
3524 1761 3583 1815 in
3607 1759 3780 1816 Gallia

500 1850 645 1920 apud
682 1849 992 1905 Brunoneni
1017 1826 1093 1906 De
1133 1826 1296 1906 bello:
1316 1849 1611 1922 Saxonico)
1639 1826 1962 1921 Gregorium
1993 1843 2088 1904 ΥΠ
2121 1826 2163 1882 Β
2189 1826 2446 1913 celebrati
2471 1826 2958 1926 ullum—vestigium
2983 1826 3038 1910 in
3061 1854 3366 1910 Annalibus
3389 1853 3678 1915 Francicis
3697 1853 3779 1906 vel

499 1943 774 1998 exsecrari
810 1952 866 1998 et
889 1943 1158 1999 deserere.
1188 1941 1358 2014 Cujus
1387 1943 1790 2015 pseudosynodi
1823 1943 1870 1998 si
1897 1958 2090 1998 omnes

499 2035 946 2092 circumstantias
993 2037 1414 2108 perpendamus,
1441 2037 1566 2108 jure
1595 2037 1804 2110 optimo
1849 2037 1903 2092 id
1941 2033 2090 2108 quod

501 2128 572 2184 ab
597 2128 702 2186 illis
724 2128 926 2185 factum
953 2137 1040 2184 est
1064 2145 1142 2195 «ρ
1179 2123 1394 2186 saeculis
1447 2129 1752 2184 inauditum
1792 2128 2028 2198 facinus,
2065 2149 2084 2182 ι

501 2229 558 2276 et
599 2220 758 2289 cujus
803 2221 1015 2276 nullum
1057 2219 1234 2277 simile
1279 2221 1588 2292 exemplum
1625 2222 1851 2293 produci
1902 2228 2089 2292 queat,

502 2310 780 2366 nominari
805 2320 1001 2382 potest.
1037 2310 1174 2366 Nam
1204 2319 1400 2368 cmtera
1433 2313 1617 2368 omnia
1643 2328 1766 2382 qua:
1795 2312 2090 2383 aliquando

502 2411 696 2459 contra
711 2405 803 2475 jus
823 2414 878 2460 et
899 2404 984 2462 fas
1010 2405 1272 2462 adversus
1293 2405 1580 2478 pontiﬁces
1599 2415 1720 2462 acta
1749 2415 1896 2473 sunt,
1922 2407 2088 2461 etiam

502 2494 774 2566 depositio
799 2495 1028 2552 Joannis
1051 2495 1143 2550 ΧΠ
1168 2497 1222 2552 in
1247 2497 1666 2570 pseudosynodo
1693 2497 1964 2565 Romana,
1995 2499 2094 2554 mi-

505 2577 696 2642 nerem
734 2589 1126 2660 turpitudinem
1170 2604 1438 2644 annexam
1479 2590 1682 2646 habent
1714 2607 1726 2642 :
1757 2592 1883 2662 quia
1926 2591 2095 2662 turpi-

505 2679 640 2734 tudo
683 2680 808 2736 vitaa
839 2697 944 2751 qua
990 2679 1231 2756 Joannes
1275 2697 1396 2738 sese
1445 2698 1476 2736 a
1519 2683 1668 2738 calce
1715 2683 1783 2738 ad
1831 2683 2090 2739 verticem

518 2858 770 2883 ἡ*

2189 1947 2312 2003 aliis
2353 1945 2641 2018 reperitur.
2680 1945 2747 2000 Et
2794 1954 2976 2001 tamen
3027 1944 3328 2004 Calvinista
3380 1953 3571 2004 noster
3620 1945 3788 2000 titulo

2191 2038 2435 2112 appingit
2464 2039 2579 2092 hate
2613 2038 2798 2093 verba.
2955 2035 3196 2093 Concilio
3229 2053 3247 2090 :
3277 2034 3534 2104 Nomina,
3570 2050 3778 2108 quaeso,

2193 2130 2475 2200 ut0pieum
2530 2129 2636 2184 hoc
2679 2129 2995 2185 concilium.
3047 2119 3354 2200 Praeposuit
3403 2138 3461 2184 et
3525 2129 3777 2194 titulum,

2193 2223 2352 2295 quasi
2374 2223 2444 2276 sit
2467 2221 2530 2275 ab
2553 2222 2834 2294 episcopis,
2857 2237 2982 2278 cum
3019 2220 3093 2278 sit
3127 2222 3196 2276 ab
3228 2219 3463 2292 Illyrico.

2266 2313 2342 2368 De
2384 2313 2555 2368 altera
2593 2311 2822 2382 epistola
2860 2311 3152 2367 Guntharii
3183 2319 3242 2366 et
3281 2307 3629 2381 Theutgaudi
3670 2310 3783 2381 lege

2197 2403 2496 2461 Baronium
2545 2413 2680 2459 tom.
2717 2402 2786 2471 Χ,
2829 2419 2976 2459 anno
3011 2402 3219 2459 Christi
3258 2400 3385 2468 863,
3426 2416 3582 2456 num.
3627 2399 3695 2455 18
3729 2407 3786 2454 et

2197 2514 2350 2570 seqq.
2382 2497 2448 2554 Et
2477 2497 2684 2560 videbis
2720 2499 2990 2558 sectarios
3026 2506 3248 2555 nostros
3275 2495 3636 2568 dignissimos
3666 2507 3786 2548 esse

2197 2592 2292 2662 qui
2328 2592 2479 2649 hisce
2514 2601 2625 2647 tam
2652 2593 2878 2664 perditis
2904 2592 3149 2664 patronis
3173 2599 3228 2646 et
3259 2589 3647 2647 defensoribus
3666 2603 3785 2644 rem

2171 2691 2392 2764 contra
2418 2681 2697 2739 Romanos
2719 2683 3008 2759 pontifices
3029 2690 3213 2754 agant.

3377 2864 3779 2894 υ----ε----ι

1046 3033 1804 3176 EXCERPTA
1861 3049 2053 3164 EX
2109 3049 3247 3168 DISSERTATIONE
3337 3105 3342 3110 α
3433 2977 3438 2982 ’

1871 3279 2006 3343 CUI
2049 3279 2386 3344 TITULUS
2417 3299 2433 3341 :

518 3445 738 3502 Gemina
763 3445 1014 3500 adversus
1043 3443 1383 3498 Melo/tiaram
1413 3442 1790 3498 Guldinastum
1813 3443 2190 3500 Calvinianum
2211 3444 2576 3515 rcplicatorem
2615 3443 2692 3500 vel
2736 3447 2912 3516 patina
2957 3443 3477 3516 quadruplicatorcm
3519 3442 3795 3512 defensio:

587 3539 733 3610 prior
765 3553 860 3608 pro
905 3535 961 3590 S.
997 3535 1058 3590 Il.
1109 3535 1390 3590 orthodoxi
1437 3545 1488 3588 et
1527 3535 1776 3592 catholici
1820 3536 2201 3608 imperiiauita
2231 3537 2526 3606 majestate,
2555 3538 2951 3608 rcplicationcm
2985 3536 3378 3602 Calvinianam,
3401 3535 3619 3606 imperii
3646 3534 3796 3604 hujus

592 3629 952 3695 vastati-ictam,
983 3636 1230 3682 accurate
1250 3628 1533 3704 examinat
1563 3637 1612 3682 et
1639 3629 1874 3699 refutat;
1899 3637 2115 3683 auctore
2139 3627 2405 3697 Gretsero,
2449 3631 2722 3687 societatis
2761 3629 2892 3686 Jesu
2931 3629 3198 3702 tltcologo;
3231 3629 3496 3700 posterior
3526 3626 3798 3698 complura

591 3729 926 3776 monumenta
957 3717 1208 3774 hactenus
1234 3720 1438 3798 inedita
1459 3734 1556 3791 pro
1589 3719 1842 3791 Gregorio
1884 3719 1993 3774 VII
2024 3721 2250 3791 aliisque
2277 3723 2616 3792 pontiﬁcibus
2645 3722 2900 3776 Romanis
2925 3722 3132 3778 L‘ectori
3155 3723 3384 3790 exhibet,
3409 3721 3618 3799 editore
3640 3709 3702 3774 C.
3739 3715 3796 3772 Υ.

578 3813 911 3872 ἐεὺαειὶαηο
943 3812 1280 3872 Tamensem“
1307 3813 1364 3869 Ι.
1395 3813 1460 3870 U.
1487 3814 1555 3868 D.
1581 3823 1631 3868 et
1663 3813 1922 3870 Caesarea:
1945 3813 2274 3868 bibliotheca:
2307 3813 2611 3872 Viennensis
2633 3817 2901 3887 prwfecto.
3399 3829 3402 3834 ‘
3686 3822 3696 3832 '

1794 3947 1952 4022 (Opp.
1987 3946 2250 4016 Gretseri,
2273 3945 2364 4016 Vl,
2387 3948 2539 4020 999.)

2047 4111 2234 4130 Μ

1293 4237 1333 4294 l.
2071 4311 2074 4314 ἢ
2116 4228 2177 4300 ο
2211 4237 2316 4295 Sed
2339 4281 2354 4307 ,
2378 4239 2484 4296 nisi
2513 4237 2704 4308 fallor,
2737 4241 3008 4312 optimum
3031 4240 3236 4300 factum
3261 4241 3468 4300 faceret
3501 4244 3803 4302 Calvinista

529 4371 608 4428 De
639 4367 954 4431 luramento
975 4371 1116 4443 quod
1145 4369 1408 4454 Henricus
1436 4369 1464 4424 Ι
1482 4371 1518 4426 ι’
1545 4371 1800 4444 Gregorio
1837 4371 1946 4426 VII
1978 4380 2125 4442 prae-‘

1255 4452 1394 4496 stitit

605 4578 704 4636 llic
731 4577 1218 4640 vehementissime
1255 4577 1388 4634 furit
1411 4577 1714 4635 Calvinista
1739 4581 1886 4652 quod
1912 4579 2116 4636 Henri?

532 4681 661 4726 cum
709 4671 777 4724 IV
828 4691 847 4724 ‹
898 4688 1080 4743 regem
1125 4671 1435 4728 Germania:
1474 4691 1490 4722 ι
1537 4672 1860 4727 nominavi:
1898 4672 2120 4730 «fuisse

533 4763 685 4820 enim
726 4765 1025 4821 multorum
1073 4766 1308 4821 aliorum
1347 4779 1645 4837 regnorum
1691 4771 1910 4840 regem.‘
1945 4787 1963 4819 ι
2007 4767 2121 4823 Cur

537 4857 862 4924 baecharis,
914 4874 948 4914 o
981 4857 1322 4914 Calvinista?
1353 4856 1436 4912 An
1491 4857 1613 4913 idco
1655 4855 1857 4930 negavi
1898 4857 2121 4917 Henrici

537 4947 842 5020 potentiam
870 4949 1016 5004 ultra
1045 4948 1356 5005 Germaniae
1379 4949 1517 5005 ﬁnes
1544 4945 1666 5006 sese
1687 4951 2038 5008 extendisse?
2062 4949 2120 5006 Si

538 5037 862 5110 Philippum.
895 5036 965 5091 Ill
1003 5039 1284 5096 nominem
1329 5057 1354 5091 ε
1405 5053 1587 5111 regem
1628 5035 2056 5112 Hispaniarum,
2097 5061 2120 5122 tv

2218 4333 2265 4390 si
2285 4332 2516 4406 Pragam
2536 4349 2595 4390 se
2615 4332 2912 4398 conferret,
2932 4334 3221 4406 ipsumque
3241 4338 3689 4395 sacratissimum
3708 4339 3808 4394 im-

2217 4435 2540 4498 peratorem.
2581 4427 2810 4499 ejusque
2839 4429 3187 4486 consiliarios
3222 4430 3446 4487 doceret
3471 4432 3570 4502 qui
3616 4432 3809 4488 titulus

2221 4518 2572 4587 usurpandus
2648 4516 2738 4574 sit.
2805 4517 3170 4591 lntelligerent
3227 4521 3378 4576 enim
3433 4523 3588 4577 hunc
3646 4538 3809 4579 usur-

2219 4608 2462 4680 pandum
2521 4623 2664 4666 esse.
2703 4627 2722 4662 ‹
2775 4607 3099 4681 Budolphus
3142 4610 3522 4668 Romanorum
3572 4613 3808 4686 impera-

2220 4709 2330 4774 tor,
2356 4710 2464 4758 etc.
2485 4702 2614 4767 Rex
2670 4701 3044 4770 Francorum,
3098 4704 3616 4778 Longobardorum,
3662 4705 3811 4762 Hun-

2180 4855 2183 4858 _
2223 4810 2502 4866 garorum.
2531 4814 2549 4846 ι
2585 4793 2654 4849 Ει
2682 4795 3000 4853 dubitamus
3022 4798 3203 4853 adhuc
3223 4838 3238 4866 ,
3267 4799 3416 4856 hunc
3433 4800 3676 4880 latronis
3703 4801 3810 4858 fra—

2223 4897 2362 4944 trem
2382 4929 2398 4954 ,
2447 4888 2616 4963 totius
2638 4887 2884 4958 imperii,
2909 4887 3084 4960 ipsius
3114 4889 3302 4946 itidem
3339 4891 3728 4966 imperatoris,
3760 4900 3840 4949 ει·

2223 4978 2669 5040 consiliariorum
2684 4979 2806 5049 ejus
2829 4977 3269 5050 rcformatorem,
3286 4994 3558 5038 coronare
3579 4983 3730 5040 rosis
3747 4997 3811 5040 es

2224 5071 2438 5133 Calvini
2466 5071 2668 5130 timeto
2707 5071 2978 5134 decerptis
3003 5115 3018 5134 .
3058 5075 3362 5134 praesertim
3395 5091 3533 5131 cum
3565 5086 3702 5134 can.
3743 5076 3812 5134 εδ
