3962 5348
174 343 282 401 233

1032 314 1577 405 Memnonem.
1614 377 1686 387 ..-
1722 343 1813 401 on
1853 342 2125 403 emero
2161 344 2217 402 s.
2260 343 2609 402 GREGORll.

3348 312 3455 415 in

175 460 318 517 saris
370 472 433 516 et
471 460 745 520 Casam
792 462 965 519 curiae
1004 460 1356 533 probaveris,
1382 463 1770 534 imperatorem
1800 473 1845 531 Α
1871 459 2104 516 stolidus
2125 458 2424 516 Calvinista
2454 475 2554 532 per
2584 459 2839 516 undecim
2886 460 3061 519 ferme
3086 462 3219 520 folia
3270 464 3453 525 fatua-

172 551 281 608 ὥς)
311 552 483 608 titulo
504 569 771 624 sev-egero
798 552 1105 609 Germania}
1137 553 1381 610 scribere
1415 567 1582 626 quam
1607 553 1766 608 titulo
1868 559 1979 619 tur,
2016 567 2085 606 ne
2119 551 2297 608 dicam
2328 553 2645 609 bacchatur.
2676 550 2862 623 Neque
2889 553 2945 609 in
2968 562 3237 613 aitet-num
3281 558 3452 617 ullum

139 702 143 704 γ
171 640 555 712 imperatoris,
593 645 699 701 hoc
717 652 805 701 est
829 644 958 715 quia
987 644 1293 717 imperator
1315 652 1419 701 est.

931 752 996 810 ll.

168 842 244 899 De
273 845 514 917 epistqu
568 845 864 917 principum
898 846 1110 917 imperii
1144 846 1216 900 ad
1251 843 1617 901 Innocentium
1662 843 1765 900 ΙΙΙ

232 966 235 969 .
340 916 413 970 de
445 916 709 971 electione
732 917 953 972 Othonis
976 916 1078 970 71V
1108 918 1166 971 in
1193 920 1583 987 imperatorem.

231 1005 419 1079 Caput
454 1009 570 1065 hoc
594 1045 621 1077 ,ς
637 1019 701 1065 ut
717 1009 1168 1066 verbosissimum
1196 1018 1252 1064 et
1271 1009 1719 1080 loquacissimum
1744 1049 1761 1075 ,

166 1099 247 1157 sic
275 1109 335 1157 et
357 1103 887 1170 mendacissimum,
919 1112 1090 1169 et,-ut
1119 1103 1193 1158 ita
1226 1103 1423 1174 quuar
1443 1144 1459 1169 ,
1512 1102 1762 1173 imperti-

165 1190 567 1248 nentisshnum
593 1202 709 1261 est;
747 1208 873 1248 cum
907 1209 1029 1249 mea
1052 1209 1155 1251 nec
1184 1202 1333 1264 petat
1354 1235 1370 1261 ,
1396 1209 1496 1249 nec
1532 1201 1722 1265 tangat
1743 1234 1760 1259 ,

165 1298 265 1339 nec
316 1283 512 1353 feriat,
577 1287 676 1343 sed
716 1287 793 1343 nil
830 1286 938 1344 nisi
981 1285 1333 1344 Calvinistica
1378 1288 1665 1358 phasmata
1708 1295 1764 1342 ct

162 1373 441 1444 plasmata
465 1386 874 1448 persequatur;
921 1379 1079 1449 cujus
1123 1378 1409 1434 exordium
1437 1377 1662 1445 etlinis,
1706 1385 1764 1432 et

163 1467 434 1538 quidquid
464 1469 618 1525 inter
637 1470 754 1525 haec
778 1469 894 1526 duo
926 1470 1239 1541 interiacet,
1284 1470 1420 1524 nihil
1462 1469 1609 1525 aliud
1631 1475 1763 1524 sunt

161 1574 325 1630 quam
356 1568 464 1616 aut
489 1562 870 1633 pseudologia,
897 1571 995 1618 aut
1027 1563 1275 1629 liedoria,
1306 1569 1405 1618 aut
1438 1562 1641 1632 atopia,
1665 1568 1762 1615 aut

518 1653 791 1725 phlyaria.
827 1652 1246 1726 Pseudologiam
1266 1654 1352 1710 vel
1372 1654 1429 1709 iu
1451 1654 1558 1710 hoc
1594 1653 1760 1708 unico

158 1744 417 1815 exemplo
440 1745 590 1802 vide.

222 1832 502 1892 ﬂentium
531 1838 683 1895 hanc
707 1838 1153 1895 consecutionem
1193 1852 1318 1896 esse
1343 1853 1543 1906 meam,
1579 1836 1667 1893 vel
1690 1852 1757 1893 ex

161 1934 339 1984 mente
373 1944 531 1985 mea.
576 1950 597 1982 ι
626 1929 777 2001 Papa
812 1930 1097 1987 Romanus
1140 1930 1307 1986 habet
1324 1930 1417 2001 jus
1438 1928 1755 2001 inungendi,

160 2020 532 2081 numerandi
585 2030 644 2077 et
701 2022 1006 2078 eoronandi
1065 2022 1297 2078 electum
1375 2020 1757 2091 imperatorem

164 2108 596 2179 Romanorum;
657 2126 789 2183 ergo
821 2112 1118 2183 sinepapae
1166 2109 1397 2166 Romani
1460 2110 1758 2166 conﬁrma-

159 2198 301 2256 tione
373 2201 577 2258 nullus
632 2209 814 2273 potest
850 2217 971 2257 esse
1008 2200 1285 2273 legitimus
1315 2201 1609 2271 imperator
1651 2200 1759 2255 llo.

159 2305 481 2347 manorum.
542 2291 614 2347 Et
634 2301 1055 2364 consequenter,
1083 2307 1247 2363 quem
1267 2291 1401 2348 nolit
1457 2305 1599 2362 papa
1619 2305 1757 2346 con-

162 2381 410 2451 ﬁrmare,
443 2384 497 2441 is
519 2399 625 2440 nec
653 2384 868 2451 debeat,
930 2400 1035 2441 nee
1061 2384 1235 2454 possit
1297 2400 1419 2440 esse
1443 2383 1529 2439 vel
1572 2384 1754 2438 nomi-

162 2474 277 2528 uari
335 2474 677 2546 imperator.
726 2495 744 2528 ι
791 2475 916 2532 Haec
975 2476 1206 2531 latronis
1240 2474 1409 2531 frater
1440 2491 1508 2531 ex
1548 2491 1759 2531 suoce-

159 2565 313 2622 rebro
336 2567 490 2622 mihi
511 2566 722 2640 attingit
752 2577 807 2624 et
826 2568 1144 2625 admetitur.
1171 2566 1307 2623 Nam
1333 2583 1401 2625 ex
1444 2567 1559 2623 sola
1589 2566 1754 2621 inun-

157 2659 335 2716 ctioee
368 2668 436 2717 et
453 2661 875 2719 consecratione
919 2676 1204 2732 nunquam
1239 2660 1552 2729 hujusmodi
1590 2675 1756 2730 argu-

160 2761 408 2807 mentum
430 2752 593 2820 duxi,
616 2760 804 2810 certus
828 2768 1051 2810 summo
1081 2753 1337 2824 pontiﬁci
1374 2752 1431 2806 in
1466 2752 1755 2823 imperium

100 2856 109 2865 ν
161 2836 478 2897 Romanum
502 2843 627 2912 plus
648 2843 936 2912 potestatis
965 2858 1088 2898 esse
1128 2859 1294 2913 quam
1319 2843 1390 2898 sit
1414 2843 1533 2898 sola
1553 2851 1610 2897 et
1642 2859 1757 2899 me-

161 2945 215 2986 ra
237 2932 594 2988 mnsecratio
616 2941 673 2987 et
706 2932 953 2988 inuncth
986 2932 1142 2989 electi
1187 2932 1565 3004 imperatoris;
1597 2933 1756 3005 idque

159 3037 219 3076 ex
241 3021 501 3093 ipsorum
529 3039 721 3095 regum
745 3039 810 3079 ac
835 3025 1228 3096 imperatorum
1252 3025 1723 3081 testiﬁcationibus
1738 3068 1752 3091 ,

1866 642 2104 713 diploma
2125 651 2302 712 vetus,
2327 660 2360 709 a
2397 644 2595 715 priscis
2628 645 3073 716 imperatoribus,
3113 657 3210 704 aut
3241 649 3475 713 litteras“

1864 734 1938 789 ab
1956 733 2093 805 ipsis
2118 735 2542 805 imperatoribus
2571 736 2865 806 posteriori
2899 753 3016 793 navo
3064 740 3301 812 scriptas
3323 756 3453 812 pro—

1866 824 2003 883 feret
2027 847 2041 882 :
2071 828 2126 882 in
2161 827 2362 898 quibus
2393 827 2498 899 ipsi
2523 843 2642 883 sese
2670 829 2827 885 aliter
2856 845 3023 901 quam
3052 846 3209 903 reges
3239 833 3322 888 vel
3345 833 3452 888 im-

1864 927 2146 989 peratores
2179 918 2384 975 electos
2415 918 2731 974 nominent:
2759 921 2888 976 licet
2929 937 3066 977 usus
3113 923 3450 989 hodiernus.

1862 1016 1919 1064 et
1941 1008 2159 1079 quidem
2183 1009 2444 1080 optimus,
2480 1008 2556 1064 ita
2588 1007 2758 1077 ferat;
2780 1019 2844 1066 ut
2876 1013 2973 1082 qui
2996 1012 3064 1067 de
3093 1011 3201 1068 illis
3220 1012 3453 1083 loquun-

1863 1107 1975 1167 tur,
1995 1107 2091 1155 aut
2109 1100 2275 1155 etiam
2316 1100 2441 1155 illos
2465 1115 2563 1156 seu
2588 1115 2775 1156 coram
2803 1117 2898 1156 seu
2925 1117 3023 1173 per
3066 1102 3278 1160 litteras
3309 1103 3450 1158 allo—

1861 1200 2129 1263 quuntur,
2155 1192 2499 1261 imperatam
2524 1199 2742 1259 vocent,
2788 1191 2906 1247 sine
2939 1193 3049 1248 ulla
3080 1193 3452 1264 adjunctione,

1862 1285 2011 1355 quod
2036 1283 2163 1353 jure
2195 1284 2404 1354 optimo
2448 1284 2537 1351 ﬁt;
2586 1284 2806 1340 interim
2848 1284 2983 1356 ipsis
3027 1286 3456 1358 imperatoribus

1862 1390 1972 1430 non
1994 1383 2080 1430 est
2105 1375 2352 1448 ignotum
2374 1376 2499 1446 quis
2528 1375 2800 1446 majorum
2821 1385 2875 1431 et
2893 1384 3307 1434 antecessorum
3323 1392 3455 1434 suo-

1862 1482 1986 1523 rum
2011 1467 2177 1524 fuerit
2201 1467 2269 1523 de
2299 1474 2571 1539 potestate
2592 1467 2806 1549 summi
2850 1467 3128 1539 pontiﬁcis
3164 1466 3221 1522 in
3245 1466 3452 1525 Roma-

1862 1559 1996 1615 num
2043 1560 2333 1632 imperium
2386 1576 2599 1617 sensus.
2636 1558 2707 1615 Ut
2749 1560 2895 1616 enim
2931 1559 3061 1617 (alia
3084 1559 3139 1614 in
3170 1559 3342 1625 silvis,
3374 1559 3456 1614 sic

1861 1655 2126 1727 temporis
2152 1654 2520 1726 progressioni
2537 1653 2678 1709 tituli
2702 1654 2929 1721 cadunt,
2956 1652 3188 1725 aliisque
3204 1653 3301 1709 alii
3327 1668 3455 1708 suc-

1859 1745 2083 1813 cedunt,
2114 1746 2267 1801 salvo
2290 1743 2509 1800 interim
2541 1744 2976 1815 uniuscujusque
2995 1744 3140 1814 jure.
3186 1743 3254 1800 Et
3288 1744 3337 1799 si
3357 1740 3453 1814 qui

1789 1822 1834 1878 Β
1859 1837 2252 1894 historicorum
2283 1839 2562 1910 quondam
2605 1852 2809 1892 nomen
2853 1837 3201 1908 imperatoris
3230 1837 3454 1909 regibus

1858 1945 1969 1986 non
1994 1932 2273 1988 coronatis
2322 1931 2652 1998 tribuerunt,
2690 1929 2744 1985 id
2774 1938 2871 1986 aut
2907 1931 3016 1985 lata
3063 1930 3297 2002 quadam
3346 1945 3451 1984 no-

1811 2100 1821 2107 _
1858 2023 2008 2080 tione
2049 2023 2317 2091 fecerunt,
2360 2034 2457 2080 aut
2477 2040 2678 2080 nomen
2705 2024 3053 2097 imperatoris
3075 2039 3175 2096 pro
3194 2024 3450 2103 designa-

1860 2124 1917 2173 to
1945 2126 2001 2173 et
2020 2118 2193 2175 electo
2230 2117 2561 2190 imperatore
2590 2127 2950 2189 usurparunt,
2976 2126 3038 2172 ut
3060 2117 3178 2187 jam
3200 2132 3343 2187 saepe
3367 2116 3452 2171 di-

1858 2216 2008 2264 ctum
2025 2215 2128 2263 est.
2145 2206 2333 2280 Neque
2355 2208 2409 2264 in
2434 2210 2545 2264 alio
2571 2224 2801 2264 numero
2827 2210 2957 2281 poni
2983 2210 3184 2265 debent
3208 2209 3452 2265 insanis-

1856 2300 1984 2357 simi
2013 2308 2069 2355 et
2092 2299 2445 2357 furiosissimi
2471 2300 2785 2356 Calvinistaa
2813 2300 2978 2371 hujus
3003 2300 3112 2372 logi
3136 2298 3449 2369 (Germani-

1854 2406 1937 2447 ca:
1975 2389 2177 2464 Lugen)
2231 2407 2399 2462 quam
2443 2391 2501 2446 in
2541 2390 2946 2447 teterrimarum
2999 2388 3453 2451 criminationum

1857 2482 2141 2556 Catalogo,
2166 2485 2387 2555 quando
2416 2483 2773 2551 vociferatur,
2797 2499 2902 2540 nos
2927 2498 3148 2556 negare,
3201 2501 3221 2536 t
3274 2481 3452 2552 impev-

1859 2583 2099 2630 ratorem
2149 2575 2256 2630 hoc
2288 2574 2410 2645 ipso
2435 2575 2585 2645 quod
2606 2575 2814 2631 electus
2875 2582 2980 2641 est,
3005 2575 3165 2646 plena
3197 2581 3445 2644 potesta-

1860 2673 1912 2721 te
1936 2681 2025 2723 res
2080 2666 2295 2738 imperii
2325 2667 2743 2722 administrandi
2792 2666 2978 2739 potiri,
3018 2681 3120 2722 nec
3143 2666 3461 2736 imperato—~

1859 2771 1996 2822 rem,
2034 2770 2136 2811 nec
2182 2754 2492 2827 Augustum
2526 2771 2648 2813 esse
2705 2766 2803 2812 au't
2836 2755 3111 2812 nominari
3139 2756 3359 2811 debere.
3423 2773 3443 2804 ι

1856 2843 1993 2913 Quae
2039 2845 2225 2901 omnia
2277 2846 2506 2916 deputes
2545 2846 2710 2918 hujus
2750 2845 3064 2903 Calvinista:
3098 2844 3385 2916 magistro,
3416 2859 3449 2899 a

1858 2951 1969 3009 quo
1997 2937 2178 2993 omnis
2202 2938 2478 2993 calumnia
2495 2948 2550 2992 et
2569 2937 2950 3009 sycophantia,
2974 2946 3241 3006 tanquam
3268 2934 3447 3005 prima

1858 3027 1929 3082 ab
1962 3026 2175 3096 origine
2209 3034 2425 3092 manat;
2466 3025 2627 3095 cujus
2663 3025 2860 3095 spiritu
2900 3032 2958 3080 et
2987 3023 3156 3079 halitu
3196 3023 3370 3093 spirat
3394 3030 3452 3075 et

160 3129 222 3217 ex
246 3117 506 3174 historiis
540 3126 654 3174 tam
700 3117 877 3176 sacris
921 3134 1089 3190 quam
1113 3117 1381 3190 profanis,
1407 3134 1475 3174 ex
1526 3117 1757 3173 vetustis
1782 3160 1827 3217 ο
1858 3114 2009 3170 halat
2029 3113 2221 3169 rabula
2250 3114 2373 3181 iste,
2400 3111 2666 3186 quidquid
2709 3114 2885 3185 spirat
2918 3123 2974 3170 et
3000 3114 3168 3181 halat,
3210 3112 3308 3185 qui
3352 3110 3446 3167 vix

158 3203 351 3263 litteris
393 3215 454 3262 et
509 3206 899 3279 diplomatibus
921 3250 936 3275 ,
981 3216 1038 3263 et
1067 3224 1136 3263 ex
1175 3205 1456 3264 communi
1507 3205 1754 3261 omnium
1786 3203 1827 3217 “⁴’
1860 3207 2005 3279 potis
2028 3205 2134 3262 tria
2155 3207 2322 3262 verba
2350 3205 2599 3278 proferre
2618 3206 2752 3279 quin
2782 3214 3020 3278 quatuor
3055 3214 3151 3261 aut
3201 3206 3448 3277 quinque

160 3307 322 3352 sensu
350 3298 868 3369 comprobaveram.
900 3297 1173 3366 Quocirca
1225 3307 1394 3355 ruunt
1413 3311 1757 3371 quaecunque

1862 3296 2149 3352 mendacia
2177 3295 2518 3353 contineant.

1491 3486 2170 3627 DISSERTATIO
2258 3573 2273 3581 -
3088 3666 3091 3669 _

526 3727 705 3903 DE
791 3725 1368 3844 OFFICIO
1455 3725 1978 3887 SANCTI
2064 3719 2749 3903 GREGQEII
2830 3719 3042 3839 VII

947 3906 1107 3979 (Dom
1136 3881 1861 3972 ϐοέκλκῡεκξιηδιὶιαιὶοηε
1883 3903 2220 3974 liturgiques,
2248 3907 2289 3956 t.
2315 3894 2385 3967 Il,
2413 3912 2471 3970 p.
2498 3894 2650 3969 450.)

233 4139 316 4197 Un
354 4138 457 4196 des
501 4149 666 4192 noms
693 4133 779 4189 les
816 4131 940 4204 plus
981 4130 1227 4204 glorieux
1258 4129 1327 4185 de
1351 4126 1616 4185 l‘histoire
1653 4136 1759 4195 est,
1794 4147 1839 4201 ι)
1862 4129 1960 4184 des
1995 4128 2170 4183 saints
2198 4132 2254 4181 et
2285 4122 2566 4194 proposuit
2593 4134 2627 4176 a
2659 4119 2713 4175 la
2755 4116 3073 4176 vénération
3126 4121 3453 4180 universelle

164 4248 289 4289 satis
313 4228 593 4289 contredit
624 4224 1004 4297 aujourd’hui,
1037 4223 1087 4278 le
1111 4237 1242 4277 nom
1261 4221 1335 4277 du
1356 4220 1529 4293 grand
1550 4219 1759 4291 pontile

162 4324 305 4381 aint
331 4322 601 4394 Grégoire
626 4315 742 4372 VII.
793 4314 913 4372 Uno
940 4315 1141 4385 justice
1174 4313 1405 4380 tardive,
1441 4312 1582 4368 mais
1616 4312 1760 4368 éclao

163 4424 327 4483 tante,
362 4431 399 4471 a
426 4413 519 4471 ἐπέ
544 4411 756 4468 rendue
778 4409 811 4464 a
841 4423 904 4463 ee
937 4406 1103 4462 heros
1128 4406 1198 4461 de
1214 4405 1433 4477 I’Eglise
1457 4413 1513 4461 et
1532 4404 1600 4460 de
1618 4404 1761 4459 l‘hu-

165 4508 385 4575 manité,
420 4514 482 4563 et
523 4506 640 4560 l‘on
682 4509 815 4574 peut
844 4501 1023 4556 meme
1060 4499 1178 4554 dire
1211 4514 1320 4571 que
1344 4514 1405 4554 sa
1433 4498 1601 4569 gloire
1622 4498 1763 4554 crolt

165 4615 358 4658 eueore
397 4609 532 4655 tous
575 4598 660 4652 les
691 4595 870 4666 jours.
915 4591 1066 4650 Pour
1115 4590 1267 4646 aider
1306 4590 1338 4645 ὲ
1386 4598 1583 4646 mettre
1625 4589 1763 4645 dans

167 4701 309 4750 laute
337 4708 444 4751 son
465 4688 729 4747 évidence
748 4702 813 4742 ee
844 4682 1186 4757 phéuoméne
1210 4682 1585 4753 providentiel,
1623 4698 1765 4738 nous

166 4801 336 4844 avens
355 4784 552 4848 voulu,
579 4782 723 4838 dans
746 4780 799 4835 le
825 4777 1046 4850 present
1073 4776 1343 4846 chapitre,
1369 4784 1625 4831 raconter
1658 4790 1767 4831 une

167 4874 525 4950 faiblepartie
545 4874 646 4931 des
669 4881 930 4942 outrages
965 4884 1073 4940 que
1102 4883 1166 4925 ce
1187 4867 1359 4939 grand
1386 4867 1624 4935 homme,
1661 4884 1768 4939 que

168 4968 576 5027 eetadmirable
606 4966 759 5023 saint
791 4980 823 5021 a
852 4960 1103 5033 essuyés,
1140 4975 1255 5016 non
1297 4960 1366 5016 de
1411 4959 1464 5013 la
1505 4969 1629 5029 part
1672 4960 1769 5016 des

169 5068 504 5132 protestants
523 5067 581 5116 et
597 5059 697 5116 des
715 5054 1072 5130 philosophos
1095 5053 1169 5111 du
1196 5051 1418 5109 dernier
1447 5051 1611 5108 siécle
1633 5051 1769 5125 (ccci

171 5155 327 5188 cmi.
351 5153 537 5188 mnino
574 5147 877 5188 {nuru-uoti“
925 5146 1065 5188 maia
1085 5145 1152 5188 ἂρ
1174 5146 1222 5188 In
1257 5152 1385 5188 Μηνὶ
1405 5143 1472 5188 ἀρ
1494 5145 1771 5188 nlneimrra

1858 4234 1922 4275 ce
1950 4216 2158 4290 pontiie
2179 4214 2590 4270 véritablement
2617 4210 2981 4282 apostolique.
3043 4210 3086 4266 ll
3104 4220 3191 4268 est
3209 4212 3319 4269 bon
3341 4231 3452 4285 que

1859 4310 2098 4369 certains
2130 4307 2258 4364 faits
2283 4302 2757 4373 caractéristiques
2782 4301 2945 4357 d’une
2982 4300 3212 4373 époque,
3245 4312 3301 4358 et
3327 4320 3453 4377 pro-

1861 4421 1989 4481 pres
2014 4405 2047 4461 ὲ
2082 4408 2326 4459 moutrer
2354 4414 2421 4455 en
2459 4395 2641 4453 action
2679 4393 2919 4450 certains
2944 4394 3241 4465 principes,
3272 4397 3453 4452 scient

1863 4498 2321 4571 impartialement
2340 4487 2670 4562 enregistrés
2693 4494 2748 4542 et
2768 4482 3000 4558 publiés,
3018 4486 3156 4543 dans
3176 4486 3229 4544 la
3242 4488 3453 4545 crainto

1865 4608 1992 4664 que,
2015 4607 2106 4647 ces
2131 4589 2340 4646 mémes
2376 4584 2506 4641 faits
2539 4588 2744 4638 venant
2769 4579 2803 4635 ἐι
2830 4595 2891 4636 se
2916 4579 3129 4650 perdre,
3160 4580 3240 4638 les
3263 4580 3453 4650 locum

1866 4686 2223 4756 importantes
2246 4681 2415 4753 qu‘on
2446 4692 2516 4733 en
2548 4683 2679 4747 peut
2708 4674 2838 4729 tirer
2870 4687 2939 4728 ne
2973 4672 3154 4729 soient
3175 4688 3243 4729 en
3274 4673 3455 4729 meme

1868 4783 2046 4846 temps
2066 4774 2318 4845 perdues.
2365 4771 2483 4841 Que
2508 4769 2556 4825 si
2595 4766 2831 4841 quelque
2854 4763 3116 4821 défaveur
3155 4765 3355 4831 devait,
3386 4767 3456 4823 de

1870 4884 1973 4924 nos
2008 4867 2167 4937 jours
2192 4880 2408 4930 encore,
2444 4859 2770 4933 poursuivre
2799 4857 2938 4912 celui
2973 4857 3066 4928 qui
3096 4872 3209 4917 ,οδε
3250 4857 3458 4928 plaider

1870 4975 1980 5018 une
2016 4958 2242 5030 pareille
2284 4969 2469 5018 cause,
2512 4968 2658 5021 nous
2700 4951 3029 5021 l‘acoeptons
3061 4949 3291 5015 d‘oﬂice,
3338 4956 3459 5007 lout

1871 5051 2090 5125 indigne
2114 5064 2222 5123 que
2253 5062 2397 5104 nous
2422 5060 2491 5100 en
2522 5059 2785 5110 sommes,
2825 5050 2881 5098 et
2909 5057 3050 5100 nous
3086 5058 3229 5099 nous
3269 5041 3460 5097 levons

1873 5160 2004 5188 sane.
2025 5142 2236 5188 nrainte
2253 5155 2395 5188 mur
2422 5150 2627 5188 venue:-
2647 5135 2787 5188 eelui
2807 5135 2922 5188 nui.
2954 5151 3087 5188 aveo
3107 5152 3209 5188 son
3230 5140 3463 5188 auuuste
