3962 5348
526 390 531 396 -
556 352 662 416 247

1771 358 1827 415 s.
1863 354 2261 439 censemus
2301 362 2389 417 vn
2414 363 2620 424 rara.

3705 354 3809 427 εδδ

565 495 584 531 ι
613 474 767 531 laieis
800 488 1120 544 oppressam
1164 488 1229 528 ac
1258 472 1589 541 depravatos
1628 473 2127 531 ecclesiasticarum
2155 480 2204 537 Α
2232 496 2250 528 ι
2283 478 2338 531 in
2371 475 2517 534 Urbe
2538 476 2762 550 synodis
2791 475 3065 547 sapienter
3084 474 3391 541 constituit,
3416 474 3500 529 vir
3519 487 3651 529 vere
3676 487 3805 526 san-

565 587 584 619 ι
617 579 798 621 mores
822 565 1199 620 vehementius
1231 565 1443 632 dolens,
1479 565 1534 621 in
1559 564 1904 621 Cluniacensi
1932 580 2127 621 mona-

564 679 582 712 ο
614 658 803 727 sterio,
834 659 927 713 ubi
950 657 1052 713 sub
1084 655 1269 727 regula
1293 656 1471 712 sancti
1492 657 1771 712 Benedicti
1809 657 2128 713 austerioris

563 769 584 803 ι
617 751 739 806 vitae
788 748 1132 806 observantia
1176 764 1243 805 eo.
1292 755 1536 819 tempore
1594 749 1831 803 maxime
1879 749 2125 819 vigebat,

562 861 583 895 ι
613 842 867 899 monachi
911 841 1155 896 habitum
1185 841 1439 909 induens,
1487 849 1639 896 tanto
1675 842 1895 912 pietatis
1936 840 2129 896 ardore

561 953 581 985 ι
609 934 806 991 divime
830 933 1101 1003 majestati
1125 933 1467 991 deserviebat
1486 975 1501 1000 ,
1526 941 1638 988 uta
1660 933 1863 989 sanctis
1882 932 2127 1003 ejusdem

559 1043 580 1075 r
608 1024 842 1081 emnobii
886 1023 1141 1079 Patribus
1185 1025 1336 1095 prior
1390 1025 1464 1080 sit
1502 1025 1726 1080 electus.
1782 1022 1888 1078 Sed
1942 1023 2127 1078 divina

558 1135 578 1167 ι
605 1115 951 1171 Providentia
979 1114 1189 1185 majora
1229 1116 1297 1175 de
1333 1131 1400 1171 eo
1439 1117 1758 1186 disponente
1794 1116 1847 1170 in
1895 1116 2125 1171 salutem

557 1223 576 1256 ι
604 1206 995 1278 plurimorum,
1015 1206 1278 1263 Cluniaeo
1302 1209 1533 1264 eductus
1564 1206 1985 1274 Hildebrandus,
2030 1208 2129 1262 ab'

556 1316 575 1349 ι
604 1299 703 1354 bas
730 1299 969 1369 primum
1003 1300 1322 1356 monasterii
1366 1301 1540 1357 sancti
1565 1299 1720 1357 Pauli
1745 1307 1896 1355 extra
1936 1314 2125 1355 muros

555 1404 574 1442 ι
606 1386 771 1444 Urbis
818 1391 1043 1458 electus,
1089 1407 1153 1447 ac
1194 1392 1541 1463 postmodum
1579 1392 1839 1447 Romana:
1872 1390 2126 1447 Ecclesia:

554 1500 574 1531 ς
603 1480 895 1538 cardinalis
914 1492 1152 1550 creatus,
1179 1484 1283 1539 sub
1296 1484 1528 1540 summis
1550 1483 1921 1555 pontiﬁcibus,
1943 1482 2126 1540 Leone

555 1591 574 1624 ι
606 1586 773 1640 nono,
811 1572 1030 1631 Victore
1068 1576 1329 1642 secundo,
1363 1575 1641 1647 Stephano
1685 1591 1854 1643 nono,
1899 1573 2124 1631 Nicolao

555 1683 573 1714 ι
606 1665 847 1721 secundo
876 1675 931 1721 et
971 1666 1282 1727 Alexandro
1308 1669 1570 1735 secundo,
1604 1668 1894 1739 praecipuis
1924 1682 2121 1722 mune-

553 1774 571 1807 ι
599 1755 753 1812 ribus
789 1765 844 1813 et
874 1758 1237 1829 legationibus
1278 1759 1596 1830 perfunctus
1637 1768 1743 1827 est,
1773 1762 2120 1829 sanctissimi,

551 1865 571 1897 ι
599 1858 650 1902 et
687 1850 961 1918 purissimi
1011 1850 1224 1904 consilii
1261 1852 1341 1904 vir
1381 1868 1414 1906 a
1458 1852 1618 1908 beato
1652 1852 1814 1907 Petro
1856 1850 2121 1907 Damiano

550 1950 574 1989 ό
599 1949 965 2011 nuncupatus.
994 1940 1041 1995 Α
1062 1939 1282 1998 Victore
1311 1958 1455 2013 papa
1472 1945 1721 2001 secunde
1735 1945 1946 2016 legatus
1968 1960 2008 2001 a
2036 1944 2119 2003 la-

548 2047 567 2080 c
597 2036 711 2086 tere
730 2032 790 2085 in
815 2030 1047 2088 Galliam
1071 2034 1297 2100 missus,
1321 2034 1570 2106 Lugduni
1597 2038 1913 2107 episcopum
1938 2035 2149 2092 Simo-3

547 2137 566 2170 s
596 2121 752 2177 niaea
788 2121 908 2178 labe
936 2122 1200 2180 infectum
1225 2128 1290 2183 ad
1317 2128 1404 2183 sui
1433 2128 1681 2183 criminis
1716 2127 2118 2184 confessionem

546 2211 862 2269 «miraculo
900 2214 1100 2287 adegit.
1146 2216 1532 2289 Berengarium
1574 2220 1631 2274 in
1651 2220 1886 2276 concilio
1941 2220 2119 2276 Turo-
2153 2224 2160 2231 ’

546 2320 566 2355 ι
592 2306 753 2360 nensi
774 2307 842 2361 ad
863 2306 1114 2363 iteratam
1142 2309 1367 2366 haeresis
1400 2310 1799 2382 abjurationcm
1830 2314 2112 2384 compulit.

544 2410 564 2447 α
594 2394 815 2453 Cadolai
846 2413 1067 2470 quoque
1089 2402 1331 2457 schisma
1368 2419 1467 2460 sua
1492 2405 1693 2460 virtute
1716 2404 2058 2476 compressit.
2091 2426 2110 2459 ι

607 2487 811 2547 ιεοτιο
834 2508 885 2547 v.
930 2511 950 2542 ι
977 2491 1194 2549 Mortuo
1217 2494 1529 2552 Alexandro
1547 2497 1811 2562 secundo,
1836 2496 2038 2554 invitus
2063 2508 2118 2553 et

542 2597 562 2631 ι
594 2595 833 2639 intercus
867 2584 1119 2640 unanimi
1147 2588 1391 2643 omnium
1423 2604 1720 2656 consensu,
1752 2589 1967 2645 decimo
2004 2589 2113 2645 lia-

544 2690 561 2720 ι
593 2672 782 2729 lendas
812 2674 959 2743 Maii,
996 2692 1142 2733 anno
1170 2677 1375 2735 Christi
1393 2682 1685 2737 millesimo
1715 2682 2115 2753 septuagesimo

500 2810 503 2813 .
541 2780 559 2812 ι
589 2764 770 2829 tertio,
807 2780 1060 2823 summus
1092 2769 1334 2839 pontifex
1364 2773 1591 2839 electus,
1625 2774 1770 2828 sicut
1802 2774 1885 2828 sol
1913 2774 2116 2831 eﬁ‘ulsit

540 2872 559 2904 ε
591 2855 653 2910 in.
672 2855 840 2913 domo
869 2857 1000 2927 Dei;
1029 2876 1156 2915 nam
1185 2871 1379 2931 potens
1408 2879 1573 2934 opere
1614 2874 1668 2920 et
1706 2880 1991 2932 sermone,
2019 2882 2113 2921 ee-

500 2986 503 2989 -
538 2967 557 2993 α
585 2949 901 3009 clesiastiea:
926 2952 1224 3022 disciplinae
1239 2956 1713 3023 reparandai,ﬁdci
1733 2959 2111 3027 propagandae,

538 3056 556 3090 ο
586 3040 825 3103 libertati
862 3042 1129 3105 Ecclesiae.
1152 3047 1520 3114 restituenda,
1555 3049 1923 3118 exstirpandis
1954 3065 2112 3105 erro-

2236 587 2254 619 ι
2281 578 2424 635 etus,
2447 569 2739 625 criminum
2767 568 2986 635 vindex,
3021 577 3077 623 et
3102 567 3404 625 acerrimus
3425 564 3687 621 Ecclesiae
3709 563 3804 619 de-

2235 678 2254 711 r
2284 646 2488 716 l‘énsor.
2522 659 2739 716 Exactis
2773 661 2956 731 itaque
2998 660 3054 715 in
3101 658 3416 731 pontiﬁcatu
3455 656 3626 711 annis
3665 655 3807 710 duo-

2236 769 2254 804 ‹
2282 752 2479 819 decim,
2531 753 2786 825 migravit
2818 754 2874 808 in
2908 753 3128 818 omium,
3183 765 3330 807 anno
3383 748 3577 805 salutis
3631 747 3807 803 mille-

2234 862 2257 899 ί
2284 844 2426 899 simo
2453 845 2787 916 octogesimo
2825 845 3037 915 quinto,
3072 845 3318 915 pluribus
3357 843 3412 897 in
3436 841 3572 907 vita,
3600 848 3657 895 et
3685 847 3807 911 post

2235 950 2254 982 ι
2282 942 2513 989 mortem
2545 934 2825 989 miraculis
2857 935 3059 1000 clarus,
3096 934 3324 1005 ejusque
3353 948 3573 990 sacrum
3605 945 3808 1001 corpus

2235 1044 2254 1077 ι
2283 1026 2338 1080 in
2371 1025 2671 1081 cathedrali
2696 1026 2920 1082 basilica
2944 1024 3214 1081 Salernita
3241 1033 3325 1081 est
3349 1024 3655 1080 honoriﬁce
3675 1038 3810 1078 eon-

2235 1133 2254 1168 ι
2281 1114 2473 1170 ditum.
2508 1134 2527 1167 ι

2300 1205 2580 1264 L’oraison
2610 1207 2709 1278 qui
2726 1205 2992 1277 complete
3013 1215 3068 1262 et
3087 1204 3304 1263 resume
3337 1203 3528 1261 Pollice
3562 1204 3633 1260 de
3662 1203 3810 1260 saint

2226 1295 2484 1368 Grégoire
2527 1296 2637 1366 VII,
2667 1314 2736 1356 au
2781 1299 2967 1355 misscl
3012 1308 3067 1355 et
3115 1313 3187 1355 an
3228 1299 3512 1365 bréviaire,
3547 1308 3637 1355 est
3664 1298 3807 1355 ainsi

2222 1404 2435 1457 concue
2474 1409 2489 1445 :

2295 1481 2463 1549 Deus,
2482 1483 2537 1536 in
2559 1490 2607 1537 te
2626 1484 2952 1554 spuantium
2975 1483 3254 1554 fortitudo,
3273 1485 3364 1555 qui
3379 1483 3587 1538 beatum
3603 1481 3808 1556 Grego-

2224 1573 2366 1627 rium
2384 1573 2732 1642 confessorem
2767 1583 2916 1627 tuum
2947 1583 3104 1645 atque
3130 1575 3450 1644 pontiﬁcem,
3476 1590 3575 1644 pro
3607 1573 3806 1628 tuenda

2227 1663 2482 1722 Ecclesia:
2526 1665 2771 1720 libertate
2806 1667 2998 1720 rirtute
3031 1666 3343 1721 constantiae
3385 1666 3690 1732 roborasti;
3735 1668 3809 1721 ta

2224 1758 2395 1824 nobis,
2416 1757 2531 1828 ejus
2553 1756 2789 1828 exemplo
2812 1766 2861 1812 et
2894 1758 3013 1812 inte.
3031 1758 3283 1827 sessione,
3313 1759 3491 1813 omnia
3518 1758 3809 1812 aduersan-

2156 1829 2197 1884 B
2224 1852 2301 1904 tia
2325 1851 2536 1921 fortiter
2560 1866 2838 1920 superare,

2289 1961 2625 2019 Maintenant
2642 1978 2750 2033 que
2787 1977 2930 2018 noua
2960 1978 3132 2018 avens
3161 1962 3266 2019 mis
3292 1976 3424 2018 sons
3446 1961 3527 2018 les
3552 1976 3698 2034 yeux
3732 1961 3808 2019 du

2221 2055 2426 2111 lccteur
2450 2064 2587 2111 cette
2612 2055 2761 2127 piece
2789 2056 2834 2111 si
2859 2054 3123 2121 famense,
3148 2063 3312 2111 avant
3330 2055 3571 2110 d‘entrer
3595 2054 3737 2111 dans
3757 2052 3814 2109 le

2218 2148 2356 2205 récit
2378 2148 2473 2204 des
2492 2147 2841 2206 événcments
2869 2148 2969 2219 qui
2994 2147 3263 2204 suivirent
3291 2163 3353 2204 sa
3374 2147 3809 2219 promulgation,

2218 2256 2361 2297 nous
2399 2256 2540 2296 nous
2584 2248 2952 2311 permettrons
2980 2241 3248 2311 quelqnes
3293 2238 3727 2311 réﬁexions_sur
3754 2239 3805 2295 la

2216 2332 2404 2404 portée
2435 2333 2502 2388 de
2531 2348 2592 2388 ee
2621 2332 2908 2387 manifeste
2932 2332 3207 2402 pontiﬁcal
3237 2352 3253 2387 :

2286 2422 2405 2490 Quc
2429 2422 2613 2478 suit-il
2642 2423 2717 2478 du
2740 2421 2876 2479 récit
2916 2437 3025 2493 que
3048 2438 3189 2479 nous
3221 2438 3433 2479 veuons
3473 2423 3543 2480 de
3582 2423 3688 2479 lire
3710 2424 3809 2481 des

2217 2521 2365 2571 actas
2408 2522 2463 2570 et
2501 2513 2598 2570 des
2632 2523 2823 2569 vertus
2859 2507 2990 2569 d’un
3028 2529 3166 2585 pape
3207 2515 3280 2571 du
3325 2523 3404 2570 ιν
3447 2514 3650 2572 siécle?
3676 2513 3805 2572 Cela

2215 2613 2415 2668 vent-il
2438 2611 2553 2666 dire
2574 2626 2681 2681 que
2717 2611 2887 2665 Rome
2929 2626 2989 2666 se
3012 2610 3237 2681 prepare
3267 2611 3299 2665 ir
3334 2609 3548 2678 fondre,
3589 2626 3807 2666 eamme

2214 2703 2409 2774 l'aigle,
2438 2719 2536 2757 sur
2554 2703 2635 2757 les
2669 2701 2822 2757 Etats
2844 2701 3168 2771 européens,
3211 2701 3241 2756 δ
3268 2701 3521 2771 disposer
3542 2700 3805 2757 arbitrai-

2215 2804 2425 2851 remcnt
2448 2794 2513 2850 de
2546 2795 2598 2849 la
2633 2809 2911 2850 conrnune
2935 2794 3031 2849 des
3069 2794 3289 2864 princes
3325 2793 3429 2863 qui
3456 2794 3536 2848 les
3565 2807 3805 2865 genver-

2215 2896 2366 2954 nent,
2387 2904 2452 2943 en
2478 2902 2553 2942 un
2576 2895 2710 2953 inet,
2739 2888 2767 2941 ὸ
2791 2886 3042 2942 ébranler
3061 2887 3112 2942 le
3137 2886 3337 2941 monde
3358 2885 3535 2941 entier
3554 2886 3625 2940 du
3654 2886 3806 2941 hruit

2214 2978 2282 3032 de
2327 2994 2416 3035 ses
2463 2976 2720 3033 foudres?
2762 2975 2913 3031 Nous
2952 2977 3048 3048 qui
3090 2977 3285 3032 vivons
3322 2992 3398 3032 un
3445 2975 3803 3046 siecle'aprés

2216 3070 2552 3141 l'apparition
2580 3069 2646 3124 de
2680 3076 2819 3124 cette
2860 3067 3178 3124 redontable
3223 3067 3455 3139 legem,
3496 3075 3799 3122 tronvons-

538 3149 557 3182 ι
588 3132 749 3191 ribus.
784 3142 839 3228 et
865 3138 1223 3206 corruptelis,
1254 3146 1408 3193 tanto
1450 3141 1633 3195 studio
1664 3140 1932 3207 incubuit,
1958 3150 2022 3196 ut
2044 3159 2111 3196 ex
2138 3171 2181 3227 ρ
2213 3132 2355 3216 “ob;
2377 3160 2661 3228 beaucoup
2676 3157 3219 3228 ἀνειθωριεςαερυίε
3236 3132 3351 3215 πάι-ε
3368 3132 3594 3214 δείσειε,
3609 3157 3799 3212 omni.

537 3243 557 3274 ‹
586 3227 963 3293 apostolorum
993 3237 1153 3284 aetate
1178 3230 1364 3285 nullus
1383 3233 1703 3301 pontiﬁcum
1736 3231 1906 3289 fuisse
1925 3234 2110 3289 trada-

539 3334 559 3363 ε
590 3322 681 3369 tur
712 3316 810 3385 qui
855 3318 1097 3388 majores
1126 3335 1229 3389 pro
1262 3319 1509 3379 Ecclesia
1549 3322 1644 3376 Dei
1669 3323 1909 3388 labores,
1942 3324 2111 3378 mole-

536 3422 556 3455 ε
586 3405 832 3475 stiasqne
852 3409 1155 3477 pertulerit,
1178 3419 1274 3465 aut
1294 3413 1391 3481 qui
1403 3427 1507 3482 pro
1517 3414 1637 3483 ejus
1660 3415 1907 3470 libertate
1928 3416 2110 3471 acrius

536 3513 556 3544 ε
585 3498 925 3567 pugnaverit.
974 3500 1201 3581 Aliquot
1231 3505 1545 3572 provincias
1583 3522 1615 3561 a
1647 3506 1959 3561 Simoniaca
1991 3507 2110 3563 labe

530 3604 553 3637 ί
583 3589 922 3657 expurgavit.
948 3590 1152 3647 Contra
1176 3591 1395 3650 Henrici
1422 3596 1768 3666 imperatoris
1788 3598 1987 3669 impios
2011 3615 2107 3655 co-

533 3695 554 3728 s
587 3686 748 3735 natus
777 3678 937 3738 {ortis
955 3699 1052 3755 per
1069 3685 1251 3740 omnia
1283 3688 1485 3742 athleta
1521 3689 1828 3758 impavidus
1854 3704 2109 3759 perman-

533 3785 554 3821 c
585 3768 675 3836 sit,
702 3785 869 3843 seque
896 3789 999 3845 pro
1032 3791 1193 3858 muro
1221 3778 1410 3833 domui
1442 3778 1611 3836 Israel
1652 3794 1865 3851 ponere
1891 3797 2000 3837 non
2032 3784 2106 3837 ti-

496 3866 505 3873 ‘
533 3878 554 3912 ‹
582 3863 742 3929 muit,
778 3880 844 3921 ae
872 3867 1123 3923 eumdem
1155 3867 1450 3926 Henricum
1475 3873 1529 3927 in
1565 3871 1897 3943 profundum
1928 3874 2105 3930 malo-

533 3969 553 4002 ι
583 3968 707 4008 rum
742 3956 1081 4028 prolapsum,
1120 3958 1360 4017 ﬁdelium
1392 3964 1798 4030 communione,
1831 3978 2108 4035 regnoque

533 4060 555 4093 ‹
581 4043 1026 4119 privavit,-a'tque
1056 4051 1308 4109 subditos
1338 4055 1570 4124 populos
1602 4054 1710 4110 ﬁde
1740 4056 1791 4110 ei
1814 4055 1941 4111 data
1967 4057 2105 4113 libe-

532 4155 553 4188 s
586 4137 745 4195 rnvit.
778 4157 798 4192 ι

492 4276 497 4282 .
591 4226 798 4287 Ιιιςετιο
829 4247 909 4291 vt.
949 4252 969 4286 ι
997 4232 1137 4291 Dum
1171 4237 1475 4293 missarum
1505 4238 1777 4294 solemnia
1799 4248 2100 4310 perageret,

530 4338 548 4370 ι
579 4320 699 4379 visa
732 4330 818 4378 est
860 4325 995 4381 viris
1044 4326 1148 4397 piis
1176 4328 1431 4385 columba
1456 4345 1488 4385 e
1512 4330 1655 4386 caelo
1699 4330 1941 4401 delapsa,
1994 4332 2102 4387 hu-

528 4432 547 4463 c
576 4428 729 4470 mero
782 4416 903 4487 ejus
947 4418 1143 4475 dextro
1188 4420 1462 4490 insidens,
1503 4424 1607 4479 alis
1646 4424 1888 4478 extensis
1937 4431 2103 4494 caput

2212 3260 2440 3323 potence
2472 3251 2788 3320 temporelle
2810 3250 2905 3305 des
2926 3248 3163 3320 pontifes
3183 3249 3256 3305 du
3278 3251 3617 3321 moyenage,
3638 3262 3800 3304 exer-

2212 3341 2305 3396 eée
2330 3358 2430 3411 par
2455 3342 2651 3396 Benott
2697 3338 2815 3393 Xlll
2839 3355 2913 3396 ou
2943 3340 3447 3397 ses-suceesseurs?
3475 3339 3630 3397 Noua
3650 3354 3801 3396 sem-

2211 3432 2418 3487 ble.t-il
2439 3448 2546 3502 que
2580 3433 2632 3486 la
2666 3445 2952 3487 couronne
2974 3431 3049 3487 de
3075 3430 3306 3498 France,
3342 3447 3477 3504 pays
3508 3431 3585 3487 ou
3624 3431 3679 3486 la
3712 3429 3798 3485 ιδ-

2211 3526 2373 3595 gende
2393 3542 2423 3581 a
2446 3525 2531 3583 été
2562 3526 2851 3597 proserite,
2878 3527 2954 3581 ait
2973 3525 3059 3584 été
3080 3526 3269 3597 l’objet
3292 3524 3361 3581 de
3382 3526 3565 3580 moins
3594 3525 3797 3579 δεδιω-

2209 3630 2348 3684 ques
2369 3630 2476 3686 que
2496 3615 2628 3671 eelle
2642 3615 2739 3671 des
2753 3615 3074 3671 souverains
3095 3615 3234 3671 dans
3254 3615 3335 3671 les
3365 3614 3519 3670 Etats
3538 3613 3798 3685 desquels

2206 3703 2311 3759 elle
2350 3719 2380 3758 a
2411 3704 2497 3760 été
2528 3704 2743 3760 admise
2784 3720 2886 3775 par
2929 3705 2981 3761 le
3019 3703 3232 3775 elei-ge?
3269 3702 3339 3759 Et
3366 3704 3541 3775 sipar
3566 3704 3794 3771 haud,

2208 3793 2341 3849 chez
2365 3808 2526 3861 nous,
2553 3794 2745 3865 depuis
2770 3802 2909 3850 cette
2934 3793 3166 3866 epoque,
3199 3795 3279 3850 les
3306 3793 3423 3850 rois
3445 3803 3547 3850 out
3564 3793 3795 3852 souﬁert

2207 3887 2257 3941 ιιι
2291 3895 2453 3953 mort,
2498 3887 2644 3942 l‘exil
2688 3901 2762 3943 ou
2806 3884 3210 3953 l‘humliiation,
3240 3896 3425 3942 est-ee
3470 3885 3648 3942 Rome
3694 3887 3790 3957 qui

2207 3981 2336 4034 s‘est
2354 3977 2601 4034 montrée
2621 3982 2818 4035 env’ers
2836 3993 2945 4035 eus
2970 3980 3017 4034 si
3047 3976 3533 4055 impitoyable‘l_Ne
3552 3978 3795 4049 pendens

2204 4082 2304 4136 pas
2333 4082 2397 4123 ce
2415 4067 2571 4137 point
2589 4067 2658 4123 de
2682 4083 2785 4123 vne
2806 4068 2949 4124 dans
2980 4070 3062 4124 les
3079 4069 3325 4125 diverses
3357 4067 3568 4138 parties
3601 4068 3680 4123 du
3703 4067 3792 4123 re-

2205 4158 2281 4214 eit
2311 4159 2406 4230 qui
2431 4174 2500 4214 va
2536 4174 2903 4216 commencer.
2932 4159 3227 4231 Beancoup
3253 4160 3322 4215 de
3343 4174 3482 4230 gens
3500 4168 3638 4215 vent
3654 4159 3796 4230 jeter

2205 4248 2285 4305 les
2309 4249 2472 4305 hauts
2495 4249 2628 4317 eris,
2658 4265 2874 4306 eamme
2886 4251 2935 4306 si
2960 4251 3015 4306 la
3036 4251 3329 4321 puissance
3352 4250 3539 4322 royale
3566 4251 3705 4306 «ait
3724 4266 3793 4306 an

2203 4349 2447 4396 moment
2477 4340 2748 4411 d‘expirer
2779 4340 2919 4396 dans
2939 4340 3202 4396 l‘univers
3227 4340 3424 4405 esttier,
3456 4355 3561 4409 par
3581 4341 3635 4395 le
3675 4341 3790 4396 seu!

2203 4413 2302 4487 fait
2321 4432 2389 4488 de
2417 4433 2468 4487 la
2512 4432 2745 4503 legenda.
2794 4431 2874 4487 La
2900 4433 3064 4488 haine
3097 4433 3166 4488 de
3195 4431 3368 4487 Rome
3404 4432 3488 4487 les
3519 4433 3786 4503 aveugle:

526 4523 546 4555 ι
574 4504 695 4574 ejus
724 4508 927 4577 velare,
963 4525 1075 4581 quo
1105 4511 1472 4583 signiﬁcatam
1491 4524 1596 4580 est,
1642 4514 1879 4585 Spiritus
1925 4516 2100 4570 sancti
2132 4535 2178 4590 ι)
2199 4529 2255 4576 et
2282 4519 2417 4577 Dieu
2438 4521 2518 4576 les
2539 4536 2572 4577 a
2592 4522 2804 4578 donnés
2826 4538 2896 4577 en
2925 4523 3198 4592 spectacle
3226 4521 3262 4577 ὲ
3285 4529 3444 4576 notre
3478 4520 3668 4588 sidcie,
3692 4522 3789 4591 qui

527 4612 546 4645 ι
575 4596 789 4665 aﬁhtn,
825 4615 937 4656 non
969 4602 1226 4658 humanae
1250 4604 1557 4674 prudentia:
1576 4606 1885 4660 rationibus
1918 4606 2098 4677 ipsum

526 4706 546 4740 σ
570 4687 699 4746 duci
728 4691 785 4746 in
805 4692 1065 4751 Ecclesiae
1086 4695 1366 4767 regimine.
1400 4696 1540 4753 Cum
1570 4699 1641 4754 ab
1671 4699 1847 4769 iniqui
1882 4697 2099 4755 Henriei

524 4799 545 4832 ι
572 4782 812 4839 exercitu
853 4785 1042 4844 Rome
1073 4789 1225 4860 gravi
1254 4790 1540 4847 obsidione
1565 4801 1922 4862 premeretur,
1954 4792 2103 4847 exci-

483 4918 491 4926 .
524 4889 543 4922 t
572 4880 747 4934 tntum
797 4877 867 4931 ab
905 4879 1159 4937 hostibus
1208 4881 1522 4940 incendium
1573 4886 1731 4957 signo
1776 4885 1963 4940 crucis
2000 4900 2099 4939 ex-

2203 4609 2311 4665 sait
2328 4610 2474 4665 calin
2496 4625 2604 4680 que
2627 4609 2800 4666 Rome
2822 4613 2947 4666 n'en
2972 4620 3103 4666 vent
3123 4626 3225 4681 pas
3244 4611 3278 4668 ὰ
3302 4611 3353 4666 la
3376 4609 3787 4680 puissancedes

2203 4713 2560 4770 monarques,
2582 4700 2679 4770 qui
2727 4700 2936 4756 semble
2962 4701 3141 4756 meme
3174 4698 3537 4770 comprendre
3576 4713 3691 4769 que
3718 4698 3783 4765 si,

2200 4789 2340 4845 dans
2379 4790 2460 4846 les
2490 4791 2621 4861 Ages
2641 4791 3002 4860 catholiques,
3018 4790 3125 4847 elle
3159 4804 3356 4856 excrea
3386 4788 3787 4845 eﬁ‘ectivement

2176 4897 2310 4940 .une
2334 4882 2600 4938 inﬂuence
2619 4883 2933 4952 temporelle
2963 4897 3060 4938 sur
3083 4883 3135 4937 la
3159 4879 3386 4948 soeiété,
3410 4880 3513 4936 elle
3532 4877 3621 4936 fut
3637 4879 3783 4934 alors

523 4985 543 5008 ι
573 4966 765 5010 stituit
802 4968 878 5012 ηρ
900 4972 1022 5012 nine
1044 4989 1208 5014 mann
1234 4975 1452 5018 tandum
1481 4992 1515 5018 ει
1539 4976 1775 5020 Rnlmrm
1796 4975 2101 5024 ﬁnierat-do
2201 4973 2443 5024 l‘unimm
2459 4974 2792 5024 δυνατοί-(ιθ
2804 4975 2871 5024 de.
2891 4975 2942 5024 la
2969 4974 3162 5024 liberte
3182 4975 3279 5024 des
3298 4973 3546 5024 uenales.
3568 4985 3783 5024 nomine
