3962 5348
178 341 265 400 261

1008 325 1538 386 PROLEGOMENA.
1576 290 1763 378 Qui.
1790 320 2069 379 emoto
2100 321 2158 377 s.
2199 319 2547 379 onscoun.

3317 326 3425 383 202

182 478 199 509 ι
225 454 350 512 celle
392 451 460 507 de
514 446 748 521 l‘Eglise,
783 443 1066 515 attaquées
1093 441 1233 498 dans
1260 440 1341 497 les
1370 438 1739 511 pernicleuses
1767 441 1815 498 Α
1909 433 1987 491 La
2021 435 2269 491 nouvelle
2289 436 2357 492 de
2376 451 2439 492 ce
2460 433 2587 492 brel’
2600 436 2779 493 arriva
2802 413 3018 493 ibientdt
3039 452 3107 493 en
3132 436 3345 496 France
3369 449 3429 498 et

184 570 200 601 ι
224 543 549 615 entreprises
572 541 638 596 de
648 555 739 595 ces
760 537 1061 608 laiques,et
1084 531 1507 607 ayantprésente
1527 530 1559 587 ξι
1585 538 1743 586 notre

184 635 387 706 tcsprit
431 640 585 688 toute
635 630 686 685 la
735 628 874 683 suite
905 628 973 682 de
1005 633 1185 681 toutes
1236 632 1292 680 et
1344 624 1618 680 cbacuncs
1646 623 1743 677 des

185 748 200 779 ι
226 726 411 782 choses
441 723 539 793 qui
593 735 652 776 se
698 724 824 773 sont
868 715 1295 788 passées.......;
1350 715 1422 769 du
1449 712 1654 770 conscii
1675 712 1744 767 de

184 838 201 870 ο
225 815 495 888 plnsieurs
524 812 593 868 de
617 826 720 865 nos
759 807 1076 864 vénérables
1120 805 1293 862 fréres
1330 805 1410 861 les
1442 804 1744 861 cardinaux

185 930 200 961 ε
224 910 284 964 de
307 908 354 962 la
387 905 570 962 sainte
604 903 780 974 Eglise
806 900 1076 965 romainc,
1101 915 1202 971 par
1227 896 1501 954 l‘autorité
1521 904 1745 967 aposto-

181 1019 199 1050 ι
224 998 381 1066 lique,
411 996 478 1051 de
496 996 550 1049 la
577 1003 771 1049 tencur
797 992 894 1047 des
929 989 1232 1062 présentes,
1270 1004 1411 1044 nous
1454 986 1743 1043 déclarons

183 1108 199 1140 ι
222 1091 295 1143 les
316 1086 476 1153 édits,
503 1086 701 1150 arréts,
726 1080 1320 1147 résolutions,décrets,
1341 1080 1742 1146 ordonnances,

180 1200 199 1231 ι
224 1174 575 1249 promulgués
605 1191 702 1246 par
729 1175 808 1229 les
860 1172 1174 1243 magistrats
1222 1171 1400 1225 meme
1437 1169 1741 1240 suprémes,

183 1293 200 1323 ι
226 1280 275 1327 et
295 1278 419 1324 tous
455 1267 696 1322 oll‘ieiers
721 1281 792 1321 ou
830 1264 1109 1319 ministres
1130 1261 1391 1318 séculiers
1413 1263 1480 1316 de
1509 1262 1745 1333 quelque

184 1385 200 1416 ι
222 1362 507 1435 puissance
540 1360 723 1429 laique
747 1374 852 1429 quc
875 1372 937 1411 ce
984 1346 1111 1423 Soit,
1148 1364 1336 1411 contre
1387 1364 1544 1410 notre
1569 1355 1746 1411 susdit

174 1456 396 1512 υἱέα-ει
468 1456 814 1511 d‘extension
879 1454 945 1509 de
1008 1448 1200 1508 l‘ollice
1275 1453 1343 1508 de
1404 1452 1547 1507 saint
1611 1450 1746 1507 Gre-

183 1568 200 1600 ι
222 1548 360 1619 goire
387 1545 627 1612 VII.....,
652 1546 797 1613 nuls,
830 1545 1004 1611 vains,
1033 1544 1315 1610 invalides,
1369 1541 1681 1614 dépourvus
1712 1542 1744 1598 a

184 1637 516 1710 «perpetuité
565 1638 632 1692 de
683 1645 830 1692 toute
872 1635 1041 1703 force,
1085 1635 1140 1689 ni
1199 1635 1409 1701 valcur,
1461 1633 1602 1689 ainsi
1636 1648 1744 1704 quc

184 1749 199 1780 ι
225 1736 396 1783 tantes
450 1729 536 1783 les
579 1726 777 1781 choses
810 1724 907 1796 qui
957 1739 1025 1779 en
1074 1732 1199 1779 sont
1250 1724 1453 1781 suivies
1502 1738 1573 1779 ou
1628 1724 1744 1779 sui-

184 1840 200 1872 ι
222 1820 422 1874 vraient
448 1838 464 1886 ;

228 1930 262 1961 1
285 1909 351 1963 Et
381 1909 451 1964 de
478 1908 629 1978 plus,
662 1923 802 1978 pour
832 1907 956 1977 plus
982 1906 1185 1978 grande
1222 1905 1422 1973 sureté,
1448 1913 1504 1961 et
1530 1921 1598 1961 en
1626 1914 1743 1961 tant

184 2023 200 2056 ι
223 2018 319 2073 que
338 2001 531 2057 bescin
554 2008 663 2068 est,
702 2017 801 2072 par
848 2001 924 2056 les
954 1997 1257 2071 présentes,
1308 2014 1448 2054 nous
1481 1999 1561 2054 les
1587 1998 1745 2055 revo-

184 2112 200 2144 ι
222 2108 408 2163 quons,
438 2107 695 2157 cassons,
740 2091 986 2157 irritons,
1043 2091 1315 2145 annulons
1348 2097 1404 2145 ct
1435 2092 1744 2148 abolissons

185 2185 253 2239 Wa
277 2183 595 2255 perpétuité,
620 2184 701 2239 les
734 2183 949 2253 privant
971 2182 1037 2237 de
1069 2189 1219 2237 toute
1255 2180 1404 2237 force
1438 2191 1491 2238 et
1511 2182 1654 2248 efiet,
1691 2191 1747 2237 et

182 2277 445 2330 «voulons
480 2275 650 2345 qu'ils
671 2274 851 2328 scient
896 2272 934 2327 ἡ
970 2272 1172 2343 jamais
1197 2280 1358 2328 tenus
1398 2288 1539 2344 pour
1588 2272 1745 2328 révo—

184 2365 366 2438 «ques,
396 2364 609 2432 casses,
658 2363 860 2431 irrités,
899 2363 1149 2431 aunulés,
1213 2364 1497 2432 invalide’s,
1548 2365 1742 2432 abolis,

169 2466 202 2510 τι
224 2469 271 2515 et
315 2459 496 2530 privés
542 2458 907 2514 entierement
967 2456 1035 2513 dc
1089 2465 1241 2513 toutc
1304 2455 1451 2513 force
1495 2466 1550 2513 et
1598 2456 1742 2524 effet,

187 2559 318 2607 «etc.
347 2550 520 2623 (sas).
564 2570 583 2604 ι

171 2779 312 2851 135)
347 2779 667 2835 Benedictus
706 2794 848 2850 papa
884 2775 1062 2861 ΧῌΙ,
1090 2778 1160 2832 ad
1192 2784 1496 2849 perpetuam
1523 2776 1597 2831 rei
1634 2792 1745 2831 me-

246 2872 249 2873 '
840 2865 941 2902 mo:
954 2866 1084 2902 tam.

168 2916 175 2927 ’
239 2917 365 2975 Cum
389 2919 458 2974 ad
489 2934 656 2975 aures
701 2927 922 2974 nostras
956 2918 1265 2989 pervenerit
1304 2917 1597 2972 nonnullos
1628 2933 1747 2973 ma-

170 2989 440 3058 gistratus,
475 3005 573 3045 seu
606 2991 867 3046 ofﬁciales
895 2997 952 3045 et
982 2989 1265 3043 ministros
1294 2989 1605 3053 saeculares,
1630 2989 1749 3058 qui-

246 3061 389 3117 sdam
411 3060 631 3127 edictis,
665 3060 934 3127 decretis,
979 3058 1496 3123 senatusconsultis,
1539 3073 1747 3127 praece~

167 3131 291 3211 ptis,
321 3131 613 3211 mandatis,
626 3139 735 3211 _aut
766 3129 1257 3211 genus,_aliisve
1277 3143 1743 3211 quocunquepo-

180 3198 308 3256 inine
337 3202 671 3271 nuncupatis
716 3198 1173 3271 ordinationibus,
1202 3214 1297 3271 seu
1335 3198 1741 3271 provisignibus

177 3272 421 3326 adversus
441 3268 725 3326 decretum
754 3270 1093 3326 extensionis
1117 3271 1185 3325 ad
1207 3269 1496 3325 universos
1535 3268 1742 3325 Christi

181 3340 364 3412 lideles,
399 3341 499 3412 qui
539 3342 807 3412 adiboras
849 3340 1144 3412 canonicas
1179 3346 1457 3412 tenentur,
1489 3338 1650 3412 cilicii
1682 3338 1739 3395 S.

182 3408 595 3482 Gregorji'papce
616 3410 732 3479 νη,
768 3411 917 3482 quod
940 3411 1207 3482 priusex
1232 3409 1465 3482 indpltis
1498 3408 1588 3482 fel.
1628 3426 1738 3467 rec.

182 3427 408 3535 Hegioni
438 3427 595 3482 papae
626 3427 732 3493 ui,
768 3427 915 3534 §uoa
956 3427 1110 3481 prius
1139 3427 1207 3492 ex
1241 3427 1465 3466 inantus
1498 3427 1588 3463 iet.
1628 3427 1738 3467 rec.

166 3478 275 3536 'Pan
337 3479 406 3546 ν,
443 3480 742 3537 Clementis
833 3523 848 3547 ,
891 3480 1185 3535 Alexandri
1232 3478 1378 3545 VIII,
1411 3486 1466 3534 et
1488 3479 1741 3536 Clemen—

165 3551 241 3633 ‘tis
264 3550 356 3617 XI,
397 3550 775 3633 Romanorum
805 3550 1129 3633 pontificum
1140 3551 1609 3633 praedecessorum
1638 3566 1742 3633 no-

180 3628 425 3688 strorum,
457 3621 515 3676 in
538 3620 921 3692 pluribusjam
948 3620 1251 3677 Christiani
1282 3620 1433 3692 orbis
1474 3620 1741 3692 Ecclesiis

292 3692 363 3764 im
411 3692 768 3764 recitabatur,
801 3690 965 3762 atque
988 3692 1204 3764 publice
1229 3698 1283 3764 et
1312 3690 1629 3764 soleinniter
1648 3707 1735 3764 ce-

195 3761 491 3827 ebrabatur,
519 3778 551 3817 a
571 3761 739 3818 Nobis
756 3758 825 3818 ad
850 3758 1155 3833 augendum
1172 3758 1459 3833 cultumHS.
1477 3761 1743 3831 pontiﬁcis

179 3840 223 3903 et
245 3834 580 3902 confessoris,
614 3834 708 3903 qui
743 3833 800 3887 in
840 3831 1203 3903 exstirpandis
1224 3831 1524 3897 erroribus,
1567 3833 1743 3887 eccle-

166 3901 384 3964 siastica
423 3901 710 3973 disciplina
735 3901 1094 3973 restituenda,
1119 3910 1176 3957 et
1210 3902 1589 3973 instauranda,
1611 3918 1743 3973 cor-

168 3974 452 4043 cmptisque
480 3970 729 4031 moribus
753 3972 1117 4028 reformandis
1148 3980 1367 4027 strenue
1388 3988 1452 4028 ac
1474 3970 1745 4029 indefesse

180 4042 483 4109 elaboravit,
511 4045 811 4100 novissime
845 4043 1073 4108 editum,
1100 4042 1465 4099 insurrexisse
1492 4061 1505 4074 '
1598 4086 1601 4087 ν

212 4111 372 4169 ηΗίηο
412 4122 523 4177 est,
560 4116 708 4184 quod
753 4130 857 4168 nos
886 4130 954 4168 ex
995 4114 1177 4168 debito
1215 4114 1506 4184 pastoralis
1546 4111 1740 4184 cilicii,

170 4184 311 4252 quod
360 4182 657 4240 humilitati
718 4191 956 4249 nostrae,
1004 4185 1214 4240 meritis
1264 4182 1390 4238 licet
1433 4191 1489 4239 et
1534 4183 1745 4239 viribus

174 4252 323 4325 longe
354 4255 579 4325 impari,
606 4255 887 4312 commisit
925 4254 1106 4309 divina
1147 4254 1421 4325 dignatio,
1468 4261 1741 4325 nostram,

182 4331 229 4378 et
249 4322 672 4381 ecclesiasticam
707 4324 1090 4380 auctoritatem
1136 4339 1168 4379 a
1193 4322 1516 4394 perniciosis
1546 4323 1745 4394 hujus-

182 4395 313 4449 modi
334 4395 600 4451 laicorum
622 4397 912 4451 conatibus
933 4395 1179 4460 illaesam,
1194 4392 1265 4448 “et
1294 4393 1557 4448 illibatam
1582 4392 1742 4460 tueri,

176 4471 231 4546 et
248 4479 562 4522 conservare
589 4467 991 4546 _volentes,_nec
1018 4479 1128 4519 non
1153 4465 1397 4519 omnium
1415 4505 1429 4531 ,
1459 4471 1513 4519 et
1551 4464 1743 4546 singu—

180 4533 377 4608 lorum,
415 4552 536 4608 quae
587 4536 646 4591 in
686 4522 1056 4608 praem'issis,‘
1078 4550 1176 4590 seu
1216 4522 1428 4608 eorum:
1454 4522 1744 4608 occasione
1774 4522 1819 4577 D

183 4606 364 4675 quovis
384 4604 563 4674 modo,
601 4604 745 4674 acta,
775 4613 831 4661 et
859 4613 1010 4676 gesta
1033 4604 1284 4676 fuerunt,
1309 4605 1539 4676 seriem,
1573 4605 1746 4659 aliave

184 4691 500 4748 quacunque
524 4677 693 4733 etiam
721 4675 1055 4748 speci’ﬁcam,
1078 4682 1131 4730 et
1154 4675 1485 4748 individuam
1506 4676 1744 4748 mentio-

185 4759 315 4818 nem,
346 4756 397 4803 et
414 4745 836 4818 expressionem
874 4746 1230 4818 requirentia,
1266 4745 1625 4818 praesentibus
1645 4759 1745 4818 pro

182 4814 348 4938 plene,
367 4826 421 4874 et
443 4814 773 4876 sufﬁcienter
799 4814 1096 4888 expressis,
1123 4826 1177 4871 et
1201 4814 1402 4872 exacte
1422 4814 1747 4885 speeiticatis

218 4886 454 4938 abentes-
500 4890 567 4938 de
604 4889 1018 4938 aliamnlurium
1069 4887 1464 4938 venerabilium
1512 4885 1744 4938 fratrum

218 4886 454 4955 abentes,
498 4890 579 4961 de,
604 4885 1018 4961 quamplurium
1069 4887 1464 4961 venerabiliuin
1512 4885 1744 4961 fratrum

187 4957 500 5025 nostrorum,
548 4957 711 5014 SCR.
755 4957 815 5015 E.
847 4958 1211 5014 cardinalium
1247 4957 1498 5022 consilio,
1544 4959 1743 5022 edicta,

187 5025 413 5096 decreta,
465 5031 971 5094 senatusconsulta,
1018 5037 1314 5099 praecepta,
1365 5028 1647 5093 mandata,
1694 5035 1749 5082 et

188 5099 391 5174 quasvis
412 5100 548 5174 alias
566 5116 900 5174 quocunque
921 5099 1145 5153 nomine
1164 5099 1748 5174 nuncupatasordina-

1841 542 1911 583 ne
1933 526 2086 582 tarda
2108 541 2206 597 pas
2227 526 2259 581 ξι
2282 528 2486 584 excitcr
2502 526 2557 583 la
2588 525 2778 583 fureur
2796 529 2893 584 des
2923 529 3153 600 suppdts
3173 530 3245 586 du
3271 531 3427 603 galli-

1843 619 2103 675 canisme.
2144 617 2219 672 Le
2241 620 2547 690 parlemcnt
2575 620 2643 677 de
2683 619 2840 677 Paris
2862 623 3060 691 rendit,
3097 640 3168 680 en
3199 624 3324 681 date
3351 626 3424 682 du

1842 713 1913 767 23
1943 711 2139 767 février
2164 711 2414 779 l730,un
2439 714 2586 769 arrét
2602 714 2849 770 contrela
2871 715 3429 785 publication,distri-

1842 805 2035 861 bution
2062 813 2118 860 et
2158 802 2448 861 execution
2492 806 2558 861 de
2588 822 2649 862 ce
2673 805 2812 875 b’ref,
2876 808 3017 864 ainsi
3059 825 3169 880 que
3200 810 3269 866 de
3289 825 3428 867 ceux

1842 895 1938 967 qui
1964 894 2181 950 avaicnt
2223 894 2309 951 été
2360 894 2544 952 lances
2610 906 2800 953 centre
2842 898 2923 954 les
2973 898 3228 971 évéques.
3274 900 3428 956 Cctte

1843 987 2249 1043 cour‘exhalait
2274 1002 2375 1042 son
2426 987 2763 1060 indignation
2816 1006 2917 1061 par
2948 991 3001 1047 le
3046 992 3327 1049 ministére
3359 993 3428 1049 de

1845 1093 1944 1133 son
1974 1077 2127 1133 ﬁdele
2164 1093 2387 1149 organe,
2413 1078 2623 1149 Gilbert
2673 1081 2742 1135 de
2782 1080 3026 1150 Voisins,
3073 1085 3167 1155 qui
3199 1085 3428 1156 s‘expri-

1845 1169 1978 1223 mait
2007 1168 2147 1224 ainsi
2171 1169 2309 1224 dans
2328 1170 2378 1224 le
2408 1168 2575 1225 début
2597 1170 2664 1226 de
2691 1186 2790 1225 son
2827 1171 3170 1242 réquisitoire
3198 1194 3209 1228 :

1922 1279 1941 1311 ι
1970 1259 2142 1331 Aprés
2195 1261 2379 1316 l'arrét
2439 1262 2683 1317 solennel
2712 1279 2820 1333 que
2857 1264 2910 1319 la
2941 1280 3077 1320 cour
3118 1267 3314 1334 rendit,
3355 1283 3427 1323 au

1852 1370 1871 1402 ι
1900 1351 2042 1406 mois
2072 1351 2139 1407 de
2181 1351 2362 1422 juillet
2402 1353 2643 1421 dcrnier,
2698 1371 2795 1410 sur
2848 1373 2949 1413 nos
2992 1359 3361 1426 cunclusions,
3394 1360 3426 1414 ὸ

1853 1461 1870 1494 ‹
1901 1443 2195 1498 l‘occasion
2217 1444 2283 1498 de
2309 1444 2498 1501 Pollice
2520 1446 2585 1501 de
2615 1445 2878 1519 Grégoire
2913 1448 3026 1517 νη,
3068 1466 3209 1507 nous
3234 1452 3428 1507 avions

1852 1553 1871 1585 ι
1899 1534 2005 1588 lien
2041 1534 2108 1589 de
2138 1534 2316 1590 croire
2370 1551 2477 1607 que
2529 1552 2671 1593 nous
2726 1539 3008 1596 n’aurions
3067 1541 3190 1611 plus
3218 1542 3431 1599 d‘autre

1841 1629 1871 1679 ἰ
1900 1627 2088 1682 devoir
2119 1626 2149 1682 ξι
2190 1627 2415 1699 remplir
2455 1645 2552 1685 sur
2594 1639 2679 1685 cet
2711 1631 2876 1701 objet,
2926 1640 2980 1688 et
3027 1649 3136 1705 que
3184 1635 3239 1690 la
3294 1649 3432 1691 conc

1854 1741 1872 1773 ε
1902 1722 1968 1778 de
1995 1722 2166 1779 Rome
2192 1740 2334 1780 nous
2360 1740 2427 1779 en
2449 1725 2725 1781 laisscrait
2749 1718 3201 1785 insensiblement
3233 1730 3432 1802 perdre

1850 1831 1868 1864 ι
1895 1813 1947 1868 la
1979 1811 2262 1869 mémoire.

1919 1921 1938 1955 ι
1962 1901 2098 1959 Mais
2117 1917 2259 1959 nous
2275 1903 2721 1972 reconnaissons,
2751 1922 2882 1962 avec
2902 1907 3151 1977 douleur,
3176 1910 3429 1967 combien

1850 2015 1869 2048 ‹
1899 2011 2001 2052 nos
2028 1995 2351 2067 espérances
2403 2006 2500 2053 ont
2529 1996 2614 2054 été
2661 1998 2958 2070 trompées,
3002 1999 3034 2054 a
3074 2002 3126 2057 la
3160 2018 3266 2058 vue
3295 2003 3429 2059 d’un

1844 2082 1869 2139 i
1897 2086 2023 2143 bref
2044 2088 2111 2143 de
2140 2086 2331 2155 Rome,
2369 2104 2474 2160 quc
2521 2106 2663 2145 nous
2698 2106 2869 2147 avons
2909 2101 3064 2149 entre
3095 2094 3177 2151 les
3224 2095 3427 2162 maius,

1850 2200 1869 2233 ι
1897 2190 1949 2236 et
1982 2181 2109 2235 dont
2161 2198 2229 2235 on
2282 2191 2407 2252 pcut
2452 2182 2567 2237 dire
2616 2183 2747 2255 φρει
2785 2184 2958 2238 rédutt
3002 2201 3065 2239 en
3105 2188 3347 2258 pratique
3375 2186 3432 2242 la

1850 2290 1869 2324 ι
1898 2271 2135 2327 doctrina
2170 2272 2436 2343 répamlne
2465 2272 2598 2327 dans
2625 2274 2803 2343 l'oﬂice
2834 2273 2897 2327 de
2920 2272 3168 2345 Grégoirc
3210 2276 3338 2344 VII,
3360 2294 3430 2334 en

1852 2372 2141 2432 «cassam,
2190 2380 2291 2434 par
2343 2362 2617 2419 l‘autorité
2675 2363 3006 2435 pontificale,
3070 2374 3196 2422 tous
3265 2366 3427 2435 édits,

1840 2446 1871 2508 ’ί
1899 2458 2093 2524 arréts,
2122 2456 2522 2524 ordonnanccs,
2565 2464 2619 2511 et
2648 2464 2833 2512 autres
2878 2465 3027 2513 actcs
3057 2458 3279 2516 émanés
3306 2461 3337 2516 ὸ
3368 2478 3431 2518 ce

1852 2568 1870 2601 ι
1901 2549 2043 2620 sujet
2063 2549 2160 2625 des
2184 2549 2504 2620 puissances
2526 2547 2837 2617 séculiéres,
2861 2548 3037 2606 meme
3054 2553 3427 2611 souvcraines.

1845 2776 2100 2842 invalida,
2144 2775 2299 2848 irrita
2340 2774 2487 2831 etde
2530 2773 2687 2848 facto,
2718 2782 3071 2846 prmsumpta,
3114 2776 3430 2848 nulliusque

1845 2863 2073 2920 prorsus
2107 2847 2322 2902 roboris
2352 2854 2408 2920 et
2430 2846 2694 2901 momenti
2723 2862 2865 2913 esse,
2911 2856 2967 2902 et
2996 2846 3428 2920 perpetuoifoi-e,

1846 2914 2144 2989 apostolica
2200 2917 2528 2972 auctr':ritate
2587 2925 2778 2972 tenore
2829 2914 3209 2987 praise—ntium'
3244 2918 3424 2973 decla-

1846 3004 2058 3044 ramus.

1916 3058 1985 3114 Et
2004 3056 2361 3128 nihilominus
2386 3056 2454 3128 ad
2476 3055 2736 3128 majorem
2762 3057 3052 3128 cautelam,
3084 3066 3138 3112 et
3159 3065 3429 3128 quatenus

1847 3144 1986 3199 opus
2017 3126 2107 3193 sit,
2132 3127 2224 3181 illa
2255 3127 2460 3192 omnia,
2503 3135 2558 3182 et
2603 3127 2816 3198 singula
2847 3128 3041 3199 harum
3069 3126 3207 3183 serie
3244 3128 3428 3183 itidem

1844 3197 2107 3271 perpetuo
2135 3212 2499 3271 revocamus,_
2530 3197 2833 3271 cassamus,
2869 3197 3171 3271 irritamus,
3200 3199 3423 3271 annula-

1845 3267 1992 3335 inus,
2026 3276 2081 3324 et
2102 3268 2404 3335 abolemus,
2449 3267 2770 3339 viribusque
2802 3276 2857 3322 et
2889 3269 3079 3324 etl‘ectu
3115 3270 3353 3339 penitus,
3377 3275 3427 3323 et

1835 3341 2072 3395 omnino
2094 3354 2414 3404 vacuamus,
2438 3354 2503 3394 ac
2520 3353 2621 3409 pro
2638 3339 2935 3405 revocatis,
2960 3340 3221 3404 cassatis,
3237 3340 3429 3405 irritis,
3530 3401 3539 3409 ,

1844 3411 2031 3482 nullis,
2062 3409 2345 3482 invalidis,
2389 3416 2445 3463 et
2485 3409 2739 3482 abolitis,
2790 3410 3111 3482 viribusque
3148 3418 3212 3482 et
3236 3409 3429 3465 eﬂ'ectu

1844 3481 2082 3551 penitus,
2111 3488 2167 3537 et
2195 3479 2419 3533 omnino
2439 3479 2630 3535 vacuis
2662 3495 2878 3550 semper
2909 3479 3099 3535 haberi
3127 3480 3384 3536 volumus
3411 3499 3425 3535 :

1845 3552 2035 3634 sicque
2062 3559 2117 3606 et
2156 3566 2267 3634 non
2311 3551 2469 3632 aliter
2512 3552 2569 3605 in
2594 3551 2901 3634 praimissis
2941 3566 3040 3634 per
3069 3566 3429 3622 quoscunque

1840 3620 2052 3692 iudices
2095 3620 2535 3692 ordinariostet
2577 3620 2904 3692 delegatos,
2928 3620 3105 3692 etiam
3136 3620 3428 3692 causarum

1845 3690 2031 3762 palatii
2054 3691 2338 3762 apostolici
2361 3690 2656 3762 auditores,
2682 3690 2746 3747 ac
2782 3690 2838 3746 S.
2876 3690 2939 3744 Β.
2966 3690 3026 3745 Ε.
3052 3691 3290 3762 praefata:
3311 3707 3421 3746 car-

1844 3761 2073 3829 dinales,
2116 3761 2281 3816 etiam
2324 3761 2598 3833 deflatere
2636 3762 2865 3832 legatos,
2910 3761 3116 3833 aliosve
3158 3762 3428 3833 quoslibet

1885 3846 2173 3903 uacunque
2207 3832 2634 3904 praeeminentia,
2667 3839 2722 3887 et
2749 3840 3015 3902 potestate
3037 3832 3340 3904 fungentes,
3377 3841 3429 3904 ei

1871 3911 2161 3968 uneturos,
2214 3902 2426 3973 sublata
2466 3903 2580 3968 eis,
2629 3911 2685 3957 et
2732 3917 2923 3973 eorum
2973 3902 3197 3959 cuilibet
3237 3903 3428 3973 quavis

1845 3973 2003 4031 aliter
2022 3972 2304 4042 iudicandi
2326 3981 2382 4027 et
2401 3973 2790 4043 interpretandi
2815 3972 3071 4030 facultate
3100 3982 3155 4029 et
3187 3972 3426 4029 auctori-

1830 4052 1976 4111 tate,
1996 4043 2233 4114 iudicari
2257 4051 2312 4097 ct
2326 4042 2551 4114 definiri
2583 4043 2810 4111 debere;
2837 4059 2902 4099 ac
2925 4044 3159 4110 irritum,
3191 4052 3244 4099 et
3268 4044 3430 4099 inane

1845 4115 1891 4170 si
1928 4113 2087 4169 seCus
2127 4129 2292 4184 super
2324 4113 2411 4167 bis
2458 4129 2489 4167 a
2537 4128 2816 4184 quoquam
2869 4116 3064 4184 quavis
3105 4114 3434 4169 auctoritate

1845 4131 1891 4170 δι
1928 4130 2087 4169 secus
2127 4130 2292 4236 super
2324 4130 2411 4167 nis
2458 4130 2489 4167 a
2537 4130 2816 4184 quoquam
2869 4131 3064 4184 quavis
3105 4130 3429 4169 auctoritate

1844 4184 2097 4248 scienter,
2125 4200 2191 4237 ve
2251 4183 2578 4252 ignoranter
2597 4184 2885 4252 contigerit
2913 4185 3188 4249 attentari,
3236 4184 3429 4238 decer-

1845 4253 2050 4319 nimus,
2082 4253 2136 4307 in
2177 4250 2514 4308 contrarium
2557 4250 2885 4308 facientibus
2928 4270 3040 4308 non
3081 4253 3431 4309 obstantibus

1845 4324 2285 4395 quibuscunque.
2350 4362 2365 4395 _.
2834 4392 2866 4395 η
3117 4352 3127 4395 _-

1922 4392 2001 4467 Ut
2031 4390 2211 4467 autem
2235 4393 2456 4467 eaedem
2502 4401 2797 4467 prgesentes
2833 4392 3025 4467 litterae
3067 4392 3137 4448 ad
3179 4390 3429 4467 omnium

1849 4464 2099 4519 notitiam
2146 4462 2361 4520 facilius
2394 4462 2701 4531 deveniam,
2744 4480 2846 4521 nec
2887 4465 3179 4535 quisquam
3210 4463 3429 4535 illarum

1846 4534 2210 4619 ignorantiam
2258 4536 2492 4619 allegare
2541 4536 2745 4619 possit,
2794 4534 3076 4619 volumus,
3123 4549 3189 4589 ac
3226 4534 3430 4618 pariter

1844 4604 2213 4676 decernimus,
2261 4614 2323 4660 ut
2370 4604 2476 4662 illa:
2527 4604 2596 4661 ad
2642 4607 2826 4663 valvas
2876 4606 3115 4661 basilica:
3162 4604 3429 4676 principis

1845 4675 2241 4747 apostolorum,
2274 4693 2339 4731 ac
2381 4677 2720 4733 cancellarite
2767 4677 3107 4747 apostolicae,
3152 4675 3429 4747 curiieque

1826 4746 2113 4817 generalis
2139 4746 2195 4801 in
2220 4756 2403 4803 monte
2417 4747 2701 4815 Citatorio,
2724 4757 2777 4802 et
2799 4745 2851 4802 in
2885 4747 3000 4802 acie
3031 4745 3222 4817 Campi
3254 4745 3430 4802 Flora:

1844 4814 1923 4899 de
1943 4814 2088 4899 Urbe
2104 4832 2210 4899 per
2230 4818 2464 4899 aliquem
2493 4834 2557 4873 ex
2581 4819 2899 4874 cursoribus
2921 4818 3148 4899 nostris,
3169 4814 3235 4872 ut
3258 4817 3430 4899 moris

1844 4895 1949 4960 est,
1992 4887 2356 4957 publicentur,
2390 4890 2715 4960 illarumque
2746 4888 2989 4958 exempla
3032 4890 3231 4944 ibidem
3273 4887 3431 4960 afﬁxa

1848 4958 2243 5027 relinquantur,
2289 4968 2344 5013 et
2386 4959 2464 5014 sic
2492 4958 2796 5029 publicata:
2835 4973 3058 5027 omnes,
3087 4966 3143 5016 et
3187 4959 3433 5029 singulos

1846 5029 1994 5154 quod
2027 5036 2364 5084 concernunt
2388 5028 2614 5099 perinde
2647 5030 2905 5093 alliciant,
2937 5045 3003 5086 ac
3048 5032 3093 5087 si
3133 5028 3434 5099 unicuique

1847 5099 2066 5153 ilorum
2100 5100 2457 5154 personaliter
2480 5100 2774 5154 notificataa
2815 5100 3152 5154 etintimata:
3179 5100 3430 5154 fuissent.

1847 5099 2066 5174 illorum
2099 5100 2457 5174 personaliter
2480 5100 2774 5157 notificata:
2805 5100 3152 5174 etintimatae
3179 5100 3430 5156 fuissent.
