3962 5348
499 260 621 322 ’4279

1529 283 1532 291 λ
1633 227 1653 273 ³
1733 259 1803 318 s.‘
1831 224 2230 320 cumcuius
2265 257 2592 322 vneam.

3669 253 3784 310 280

493 381 666 434 ment
688 376 765 434 'un
786 373 985 450 clergé,
1013 376 1150 434 lsolé
1169 377 1238 433 'de
1259 375 1452 444 Rome,
1477 376 1658 433 meme
1679 377 1818 434 dans
1841 377 1938 434 des
1956 378 2096 434 ‘eho-
2124 383 2172 440 Α
2195 377 2418 444 lenient,
2467 389 2565 432 sur
2597 374 2678 431 les
2717 372 2914 430 choses
2955 372 3022 428 de
3065 371 3117 426 la
3163 362 3409 440 liturgie,
3454 365 3526 424 le
3548 368 3784 439 pouvoir

492 483 604 526 ses
635 469 800 526 d‘une
839 469 1178 540 importance
1207 467 1548 537 secondaire,
1589 478 1750 540 porte
1768 469 2022 541 toujours
2045 469 2099 526 la

511 559 669 630 peine
691 563 760 618 de
779 571 866 618 cet
881 563 1172 619 isolement
1189 575 1290 633 par
1311 561 1392 618 les
1421 563 1857 621 contradictions
1889 579 1958 619 en
1989 565 2098 620 les-

512 653 723 722 quelles
759 652 796 708 il
819 667 880 710 se
899 651 1182 726 préciplte,
1217 653 1439 710 vicume
1458 653 1529 710 de
1552 653 1606 709 la
1636 653 1880 726 position
1915 652 2100 710 fausse

511 742 584 796 ou
607 742 647 797 il
670 745 802 800 s‘est
820 742 992 814 placé.
2056 761 2068 768 ”

553 877 556 880 .
583 837 662 896 En
688 840 990 911 quatrieme
1012 841 1142 910 lien,
1167 843 1300 898 c‘est
1331 856 1405 898 un
1431 842 1702 914 spectacle
1733 837 2014 897 instructi!
2028 839 2096 896 de

505 927 630 984 voir
657 929 738 986 les
771 933 1090 1005 magistrats
1114 932 1376 990 se'culiers
1401 934 1676 1004 s'arrOgcr
1701 940 1824 988 teut
1851 930 2098 988 nature!-

2197 469 2363 540 qu’ils
2403 466 2649 524 rehIsent
2681 466 2713 521 ὲ
2747 465 2921 521 Rome
2959 479 3056 520 sur
3089 478 3153 520 ce
3183 461 3360 533 point,
3395 467 3454 516 et
3491 459 3782 546 raisonner

2197 561 2474 618 d‘ailleurs
2503 574 2635 616 aveo
2653 559 2892 630 justesse
2912 574 3010 616 sur
3029 553 3302 613 l’autorité
3331 568 3442 626 que
3471 553 3656 608 donec
3674 552 3783 608 im-

2199 651 2682 723 manquablement
2723 649 2755 706 ii
2799 666 2875 706 un
2915 649 3016 705 fait
3057 657 3112 705 et
3145 648 3176 703 ξι
3219 661 3330 703 une
3381 643 3622 707 maxime
3673 657 3780 700 son

2199 744 2464 802 iusertion
2500 743 2638 800 dans
2665 741 2744 799 les
2779 740 2944 800 livres
2977 740 3301 812 liturgiques
3331 737 3402 796 de
3437 733 3652 808 l‘Eglise
3679 746 3780 792 ro-

2203 851 2402 895 meme.

2727 1113 3749 1144 MM

2463 1125 2718 1146 im

1367 1443 1370 1452 '
1441 1412 1954 1520 ΝΟΤΙΤΙΑ
2025 1409 2880 1507 DIPLOMATICA.

1372 1631 1681 1704 (Philippus
1709 1630 1894 1696 Jarrt,
1921 1629 2140 1702 chesta
2166 1629 2475 1714 pontiﬁcum
2510 1626 2913 1700 Romanorum.)

1930 1820 2328 1834 m—

573 1965 628 2024 ln
661 1968 991 2026 adornandis
1011 1967 1256 2042 Gregorii
1290 1967 1380 2024 γη
1417 1970 1644 2042 regestis
1672 1955 1804 2024 mihi
1833 1969 2082 2040 contigit,
2119 1973 2162 2028 Β
2227 1943 2347 2024 ἰν.
2389 1966 2770 2024 Giesebrechti
2787 1973 2972 2022 autem
3005 1965 3416 2048 commentatio,
3449 1966 3518 2024 de
3548 1983 3658 2042 qua
3680 1983 3784 2028 su.—

501 2069 562 2115 ut
586 2061 930 2132 optatissime
960 2063 1039 2116 uti
1064 2061 1318 2132 praesidio
1349 2062 1556 2128 liceret,
1589 2061 1734 2132 quod
1761 2061 1983 2131 quidem
2009 2061 2088 2116 si-

501 2151 620 2206 tnm'
668 2152 725 2206 in
783 2153 1078 2209 veterrima
1141 2153 1359 2225 registri
1411 2153 1598 2211 codice
1651 2151 1916 2208 Vaticano
1970 2161 2055 2208 est

501 2245 748 2300 omnium
777 2246 873 2316 qui
915 2255 1134 2302 exstant
1164 2254 1220 2302 et
1257 2262 1424 2303 manu
1461 2245 1792 2324 scriptorum
1837 2244 2088 2300 codicum

499 2345 555 2392 et
583 2336 882 2394 editionum
914 2337 1082 2394 fonte.
1116 2335 1425 2394 Willelmus
1449 2339 1594 2394 enim
1633 2335 1988 2394 Giesebrecht
2021 2334 2085 2392 V.

499 2427 595 2494 cl.,
641 2445 767 2485 eum
812 2415 1090 2488 thesauris
1134 2429 1588 2488 bibliothecarum
1611 2439 1666 2486 et
1686 2429 2087 2489 tabulariorum

499 2517 814 2577 Italicorum
877 2533 1004 2581 ante
1049 2523 1258 2594 aliquot
1310 2539 1486 2580 annos
1541 2522 1743 2579 fruenti
1791 2522 1972 2578 aditus
2021 2523 2090 2579 ad

501 2606 1019 2682 praestantissimum
1057 2614 1209 2670 illum
1267 2615 1511 2672 codicem
1552 2622 1782 2686 pateret,
1823 2615 2089 2687 genuinas

498 2705 620 2774 ejus
659 2705 940 2775 lectiones,
971 2723 1003 2764 a
1030 2707 1232 2780 quibus
1275 2707 1420 2763 haud
1467 2723 1594 2763 raro
1631 2707 1902 2762 editiones
1947 2708 2090 2766 male

497 2797 780 2866 recedunt,
817 2797 1103 2871 diligenter
1136 2799 1474 2870 perscripsit,
1499 2809 1820 2872 posteaque,
1851 2808 1912 2854 ut
1937 2801 2090 2856 locu-

495 2889 759 2960 pletarem
794 2907 977 2948 meum
1011 2893 1236 2961 librum,
1270 2893 1504 2964 benigne
1541 2907 1607 2948 ac
1641 2893 1942 2949 liberaliter
1968 2910 2086 2949 me-

496 2997 622 3038 cum
653 2983 1103 3040 communicavit.
1147 2983 1314 3040 Auxit
1338 2986 1507 3040 etiam
1543 2983 1854 3057 largitatem
1893 2998 2089 3039 mune-

495 3069 595 3138 ris,
639 3075 785 3146 quod
819 3092 944 3132 eum
975 3077 1046 3132 ab
1087 3092 1154 3134 eo
1184 3077 1490 3148 petiissem,
1525 3078 1592 3134 de
1621 3078 1956 3150 proprietate
1993 3093 2090 3134 co.—

496 3165 635 3222 dicis
679 3167 988 3240 virtuteque
1023 3177 1084 3226 ut
1139 3169 1194 3224 in
1235 3185 1418 3226 meum
1468 3187 1629 3226 usum
1671 3180 2088 3242 persequeretur

497 3258 792 3329 scriptura,
816 3275 926 3330 qua
951 3269 1036 3316 est
1065 3260 1326 3316 comitate
1356 3277 1466 3318 non
1497 3260 1784 3329 dubitavit,
1813 3263 1944 3332 quin
1979 3265 2086 3322 uti-

2187 2075 2288 2139 pra
2312 2059 2447 2126 dixi,
2476 2059 2680 2131 scripta
2705 2057 2792 2116 his
2811 2057 2992 2114 verbis
3013 2067 3099 2114 est
3124 2077 3138 2114 :
3757 2117 3762 2122 α

2267 2169 2286 2204 ι
2317 2150 2566 2224 Gregorii
2587 2141 2700 2206 VII.
2736 2148 3071 2222 Registrum,
3096 2151 3244 2222 quod
3267 2167 3444 2224 usque
3473 2151 3545 2210 ad
3589 2161 3782 2212 nostra

2189 2251 2438 2316 tempora
2466 2244 2734 2316 pervenit,
2766 2257 2879 2298 non
2906 2242 3051 2298 idem
3089 2258 3214 2299 esse
3245 2258 3310 2300 ac
3337 2259 3530 2301 verum
3555 2244 3688 2300 illud
3725 2254 3783 2306 et

2189 2335 2510 2408 genuinum,
2541 2335 2689 2406 quod
2732 2334 2950 2406 publica
2993 2334 3322 2392 auctoritate
3371 2335 3504 2392 olim
3559 2346 3781 2407 recepto

2189 2427 2244 2484 in
2265 2427 2418 2484 curia
2453 2425 2699 2484 Romana
2712 2441 2864 2483 more
2885 2427 3250 2498 compositum
3266 2435 3406 2496 erat,
3445 2442 3576 2484 eum
3595 2428 3781 2496 Inqu

2187 2519 2452 2592 epistolte,
2465 2533 2604 2591 quas
2619 2518 2836 2576 aliunde
2855 2527 3016 2576 notas
3039 2520 3246 2576 frustra
3267 2519 3611 2592 quaesiveris,
3642 2521 3780 2584 satis

2189 2613 2506 2682 ostendunt,
2557 2621 2676 2668 tum
2710 2601 2778 2668 ex
2817 2627 2884 2668 eo
2927 2611 3272 2687 intelligitur,
3316 2611 3466 2684 quod
3504 2627 3631 2682 qua:
3667 2612 3781 2682 ipse

2189 2706 2488 2780 Gregorius
2523 2706 2578 2761 in
2603 2705 2698 2762 illo
2733 2706 2939 2778 scripta
2963 2720 3087 2762 esse
3120 2705 3324 2778 apertis
3363 2703 3548 2760 verbis
3589 2703 3778 2772 refert,

2189 2815 2463 2872 nusquam
2489 2797 2840 2870 reperiuntur
2871 2797 2990 2876 (lib.
3017 2813 3116 2865 vn,
3140 2812 3228 2869 ep.
3275 2795 3386 2868 16).
3443 2793 3776 2856 Persuasum

2189 2891 2356 2964 igitur
2392 2891 2680 2955 habemus,
2729 2889 2782 2946 id
2831 2889 2979 2958 quod
3022 2895 3224 2946 vocant
3277 2887 3593 2960 Registrutn
3643 2890 3778 2948 nihil

2187 2999 2310 3040 esse
2339 2983 2506 3050 aliud,
2541 2981 2649 3037 nisi
2675 2981 3052 3038 collectionem
3082 2981 3440 3053 epistolarum
3457 2997 3490 3038 a
3510 2981 3779 3054 scriptore

2188 3075 2377 3144 nescio
2403 3089 2514 3146 quo
2535 3071 2843 3130 confectam
2884 3075 3131 3146 atquein
3173 3075 3350 3131 lucem
3383 3075 3682 3146 prolatam,
3720 3083 3779 3131 ut

2186 3183 2372 3223 rerum
2403 3175 2683 3238 gestarum
2707 3167 2943 3223 curiosis
2967 3183 3067 3238 pro
3094 3167 3240 3222 virili
3257 3175 3412 3238 parte
3440 3169 3775 3236 consuleret,

2188 3274 2559 3330 magnumque
2581 3259 2827 3332 Gregorii
2855 3275 3060 3317 nomen
3091 3261 3396 3332 posteritati
3417 3261 3774 3316 commenda-

497 3327 998 3424 lemﬁgratiamque,
1024 3365 1148 3421 quae
1169 3351 1402 3407 habetur
1435 3351 1597 3419 infra,
1623 3353 1688 3408 ad
1730 3327 1818 3408 me
1831 3327 2088 3410 mitteret
2113 3327 2155 3386 (ἶ
2189 3327 2305 3404 ret.—
2319 3327 2494 3418 Quam
2523 3327 2900 3411 collectionem
2925 3353 3040 3426 jam
3075 3327 3242 3426 paulo
3270 3361 3395 3426 post
3425 3351 3641 3407 obitum
3669 3353 3776 3408 bu-

497 3442 1036 3497 commcntationem.
1068 3439 1335 3512 Equidem
1363 3443 1608 3500 codicem
1637 3442 2090 3512 Vaticanum,_nt
2181 3432 2276 3510 ius
2317 3456 2471 3515 papae
2515 3446 2911 3517 conscriptam,
2949 3461 3187 3517 moxque
3232 3445 3374 3502 etin
3419 3443 3576 3502 Italia
3617 3454 3673 3500 et
3722 3445 3775 3504 in

494 3547 597 3600 par
633 3531 754 3600 fuit,
801 3548 1076 3604 nusquam
1117 3548 1226 3589 non
1271 3544 1527 3602 secutus,
1571 3521 1666 3592 ubi
1712 3537 1982 3595 editiones
2027 3538 2084 3594 in
2185 3531 2477 3592 Germania
2509 3537 2834 3606 innotuisse,
2857 3539 3150 3596 Deusdedit
3180 3537 3474 3594 cardinalis
3491 3535 3776 3593 Romanus

495 3625 772 3681 chronicis
801 3625 974 3696 signis
1008 3625 1204 3681 menda
1240 3626 1543 3696 continent,
1569 3635 1863 3700 utramque
1895 3629 2085 3700 lectio:

497 3731 620 3772 nem
685 3717 828 3774 inter
878 3731 1053 3772 uncos
1123 3717 1388 3789 apposui;
1455 3735 1635 3790 neque
1697 3736 1863 3794 quam
1908 3721 2084 3780 Mansi

496 3807 654 3864 amart
702 3809 907 3866 codicis
963 3807 1288 3866 Mutinensis
1344 3811 1709 3879 varietatem,
1749 3828 1818 3869 ne
1873 3813 2086 3873 deesset

495 3899 707 3970 lectori,
733 3899 1250 3972 praetermittendam
1275 3903 1483 3972 putavi.
1949 3973 1953 3976 ν
1997 3971 2000 3974 ,
2079 3963 2082 3966 .

567 3990 818 4065 Gregorii
873 3993 1034 4048 bullae
1095 3993 1317 4049 nomina
1379 3995 1602 4055 testium
1662 4012 1772 4054 non
1817 3999 2078 4070 praebent.

497 4079 780 4164 Sententia
834 4085 891 4144 in
939 4084 1021 4141 iis.
1049 4085 1250 4158 legitur
1295 4085 1412 4142 haec
1449 4105 1465 4146 :
1499 4085 1905 4149 MISEBATIONES
1936 4106 2080 4160 τυιε,

495 4173 727 4246 nomne,
759 4191 924 4232 SUPER
953 4191 1125 4240 OIINIA,
1147 4181 1318 4234 OPEBA
1349 4194 1454 4236 tua
1483 4178 1596 4252 (10,
1625 4179 1716 4248 29,
1743 4181 1834 4250 52,
1865 4181 1957 4252 40,
1989 4184 2078 4255 60,

494 4263 584 4352 ea,
615 4266 705 4336 τι,
737 4265 856 4340 τι),

500 4353 530 4364 ”
565 4353 795 4431 Scripta:
837 4375 936 4432 per
967 4360 1127 4432 cujus
1159 4354 1386 4418 manum
1435 4363 1598 4420 bullat
1633 4366 1764 4434 sint,
1813 4381 1924 4424 non
1959 4367 2081 4443 plus

493 4460 670 4522 quam.
699 4451 866 4508 semel
896 4451 1174 4508 indicatur
1198 4471 1212 4507 :

525 4531 530 4538 ’
571 4611 576 4616 θ
626 4548 688 4611 ‘p.
730 4559 805 4600 m.
844 4541 1128 4618 Benjamin
1163 4545 1367 4602 notarii
1393 4545 1536 4604 sacri
1563 4547 1756 4618 palatii
1789 4548 2006 4626 (5987)..

567 4629 717 4688 Data:
743 4643 872 4690 sunt

2185 3625 2243 3708 in
2280 3625 2494 3686 collect.
2531 3645 2654 3688 can.
2693 3630 2906 3704 (Steph.
2951 3631 3147 3708 Borgia
3177 3632 3263 3686 del
3295 3631 3534 3686 dominio
3571 3639 3774 3700 tempe.-

2186 3718 2317 3775 mle.
2354 3723 2493 3793 App.
2525 3739 2579 3794 p.
2623 3722 2691 3778 l5
2728 3724 2910 3796 sequ.)
2941 3735 2996 3782 et
3044 3725 3346 3784 Bernoldus
3377 3721 3773 3780 Constantien-

2184 3810 2264 3872 sis
2285 3811 2340 3866 in
2365 3812 2570 3872 Chron.
2602 3817 2672 3872 ad
2705 3833 2910 3874 annum
2938 3817 3076 3874 1085
3102 3825 3268 3877 testes
3289 3823 3437 3873 sunt.

2260 3923 2280 3958 ι
2317 3904 2378 3964 In
2429 3909 2681 3972 undecim
2726 3910 2919 3979 libros,
2970 3926 3208 3982 quorum
3265 3907 3514 3967 decimus
3571 3907 3772 3977 injuria

2183 4013 2494 4077 temporum
2510 4003 2802 4070 interierit,
2825 4018 2966 4074 opus
2988 4001 3317 4074 dispositum
3339 3999 3512 4057 fuisse
3531 3999 3774 4056 editores

2184 4111 2298 4154 uno
2335 4112 2432 4156 ore
2467 4097 2826 4162 conﬁrmant,
2849 4111 3028 4167 neque
3051 4095 3300 4162 dubitare
3323 4093 3602 4160 videntur,
3637 4091 3771 4164 quin

2182 4199 2509 4247 conservato
2553 4189 2707 4262 justo
2762 4187 2954 4244 ordine
3013 4195 3322 4258 temporum
3371 4185 3624 4256 epistola:
3673 4201 3774 4244 suo

2182 4297 2415 4354 qumque
2455 4283 2580 4338 loco
2619 4280 2814 4352 posita:
2847 4279 2976 4337 sint.
3011 4279 3288 4347 Attamen,
3325 4278 3375 4335 si
3407 4278 3578 4349 paulo
3609 4293 3772 4336 accu—

2182 4374 2358 4430 ratius
2385 4373 2824 4446 perlustraveris,
2863 4371 3024 4430 facile
3067 4371 3488 4438 animadvertes,
3528 4369 3659 4427 inde
3704 4371 3772 4426 ab

2183 4461 2340 4522 initio
2363 4465 2494 4523 libri
2517 4481 2595 4522 vn
2622 4479 2817 4522 omnes
2848 4463 2966 4522 fere
2995 4463 3212 4520 litteras
3248 4461 3566 4530 indictione,
3599 4462 3772 4534 plut-ir

2182 4572 2302 4612 mas
2323 4557 2408 4613 vel
2433 4557 2542 4624 die,
2579 4571 2690 4628 quo
2739 4556 2882 4614 date
2913 4556 3047 4625 sint,
3083 4569 3306 4623 carere;
3359 4569 3680 4628 quanquam
3716 4554 3768 4611 in

2182 4649 2462 4720 prioribus
2499 4658 2708 4721 septem
2739 4649 2896 4708 libris
2937 4649 3165 4708 indictio
3194 4658 3250 4706 et
3272 4649 3390 4707 dies
3416 4648 3532 4709 fere
3553 4663 3773 4720 semper

634 4739 670 4798 ρ
730 4741 781 4779 m
843 4724 995 4784 Petri
1018 4725 1076 4784 S.
1109 4725 1190 4785 Β.
1239 4725 1306 4782 Ε.
1351 4730 1642 4805 presbyteri
1673 4731 1968 4788 cardinalis
2018 4749 2083 4788 ac
2115 4715 2160 4771 Ῑ)
2184 4715 2472 4814 diligenter
2492 4715 2851 4800 diliiniuntur.
2881 4739 3026 4798 Fieri
3050 4749 3204 4798 certe
3219 4741 3429 4814 nequit,
3453 4743 3591 4812 quin
3621 4715 3694 4798 ea
3712 4759 3771 4800 re

851 4817 1242 4896 bibliothecarii
1289 4819 1372 4890 (5,
1393 4819 1448 4888 0,
1481 4804 1544 4889 9’,
1579 4821 1670 4889 ιο,
1723 4823 1808 4892 ιε,
1863 4822 2081 4894 20,21,

936 4908 1030 4976 22,
1075 4907 1289 4977 23,24,
1335 4911 1526 4980 29,52
1567 4911 1657 4982 36,
1710 4913 1804 4983 37,
1853 4914 1945 4984 ιο,
1989 4915 2080 4986 54,

941 4997 1036 5066 δι,
1065 4999 1159 5074 62)

644 5104 668 5142 ι
751 5109 770 5142 ι
850 5088 1002 5145 Petri
1027 5092 1336 5149 cancellarii
1365 5103 1520 5168 atque
1558 5097 1853 5152 cardinalis
1893 5097 2008 5170 (59)

644 5197 665 5232 ι
749 5195 769 5230 ι
845 5179 1076 5236 Cononis
1112 5183 1406 5256 cardinalis
1427 5187 1716 5258 presbyteri
1742 5189 1856 5261 (55)

547 5261 552 5266 ’
644 5289 663 5322 ι
748 5290 768 5323 ι
848 5270 1074 5326 Joannis
1108 5271 1169 5328 Β.
1203 5271 1268 5328 Ε.
1303 5276 1516 5332 diaconi
1551 5281 1818 5337 cardinali
1854 5281 1970 5348 (38)

2185 4834 2508 4904 scrupulum
2551 4832 2710 4891 nobis
2733 4833 3034 4906 injiciatur,
3057 4843 3112 4891 et
3143 4834 3335 4892 critica
3370 4843 3490 4890 arte
3524 4836 3772 4894 adhibita

2184 4925 2550 4994 inveniemus,
2573 4941 2922 4998 nequaquam
2951 4943 3042 4995 eo,
3065 4943 3178 4999 quo
3212 4942 3360 4984 nunc
3389 4927 3648 5000 leguntur
3679 4945 3768 4983 or-

2183 5016 2330 5085 dine,
2365 5019 2462 5074 sed
2499 5017 2734 5075 diversis
2757 5021 3117 5092 temporibus
3153 5037 3256 5078 eas
3282 5019 3491 5078 litteras
3531 5031 3768 5092 scriptas

2180 5123 2303 5166 esse
2336 5118 2398 5166 et
2421 5125 2564 5182 saepe
2592 5107 2908 5168 inferiorem
2938 5115 3086 5170 nunc
3119 5113 3302 5170 locum
3349 5113 3619 5180 obtinere,
3645 5128 3767 5185 qua

2181 5187 2502 5272 υιωροείιίε
2545 5201 2719 5258 multo
2761 5203 2976 5274 priores
3007 5205 3339 5262 exstiterint.
3375 5201 3624 5278 Neglexit
3661 5199 3764 5280 igi'»

2181 5301 2291 5348 tur.
2334 5293 2430 5348 aui
2475 5293 2789 5348 Reaistmm
2820 5297 3150 5348 composuit-
3193 5297 3248 5348 in
3293 5306 3546 5348 extrema.
3582 5299 3764 5348 ornaris
