3962 5348
162 344 261 409 28!

1122 345 2020 405 PROLEGOMENA.—NOTITIA
2058 347 2534 408 DIPI.O)IATICA.

162 474 335 531 usque
365 461 439 516 ad
471 460 649 517 ﬁnem
676 460 890 531 septimi
924 461 1050 517 libri
1082 476 1226 518 vero
1255 472 1314 518 et
1346 462 1584 533 genuino
1613 460 1751 517 Gre-
1779 464 1826 523 Α
1854 463 1998 519 hunc
2034 464 2178 519 diem
2208 478 2403 521 annos
2442 462 2678 534 Registii
2710 461 2981 519 editiones
3020 460 3271 532 plurimis
3302 477 3421 532 gra-

161 552 293 621 gorii
316 550 414 605 VII
444 551 708 624 Registro
736 570 871 609 usus
898 568 986 621 ea,
1024 569 1149 624 qua:
1179 562 1370 609 notato
1410 554 1576 624 digna
1604 552 1753 609 vide-

160 643 380 709 bantur,
426 642 565 698 inde
588 645 857 714 decerpsit
895 663 909 698 :
949 646 1123 715 ipsius
1165 661 1320 715 papa:
1343 645 1588 715 litteras,
1625 653 1753 701 acta

160 733 555 801 conciliorum,
609 729 868 805 epistolas
917 737 985 792 ad
1016 752 1219 807 papam
1268 738 1448 805 datas,
1492 746 1655 794 notas
1686 738 1755 794 de

158 823 515 881 ordinatione
556 826 961 897 episcoporum,
990 838 1120 895 etc.,
1160 843 1285 899 qua
1315 830 1499 884 omnia
1539 829 1752 897 eodem,

158 927 265 982 quo
300 913 358 967 in
403 913 674 986 Registro
703 928 880 986 erant,
925 919 1117 974 ordine
1147 920 1201 974 in
1235 936 1394 975 suum
1427 920 1630 977 librum
1658 921 1756 976 de-

159 1005 449 1061 scribenda
484 1008 727 1062 coravit.
770 1008 973 1066 Deinde
1002 1026 1135 1067 vero
1168 1011 1240 1067 ab
1288 1012 1449 1067 initio
1492 1012 1618 1067 libri
1654 1028 1751 1067 vm

160 1096 260 1152 hoc
285 1097 477 1152 valido
502 1100 762 1168 praesidio
783 1101 1094 1169 destitutus,
1119 1104 1235 1160 sive
1263 1102 1574 1174 Registrum
1599 1120 1754 1175 papae.

159 1187 508 1257 gravisshis
571 1191 683 1247 illis
729 1194 1066 1262 temporibus
1122 1193 1477 1266 (10804085)
1526 1197 1755 1250 omnino

160 1291 263 1333 non
299 1277 652 1349 confectum,
689 1282 805 1339 sive
829 1284 1093 1355 Gregorio
1124 1294 1345 1340 mortuo
1378 1284 1593 1340 Salerni
1626 1287 1754 1341 reli-

158 1377 303 1426 ctam
327 1381 479 1438 erat,
514 1374 637 1433 sine
665 1376 876 1443 ordine,
903 1392 1260 1447 quascunque
1286 1376 1401 1434 fors
1438 1386 1494 1433 et
1533 1378 1754 1434 fortuna

160 1476 188 1519 ε
215 1462 454 1521 diversis
482 1465 627 1523 locis
651 1469 703 1522 ei
739 1470 1032 1538 obtulerat,
1059 1470 1323 1540 epistolas
1346 1472 1638 1541 compegit.
1675 1469 1753 1525 Ita

162 1556 429 1613 accidisse
468 1559 710 1627 videtur,
761 1571 825 1617 ut
863 1577 991 1616 cum
1028 1562 1084 1617 in
1112 1562 1295 1633 priore
1328 1570 1483 1631 parte
1518 1563 1755 1634 singulis

162 1648 516 1715 pontiﬁcatus
540 1652 706 1708 annis
730 1653 929 1724 singuli
955 1653 1077 1709 libri
1108 1654 1519 1724 responderent,
1545 1663 1600 1709 et
1637 1656 1754 1725 epi-

162 1740 310 1796 stola:
350 1741 553 1799 eodem
599 1759 747 1800 anno
780 1745 923 1801 data:
954 1746 1145 1802 eodem
1179 1760 1401 1816 quoque
1434 1746 1575 1801 libro
1617 1761 1752 1803 con-

1854 554 2206 624 vissimisque
2254 555 2399 610 vitiis
2448 561 2739 610 scaterent.
2804 552 2938 620 Quae
2980 568 3105 608 cum
3159 552 3235 608 ita
3295 553 3427 620 sint,

1855 643 2015 701 facile
2048 647 2186 701 artis
2226 646 2430 701 criticae
2472 645 2842 715 peritissimus
2879 644 3114 715 quisque
3146 645 3426 712 concedet,

1853 752 2045 793 omnes
2073 740 2427 807 quaestiones,
2458 754 2583 808 qua:
2602 738 2668 795 de
2690 736 2869 793 indole
2893 752 2957 793 ac
2980 736 3297 792 conditione
3321 735 3431 791 Bo-

1853 831 2009 900 gistri
2033 840 2430 900 proponantur,
2455 838 2598 885 totas
2620 830 2674 884 in
2709 829 2813 884 hoc
2837 828 2957 899 ipso
2980 828 3167 883 codice
3195 828 3425 890 Versari.

1854 938 2031 992 neque
2061 923 2245 978 dirimi
2279 937 2461 993 posse,
2493 922 2603 979 nisi
2640 930 2897 978 accurate
2932 921 3279 976 examinatus
3310 918 3429 978 fle-

1852 1016 1949 1070 rit.

1929 1126 1946 1160 ι
1966 1106 2202 1162 Estvero
2214 1106 2665 1161 membranaceus
2677 1106 2734 1160 in
2745 1106 2800 1159 4ο
2812 1104 2943 1160 min.
2955 1147 2969 1171 ,
2991 1100 3216 1158 litterisI
3228 1103 3425 1169 .atinis,

1851 1214 1962 1267 quo
1993 1214 2189 1270 genere
2218 1200 2322 1254 sub
2341 1198 2448 1252 {ine
2470 1212 2594 1253 saec.
2632 1212 2685 1251 xi
2714 1197 2769 1251 in
2796 1213 2902 1252 usu
2925 1204 3103 1263 erant,
3133 1204 3424 1263 exaratos;

1849 1290 1957 1344 258
1982 1291 2109 1346 folia
2139 1292 2401 1345 continet.
2445 1289 2502 1344 In
2538 1290 2717 1360 primo
2755 1287 3114 1359 quaternionc
3144 1294 3268 1357 post
3290 1302 3428 1356 prae—

1851 1383 1963 1437 fixo
1989 1399 2154 1438 manu
2176 1399 2303 1439 saec.
2345 1398 2434 1437 xxv
2482 1382 2687 1452 scripta
2727 1381 3080 1436 inveniuntur
3120 1387 3174 1433 et
3208 1379 3431 1449 privile-

1849 1476 1998 1546 gium
2034 1476 2307 1545 quoddam
2348 1474 2670 1529 monasterii
2715 1473 2857 1542 apud
2893 1471 3146 1526 Bantium
3174 1478 3230 1524 et
3258 1469 3443 1525 docum

1850 1576 2052 1633 menta,
2074 1567 2160 1622 die
2188 1566 2250 1620 10
2281 1566 2487 1621 mensis
2505 1564 2726 1621 Octobr.
2760 1581 2849 1619 an.
2886 1563 3043 1627 1509,
3068 1562 3192 1617 data
3214 1577 3335 1631 qua:
3361 1561 3429 1616 ad

1848 1656 2113 1714 Joannem
2142 1659 2620 1729 'Palaeologum'ad
2660 1656 2956 1711 Ecclesiam
3000 1654 3304 1709 Romanam
3343 1668 3433 1708 re-

1848 1767 2065 1806 versum
2085 1751 2371 1822 pertinent.
2396 1750 2535 1805 Tum
2555 1748 2864 1821 chistrum
2888 1746 3089 1816 excipit
3104 1745 3191 1799 bis
3212 1745 3391 1800 verbis
3414 1762 3428 1798 :

160 1831 542 1904 iungerentur,
577 1835 634 1890 in
669 1837 972 1907 posteriore
999 1846 1153 1909 parte
1177 1838 1268 1893 hic
1297 1838 1431 1894 ordo
1452 1838 1613 1911 plane
1649 1855 1749 1895 ne-
1784 1838 1825 1892 Β
1854 1842 1919 1897 In
1950 1843 2050 1897 Dei
2082 1845 2309 1897 nomine.
2339 1841 2539 1912 Incipit
2564 1841 2698 1896 liber
2722 1839 2923 1911 primus
2961 1836 3191 1907 Registt'i
3220 1835 3432 1906 septimi

164 1924 478 1996 gligeretur.

233 2036 251 2070 ι
281 2015 657 2077 Vehementer
690 2037 825 2078 vero
844 2022 1213 2087 dubitandum
1250 2032 1357 2090 est,
1408 2039 1542 2080 num
1586 2039 1653 2081 ea
1686 2024 1753 2079 li-

165 2106 385 2166 brorum
416 2111 744 2184 descriptio,
768 2130 936 2185 quam
979 2132 1125 2172 nunc
1163 2115 1432 2173 editiones
1471 2117 1750 2183 exhibent,

166 2202 542 2263 auctoritatem
572 2204 782 2288 habeat
798 2208 1104 2264 vetustatis.
1153 2206 1273 2263 ιω
1306 2207 1359 2264 id
1382 2209 1753 2278 suspicionem

168 2301 357 2363 movet,
381 2295 539 2365 quod
562 2294 859 2353 Deusdedit
895 2299 1195 2355 cardinalis
1227 2316 1297 2354 ex
1333 2300 1566 2369 septimo
1591 2300 1753 2369 libro,

169 2383 253 2452 qui
275 2387 421 2455 apud
451 2402 559 2445 nos
588 2388 819 2447 omnino
852 2390 922 2447 28
948 2391 1212 2460 epistolas
1243 2392 1488 2447 continet
1511 2391 1654 2445 '70“n
1701 2400 1756 2448 et

171 2472 321 2545 75⁸³³,
350 2487 407 2533 et
446 2494 516 2535 ex
564 2489 764 2536 octavo
806 2498 1143 2554 quamquam
1201 2484 1257 2537 in
1281 2482 1613 2539 editionibus
1643 2500 1755 2540 non

173 2580 324 2637 supra
390 2571 545 2626 ‘25"!
594 2575 983 2646 progreditur,
1057 2575 1201 2632 29m
1249 2583 1304 2631 et
1359 2574 1504 2628 50m
1545 2575 1751 2631 laudat.

174 2656 316 2743 Quod
337 2664 408 2719 ad
447 2665 747 2737 septimum
782 2668 1003 2741 quidem
1035 2667 1259 2735 librum,
1297 2675 1393 2723 aut
1426 2667 1625 2738 aliquis
1663 2684 1754 2723 er-

176 2766 257 2806 ror
284 2754 337 2809 in
372 2758 625 2815 numeris
656 2760 810 2826 latet,
849 2768 945 2814 aut
994 2759 1289 2816 Deusdedit
1320 2761 1615 2829 exemplari
1656 2775 1757 2815 no-

177 2846 293 2903 stris
340 2848 705 2921 locupletiore
758 2851 1055 2918 utebatur;
1101 2868 1229 2908 nam
1292 2867 1415 2923 quae
1464 2852 1756 2909 laudantur

173 2938 403 3005 epistola:
452 2942 509 2997 in
546 2943 754 2999 nostris
789 2942 886 3000 19α
926 2950 981 2998 et
1024 2942 1124 2998 9.1a
1162 2943 1412 3014 ejusdem
1445 2943 1570 2999 libri
1603 2952 1751 3000 sunt.

178 3024 331 3086 Aliter
362 3033 435 3088 de
466 3042 663 3090 octavo
692 3034 832 3091 libro
856 3032 1200 3091 sentiendum
1230 3044 1331 3101 est,
1360 3050 1437 3091 eae
1464 3036 1610 3091 enim
1638 3036 1755 3107 epi-

179 3122 335 3189 stolae,
366 3140 513 3194 quas
548 3141 617 3181 ex
648 3126 754 3181 hoc
795 3135 1189 3182 commemorat
1232 3143 1378 3182 nunc
1412 3128 1468 3181 in
1504 3143 1650 3183 nono
1686 3128 1753 3183 li-

180 3209 268 3267 bro
296 3217 667 3286 reperiuntur,
710 3217 803 3272 ubi
838 3217 901 3272 ϐα
948 3226 1003 3273 et
1054 3218 1116 3270 7n
1172 3227 1549 3273 numerantur.
1600 3217 1753 3275 Unde
1780 3201 1820 3257 (ἶ

181 3301 232 3356 in
260 3309 507 3377 exemplo
533 3310 654 3380 ejus
679 3316 934 3367 octavum
961 3318 1014 3366 et
1047 3326 1255 3366 nonum
1292 3311 1491 3367 librum
1523 3311 1755 3378 conjun-

181 3403 312 3453 ctum
335 3397 531 3466 fuisse,
554 3402 837 3471 probabile
857 3410 911 3458 et
932 3403 1230 3458 verisimile
1252 3403 1523 3457 videatur.

248 3509 264 3541 ι
289 3488 391 3547 Sed
415 3501 475 3548 ut
502 3494 640 3548 certi
668 3494 874 3564 aliquid
903 3494 969 3549 de
994 3494 1095 3550 hac
1130 3511 1187 3550 re
1207 3502 1533 3561 statuamus,
1564 3495 1630 3550 ad
1660 3510 1754 3551 co-

181 3577 311 3637 dices
340 3582 581 3655 Registri
612 3601 780 3640 manu
814 3586 1051 3655 scriptos
1076 3602 1177 3641 nos
1220 3596 1499 3641 vertamus
1531 3602 1754 3645 necesse

180 3681 269 3726 est.
300 3672 457 3731 Ilaud
499 3692 627 3731 raro
672 3677 729 3731 in
760 3676 1105 3732 bibliothecis
1143 3676 1344 3732 Italicis
1381 3677 1748 3733 inveniuntur.

182 3760 283 3831 Ipse
314 3766 419 3821 iter
446 3783 543 3838 per
576 3767 789 3823 Italiam
819 3767 1044 3835 faciens,
1078 3767 1266 3824 Romae
1290 3770 1430 3825 duos
1467 3770 1521 3824 in
1565 3770 1752 3826 archi-

180 3853 256 3909 vio
308 3856 598 3926 Vaticano,
660 3860 905 3932 quinque
967 3860 1024 3916 in
1090 3860 1418 3915 bibliotheca
1484 3859 1753 3918 Vaticana

182 3943 359 4023 (Codd.
385 3949 551 4018 5797,
587 3952 751 4018 4579,
786 3950 951 4018 12907,
990 3951 1176 4021 5658),
1218 3968 1389 4008 unum
1426 3951 1752 4010 Vallicellia-

182 4054 294 4115 num
329 4040 490 4111 (Cod.
518 4042 582 4099 Ο.
612 4043 699 4115 17)
738 4044 980 4111 revolvi;
1015 4042 1256 4099 Venetiis
1292 4060 1461 4099 unum
1485 4043 1541 4099 in
1566 4045 1756 4100 biblio-

182 4129 324 4189 theca
349 4135 530 4192 sancti
557 4134 727 4191 Marci
749 4136 981 4206 inspexi,
1012 4134 1373 4199 Mutinensem
1407 4136 1594 4191 laudat
1614 4147 1667 4191 et
1698 4137 1753 4191 in

181 4235 324 4279 usum
356 4242 524 4285 suum
563 4227 727 4284 vertit
760 4224 1000 4284 Joannes
1038 4227 1357 4283 Dominicus
1384 4226 1587 4283 Mansi.
1646 4227 1753 4283 Sed

181 4312 355 4388 omnes
400 4318 459 4373 lii
503 4319 628 4377 libri
669 4318 993 4380 recentioris
1039 4327 1171 4374 sunt
1217 4318 1416 4385 aetatis,
1457 4334 1567 4373 non
1629 4328 1754 4375 ante

182 4418 291 4465 Sac.
329 4427 423 4466 xvi
450 4411 536 4466 vel
570 4427 627 4469 ιι
643 4427 683 4467 ιι
719 4410 953 4475 confecti
990 4418 1187 4481 praeter
1230 4425 1401 4465 unum
1442 4410 1621 4477 illum,
1658 4411 1755 4480 qui

1855 1936 2094 2008 Gregorii
2133 1952 2302 2006 papw.
2345 1936 2498 1988 Anno
2522 1934 2800 1987 dominicae
2837 1928 3220 1985 incarnationis
3257 1926 3431 1981 mille-

1851 2030 1984 2083 simo
2038 2025 2271 2095 LXXIII,
2318 2026 2615 2082 indictione
2654 2041 2732 2090 χι,
2780 2022 3047 2094 Regnante
3081 2020 3296 2075 domino
3330 2036 3431 2073 no-

1851 2130 1984 2187 stro,
2020 2129 2125 2176 etc.
2177 2119 2417 2174 Diversis
2458 2117 2712 2173 manibus
2756 2122 3040 2171 exaratum
3083 2118 3186 2179 est,
3232 2111 3431 2168 coaevis

1852 2223 2034 2268 tamen
2057 2221 2112 2268 et
2144 2220 2295 2267 tanta
2320 2208 2696 2273 similitudine,
2718 2214 2779 2262 ut
2800 2222 2893 2261 eas
2908 2203 3181 2261 subtiliter
3195 2203 3431 2258 discerni

1855 2304 1999 2360 haud
2027 2304 2178 2375 parvi
2209 2302 2412 2374 negotii
2440 2301 2545 2367 sit;
2579 2315 2680 2356 nec
2713 2312 2823 2352 non
2857 2297 3057 2368 saepius
3088 2294 3278 2350 eadem
3317 2311 3432 2349 ma-

1855 2412 1982 2464 nus,
2012 2412 2178 2467 quam
2201 2396 2315 2465 jam
2354 2394 2411 2448 in
2455 2392 2637 2464 priore
2675 2389 2856 2460 operis
2882 2396 3035 2461 parte
3058 2386 3432 2456 deprehende-

1852 2488 1950 2555 ris,
1981 2497 2168 2559 postea
2200 2487 2397 2542 iterum
2428 2485 2737 2554 iterumque
2763 2481 3014 2536 recurrit.
3048 2479 3285 2546 Litterae,
3310 2495 3433 2548 qum

1855 2597 2001 2637 nunc
2052 2595 2240 2650 prima:
2304 2585 2584 2649 ponuntur
2642 2576 2698 2630 in
2755 2573 2896 2629 libro
2946 2573 3266 2639 undecimo,
3324 2574 3433 2633 alia

1855 2688 2022 2729 manu
2086 2671 2304 2743 scriptu:
2364 2677 2493 2726 sunt
2547 2683 2611 2722 ac
2678 2664 3064 2738 praecedentes,
3126 2679 3434 2743 rursusque

1854 2780 2019 2820 manu
2052 2765 2211 2834 plane
2243 2763 2313 2817 ab
2353 2761 2441 2815 illa
2472 2760 2687 2814 diversa
2728 2774 2825 2823 cae,
2872 2773 2995 2827 qua:
3030 2764 3337 2826 sequuntur
3377 2764 3434 2810 et

1854 2856 2017 2913 linem
2068 2854 2321 2925 Registro
2370 2853 2679 2923 imponunt.
2728 2849 2901 2905 Multa
2939 2849 3143 2913 deleta,
3190 2854 3431 2912 mutata,

1853 2938 2098 3003 correcta
2122 2945 2384 3011 invenies,
2405 2952 2465 2998 ut
2487 2943 2643 2998 facile
2668 2941 2722 2995 in
2745 2930 3217 2996 eam-sententiam
3234 2936 3432 2991 adduci

1854 3043 2035 3114 possis
2064 3042 2305 3098 codicem
2340 3040 2512 3110 ipsius
2540 3038 2731 3103 fuisse,
2756 3036 2851 3107 qui
2880 3034 3253 3091 collectionem
3277 3031 3434 3087 insti-

1857 3138 2041 3205 tuerit.
2087 3134 2243 3201 Quod
2291 3149 2393 3203 ego
2447 3148 2555 3191 non
2604 3131 2764 3185 enixe
2806 3126 3199 3192 contenderim,
3231 3125 3430 3180 iterum

1854 3244 2084 3284 monens
2124 3227 2241 3282 ﬁeri
2284 3225 2550 3297 potuisse,
2588 3231 2648 3278 ut
2683 3220 2977 3277 Deusdedit
3024 3217 3318 3274 cardinalis
3349 3216 3432 3271 lo-

1854 3319 2150 3393 cupletiore
2170 3317 2425 3387 exemplo
2446 3322 2709 3373 uteretur.
2742 3310 2897 3380 Qu:;d
2920 3310 2987 3367 ad
3011 3306 3431 3378 descriptionem

1854 3413 2142 3479 librorum,
2194 3427 2329 3468 suus
2375 3410 2575 3481 cuique
2625 3407 2814 3463 titulus
2861 3406 3034 3462 rubro
3067 3404 3251 3461 colore
3287 3418 3431 3474 prae-

1855 3503 2091 3571 scriptus
2119 3510 2220 3567 est,
2254 3516 2317 3555 ac
2354 3499 2573 3570 quidem
2611 3497 2802 3552 iisdem
2838 3496 3112 3560 manibus,
3144 3508 3266 3565 quae
3284 3491 3434 3565 ipsas

1838 3593 2112 3663 epistolas
2132 3598 2447 3656 exararunt,
2472 3605 2646 3659 usque
2668 3588 2735 3643 ad
2760 3587 2961 3642 librum
2987 3594 3221 3652 sextum,
3253 3599 3433 3656 neque

1855 3691 2161 3739 memoratu
2202 3682 2485 3753 indignum
2536 3680 2810 3746 videatur,
2859 3677 3104 3734 codicem
3163 3674 3432 3753 Venetum

1854 3776 1957 3830 bos
1994 3776 2369 3833 tantummodo
2414 3792 2510 3831 sex
2546 3774 2791 3844 priorum
2823 3772 3089 3827 librorum
3134 3784 3433 3840 agnoscere

1856 3867 2061 3922 titulos.
2096 3866 2256 3922 Liber
2289 3884 2365 3921 vn
2390 3876 2444 3922 ct
2475 3883 2569 3922 vm
2602 3867 2658 3920 in
2689 3864 2877 3921 codice
2915 3862 3176 3917 Vaticano
3210 3860 3432 3917 eosdem

1854 3961 2095 4030 quidem,
2132 3975 2274 4030 quos
2308 3960 2363 4014 in
2395 3960 2749 4024 cditionibus,
2783 3957 2969 4014 titulos
3001 3955 3201 4023 ferunt,
3227 3968 3434 4024 eosque

1855 4051 2022 4105 rubro
2049 4051 2229 4105 colore
2258 4050 2573 4121 insignitos,
2604 4051 2696 4107 sed
2734 4047 2937 4104 relictis
2976 4045 3191 4103 lacunis
3234 4059 3435 4100 manus

1854 4144 2017 4213 paulo
2054 4143 2345 4209 recentior,
2377 4143 2433 4196 ni
2468 4142 2627 4198 fallor
2651 4158 2776 4198 suae.
2808 4156 2885 4196 xu
2919 4136 3185 4195 exeuntis.
3208 4150 3304 4191 eos
3344 4134 3432 4188 in.-

1855 4233 2095 4303 scripsit.
2144 4232 2390 4302 Denique
2420 4234 2677 4287 librarius
2698 4232 2941 4302 quidam,
2977 4228 3074 4299 qui
3098 4227 3273 4283 multo
3306 4231 3434 4295 post

1854 4322 2172 4380 confectum
2193 4307 2390 4379 librum
2420 4339 2644 4379 manum
2676 4321 2957 4393 imposuit,
2988 4326 3116 4390 post
3144 4314 3432 4388 epistolam

1852 4416 1931 4472 25
1949 4415 2071 4473 libri
2101 4432 2221 4481 V’lll,
2246 4414 2348 4471 ubi
2383 4414 2594 4485 nullum
2616 4429 2749 4471 sane
2776 4411 3037 4481 indicium
3077 4408 3165 4467 vel
3211 4404 3431 4480 signum

181 4500 445 4595 ξΡὲίίίηίοῖ
465 4502 526 4562 in
557 4503 806 4589 θΐοιιίνίο
835 4501 1100 4559 Vaticano
1131 4510 1330 4568 θιδιδιν
1360 4517 1632 4573 quemque
1663 4519 1752 4557 τε·-
1784 4539 1827 4595 D
1855 4510 1983 4565 novi
2009 4508 2129 4564 libri
2149 4496 2380 4574 exstitit,
2403 4488 2520 4563 haec
2547 4507 2709 4563 verba
2734 4492 3043 4561 atramento
3063 4496 3390 4572 interposuit
3414 4515 3431 4554 :

183 4582 449 4662 liquorem
476 4596 726 4651 omnium
755 4588 1014 4666 tanquam
1041 4594 1245 4650 fontem
1272 4602 1329 4648 et
1355 4595 1622 4665 originem
1646 4593 1748 4650 ha-

180 4683 405 4746 bendum
439 4705 583 4757 esse,
608 4688 771 4745 facile
804 4688 1024 4762 probari
1057 4695 1258 4759 potest.
1288 4685 1366 4742 Ex
1389 4687 1581 4743 eodem
1611 4703 1752 4759 quo-

182 4793 271 4848 que
308 4781 584 4841 Antonius
613 4777 831 4836 Caral'fd
865 4779 1075 4850 primus
1114 4778 1431 4850 Registrum
1469 4780 1609 4850 typis
1653 4795 1751 4834 ex-
1798 4802 1803 4803 ί

183 4873 517 4930 scribendum
548 4872 786 4939 curavit,
812 4879 867 4926 et
888 4886 1103 4937 omnes,
1124 4872 1220 4941 qui
1247 4877 1371 4941 post
1401 4886 1531 4926 eum
1553 4886 1750 4925 novam

184 4962 460 5029 editionem
520 4961 927 5021 instituendam
993 4970 1365 5033 susceperant,
1416 4961 1552 5017 nihil
1606 4962 1753 5020 aliud

183 5056 412 5125 egerant,
432 5071 612 5129 quam
643 5064 706 5112 ut
735 5051 967 5110 Caralim
997 5054 1312 5134 lectionem,
1342 5054 1472 5111 licet
1504 5053 1754 5125 plurimis

185 5141 305 5215 locis
332 5148 487 5202 valde
512 5147 857 5213 mendosam,
890 5146 1199 5205 inconsulte
1226 5146 1293 5201 ad
1322 5145 1559 5201 litteram
1599 5161 1755 5217 repe-

185 5242 363 5301 terent,
396 5238 504 5294 nisi
526 5236 667 5295 forte
699 5238 879 5294 lenior
918 5237 1189 5293 sententia
1233 5236 1453 5293 ferenda
1476 5245 1561 5293 est
1593 5245 1649 5292 et
1687 5237 1756 5293 de

186 5323 375 5348 n-_r'~
432 5345 443 5348 -
697 5330 757 5348 ιι.
808 5327 853 5348 ι-
894 5328 1185 5348 ___2__.__._
1228 5329 1244 5348 I
1276 5327 1372 5348 -__j
1404 5329 1537 5348 .____I_
1578 5342 1719 5348 _-_--_

1854 4600 1939 4655 Ea:
1961 4600 2098 4655 libro
2114 4615 2210 4656 vm
2237 4598 2465 4669 Registri
2489 4596 2721 4670 ejusdem
2745 4594 3001 4667 Gregorii
3018 4607 3171 4665 papa:
3197 4588 3429 4661 septimi.

1850 4689 2105 4760 Idemque
2124 4696 2251 4760 post
2271 4688 2554 4760 epistolam
2573 4688 2642 4745 ad
2669 4685 3031 4741 Flandrenses
3049 4680 3265 4756 (Mansi,
3290 4677 3430 4736 Coll.

1851 4798 1998 4839 conc.
2023 4798 2097 4837 xx
2115 4824 2131 4848 ,
2156 4797 2211 4852 p.
2245 4780 2373 4853 370)
2400 4796 2597 4841 novam
2620 4777 3033 4849 inscriptionem
3063 4773 3305 4846 adjecit:
3345 4766 3438 4828 Ιη-

1852 4875 2144 4945 cipitliber
2174 4891 2228 4941 ι,
2262 4884 2378 4931 tum
2404 4891 2536 4941 vero
2563 4873 2801 4931 correxit
2823 4888 2899 4926 ιι.
2925 4867 3167 4943 Singulis
3185 4868 3437 4939 epistolis

1853 4965 2068 5032 scribat,
2083 4982 2215 5022 eum
2236 4966 2417 5036 ipsum
2443 4965 2753 5038 Registrum
2775 4963 3129 5030 conﬁcerent,
3152 4975 3331 5031 neque
3347 4960 3438 5014 in-

1853 5057 2177 5127 scriptiones
2214 5071 2393 5127 neque
2431 5040 2690 5112 numeros
2726 5053 3111 5125 adiunxerunt.
3151 5051 3247 5106 Ille
3284 5065 3438 5118 vero,

1853 5149 1947 5221 qui
1976 5149 2164 5206 titulos
2194 5164 2269 5204 vn
2296 5156 2352 5204 et
2387 5163 2485 5203 vm
2526 5148 2816 5221 supplevit,
2843 5148 3011 5207 etiam
3052 5142 3443 5214 inscriptiones

1852 5240 2102 5311 epistolis
2130 5254 2306 5311 usque
2329 5239 2399 5294 ad
2432 5240 2600 5298 tinem
2639 5239 2876 5312 Registri
2905 5251 2964 5300 et
2994 5250 3260 5303 numeros
3293 5232 3446 5290 Lati-
