3962 5348
1272 0 1331 19 πυ

479 226 605 284 285·
1150 220 1207 276 S.
1248 215 1581 276 GREGOBII
1620 216 1711 272 Vll
1744 216 1950 273 ΡΜ)Αέ
1989 215 2274 275 OPERUM
2313 218 2496 275 PARS
2531 217 2573 274 1.
2611 249 2683 260 ——
2717 215 3137 275 REGISTRUM.

476 343 575 414 qui
594 341 843 398 indicem
858 337 1094 411 Registei
1120 335 1451 408 composuit.
1484 334 1746 406 Epistolis
1766 335 1914 391 enim
1936 334 2074 391 Gre-
2101 338 2148 396 A

3648 208 3775 276 est.

2319 336 2642 393 Undecimus
2663 337 2820 392 habet
2843 336 3096 408 epistolas
3123 335 3279 390 duas.

478 432 741 506 gorianis,
768 428 806 485 l‘.
836 429 944 484 9.37
970 428 1036 484 ad
1065 428 1229 482 ﬁnem
1261 426 1563 498 perductis,
1592 426 1650 481 in
1682 426 1772 494 iis,
1814 442 1940 497 quae
1981 441 2071 481 re-

480 532 629 580 stant
669 522 814 578 foliis
853 536 978 577 saec.
1011 536 1100 575 xiv
1148 518 1309 574 index
1356 519 1574 575 additus
1620 526 1727 587 est,
1766 519 1873 575 hoc
1906 519 2068 574 modo

486 612 703 668 initium
731 626 957 666 sumens
985 630 997 664 :
1806 622 1810 627 '

557 722 574 754 ι
596 701 796 771 Incipit
819 698 1123 771 Registrum
1140 699 1490 771 epistolarum
1515 711 1567 755 et
1588 699 1934 754 conciliorum
1968 700 2068 754 do-

481 794 611 849 mini
642 792 883 847 Greaorii
912 792 1123 862 septimi
1145 791 1472 846 sanctissimi
1493 800 1544 846 et
1566 790 1939 862 gloriosissimi
1958 790 2069 846 Ro-

482 901 760 938 manorum
788 885 1089 955 pontiﬁcis,
1112 885 1202 955 qui
1238 884 1434 938 electus
1467 884 1570 955 fuit
1594 894 1712 955 post
1733 893 1951 938 mortem
1970 883 2069 938 do-

479 976 609 1029 mini
631 975 925 1031 Aleazandri
949 975 979 1029 Ι
986 974 1015 1029 1
1045 977 1101 1030 in
1113 975 1337 1032 ecclesia
1366 974 1553 1031 Sancti
1579 974 1899 1045 Saluatoris,
1930 990 2069 1029 anno

477 1064 775 1121 Dominica'
803 1067 1187 1121 incarnationis
1215 1066 1502 1123 MLXXlll.

543 1181 574 1212 τ
589 1159 1020 1215 [labetur-autem
1033 1162 1088 1215 in
1108 1161 1204 1215 hoc
1222 1161 1359 1215 libro
1377 1161 1491 1232 ejus
1518 1163 1773 1217 memoria
1789 1178 1882 1233 per
1902 1178 1958 1216 χι
1973 1178 2072 1215 an-

479 1271 575 1313 nos
601 1263 828 1323 tantum,
858 1255 1145 1311 secundum
1174 1272 1305 1327 quos
1324 1256 1569 1312 uolumen
1604 1256 1702 1311 hoc
1722 1258 1778 1310 in
1807 1271 1862 1310 ιι
1904 1254 2071 1309 libros

481 1348 711 1421 partitus
730 1354 829 1415 est,
873 1348 1033 1418 gestis
1069 1347 1185 1418 ejus
1212 1346 1437 1420 singulis
1467 1347 1687 1402 illorum
1725 1361 1986 1402 annorum
2014 1346 2073 1401 in

482 1456 590 1495 uno
615 1440 752 1495 libro
776 1441 1055 1497 contentis.

625 1529 800 1585 Habet
821 1532 1024 1601 primus
1052 1530 1188 1585 liber
1215 1530 1469 1602 epistolas
1498 1546 1713 1585 numero
1734 1529 1824 1585 84.

624 1623 898 1680 Secundus
924 1642 1043 1680 vero
1069 1625 1225 1679 habet
1246 1625 1497 1696 epistolas
1533 1641 1747 1679 numero
1771 1623 1857 1680 76.

2246 448 2265 481 ι
2286 427 2354 482 In
2385 429 2616 501 quolibet
2636 428 2772 483 libro
2796 438 2873 484 est
2908 428 3207 499 Registrum
3228 427 3599 483 celebrationis
3632 444 3763 482 con-

2170 519 2306 588 cilii,
2339 521 2478 592 quod
2502 522 2559 574 in
2584 519 2813 591 quolibet
2847 512 3071 573 istorum
3095 535 3354 573 annorum
3388 517 3583 589 legitur
3623 517 3763 571 cele-

2170 614 2368 668 brasse.
2425 611 2561 668 Sunt
2611 612 2781 667 multa
2839 613 3005 666 etiam
3064 612 3367 683 principum
3417 612 3760 682 juramenta,

2170 703 2356 774 aliqua
2391 703 2602 758 decreta
2636 711 2689 759 et
2745 702 3072 774 hujusmedi,
3112 719 3232 774 qua
3294 703 3351 757 in
3392 703 3511 773 ipsa
3570 700 3765 757 tabula

2170 794 2450 866 pateﬁunt.

2251 906 2269 939 ι
2290 885 2369 942 Ex
2405 887 2499 954 iis,
2539 902 2662 958 quae
2679 887 2945 944 hactenus
2978 886 3048 942 de
3070 885 3256 943 codice
3275 885 3541 941 Vaticano
3562 885 3762 955 dispué

2169 980 2301 1048 tavi,
2325 979 2617 1037 manifesto
2650 980 2760 1037 nisi
2794 978 2973 1047 fallor,
3002 987 3170 1050 patet,
3193 976 3446 1049 Gregorii
3491 977 3764 1049 epistolas

2171 1072 2472 1144 antiquitus
2496 1073 2550 1127 in
2575 1079 2720 1140 octo,
2744 1085 2855 1126 non
2881 1072 2936 1126 in
2961 1070 3214 1126 undecim
3237 1069 3409 1125 libros
3434 1064 3764 1124 distributas

2171 1161 2361 1230 fuisse,
2386 1171 2441 1218 et
2462 1162 2538 1218 ita
2561 1163 2803 1234 quidem,
2838 1169 2900 1217 ut
2923 1162 3138 1232 priores
3167 1168 3375 1231 septem
3409 1158 3539 1213 libri
3575 1173 3646 1212 ex
3673 1172 3766 1211 or-

2171 1255 2299 1311 dine
2336 1256 2455 1311 veri
2495 1256 2740 1328 Registri,
2769 1256 2836 1311 ad
2891 1255 3143 1327 singulos
3185 1268 3359 1309 annos
3406 1250 3764 1324 pontificatus

2171 1346 2585 1417 responderent,
2622 1346 2679 1401 in
2723 1354 2978 1402 octavum
3018 1358 3151 1400 vero
3206 1343 3451 1414 reliquas
3496 1342 3766 1412 epistolas

2173 1455 2442 1498 annorum
2469 1441 2684 1496 ratione
2707 1453 2817 1495 non
2838 1438 3026 1494 habita
3052 1437 3292 1508 scriptor
3310 1435 3588 1506 rejiceret.
3619 1433 3765 1488 Tan-

2174 1539 2291 1586 tum
2320 1546 2451 1603 ergo
2477 1531 2653 1598 abest,
2685 1536 2748 1585 ut
2779 1529 3026 1585 decimus
3050 1528 3189 1583 liber
3222 1526 3423 1598 injuria
3449 1534 3765 1595 temporum

2174 1606 2474 1691 interierit;
2497 1632 2559 1680 ut
2578 1639 2706 1679 vere
2734 1637 3017 1693 nunquam
3043 1620 3333 1677 exstiterit.
3363 1618 3551 1674 Prima
3588 1617 3767 1673 since-

2106 1691 2149 1746 Β
2179 1731 2351 1786 raque
2380 1714 2617 1786 Registri
2646 1691 2935 1783 dispositio
2957 1718 3145 1781 postea
3173 1711 3288 1781 jam
3319 1709 3376 1764 in
3417 1708 3541 1779 ipSo
3579 1705 3767 1763 codice

2182 1804 2448 1861 Vaticano
2475 1820 2506 1859 a
2533 1802 2761 1859 librario
2796 1803 3036 1874 quodam
3067 1809 3275 1856 mutata
3297 1807 3403 1866 est,
3431 1798 3527 1869 qui
3553 1798 3767 1852 ratione

2182 1900 2366 1970 operis
2423 1898 2650 1953 minime
2695 1904 3015 1968 perspecta,
3065 1910 3258 1951 omnes
3311 1893 3434 1964 ejus
3478 1893 3657 1948 libros
3711 1892 3763 1947 in

2184 1992 2430 2063 singulos
2452 1990 2802 2061 pontiﬁcatus
2831 2003 3008 2043 annos
3024 1985 3319 2043 convenire
3336 1983 3513 2039 voluit
3538 1991 3595 2038 et
3628 1982 3769 2036 hanc

2185 2083 2257 2138 ob
2276 2097 2503 2138 causam
2529 2091 2783 2137 octavum
2811 2081 3013 2135 librum
3039 2080 3097 2134 in
3121 2078 3306 2151 plures
3335 2076 3549 2132 dividit.
3592 2073 3766 2141 Quam

514 2206 521 2209 τ
632 2176 862 2231 Octavus
892 2186 1068 2231 autem
1093 2176 1245 2231 habet
1269 2176 1520 2247 epistolas
1548 2175 1640 2230 23.
2186 2191 2384 2231 novam
2411 2176 2677 2231 librorum
2705 2174 3149 2230 distributionem
3184 2171 3380 2228 deinde
3405 2170 3658 2242 plerique
3678 2183 3770 2225 co-

628 2265 818 2325 Nonus
848 2264 964 2322 vero
985 2265 1142 2322 habet
1161 2267 1416 2338 epistolas
1441 2267 1530 2322 35.
2184 2266 2337 2320 dices
2361 2275 2416 2321 et
2453 2280 2646 2322 omnes
2680 2265 2950 2321 editiones
2983 2280 3048 2321 ex
3087 2262 3275 2320 codice
3311 2260 3577 2318 Vaticano
3636 2274 3771 2315 ecc-

633 2358 881 2413 Decimus
908 2376 1024 2414 vero
1047 2359 1182 2414 liber
1207 2376 1310 2414 non
1337 2368 1436 2427 est,
1468 2358 1548 2413 uel
1568 2366 1647 2414 est
1675 2375 1826 2414 error
1855 2359 1911 2413 in
1940 2359 2081 2418 libra
2188 2370 2406 2433 perunt.

696 2458 749 2505 et
777 2452 1073 2521 particione
1101 2452 1383 2507 librorum.

631 1715 840 1771 Tertius
864 1733 985 1771 vero
1010 1715 1166 1770 habet
1185 1715 1439 1786 epistolas
1465 1731 1684 1770 numero
1704 1714 1794 1770 21.

629 1806 866 1873 Quartus
888 1808 1042 1862 habet
1065 1807 1320 1878 epistolas
1341 1821 1558 1862 numero
1577 1806 1670 1862 28.

510 1928 515 1929 ί
629 1898 861 1965 Quintus
886 1899 1039 1955 habet
1059 1899 1312 1968 epistolas
1336 1915 1553 1954 nuner
1575 1899 1666 1954 23.

623 1992 817 2047 Sextus
842 1992 997 2047 habet
1020 1992 1273 2064 epistolas
1306 2008 1525 2046 numero
1549 1991 1639 2046 40.

629 2085 896 2157 Septimus
927 2086 1139 2157 quidem
1174 2085 1330 2140 habet
1362 2083 1615 2156 epistolas
1650 2083 1741 2138 27.

1404 2580 1415 2587 ’
3697 2577 3699 2589 γ

1404 2580 1415 2587 υ

503 2588 1266 2627 meum

1064 2760 1783 2921 'SANCTI
1865 2762 2070 2920 Gl

2183 2642 2795 2917 EGORll
2871 2759 3151 2915 VII
3430 2906 3439 2917 κ

1794 3030 2177 3091 PONTIFICIS
2214 3029 2479 3088 ROMANI

900 3200 1360 3379 ornant
1410 3220 1715 3377 rus
1767 3216 2189 3375 PRIMA.
2228 3282 2409 3311 --
2441 3215 3100 3398 REGIS'I‘RUM
3137 3182 3304 3269 (θ’θ’

1490 3490 1717 3563 (Μωει,
1770 3488 2037 3556 Concilio,
2093 3496 2229 3544 tom.
2284 3487 2407 3557 XX,
2464 3488 2568 3544 col.
2628 3487 2756 3559 60.)

1907 3627 2368 3644 _————

526 3766 527 3769 η
562 3732 725 3790 Anno
755 3731 1053 3790 Dominica:
1079 3735 1479 3792 incarnationis
1508 3735 1804 3790 millesimo
1830 3734 2242 3806 septuagesimo
2264 3734 2449 3801 tertio,
2479 3734 2777 3791 indictione
2804 3734 3114 3790 undecima.

563 3825 848 3896 Regnante
873 3825 1111 3882 Domino
1142 3826 1274 3883 Jcsu
1303 3826 1549 3894 Christo,
1588 3841 1737 3882 anno
1766 3826 2211 3884 clementissimae
2250 3826 2645 3883 incarnationis
2669 3827 2790 3897 ejus
2830 3827 3122 3883 millesimo
3157 3824 3564 3907 septuagesimo
3591 3825 3763 3892 tertio,

495 3917 799 3973 indictione
825 3927 882 3973 et
899 3919 1032 3974 luna
1058 3920 1373 3988 undecima,
1408 3935 1441 3975 ι
1467 3917 1743 3975 Kalendas
1764 3917 1914 3986 Maii,
1941 3917 2079 3974 feria
2101 3920 2363 3984 secunda,
2392 3920 2481 3976 die
2504 3920 2800 3990 sepulturae
2824 3920 3034 3975 domini
3060 3918 3353 3976 Alexandri
3382 3921 3545 3974 bona:
3570 3932 3763 3974 memo-

496 4010 599 4068 riae
627 4010 855 4066 secundi
880 4027 1053 4081 papae,
1087 4027 1159 4071 ne
1180 4013 1341 4069 sedes
1362 4011 1668 4083 apostolica
1693 4010 1788 4067 diu
1831 4010 2017 4082 lugeat
2043 4012 2269 4082 proprio
2301 4013 2566 4069 destituta
2610 4021 2851 4084 pastore,
2896 4013 3213 4085 congregati
3257 4013 3312 4067 in
3357 4012 3585 4068 basilica
3626 4008 3763 4065 Beati

498 4101 649 4159 Petri
673 4102 743 4157 ad
767 4100 1023 4172 Vincula,
1044 4119 1156 4160 nos
1181 4111 1389 4161 sanctas
1413 4103 1678 4161 Romanae
1700 4103 1991 4161 catholica:
2011 4113 2067 4160 et
2089 4105 2407 4176 apostolica:
2436 4105 2699 4162 Ecclesiae
2723 4106 3049 4171 cardinales,
3095 4105 3303 4171 clerici,
3352 4104 3614 4176 acolythi,
3648 4101 3765 4159 sub-

493 4194 732 4260 diaconi.
753 4195 993 4262 diaconi,
1021 4197 1346 4269 presbyteri,
1374 4196 1743 4267 praesentibus
1765 4196 2174 4253 venerabilibus
2198 4198 2473 4269 episcopis
2494 4207 2550 4254 et
2573 4199 2884 4267 abbatibus,
2908 4199 3124 4255 clericis
3147 4207 3203 4254 et
3224 4198 3515 4253 monachis
3541 4210 3762 4253 consen—

499 4287 789 4355 tientibus,
819 4288 1076 4358 plurimis
1098 4286 1273 4344 turbis
1300 4289 1593 4360 utriusque
1618 4304 1787 4345 sexus
1814 4288 2127 4359 diversique
2154 4289 2364 4346 ordinis
2394 4291 2848 4359 acclamantibus,
2880 4292 3134 4362 eligimus
3156 4291 3317 4346 nobis
3338 4289 3393 4345 in
3427 4297 3698 4360 pastorem
3717 4292 3764 4340 et

502 4395 782 4435 summum
806 4380 1125 4450 pontiﬁcem
1153 4380 1337 4436 virum
1360 4381 1703 4452 religiosum,
1738 4380 1972 4451 gemina)
2014 4379 2259 4436 scientia:
2300 4382 2591 4451 prudentia
2621 4383 2938 4453 pollentem,
2970 4383 3248 4454 aequitatis
3272 4391 3328 4438 et
3368 4382 3603 4453 iustitia:
3636 4393 3762 4452 prato

503 4472 905 4529 stantissimum
932 4479 1260 4538 amatorem,
1286 4472 1343 4528 in
1369 4472 1616 4529 adversis
1640 4472 1860 4539 fortem,
1886 4471 1941 4527 in
1982 4472 2262 4543 prosperis
2285 4480 2670 4543 temperatum,
2713 4484 2800 4541 et,
2844 4476 3001 4547 juxta
3046 4475 3292 4546 Apostoli
3339 4475 3572 4540 dictum,
3618 4471 3765 4529 bonis

503 4562 752 4620 moribus
775 4573 1054 4631 ornatum,
1085 4564 1366 4636 pudicum,
1396 4565 1725 4631 modestum,
1751 4563 2022 4632 sobrium,
2046 4573 2282 4632 castum,
2307 4566 2659 4636 hospitalem,
2684 4568 2912 4623 domum
2932 4584 3091 4624 suam
3120 4568 3260 4623 bene
3290 4576 3571 4639 regentem
3605 4564 3762 4637 (345),

504 4654 565 4708 iu
594 4655 805 4725 gremio
824 4657 991 4728 hujus
1015 4656 1210 4714 matris
1230 4655 1489 4714 Ecclesiae
1512 4673 1543 4712 a
1564 4655 1799 4727 pueritia
1821 4656 1957 4712 satis
1978 4656 2237 4712 nobiliter
2260 4658 2552 4714 educatum
2579 4668 2635 4715 et
2659 4660 2903 4727 doctum,
2931 4668 3095 4731 atque
3118 4675 3219 4731 pro
3241 4661 3368 4716 vitae
3389 4660 3589 4715 merito
3615 4659 3668 4712 in
3688 4672 3765 4710 ar-

508 4747 929 4805 ehidiaconatus
961 4752 1230 4807 honorem
1254 4765 1433 4821 usque
1465 4750 1630 4805 hodie
1655 4749 2033 4815 sublimatum,
2082 4748 2510 4806 Hildebrandum
2558 4752 2811 4809 videlicet
2854 4752 3327 4821 archidiaconum,
3373 4767 3538 4823 quem
3562 4768 3594 4807 a
3618 4748 3763 4806 modo

504 4837 562 4912 [e
586 4840 772 4913 modo]
800 4857 977 4912 usque
1000 4843 1057 4897 in
1078 4843 1476 4914 sempiternum
1506 4852 1708 4899 etesse
1727 4850 1783 4897 et
1804 4842 1913 4897 dici
1939 4841 2267 4913 Gregorium
2310 4858 2507 4913 papam
2529 4853 2585 4900 et
2626 4846 2988 4915 apostolicum
3008 4846 3267 4901 volumus
3311 4852 3368 4901 et
3411 4845 3762 4916 approbamus

506 4932 844 5006 [approbatis
891 4936 1062 4989 eum?
1105 4934 1521 5008 approbamus].
1568 4934 1756 4990 Placet
1792 4933 1996 4989 vobis?
2042 4934 2241 5004 placet.
2312 4934 2492 4994 Vultis
2548 4938 2727 4993 eum?
2781 4939 3059 4994 volumus.
3130 4936 3392 4994 Laudatis
3448 4937 3620 4994 cum?
3662 4936 3763 4989 lau—

516 5027 734 5083 damus.

577 5119 712 5174 Acta
736 5118 946 5184 Romae,
978 5117 1190 5174 decimo
1215 5116 1489 5173 Kalendas
1509 5115 1660 5179 Maii.
1687 5115 1990 5173 indictione
2015 5116 2319 5173 undecima.
3763 5182 3775 5236 ξ

591 5226 723 5236 .--μ
761 5229 798 5236 ..
994 5228 1025 5236 _
1195 5226 1410 5236 μη.--
1490 5229 1503 5236 -
1737 5228 1749 5236 .
1837 5226 1883 5236 ..
1929 5226 1957 5236 ν.
2129 5211 2168 5236 n
2204 5210 2491 5236 “nanus-.-
2543 5220 2591 5236 ..ι
2623 5210 2825 5236 ..-Αε..ε-
2878 5212 3134 5236 .i:__:.-.-
3180 5212 3557 5236 _.._-_:..-_...
3636 5200 3758 5236 ..η-ιη’

532 5236 535 5237 ⁷
581 5226 730 5302 (542)
758 5229 949 5302 Exstat
985 5226 1685 5302 Gregqriinlllegistrum
1736 5228 1792 5302 in
1837 5226 2065 5302 vatican

2204 5210 2493 5302 sanctitate
2540 5220 2595 5267 et
2619 5210 3137 5302 ordinis‘dignitate
3180 5212 3579 5302 praeeminerjet,
3634 5200 3773 5302 quot".

512 5280 959 5348 crinisatas
996 5280 2096 5348 si}?manans:amnissimis;sui
2203 5280 2357 5335 illum
2388 5282 2559 5336 latere
2603 5297 2711 5336 non
2763 5280 2964 5348 ροιθνίῑ
3014 5280 3332 5348 quicunque
3363 5282 3610 5348 eiusdem
3644 5291 3761 5348 990‘
