3962 5348
1246 371 1452 428 LIBER
1483 372 1765 429 PRIMUS.

1804 403 1865 412 ——
1908 368 2130 429 l-ZI’IST.
2170 370 2267 428 Ill.
3284 368 3392 433 286

141 502 2160 536 W

965 596 1522 687 REGIS'I'RI
1600 592 1965 683 LIBER
2036 589 2523 681 PRIMUS.

597 748 934 805 EPISTOLA
978 746 1215 803 PRIMA.

448 850 463 857 ”
534 881 605 920 ΑΒ
664 880 988 920 υιῖςωειιιωι
1036 879 1301 919 ABBATEI.

698 959 881 1027 (Anno
917 956 1103 1025 1075.)

144 1052 355 1109 Nuntiat
371 1069 425 1106 se
466 1052 691 1105 inritum
720 1052 774 1105 in
804 1050 1070 1104 demortui
1111 1049 1403 1105 Alexandri
1436 1050 1704 1120 pontiﬁcis

199 1123 712 1192 locum__szlfectum.
748 1121 913 1188 Rogat
944 1130 1004 1175 ut
1039 1120 1207 1174 Deum
1239 1138 1335 1192 pro
1364 1138 1420 1176 se
1461 1121 1705 1192 deprece-

202 1206 297 1262 tur,
324 1192 467 1266 ε.
502 1211 559 1249 se
589 1194 908 1266 quantocius
943 1192 1137 1246 veniat.

202 1310 493 1365 Caesones
518 1307 574 1364 in
611 1306 923 1362 Romanum
957 1304 1273 1376 pontiﬁcem
1308 1306 1515 1361 electus
1552 1304 1708 1360 Der-u-

143 1416 282 1456 ncino
300 1398 443 1469 (ΞΗ)
460 1398 646 1453 abbati
670 1396 986 1453 monasterii
1011 1394 1197 1451 Sancti
1218 1393 1491 1450 Benedicti
1510 1394 1708 1453 Montis

144 1493 327 1549 Cassini
360 1494 597 1549 salutem
623 1494 677 1548 in
712 1492 936 1549 Christo
968 1491 1121 1549 Jesu.

206 1582 452 1640 Dominus
504 1591 697 1640 noster
745 1598 885 1655 papa
935 1583 1248 1639 Alexander
1304 1591 1556 1637 mortuus
1600 1590 1706 1648 est,

145 1675 280 1745 cujus
327 1689 475 1731 mors
530 1690 699 1745 super
745 1690 835 1730 me
889 1674 1108 1740 cecidit,
1163 1682 1219 1729 et
1261 1673 1447 1729 omnia
1498 1672 1709 1729 viscera

146 1783 245 1823 mea
270 1769 605 1833 concutiens,
639 1767 859 1839 penitus
884 1768 1254 1824 conturbavit.
1289 1765 1425 1824 Nam
1450 1766 1506 1821 in
1533 1774 1714 1823 morte

147 1860 336 1929 quidem
369 1860 491 1929 ejus
520 1858 803 1916 Romanus
836 1860 1094 1930 populus,
1131 1866 1323 1915 contra
1356 1873 1590 1923 morem,
1635 1857 1710 1912 ita

147 1950 340 2021 quievit,
371 1951 425 2006 in
476 1966 648 2006 manu
685 1960 873 2008 nostra
923 1952 1142 2009 consilii
1199 1949 1354 2007 frena
1390 1950 1600 2006 dimisit
1650 1957 1713 2005 ut

147 2042 391 2097 evidenter
421 2053 713 2113 appareret
744 2059 810 2098 ex
850 2042 943 2098 Dei
974 2043 1351 2101 misericordia
1384 2042 1489 2099 hoc
1516 2057 1711 2113 prove-

1731 751 1779 809 Α
1804 750 2031 798 caeteros
2047 736 2330 809 religiosos
2347 736 2496 793 viros
2509 735 2564 792 in
2583 735 2831 808 partibus
2844 734 2954 792 illis
2966 746 3395 800 commorantes.

1806 833 1872 889 ad
1899 830 2242 888 exorandum
2280 828 2451 884 Deum
2485 842 2588 901 pro
2622 842 2712 883 me
2744 842 2812 882 ex
2846 843 2974 883 vera
3009 829 3277 885 charitate
3308 831 3395 885 in;

1804 922 1965 990 vites,
1994 929 2057 977 ut
2075 920 2254 976 oratio
2283 934 2407 991 qum
2435 934 2524 975 me
2544 918 2781 974 liberare
2813 917 3024 984 debuit,
3057 934 3127 974 ne
3152 919 3401 976 incurre-

1806 1030 1931 1071 rem
1953 1013 2280 1085 periculum,
2310 1012 2502 1068 saltem
2536 1019 2756 1067 tueatur
2775 1010 2830 1065 in
2856 1010 3101 1081 periculo
3128 1013 3392 1082 positum.

1808 1106 1891 1162 Tu
1923 1114 2105 1162 autem
2140 1105 2259 1175 ipse
2292 1103 2624 1175 quantocius
2656 1104 2724 1159 ad
2756 1118 2859 1158 nos
2904 1103 3093 1159 venire
3118 1119 3228 1159 non
3261 1119 3403 1175 pra:-

1808 1200 2081 1255 tcrmittas
2113 1197 2208 1268 qui
2229 1205 2495 1268 quantum
2534 1195 2779 1251 Romana
2816 1194 3058 1251 Ecclesia
3090 1194 3403 1266 teindigeat

1807 1300 1863 1349 et
1920 1293 1974 1348 in
2008 1290 2300 1362 prudentia
2336 1298 2429 1345 tua
2482 1288 2737 1345 ﬁduciam
2772 1288 2972 1343 haheat
3003 1302 3109 1343 non
3148 1286 3395 1357 ignoras.

1879 1383 2014 1439 Data
2046 1382 2236 1440 Roma:
2286 1398 2339 1438 ιι
2379 1380 2525 1455 [VIII]
2578 1379 2848 1437 Kalendas
2899 1378 3048 1446 idoli,
3102 1378 3403 1435 indictione

1811 1478 2123 1535 undecima.
3402 1476 3407 1487 ’

2376 1575 2714 1633 EPISTOLA
2748 1574 2832 1631 ill.

1952 1689 2019 1729 AD
2046 1688 2355 1729 ουιυειςτωι
2383 1684 2740 1725 ιιμῖκκλτεδι
2782 1679 3254 1724 Αιςεηιεῐδιεεοῐιίτι.

2408 1762 2591 1833 (Anno
2620 1759 2807 1830 1673.)

1819 1856 2067 1929 Ejusdem
2113 1854 2451 1926 argumenti;
2487 1862 2637 1924 rogat
2676 1852 2837 1905 etiam
2878 1860 2933 1904 ut
2965 1852 3163 1920 legatos
3202 1850 3403 1902 mittat.

1884 1949 2193 2003 (insectans
2229 1946 2283 2001 in
2336 1945 2644 2000 Romanum
2677 1942 2990 2014 pontiﬁcem
3020 1942 3228 1997 electus
3275 1940 3411 1996 GUIJ

1814 2055 1988 2095 nemo
2027 2037 2336 2094 Ravennati
2367 2036 2786 2107 archiepiscopo
2836 2036 3070 2091 salutem
3100 2034 3156 2089 in
3186 2033 3410 2090 Christo

149 2133 289 2190 uisse.
308 2130 461 2190 Unde
493 2143 719 2206 accepto
744 2136 979 2192 consilio
1013 2137 1122 2193 hoc
1155 2135 1452 2193 statuimus
1482 2143 1563 2200 ut,
1590 2142 1718 2205 post
1749 2120 1790 2175 Β
1815 2129 1966 2186 Ιηξειι.

150 2222 428 2281 triduanum
476 2224 776 2296 jejunium,
831 2236 957 2297 post
1005 2227 1247 2293 litanias,
1309 2235 1365 2282 et
1413 2226 1715 2282 multorum

149 2317 415 2374 craticulam
444 2318 811 2389 eleemosynis
840 2321 1141 2387 conditam,
1168 2320 1354 2376 divino
1377 2320 1495 2376 fulti
1511 2319 1717 2376 auxilio

150 2417 479 2466 minuemus
499 2411 657 2481 ,quoi
674 2411 869 2467 melius
886 2411 952 2467 de
962 2413 1229 2469 electione
1242 2412 1474 2468 Romani
1497 2412 1718 2483 pontiﬁ-

151 2498 215 2552 «εἰς
233 2498 507 2555 videretur.
517 2499 633 2557 Sed
658 2502 840 2558 subito
862 2519 987 2558 cum
1005 2503 1296 2574 przedictus
1326 2503 1586 2559 dominus
1611 2519 1715 2559 no-

152 2598 371 2661 sterjmpa
384 2590 439 2648 in
456 2592 710 2658 ecclesia,
722 2592 851 2667 [Διί.
873 2594 1082 2662 Sancti,
1096 2598 1175 2651 sic
1185 2595 1400 2670 ubique]
1415 2594 1716 2653 Salvatoris

154 2682 778 2754 s«~pnltur:e~traderctur,
834 2698 991 2745 ortus
1021 2698 1105 2746 est
1156 2706 1390 2762 magnus
1448 2691 1715 2747 tumultus

156 2776 677 2848 Impulictlremitus,
707 2790 763 2837 et.
812 2782 867 2839 in
918 2799 1008 2839 me
1059 2784 1218 2856 quasi
1283 2785 1469 2841 vesani
1526 2785 1714 2841 insur-

155 2880 396 2937 Tesemnt,
428 2869 502 2927 ita
537 2882 598 2928 ut
631 2888 757 2929 cum
786 2872 1061 2946 Propheta
1092 2875 1299 2947 possim
1324 2876 1507 2932 dicere
1534 2895 1547 2930 :
1585 2872 1716 2930 chi

157 2961 198 3013 in
239 2963 559 3021 altitudine»:
605 2968 774 3022 maris
807 3010 824 3035 ,
886 2979 937 3023 el
982 2977 1259 3039 tempestas
1311 2969 1560 3024 demersit
1610 2986 1710 3024 me.

160 3052 385 3109 laborari
439 3056 704 3121 clamans,
742 3075 918 3113 rauca'
972 3059 1132 3130 factm
1183 3070 1308 3115 sunt
1352 3060 1531 3131 fauces
1586 3076 1715 3115 mea:

158 3142 301 3210 (ἴδιαι.
340 3148 561 3217 mm);
617 3157 712 3205 et:
753 3148 936 3203 Timor
958 3159 1007 3205 et
1056 3160 1251 3206 tremor
1273 3160 1522 3206 venerunt
1558 3167 1716 3221 super

158 3251 237 3301 me,
260 3247 303 3292 et
329 3249 669 3295 :nntexerunt
702 3258 782 3296 me
818 3242 1043 3296 tenebra:
1071 3241 1244 3314 (Psal.
1282 3243 1414 3314 ων).
1451 3240 1555 3297 Sed
1584 3241 1713 3312 quia

159 3326 200 3381 in
230 3329 349 3386 lecto
390 3330 605 3402 jacens,
638 3333 795 3389 valde
854 3334 1133 3405 fatigatus,
1182 3336 1318 3393 satis
1352 3336 1561 3390 dictare
1610 3349 1711 3388 ne-

160 3436 289 3490 queo,
344 3426 627 3496 angustias
687 3441 842 3484 meas
907 3443 1168 3484 enarrare
1222 3426 1574 3500 supersedeo.
1632 3425 1712 3482 'l‘c
1739 3471 1779 3528 Γ

160 3512 187 3528 .,
595 3519 609 3528 ,
940 3518 974 3528 ,
1080 3521 1093 3528 ,
1664 3518 1686 3528 ,
1762 3507 1779 3528 Α

160 3512 307 3584 itaque
335 3532 426 3586 per
457 3519 892 3589 omnipotentem
940 3518 1231 3576 Dominum
1282 3537 1439 3593 rogo,
1497 3529 1557 3575 ut
1589 3518 1710 3581 suf-
1740 3507 1780 3528 υ

163 3601 406 3678 iragancos
438 3609 637 3669 fratres
668 3620 725 3669 et
778 3613 938 3682 ﬁlios,
975 3630 1117 3686 quos
1168 3615 1223 3670 in
1254 3614 1476 3672 Christo
1510 3615 1711 3680 nutris,

166 3694 220 3750 ad
248 3702 563 3757 exorandum
599 3702 772 3759 Deum
802 3721 901 3775 pro
951 3722 1040 3761 me
1073 3722 1360 3778 provoces,
1397 3716 1451 3763 et
1482 3723 1547 3763 ex
1585 3723 1712 3763 vera

164 3789 385 3850 claritate
414 3794 614 3853 invites
646 3807 920 3869 quatenus
959 3800 1171 3868 oratio,
1209 3817 1331 3873 qua:
1365 3818 1453 3858 me
1483 3801 1717 3857 liberare

165 3879 318 3938 debuit
343 3900 407 3941 ne
436 3885 774 3943 incuII-erem
808 3891 1136 3960 periculum,
1173 3895 1367 3949 saltem
1405 3902 1625 3949 tueatur
1658 3886 1729 3948 in

166 3974 365 4039 periculo
410 3979 670 4048 positum.
724 3978 806 4036 Tu
865 3992 1045 4039 autem
1098 3983 1213 4055 ipse
1272 3986 1602 4055 quantocius
1646 3984 1713 4040 ad

167 4078 251 4120 nos
271 4069 440 4125 venire
469 4087 579 4125 non
606 4073 1012 4142 prtetermittas,
1045 4075 1139 4147 qui
1171 4086 1438 4147 quantum
1470 4077 1715 4132 Romana

168 4150 370 4216 Ecclesia
403 4172 455 4219 te
494 4163 739 4238 indigeat
785 4175 842 4223 et
889 4168 947 4223 in
991 4170 1280 4240 prudentia
1335 4180 1425 4227 tua
1462 4170 1715 4227 ﬁduciam

172 4248 333 4307 habeat
365 4270 467 4310 non
500 4259 744 4328 ignoras.
778 4258 1067 4317 Dominam
1101 4262 1364 4334 Agnetcm
1396 4262 1711 4334 lmperatri-

171 4352 266 4393 cem
290 4351 337 4397 et
363 4344 685 4404 Rainaldum
732 4352 1102 4409 venerabilem
1156 4353 1468 4410 Cumanum
1504 4354 1720 4426 episcoo

173 4444 278 4521 pum
298 4451 357 4492 ex
387 4450 568 4499 nostra
600 4452 762 4515 parte
811 4446 987 4502 saluta
1022 4457 1077 4503 et
1130 4459 1398 4519 quantum
1436 4464 1564 4521 erga
1618 4465 1719 4506 nos

174 4519 434 4587 dilectionis
464 4534 758 4591 habuerint
789 4552 935 4593 nunc
966 4547 1025 4593 ut
1058 4540 1351 4595 ostendant
1376 4519 1565 4595 nostra
1601 4539 1721 4596 vice

177 4614 364 4677 ﬁdeliter
392 4625 630 4685 obsecra.

234 4708 345 4767 Data
371 4714 604 4789 [Datnm,
639 4731 693 4777 et
735 4723 817 4777 sic
849 4722 1091 4794 semper‘
1133 4723 1320 4780 Romae
1355 4739 1411 4778 XI
1447 4721 1573 4797 [Ix].
1606 4722 1735 4780 Ka-‘

177 4798 331 4862 lea-las
355 4806 489 4879 Maii,
525 4813 829 4872 indictione
864 4832 939 4870 XI.

696 4905 1043 4962 EPISTOLA
1081 4905 1145 4963 ll.

376 4996 711 5052 tntlsuu'uu
745 5011 1030 5051 rmscwsu
1061 5012 1489 5054 sacramus“.

723 5087 912 5159 (Anno
946 5087 1125 5159 1075).

606 5178 876 5250 Ejusdem
907 5180 1203 5247 argumenti

240 5255 498 5298 Ωιοβηίιιιυι
535 5271 587 5298 ε..
640 5271 963 5298 ηΑ-ηςηιὶιιοιὶ
1019 5271 1328 5298 ἉΛηΙῖΙῙΑι-σνι
1378 5270 1579 5298 Δι’-Α...Α
1623 5271 1689 5298 Π.

1019 5271 1328 5298 ηΑηΙῖΙῙΑΑ-νι
1378 5270 1579 5298 Δι’-Α...Α

1889 2220 2005 2276 Non
2041 2220 2360 2276 dubitamus
2419 2219 2620 2275 laruam
2654 2220 2866 2275 litteras
2921 2228 3138 2274 nostras
3186 2227 3414 2273 anteve-

1816 2313 1980 2376 lasse,
2009 2320 2063 2367 et
2097 2321 2209 2367 tam
2243 2311 2397 2368 vobis
2426 2327 2591 2382 quam
2621 2311 2810 2367 multis
2832 2310 2976 2374 aliis,
2998 2309 3209 2366 domini
3236 2309 3414 2365 nostri

1817 2404 2112 2459 Alexandri
2162 2420 2314 2475 papa:
2369 2404 2579 2459 obitum
2636 2403 2939 2459 nuntiasse.
3005 2402 3163 2469 Quod
3225 2411 3410 2457 autem

1818 2498 1952 2553 mihi
1987 2497 2143 2554 valde
2199 2499 2524 2569 gemendum
2560 2507 2645 2554 est
2689 2517 2704 2566 ;
2741 2514 2892 2554 mors
2936 2498 3060 2569 ejus
3113 2513 3280 2569 super
3324 2514 3412 2553 Ine

1816 2590 2033 2657 cecidit,
2070 2598 2124 2645 et
2176 2589 2361 2645 omnia
2397 2590 2607 2646 viscera
2660 2606 2780 2646 mea
2825 2590 3151 2646 concutiens
3194 2591 3415 2661 penitus

1816 2684 2182 2743 conturbavit.
2212 2683 2346 2740 Nam
2377 2685 2431 2739 in
2466 2694 2640 2741 morte
2675 2684 2796 2756 ejus
2841 2684 3018 2755 primo
3049 2684 3271 2755 quidem
3304 2682 3433 2738 Ιίοηρ

1816 2792 2015 2833 manus
2044 2778 2280 2847 populus
2303 2785 2495 2832 contra
2519 2790 2726 2831 morem
2755 2775 2828 2829 ita
2851 2775 3060 2845 quievi:
3081 2782 3136 2829 et
3166 2774 3221 2829 in
3249 2789 3417 2828 manu

1816 2879 2005 2925 nostra
2028 2870 2243 2925 consilii
2266 2869 2418 2924 frena
2441 2868 2725 2924 dimisitnt
2748 2868 3029 2923 evidenter
3045 2874 3331 2937 appareret
3349 2862 3417 2921 ex’

1817 2960 1912 3017 Dei
1948 2960 2324 3018 misericordia
2354 2961 2457 3017 hoc
2485 2962 2820 3033 provenisse.
2850 2958 3003 3014 Unde
3028 2968 3251 3028 accepto
3276 2973 3413 3014 con-

1817 3056 1941 3112 silio
1964 3057 2066 3111 hoc
2093 3055 2387 3111 statuimus
2414 3062 2471 3107 ut
2492 3063 2615 3123 post
2641 3053 2950 3107 triduanum
2971 3049 3264 3121 jejunium,
3289 3056 3416 3120 post

1815 3149 2055 3213 litanias,
2084 3158 2140 3205 et
2162 3148 2460 3203 multorum
2493 3144 2798 3200 orationem
2832 3141 3194 3215 elceII-osynis
3216 3139 3413 3197 condi--

1815 3250 1950 3309 tam,
1978 3241 2164 3296 divino
2199 3239 2320 3295 fulti
2355 3239 2562 3295 auxilio
2594 3246 2961 3296 statueremus
2995 3234 3142 3306 quod
3179 3235 3247 3291 de
3299 3234 3411 3290 ele-

1812 3332 1995 3391 ctione
2017 3330 2538 3404 Romanipontilicis
2549 3329 2826 3387 videretur
2848 3324 3063 3385 melius.
3091 3326 3197 3383 Sed
3210 3325 3418 3392 subito,

1813 3438 1941 3480 cum
1993 3424 2285 3495 praedictus
2333 3423 2595 3481 dominus
2639 3429 2831 3477 noster
2878 3434 3019 3491 papa
3067 3419 3122 3473 in
3177 3417 3411 3474 ecclesia

1819 3517 2007 3573 Sancti
2052 3517 2352 3574 Salvatbris
2396 3517 2690 3588 sepulturae
2740 3512 3069 3579 traderetur,
3127 3520 3284 3566 ortus
3332 3518 3420 3565 est

1817 3625 2051 3681 magnus
2082 3610 2349 3665 tumultus
2378 3608 2565 3681 populi
2589 3616 2644 3663 ct
2670 3605 2940 3672 fremitus,
2974 3613 3029 3658 et
3052 3602 3105 3658 in
3139 3618 3227 3657 me
3254 3601 3415 3673 quasi

1817 3702 2006 3757 vesani
2062 3702 2498 3766 insurrexerunt,
2542 3700 2627 3755 nil
2666 3698 2907 3763 dicendi,
2962 3696 3038 3752 nil
3085 3693 3414 3751 consulendi

1820 3792 2097 3849 facultatis
2123 3800 2218 3847 aut
2239 3791 2399 3862 spatii
2434 3790 2824 3861 relinquentes.
2858 3786 3126 3841 Violentis
3161 3783 3414 3839 manibus

1818 3898 1907 3939 me
1933 3883 1989 3937 in
2016 3883 2200 3939 locum
2245 3882 2531 3953 apostolici
2565 3873 2869 3952 regimini-3,
2919 3878 3008 3934 cui
3044 3879 3204 3949 longe
3239 3875 3418 3945 impar

1819 3991 1965 4042 sum,
1996 3983 2314 4045 rapuerunt.
2341 3972 2416 4028 Ita
2451 3982 2596 4028 recte
2620 3988 2721 4044 ego
2748 3987 2873 4029 cum
2905 3970 3168 4042 propheta
3195 3982 3419 4039 possunt

1817 4068 2040 4125 dicere:
2084 4066 2213 4122 Veni
2236 4068 2290 4121 in
2320 4067 2660 4121 altitudinem
2698 4067 2862 4119 maris
2924 4074 2973 4119 et
3002 4071 3282 4134 tempestas
3326 4061 3423 4114 de-

1820 4157 2002 4213 mersit
2038 4173 2160 4221 me;
2196 4156 2440 4211 laboravi
2512 4156 2753 4210 clamans
2788 4196 2804 4221 ,
2876 4170 3054 4208 rauca:
3108 4153 3268 4222 facta:
3298 4158 3423 4204 sunt

1823 4250 2006 4321 fauces
2041 4264 2171 4305 mea:
2208 4246 2385 4320 (Psal.
2421 4248 2634 4317 LXVIII).
2682 4246 2927 4316 Denique
2954 4245 3115 4299 timor
3142 4254 3192 4298 et
3229 4253 3425 4296 tremor

1821 4350 2068 4396 venerunt
2099 4353 2259 4411 super
2291 4354 2392 4404 me,
2419 4347 2471 4392 et
2500 4344 2843 4391 contexerant
2871 4350 2951 4388 me
2994 4332 3221 4387 tenebras
3243 4328 3422 4399 (Psul.

1822 4432 1953 4503 LIv).
1993 4430 2100 4487 Sed
2150 4431 2281 4503 quia
2342 4428 2531 4485 multis
2580 4437 2637 4485 et
2686 4427 2902 4499 magnis
2955 4424 3106 4482 curis
3162 4421 3430 4493 fatigatus

1822 4526 1959 4584 satis
1991 4526 2200 4582 dictare
2224 4539 2458 4595 nequeo,
2498 4521 2752 4579 miserias
2786 4534 2939 4577 meas
2964 4529 3291 4575 enumerare
3321 4529 3423 4570 su-

1821 4617 2105 4690 persedeo.
2136 4616 2287 4687 Rogo
2315 4616 2498 4686 itaque
2524 4629 2624 4669 vos
2646 4629 2745 4685 per
2766 4612 3197 4681 omnipotentem
3226 4605 3428 4674 Deum,

1826 4717 1888 4764 ut
1946 4707 2269 4765 cbaritatem
2295 4749 2310 4774 ,
2361 4721 2528 4778 quam
2572 4721 2703 4776 erga
2759 4702 3064 4757 Romanam
3121 4697 3427 4756 Ecclesium

1756 4836 1801 4892 Β
1827 4800 2064 4856 maxime
2095 4801 2199 4857 hoc
2226 4808 2490 4870 tempore,
2516 4804 2590 4865 et,
2618 4807 2677 4853 nt
2703 4794 3020 4851 meminisse
3040 4793 3271 4857 debetis,
3298 4805 3428 4861 erga

1828 4909 1917 4950 me
1945 4893 2257 4963 specialiter
2282 4905 2379 4947 vos
2401 4905 2591 4962 gerere
2614 4887 2967 4962 promisistis,
3002 4887 3266 4960 quoniam
3300 4884 3429 4954 qui-

1825 4985 1952 5041 dem
1990 4990 2225 5054 tempus,
2251 4990 2307 5038 et
2331 4996 2517 5037 rerum
2566 4980 2807 5054 qualitas
2835 4979 2956 5049 ejus
3003 4975 3176 5054 [eam]
3212 4976 3434 5049 probari

1826 5072 2069 5145 postulat
2096 5087 2244 5127 nunc
2271 5070 2490 5142 quidem
2516 5069 2573 5125 in
2600 5086 2710 5137 me,
2737 5077 2794 5124 ct
2817 5068 2865 5124 si
2893 5084 3004 5125 non
3032 5070 3172 5126 meis
3198 5063 3437 5130 meritis,

1829 5167 2026 5223 saltem
2074 5178 2265 5220 amore
2311 5160 2695 5232 apostolorum
2732 5161 3019 5219 ostendere
3079 5158 3325 5223 curetis;
3383 5164 3442 5210 ct

1831 5261 2205 5298 αηινμηηηηηηα
2229 5274 2293 5298 ειη
2328 5255 2470 5298 “line
2495 5254 2765 5298 For-lucina
2784 5268 2896 5298 vna!
2907 5274 2980 5298 ron
3010 5260 3072 5298 ml
3099 5251 3442 5298 m-nrnmlnm
