3962 5348
483 294 591 366 Ξθτ

590 385 635 397 θ.-
667 385 670 388 ’
1102 388 1107 391 ‘

486 426 609 483 eula
635 427 943 500 projectum
963 444 1076 485 non
1102 411 1416 500 relinquat;
1457 444 1559 500 ego
1584 428 1731 484 enim
1757 428 1903 485 sicut
1931 428 1988 505 in
2015 442 2077 483 ea
2106 424 2155 482 Α

484 518 750 595 charitate
785 536 896 577 non
927 522 1051 577 ﬁcta
1085 536 1184 577 vos
1215 522 1400 594 diligo,
1430 521 1507 578 ita
1535 522 1804 591 eamdem,
1833 529 1890 577 et
1930 536 2079 592 quae—

485 624 705 683 cunque
734 611 854 682 ejus
879 611 1053 681 ollicia
1076 622 1226 679 sunt,
1258 628 1292 668 a
1321 613 1479 671 vobis
1501 613 1874 671 indubitanter
1893 615 2078 686 exigo.

482 700 671 774 Neque
700 718 830 759 vero
849 703 1132 759 dilectioni
1158 714 1355 761 vestra:
1397 704 1759 762 dubitandum
1786 714 1892 773 est,
1940 706 2079 777 quin

485 788 792 853 Romanam
818 792 1140 863 Ecclesium,
1174 804 1229 853 et
1256 811 1402 864 eam,
1432 795 1523 852 cui
1547 795 1660 852 Deo
1690 806 1914 854 auctore
1938 813 2079 869 prte-

484 884 695 952 sidetis,
722 901 786 940 ea
828 887 1155 961 concordia,
1197 896 1252 944 et
1300 897 1572 959 quantum
1620 903 1748 946 cum
1795 890 2076 949 communi

484 978 770 1049 utriusque
819 980 1029 1035 honore
1080 981 1406 1051 poterimus,
1434 983 1756 1039 omnimoda
1804 984 2080 1041 charitato

483 1069 741 1138 copulare
790 1070 1187 1140 desideremus,
1228 1082 1290 1129 ut
1334 1071 1391 1127 in
1432 1075 1637 1131 nostris
1679 1075 1845 1133 etiam
1874 1076 2079 1139 animis

482 1177 700 1233 semper
722 1163 1015 1233 conjuncta
1050 1181 1157 1235 pax
1181 1175 1236 1221 et
1266 1168 1422 1237 plena
1450 1167 1668 1229 dilectio
1692 1177 2074 1227 connectatur.

484 1249 640 1308 Sicut
680 1253 846 1325 igitur
885 1255 1232 1324 prudentiain
1258 1269 1491 1315 vestram
1514 1260 1718 1317 hortati
1749 1276 1965 1328 sumus,
1999 1261 2077 1317 ita

477 1344 648 1399 etiam
673 1359 771 1415 per
797 1346 1066 1402 elementa
1115 1357 1305 1404 nostra
1350 1365 1453 1406 nos
1497 1352 1633 1407 velle
1675 1368 1741 1408 ac
1765 1352 2079 1411 desiderare

481 1436 818 1505 cognoscite,
846 1437 1097 1494 videlicet
1126 1447 1188 1494 ut
1210 1438 1526 1512 frequenter
1551 1443 1694 1499 inter
1734 1459 1838 1499 nos
1882 1444 2076 1515 legatis

482 1528 918 1603 discurrentibus
943 1532 1222 1602 collaetari,
1244 1543 1300 1591 et
1319 1545 1511 1592 mutua
1541 1538 1916 1595 consolatione
1938 1554 2075 1610 gau-

484 1620 614 1679 dere
633 1623 931 1691 possimus.

555 1710 688 1767 Data
730 1712 932 1778 Roma:
962 1733 1030 1771 .vi
1087 1715 1358 1775 Kalendas
1411 1719 1573 1787 Maii,
1620 1721 1921 1781 indictione
1972 1738 2077 1779 un-

481 1802 712 1865 decima.

1059 1877 1395 1937 EPISTOLA
1416 1881 1503 1940 IV.

711 2008 779 2046 AD
807 2009 1109 2051 BEATBICEM
1148 2012 1427 2064 DUCISﬁUI,
1460 2013 1694 2067 "GONEII,
1729 2008 1837 2057 εῑο.

1073 2085 1255 2158 (Anno
1287 2088 1470 2161 1075).
1730 2120 1735 2125 α
1824 2101 1828 2104 ν

557 2174 867 2232 ϐιιεςοιιιυθ
916 2175 1308 2247 inRomanum
1337 2181 1651 2250 pontiﬁcem
1679 2182 1886 2239 electus
1933 2182 2075 2239 Βελ-

484 2281 631 2320 τιιιει
686 2266 921 2323 ducissae
973 2266 1173 2341 [duci],
1232 2268 1405 2327 Usum
1457 2272 1641 2329 abbati
1697 2272 2072 2345 Cluniacensi,

481 2356 744 2414 Lusisse:
777 2359 1193 2434 archiepiscopo
1222 2362 1478 2421 Remensi
1508 2363 1636 2437 [Αᾶ.
1667 2364 1932 2439 Suexom]
1956 2368 2071 2440 regi

486 2446 789 2517 Danorum,
826 2451 1011 2507 abbati
1034 2451 1395 2523 Massiliensi.
1894 2502 1899 2505 ς
1926 2462 1929 2465 ’

550 2537 807 2612 [acceptis
833 2540 915 2614 [in
942 2543 1179 2616 caeteris]
1213 2546 1434 2615 quidem
1474 2564 1507 2603 a
1530 2548 1774 2619 paribus,
1799 2547 1897 2606 sed
1924 2550 2072 2607 circa

478 2631 642 2687 ﬁnem
669 2634 897 2706 singulis
921 2637 1166 2707 epistolis
1185 2638 1343 2709 juxta
1364 2639 1612 2696 locorum
1633 2650 1687 2697 et
1708 2657 2069 2713 personarum

478 2727 901 2796 competentiam
927 2729 1384 2802 discrepantibus.

545 2814 682 2875 Data
729 2816 919 2879 Romae
959 2820 1331 2880 thalendas
1389 2824 1554 2895 Maii,
1606 2826 1905 2884 indictione
1960 2843 2070 2883 un-

476 2906 708 2967 decima.

1048 3009 1388 3068 EPISTOLA
1433 3011 1498 3067 V.

709 3115 773 3153 AD
802 3115 1094 3158 RAINEBIUM
1120 3120 1495 3161 FLORENTINUM
1522 3122 1832 3164 EPISCOPUI.

1062 3193 1246 3265 (Anno
1292 3196 1462 3269 1075.)

475 3304 729 3374 Ρνωεὶρὶι
756 3312 822 3384 ‘ut
847 3306 1048 3384 _vidua,
1085 3324 1202 3384 qua;
1233 3312 1745 3384 consanguineosuo
1794 3325 2067 3384 nupserat,

732 3376 885 3431 donis
910 3386 959 3430 et
986 3376 1105 3431 dote
1137 3379 1201 3432 ab
1231 3394 1289 3434 eo
1322 3376 1519 3434 relictis
1555 3383 1809 3451 privetur.

548 3467 854 3527 Gsscomrs
897 3469 951 3523 in
993 3468 1302 3527 Romanum
1329 3473 1637 3543 pontiﬁcem
1685 3476 1890 3532 electus
1932 3477 2065 3534 Rar-

476 3577 636 3616 snmo
695 3560 1016 3618 Florentino
1080 3565 1378 3638 episcopo,
1430 3569 1660 3625 salutem
1725 3570 1780 3626 in
1843 3571 2064 3630 Christo

475 3651 627 3707 Jesu.

509 3743 902 3800 ‘Praesentium
952 3748 1186 3818 portitor
1251 3749 1468 3821 apicum
1512 3757 1719 3813 nostris
1765 3759 2068 3821 insinuavit

476 3834 704 3892 auribus
729 3836 953 3893 fratrem
999 3856 1180 3907 suum,
1208 3852 1401 3899 contra
1443 3846 1688 3903 divinum
1727 3850 1839 3920 jus,
1872 3861 2067 3909 contra

476 3937 794 3986 sanctorum
840 3931 1063 3988 Patrum
1122 3937 1459 4004 institutum,
1508 3943 1930 4014 consanguineae
1952 3961 2066 4001 sua:

479 4021 734 4078 thalamis
760 4023 1077 4092 adhaesisse,
1124 4029 1406 4084 canonicis
1450 4029 1781 4089 Florentius:
1807 4034 2066 4092 Ecclesiae

477 4126 545 4166 ne
578 4111 683 4168 hoc
718 4111 933 4171 facinus
982 4124 1317 4187 perpetraret
1344 4120 1766 4190 prohibentibus
1805 4141 1932 4181 eum
1967 4141 2064 4182 ca-

476 4204 688 4261 nonice.
724 4204 844 4273 Quo
874 4207 1021 4263 viam
1052 4209 1322 4268 universae
1352 4213 1536 4272 carnis
1566 4215 1830 4289 ingresso.
1873 4220 2065 4276 relicta

475 4296 623 4383 illius
652 4302 1060 4372 consanguinea
1096 4303 1306 4361 scilicet
1334 4322 1460 4363 cum
1504 4309 1651 4366 dono
1712 4320 1878 4382 atque
1912 4314 2060 4381 dote,

472 4405 639 4459 quam
670 4390 869 4463 injuria
890 4393 1201 4452 divinarum
1234 4413 1333 4454 nec
1356 4415 1464 4455 non
1488 4409 1544 4456 et
1568 4402 1940 4460 humanarum
1978 4406 2060 4461 le-

1130 311 1185 367 s.
1230 310 1560 370 cneconn
1599 272 1688 367 vn
1727 310 1929 387 mea;
1969 306 2252 363 omnem
2293 262 2475 362 rans
2511 306 2552 361 ι.
2594 338 2663 346 -
2700 305 3125 363 nncrsmun.

2104 1774 2151 1834 Β

3650 268 3756 365 ὢ

2743 386 3203 478 Episrouavi‘
3410 406 3415 411 ’
3480 390 3495 407 ⁷
3562 382 3565 385 ’

2177 548 2246 590 ΑΒ
2281 549 2551 590 οιιιλιῡυω
2598 550 2896 591 οετιεκεειι
2947 548 3267 602 EPISCOPUI,
3299 550 3370 591 ΕΤ
3417 549 3755 592 manu!

2716 636 2719 637 '
2780 620 3167 665 SUBDIACONUI.

2744 694 2933 767 (Anno
3002 692 3193 764 1075.)

2177 786 2436 861 Legatum
2471 789 2658 854 mittit,
2693 788 2782 857 qui
2817 788 2893 861 eis
2952 785 3245 842 Alexandri
3290 786 3496 861 obitum
3528 796 3580 861 et
3602 804 3757 861 nam

2248 855 2554 913 electionem
2586 855 2786 912 narret.
2831 855 3005 912 Monet
3032 867 3090 911 ut
3122 856 3405 911 monachos
3436 866 3486 912 et
3523 858 3759 913 abbatem

2216 948 2219 951 ί
2249 927 2649 1011 Qtuniaeensem
2676 929 2751 1011 ad
2784 929 3228 1011 pacem/lectam.
3268 927 3336 1011 ﬁt
3361 928 3421 1011 ,εἰ
3453 942 3676 1011 'ccmes.
3698 929 3761 983 de

2252 999 2433 1073 Rocyo
2457 998 2716 1073 [Raecio],
2748 998 2886 1053 sicut
2909 999 3023 1068 ipse
3047 999 3304 1073 jusserat,
3353 999 3408 1052 in
3442 998 3758 1073 Hispaniam

2250 1069 2374 1124 non,
2406 1069 2566 1140 fuerit
2604 1069 2788 1124 contra
2840 1086 3072 1140 paganos
3125 1069 3546 1140 profectum“?
3576 1070 3622 1121 si
3667 1069 3758 1140 alii

2246 1138 2510 1212 principes
2542 1141 2672 1195 illuc
2707 1138 2889 1194 contra
2916 1138 3133 1193 eosdem’
3162 1140 3432 1264 ρ’·τᾶῇεὶδεί
3442 1138 3651 1205 1lliut,
3685 1138 3757 1193 Ie-

2250 1221 2402 1264 aatus
2433 1228 2464 1264 a
2489 1228 2543 1264 se
2573 1212 2765 1264 missus
2796 1209 2926 1264 illuc
2973 1211 3175 1264 tendat.
3280 1210 3471 1264 andem
3501 1218 3673 1263 monet
3703 1218 3757 1263 ut

2236 1209 2402 1283 "gatus
2421 1209 2464 1264 ’τι
2489 1228 2543 1265 se
2573 1212 2765 1283 missus
2796 1209 2926 1264 illuc
2973 1211 3175 1265 tendat.
3236 1209 3471 1264 Tandem
3501 1218 3673 1263 monet
3703 1218 3759 1263 ut

2246 1284 2641 1354 quamprimum
2668 1282 2900 1336 redeant.

2248 1372 2556 1428 Gnscoluus
2616 1372 2671 1426 in
2732 1371 3042 1426 Romanum
3076 1369 3390 1441 pontiﬁcem
3428 1371 3640 1425 electus
3670 1369 3771 1425 Gi-

2177 1477 2351 1516 nuno
2397 1460 2606 1518 Ostieni
2662 1462 2921 1531 episcopo
2952 1468 3007 1516 et
3037 1460 3355 1517 [tamenne
3403 1460 3757 1525 subdiacono,

2178 1552 2235 1608 in
2265 1554 2534 1624 legatione
2587 1553 2774 1609 Galliae
2803 1552 3136 1620 constitutis,
3171 1553 3405 1609 salutem
3441 1552 3501 1606 in
3532 1550 3775 1607 Domino.

2176 1644 2305 1702 Jesu
2335 1646 2576 1701 Christo.

2248 1738 2545 1795 Rumorem
2574 1739 2759 1794 obitus
2805 1738 3015 1794 domini
3063 1739 3238 1793 nostri
3272 1736 3571 1793 Alexandri
3592 1749 3759 1808 papa.

2175 1828 2270 1898 qui
2299 1845 2356 1882 χι
2388 1827 2661 1884 Kalendas
2690 1827 2823 1883 Maii
2841 1827 3095 1898 spiritum
3131 1827 3242 1882 Deo
3270 1827 3531 1893 reddidit,
3564 1834 3621 1882 et
3667 1840 3763 1880 no—

2175 1926 2303 1975 stra:
2329 1917 2691 1988 promotionis
2717 1916 2920 1972 famam
2946 1917 3061 1988 jam
3090 1917 3156 1973 ad
3187 1932 3278 1973 vos
3299 1917 3620 1988 pervenisse
3643 1929 3761 1971 cre-

2173 2010 2377 2077 dimus,
2410 2010 2507 2067 sed
2535 2009 2727 2065 eadem
2773 2009 2932 2079 plene
2958 2023 3063 2064 vos
3106 2022 3438 2080 cognoscere
3483 2007 3767 2076 cupienta

2173 2101 2243 2161 ad
2271 2100 2580 2159 certissima
2609 2116 2803 2157 eorum
2852 2098 3054 2155 indicia
3085 2099 3347 2170 aptiorem
3398 2098 3520 2154 hoc
3566 2097 3763 2154 dilecto

2174 2193 2285 2251 ﬁlio
2313 2201 2369 2249 et
2397 2192 2663 2250 cardinali
2698 2200 2902 2248 sanctae
2932 2190 3195 2246 Romanae
3226 2190 3485 2247 Ecclesiae
3533 2190 3762 2261 presby-

2174 2292 2319 2351 tero,
2346 2283 2442 2356 qui
2478 2282 2746 2339 ambobus
2811 2280 3082 2349 interfuit,
3120 2281 3174 2335 in
3233 2288 3420 2351 partes
3466 2279 3597 2335 illas
3629 2279 3758 2334 mit-

2174 2375 2399 2431 tendum
2451 2382 2772 2432 nostrorum
2828 2371 3051 2428 nomine
3110 2371 3432 2444 [neminem
3466 2369 3559 2425 Ita
3608 2376 3661 2425 et
3710 2370 3764 2424 in

2172 2464 2401 2538 Murum]
2454 2464 2842 2537 judicavimus.
2894 2462 3085 2535 Itaque
3127 2463 3259 2534 quid
3310 2471 3367 2518 et
3418 2462 3658 2533 qualiter
3700 2461 3776 2516 de.

2170 2566 2408 2628 utroque
2442 2555 2647 2612 factum
2686 2556 2762 2612 sit
2788 2571 2885 2626 per
2909 2554 3060 2612 hunc
3101 2570 3253 2610 mera
3294 2553 3527 2610 veritate
3571 2566 3768 2624 perco-

2171 2653 2341 2724 gnita,
2372 2661 2434 2708 ut
2453 2653 2732 2708 orationes
2762 2650 2832 2706 ad
2853 2648 3026 2707 Deum
3060 2649 3176 2705 ﬁeri
3204 2649 3435 2705 sollicite
3458 2647 3776 2719 procuratis.

2171 2745 2495 2802 charitatem
2543 2752 2782 2799 vestram
2834 2742 2992 2798 valde
3042 2756 3322 2811 rogamus,
3382 2748 3658 2810 quatenus
3706 2744 3766 2791 et

2172 2836 2318 2892 illius
2348 2835 2588 2891 animam
2620 2835 2685 2890 ad
2719 2832 2916 2905 gaudia
2942 2841 3143 2890 aeterna
3186 2830 3542 2887 beatitudinis
3578 2838 3763 2885 trans-

2172 2924 2311 2981 ferat
2338 2933 2393 2980 et
2421 2924 2580 2999 nobis
2615 2923 2683 2979 ad
2727 2922 3013 2979 ferendum
3063 2937 3206 2979 onus
3251 2919 3572 2991 impositum
3602 2918 3761 2974 auxi-

2169 3016 2304 3071 lium
2351 3032 2467 3072 sua:
2513 3014 2885 3071 miserationis
2934 3013 3230 3085 impendat.
3269 3011 3408 3079 Quia
3449 3026 3583 3067 vero
3615 3010 3760 3065 hunc

2094 3123 2136 3182 ο
2169 3109 2500 3167 eonfratrem
2533 3117 2809 3175 nostrum,
2867 3107 3120 3163 videlicet
3148 3105 3398 3178 Ugonem
3427 3100 3761 3179 [Hugonem'g

2165 3205 2495 3269 Candidum,
2532 3204 2588 3259 in
2619 3210 2803 3273 partes
2855 3201 2977 3258 illas
3012 3200 3171 3273 dirigi
3216 3207 3432 3271 tempus
3465 3206 3521 3253 et
3573 3211 3773 3253 rerum;

2166 3297 2529 3367 competentia
2561 3295 2870 3366 postulasse
2901 3294 3209 3360 videbatur,
3271 3292 3621 3362 prudentiam
3667 3304 3758 3345 ve-

2166 3397 2335 3445 stram
2381 3396 2607 3444 omnino
2638 3396 2923 3443 exoratam
2977 3400 3099 3442 esse
3144 3384 3435 3453 volumus,
3492 3391 3773 3455 quatenus;

2166 3477 2412 3550 Ugoncm
2440 3476 2775 3552 [Hugoncm]
2795 3477 3210 3534 Cluuiaccnsem
3235 3475 3485 3533 abbatem
3498 3520 3501 3521 ν
3514 3482 3571 3530 et
3592 3480 3761 3528 totam

2165 3571 2644 3643 congregationem
2677 3568 2912 3625 fratrum
2946 3568 3025 3622 ita
3057 3566 3125 3627 ad
3180 3581 3369 3637 pacem
3404 3572 3459 3620 et
3492 3563 3775 3634 integram.

2165 3665 2331 3736 hujus
2365 3654 2714 3719 dilectionem
2746 3660 2962 3716 ﬂectere
3011 3665 3066 3715 et
3113 3657 3445 3728 conjungere
3496 3652 3769 3709 studeatis

2165 3765 2226 3811 ut
2274 3756 2572 3812 auxiliante
2615 3752 2727 3809 Deo
2759 3750 2896 3807 nihil
2950 3750 3007 3806 in
3043 3764 3236 3806 eorum
3286 3746 3567 3802 mentibus
3612 3744 3760 3816 quod

2165 3848 2428 3914 invisum,
2480 3855 2576 3901 aut
2622 3843 2986 3901 dissensionis
3033 3840 3180 3897 nube
3227 3841 3299 3896 sit
3352 3839 3637 3895 obtectum
3672 3852 3762 3893 re-

2164 3938 2441 4009 linquatis.
2472 3936 2609 3993 Nam
2634 3944 2689 3992 et
2720 3935 2829 4002 hic,
2863 3933 3075 4004 abjecto
3100 3930 3253 3987 omni
3273 3930 3503 3999 arbitrio
3539 3944 3667 3995 suo,
3694 3927 3761 3984 ad

2164 4044 2261 4085 cor
2305 4037 2559 4087 nostrum
2603 4035 2904 4098 nostraque
2929 4023 3158 4080 consilia
3180 4021 3419 4086 rediens.
3468 4020 3528 4076 in
3568 4020 3767 4076 eodem

2165 4138 2330 4179 sensu
2356 4122 2656 4191 eademque
2685 4119 2968 4174 voluntate
3000 4132 3067 4172 ac
3097 4114 3281 4173 studio
3308 4113 3471 4170 nobis
3502 4121 3594 4169 est
3624 4127 3761 4169 cono

2164 4230 2357 4283 nexus;
2386 4221 2441 4268 et
2468 4228 2532 4267 ea
2553 4228 2676 4283 quae
2700 4212 2932 4268 antehac
2956 4209 3060 4266 sibi
3086 4207 3345 4280 imposita
3370 4214 3523 4274 sunt,
3546 4204 3763 4263 vivente

2163 4308 2343 4363 adhuc
2371 4305 2595 4363 domino
2617 4313 2808 4361 nostro
2831 4319 2990 4376 papa,
3016 4317 3086 4358 ex
3111 4301 3345 4357 aliorum
3370 4297 3572 4370 magis,
3595 4311 3774 4371 quam

2163 4416 2230 4455 ex
2259 4398 2423 4473 [deest
2470 4414 2539 4453 ex
2579 4398 2637 4452 in
2659 4397 2810 4451 Rom.
2846 4393 2980 4468 edit]
3014 4394 3139 4466 ejus
3175 4393 3336 4464 culpa
3364 4390 3642 4463 prodiisse
3665 4404 3759 4446 co-

473 4497 599 4552 gam
631 4498 742 4540 non
772 4492 857 4541 est
887 4486 1060 4541 verita
1086 4489 1382 4558 suscipere,
1407 4492 1475 4547 ad
1501 4493 1726 4551 alterius
1755 4497 1859 4552 viri
1884 4508 2062 4555 torum
2098 4510 2141 4564 ι)
2166 4491 2471 4563 gnovimus.
2504 4488 2772 4545 Praeterea
2800 4488 2918 4543 haec
2943 4485 3262 4542 meminisse
3288 4483 3499 4541 debetis
3529 4481 3684 4555 quod
3704 4481 3771 4539 in

472 4572 716 4643 disponit
777 4579 1187 4651 transmigrare,
1250 4596 1377 4637 eum
1436 4585 1622 4655 potius
1676 4590 1859 4648 scelus
1915 4595 2067 4665 quod

471 4667 750 4757 commisit
792 4682 1053 4743 perpetuo
1079 4682 1354 4744 oporteret
1380 4691 1501 4732 eam
1537 4675 1685 4738 ﬁere.
1720 4679 1835 4739 Tua
1881 4684 2073 4757 itaque

471 4756 786 4819 fraternitas
808 4766 1301 4836 consanguinitatis
1324 4767 1525 4826 lineam
1551 4786 1584 4827 a
1608 4773 1907 4841 majoribus
1930 4756 2064 4834 natu

472 4850 719 4920 ejusdem
748 4854 853 4908 loci
884 4855 1170 4929 diligenter
1197 4858 1476 4928 inquirat;
1508 4878 1674 4933 quam
1706 4867 1755 4921 si
1788 4866 1932 4924 inter
1963 4871 2062 4926 de-

473 4941 722 4998 functum
753 4943 933 4998 virum
960 4946 1318 5019 eamdemque
1350 4949 1532 5006 vivam
1584 4953 1875 5015 mulierem
1906 4958 2063 5015 inve-

472 5032 635 5100 nerit,
666 5034 733 5088 ad
776 5033 1007 5089 aliarum
1038 5039 1346 5107 exemplum
1399 5040 1473 5096 ita
1525 5043 1740 5100 studeat
1796 5048 2063 5104 canonica

468 5124 796 5182 auctoritate
826 5125 1011 5180 omnia
1033 5125 1237 5182 dotalia
1268 5129 1631 5188 instrumenta
1662 5150 1883 5188 cassare
1913 5145 1968 5188 et
1992 5137 2059 5184 ml

2165 4583 2360 4641 litteris
2391 4581 2598 4639 domini
2636 4580 2812 4637 nostri
2843 4580 3014 4635 beatae
3045 4576 3326 4633 memoria:
3357 4573 3681 4641 Alexandri,
3706 4582 3761 4629 et

2164 4685 2354 4733 nostra
2389 4690 2611 4748 quoque
2651 4673 2923 4745 legatione
2947 4672 3089 4726 orati
3114 4679 3169 4727 et
3200 4667 3526 4726 commoniti
3554 4666 3777 4735 fuistis.

2163 4776 2435 4839 quatenus
2468 4780 2649 4822 causae
2673 4763 2830 4820 Evuli
2857 4762 3060 4837 [Eboli.
3086 4760 3287 4816 MIITIN.
3322 4756 3504 4833 Evoli]
3536 4758 3758 4815 comitis

2162 4857 2230 4913 de
2258 4856 2461 4913 Roceio
2490 4871 2588 4928 per
2610 4870 2731 4923 vos,
2758 4863 2812 4910 et
2838 4869 2935 4924 per
2960 4852 3295 4909 antedictum
3327 4851 3582 4908 abbatem
3604 4848 3757 4905 favo-

2162 4965 2279 5005 rem
2304 4949 2502 5005 addere
2536 4945 2864 5003 insisteretis
2890 4963 2905 5013 ;
2961 4951 3018 5000 et
3040 4944 3263 5017 cognita
3299 4942 3557 5014 pactione
3587 4955 3753 5013 quam

2164 5041 2453 5098 nobiscum
2479 5039 2545 5094 de
2575 5047 2722 5094 terra
2752 5036 3030 5108 Hispaniae
3057 5036 3264 5109 pepigit
3288 5035 3345 5090 in
3378 5050 3422 5089 ει
3442 5034 3588 5106 ripto
3608 5031 3751 5104 quod

2162 5131 2267 5188 sibi
2297 5131 2569 5188 dedimus.
2604 5144 2716 5187 una
2747 5142 2876 5186 cum
2907 5126 3142 5183 consilio
3170 5124 3417 5188 abbatis,
3460 5124 3605 5183 tales
3626 5122 3753 5181 illnc
