3962 5348
1235 347 1439 405 LIBEP.
1476 347 1756 415 PBDNS.
1787 378 1859 389 ——-
1890 345 2109 404 EPIST.
2150 346 2283 409 νηί.

3294 355 3407 417 ιω

142 470 256 526 aliis
275 465 617 539 quihusdam
641 461 977 537 principibus
1000 478 1143 535 quos
1162 463 1218 520 in
1245 464 1492 520 eamdem
1517 472 1726 535 partem
1755 474 1804 526 Α
1830 470 2006 518 strum
2030 461 2136 517 sibi
2156 460 2435 519 adhaerere
2458 459 2712 531 voluerit,
2733 462 2886 521 omni
2901 462 3190 523 cbaritatis
3204 464 3401 527 aﬂectu

143 575 384 620 seorsum
418 560 497 615 ab
542 558 715 615 Erulo
756 558 871 614 suis
915 557 1091 628 copiis
1135 557 1311 613 ituros
1354 557 1722 613 intelleximus

140 650 373 706 nondum
398 648 680 720 exquisita
711 657 816 715 est,
842 647 1099 709 volumus
1122 656 1186 703 ut
1212 663 1340 704 cum
1376 657 1563 704 vestro
1582 662 1721 704 con»

142 742 255 798 silio
292 749 351 795 et
398 739 624 796 abbatis
668 737 829 810 ﬂngo
872 737 1168 804 cardinalis
1217 738 1349 793 illuc
1398 737 1604 804 tendat,
1666 744 1722 793 et

136 842 338 903 ulnam
363 830 438 885 ab
464 829 726 885 omnibus
748 845 815 885 ex
850 836 1004 901 parte
1031 827 1215 884 Sancti
1242 827 1387 883 Petri
1412 828 1720 899 pactionem

140 929 190 976 et
212 919 458 977 debitum
503 919 708 991 exigat.
759 916 866 974 Vos
907 928 1090 979 autem
1111 935 1178 975 ex
1219 927 1408 975 nostra
1451 928 1605 990 parte
1624 932 1720 974 ro-

141 1020 250 1085 gate
272 1010 535 1067 abbatem
572 1019 633 1066 ut
657 1011 791 1068 tales
818 1011 922 1067 sibi
969 1011 1229 1084 adiungat
1253 1012 1347 1082 qui
1374 1026 1501 1067 eum
1545 1011 1720 1067 comi-

142 1109 331 1165 tentur,
361 1115 609 1170 quorum
634 1099 867 1157 consilio
892 1108 949 1154 et
969 1100 1251 1168 adiutorio
1268 1101 1373 1155 iter
1394 1108 1450 1155 et
1477 1100 1720 1155 laborem

140 1189 282 1248 illum
304 1189 645 1246 ﬁducialiter
666 1191 885 1263 aggredi
918 1192 1113 1262 possit,
1141 1191 1410 1262 legatione
1454 1199 1638 1246 tamen
1664 1191 1720 1246 in

142 1296 201 1338 eo
220 1281 600 1354 principaliter
622 1283 822 1355 posita.
859 1282 1025 1338 Extra
1072 1282 1391 1355 Hispaniam
1436 1299 1569 1339 vero
1593 1283 1721 1338 nul-

142 1373 237 1429 lius
269 1390 517 1445 unquam
538 1375 749 1445 publici
782 1391 966 1432 rerum
988 1376 1484 1433 ecclesiasticarum
1517 1376 1721 1447 negotii

143 1466 248 1521 sine
268 1476 454 1522 vestro
476 1483 780 1535 consensu,
808 1470 1051 1539 quandiu
1084 1485 1183 1525 vos
1206 1470 1262 1524 in
1289 1469 1460 1525 Gallia
1486 1468 1719 1535 fueritis,

144 1557 398 1612 licentiam
434 1558 545 1614 sibi
581 1559 834 1615 dedimus
860 1558 1114 1615 faciendi.
1166 1559 1437 1616 Caeterum
1471 1560 1538 1616 de
1566 1575 1722 1616 mora

144 1655 320 1704 vestrae
364 1649 710 1706 reversionis
757 1651 915 1707 valde
959 1652 1230 1708 miramur
1256 1653 1561 1724 praesertim
1593 1668 1721 1708 cum

141 1740 241 1808 iam
273 1740 454 1796 redire
482 1744 836 1809 commoniti,
864 1744 921 1798 in
983 1752 1132 1801 tanta
1162 1746 1329 1801 vestri
1362 1746 1571 1803 reditus
1619 1763 1721 1803 ex-

1820 554 2190 610 commonitus
2223 569 2353 625 erga
2390 553 2656 611 honorem
2699 555 2876 611 sancti
2912 553 3061 612 Petri
3084 557 3250 614 talem
3281 559 3406 616 ani-

1821 660 1973 700 mum
1997 651 2183 717 gerat,
2210 652 2272 700 ut
2294 644 2364 700 ab
2392 659 2461 700 eo
2485 653 2541 700 et
2560 646 2888 703 munitionis
2914 648 3120 703 auxilia
3152 648 3211 705 in
3250 649 3400 721 peri-

1820 735 1961 791 culis
1990 744 2047 790 et
2071 736 2269 791 merita
2303 734 2581 793 ﬁdelitatis
2612 737 2838 807 praemia
2879 754 3110 795 securus
3146 740 3399 811 accipiat.

1823 824 1881 880 Si
1902 834 2088 882 autem
2123 825 2293 897 aliqui
2330 841 2394 881 ex
2444 826 2599 882 vobis
2635 843 2887 885 seorsum
2930 831 3000 885 ab
3034 831 3126 886 illo
3159 832 3398 902 propriis

1821 920 1993 992 copiis
2030 921 2279 976 eamdem
2303 928 2507 976 terram
2542 920 2724 994 aliqua
2760 922 2816 977 in
2837 932 2992 994 parte
3013 923 3219 979 intrare
3241 939 3404 997 para-

1818 1010 2032 1077 verint,
2055 1010 2212 1066 decet
2244 1019 2306 1066 ut
2326 1010 2535 1067 militia:
2562 1026 2788 1076 causam
2819 1028 2887 1069 ex
2917 1013 3089 1069 animi
3109 1013 3403 1070 devotione

1820 1115 1984 1171 quam
2004 1101 2373 1171 justissimam
2401 1102 2507 1157 sibi
2534 1111 2877 1171 proponant,
2912 1104 3026 1173 jam
3062 1119 3210 1159 nunc
3245 1101 3401 1159 omni

1819 1199 1950 1247 voto
1980 1193 2353 1263 concipientes
2385 1201 2441 1247 et
2470 1207 2539 1248 ex
2572 1192 2737 1249 corde
2771 1200 3073 1250 statuentes
3099 1209 3167 1249 ne
3187 1236 3201 1260 ,
3240 1201 3400 1265 capta

1823 1289 1998 1350 terra,
2037 1284 2262 1338 easdem
2301 1299 2441 1354 quas
2467 1284 2543 1338 illi
2569 1284 2662 1354 qui
2702 1299 2850 1339 nunc
2879 1283 3051 1338 Deum
3087 1276 3403 1355 ignorantes

1820 1391 1944 1431 eam
1986 1384 2259 1447 occupant
2300 1377 2534 1446 injurias
2576 1385 2770 1433 sancto
2804 1375 2969 1433 Petro
3014 1375 3235 1432 faciant.
3284 1375 3402 1433 Iloc

1821 1467 1970 1523 enim
2025 1467 2303 1523 neminem
2354 1474 2602 1523 vestrum
2662 1467 2918 1538 ignorare
2964 1467 3219 1522 volumus
3262 1482 3403 1537 quo.

1823 1558 1970 1613 niam
1994 1599 2010 1624 ,
2038 1557 2144 1613 nisi
2179 1572 2334 1628 aequa
2372 1557 2626 1628 pactione
2662 1557 3006 1627 persolvendi
3033 1558 3178 1628 juris
3215 1555 3402 1612 Sancti

1821 1647 1970 1703 Petri
1994 1649 2048 1703 in
2073 1664 2301 1719 regnum
2329 1648 2461 1704 illud
2491 1648 2927 1703 animadvertere
2952 1647 3277 1716 statueritis,
3302 1665 3402 1720 pc-

1823 1739 1933 1796 tius
1968 1740 2125 1794 vobis
2168 1741 2468 1811 apostolica
2496 1740 2824 1795 auctoritate
2850 1782 2864 1807 ,
2891 1756 2960 1796 ne
2993 1738 3122 1796 illuc
3168 1742 3403 1797 tendatis

146 1833 463 1903 spectatione
488 1850 566 1889 ne
598 1849 879 1890 morarum
909 1836 1131 1907 quidem
1161 1838 1320 1895 nobis
1347 1854 1547 1895 causas
1570 1840 1716 1896 indi-
1748 1837 1792 1895 B
1819 1832 2198 1887 interdicendo
2217 1874 2231 1898 ,
2268 1829 2711 1887 contraferemur
2749 1846 2915 1901 quam
2958 1840 3148 1887 sancta
3182 1839 3237 1885 et
3271 1833 3400 1886 uni-

147 1925 314 1980 castis.
350 1922 515 1981 Unde
561 1926 911 1983 dilectionem
960 1938 1201 1986 vestram
1251 1930 1611 1989 admonemus
1661 1942 1723 1988 nt

147 2018 452 2088 quantocius
486 2019 720 2090 possitis
744 2020 812 2075 ad
841 2034 945 2077 nos
974 2024 1345 2090 revertamini,
1366 2035 1639 2095 quatenus
1666 2038 1724 2086 ct

149 2108 259 2176 quid
288 2109 517 2178 egeritis
544 2124 972 2181 cognoscamus,
996 2121 1054 2168 et
1076 2114 1145 2169 de
1169 2123 1366 2171 metere
1394 2120 1720 2187 consultius,

150 2199 418 2268 adiuvante
443 2201 566 2256 Deo
601 2210 848 2259 statuere
874 2204 1177 2261 valeamus.
1223 2206 1427 2264 Praeter
1461 2211 1578 2268 hinc
1605 2214 1721 2284 jam

151 2310 274 2365 sepe.
313 2306 688 2353 memoratum
742 2299 993 2356 abbatem
1030 2302 1338 2371 specialiter
1386 2307 1724 2363 commoneri

153 2377 515 2462 et'plurimum
551 2404 584 2442 a
619 2388 782 2445 vobis
813 2390 931 2446 vice
965 2400 1158 2447 nostra
1185 2396 1406 2449 exorari
1445 2397 1701 2465 cupimus

154 2488 397 2541 quatenus
441 2488 777 2535 cnantatem
808 2497 972 2553 quam
1018 2483 1285 2541 hactenus
1314 2487 1369 2542 in
1399 2502 1502 2542 nos
1518 2471 1727 2544 'habuit

152 2564 299 2633 nunc,
328 2584 453 2625 cum
505 2571 752 2629 maxime
777 2589 918 2644 opus
950 2584 1053 2643 est,
1090 2574 1360 2634 indefessa
1391 2579 1727 2638 exhibitione

156 2658 391 2730 conferat,
423 2672 482 2720 et
516 2664 896 2722 inﬁrmitatem
925 2675 1172 2724 nostram
1206 2671 1323 2727 suis
1352 2680 1409 2728 et
1435 2674 1726 2730 sanctissi-

158 2768 245 2809 ma
274 2758 716 2830 congregationis
746 2774 861 2815 sua:
892 2760 1233 2819 orationibus
1262 2772 1416 2821 tanto
1441 2767 1730 2825 subnixius

158 2845 386 2914 adjuvare
406 2851 634 2906 studeat
658 2860 867 2922 quanto
895 2853 1320 2910 imbecillitatem
1353 2866 1599 2915 nostram
1625 2861 1730 2916 sub

159 2940 474 2996 accumulato
501 2944 750 3013 pondere
778 2946 999 3015 gravius
1030 2948 1205 3017 premi
1236 2963 1345 3004 non
1380 2950 1617 3021 ignorat.

217 3029 338 3087 Data
382 3032 579 3091 Romae
638 3036 883 3092 secundo
924 3036 1195 3094 Kalendas
1228 3039 1376 3108 Maii,
1430 3042 1729 3099 indictione

164 3122 440 3181 undecima.

690 3241 1035 3300 EPISTOLA
1074 3244 1166 3300 Vl]

578 3349 648 3387 λι)
690 3350 965 3393 PRINCIPES
1011 3353 1291 3396 ιηδρλιςιδι.

737 3429 920 3500 (Anno
958 3432 1140 3505 1073.)

170 3524 435 3613 Signiﬁcat.
463 3533 653 3613 comiti
689 3531 754 3587 de
796 3534 983 3590 Raecio
1030 3537 1124 3591 sub
1153 3538 1391 3613 quadam
1427 3542 1727 3613 conditione

224 3600 652 3679 cam'liispanite
680 3614 886 3679 partem
929 3600 1246 3679 concessisse
1272 3650 1288 3674 ,
1321 3626 1481 3679 quam
1502 3629 1534 3665 a
1560 3611 1728 3668 Sara—

225 3686 453 3753 cenorum
478 3674 732 3753 manibus
756 3677 996 3744 eriperet.
1018 3677 1271 3753 Prohibet
1298 3674 1434 3753 alios
1458 3683 1724 3753 principes

223 3743 526 3824 ia'eamdefn
542 3744 810 3824 regionem
828 3743 960 3824 eum
974 3751 1141 3824 eopiis
1167 3750 1396 3824 ingredi,
1421 3743 1728 3824 partemque

226 3808 377 3890 «(tam
413 3812 569 3865 illius
598 3808 888 3890 provincia’
913 3819 1017 3890 sibi
1037 3808 1343 3890 'vindicare,
1372 3808 1477 3875 nisi
1500 3808 1728 3878 interre-

226 3886 327 3933 aiat
360 3886 734 3960 aqua‘pactio
775 3887 1104 3960 persolvendi
1136 3892 1267 3960 jura
1304 3889 1490 3946 Sancti
1536 3893 1725 3960 Petri;

226 3965 318 4019 qua
339 3952 402 4005 de
439 3970 494 4006 re
523 3952 730 4024 tegulas
762 3958 945 4012 mittit.

227 4061 523 4124 Gnrconws
542 4072 600 4126 in
628 4067 938 4150 Romanum
954 4075 1267 4144 pontiﬁcem
1290 4077 1519 4144 electus,
1546 4078 1727 4133 omni—

170 4155 256 4213 bus
274 4163 610 4237 principibus
634 4166 690 4221 in
718 4174 916 4222 terram
949 4166 1221 4239 Hispaniae
1250 4169 1521 4240 proﬁcisci
1544 4172 1730 4225 volen-

171 4248 312 4318 tibus,
345 4267 669 4330 perpetuam
697 4259 929 4315 salutem
967 4256 1023 4315 in
1059 4260 1292 4317 Domino
1314 4260 1444 4318 Jesu
1486 4262 1725 4317 Christo.

226 4336 335 4400 Non
384 4348 562 4404 latere
617 4366 719 4407 vos
766 4351 1045 4409 credimus
1086 4369 1316 4425 regnum
1359 4353 1635 4425 Hispaniae
1661 4355 1731 4411 ab

172 4434 369 4505 antiquo
408 4440 625 4510 proprii
658 4442 803 4512 juris
835 4440 1024 4499 Sancti
1060 4443 1208 4499 Petri
1234 4444 1440 4513 fuisse,
1478 4454 1533 4502 et
1554 4446 1732 4503 adhuc

1822 1922 2051 1978 versalis
2088 1931 2262 1977 mater
2296 1921 2540 1979 Ecclesia
2560 1965 2576 1989 ,
2619 1923 2763 1978 idem
2794 1939 2825 1978 a
2857 1922 2984 1979 ﬁliis
3009 1924 3125 1979 suis
3149 1923 3296 1994 quod
3329 1922 3399 1977 ab

1824 2016 2075 2071 hostibus
2098 2016 2374 2087 patiendo,
2401 2030 2511 2071 non
2539 2017 2644 2079 iam
2684 2015 3032 2085 proprietatis
3056 2031 3189 2081 sum,
3217 2016 3310 2071 sed
3337 2015 3402 2069 ﬁ-

1822 2106 2023 2163 liorum
2050 2106 2380 2162 detrimento
2405 2108 2699 2162 saucietur.
2739 2105 3103 2172 Quamobrem
3138 2106 3285 2161 hunc
3318 2106 3402 2161 di-

1823 2198 2024 2255 lectum
2060 2198 2233 2254 ﬁlium
2279 2195 2564 2270 Hugonem
2599 2205 2655 2253 et
2690 2198 3024 2253 cardinalem
3063 2204 3266 2252 sancta:
3289 2196 3402 2251 Ro-

1825 2308 2003 2347 mana:
2038 2291 2296 2347 Ecclesim
2335 2291 2717 2362 presbyterum
2773 2290 2830 2344 in
2866 2298 3052 2360 partes
3091 2289 3212 2345 illas
3247 2280 3402 2343 misi-

1826 2399 1971 2451 mus,
1998 2383 2051 2437 in
2087 2384 2245 2454 cujus
2279 2397 2376 2437 ore
2401 2392 2589 2438 nostra
2625 2382 2693 2437 ad
2717 2398 2813 2438 vos
2846 2378 3073 2437 consilia
3098 2389 3153 2436 et
3184 2380 3401 2436 decréta

1826 2473 2042 2544 plenius
2087 2472 2440 2544 apertiusque
2464 2470 2796 2545 disserenda
2823 2486 2887 2527 ac
2920 2473 3038 2528 vice
3074 2480 3264 2527 nostra
3289 2460 3406 2526 dis-4

1827 2560 2081 2633 ponenda
2105 2561 2412 2632 posuimus.

1899 2651 2035 2707 Data
2070 2651 2258 2707 Romae
2293 2667 2332 2706 ll
2374 2650 2645 2707 Kalendas
2680 2650 2839 2719 Maii,
2887 2651 3185 2707 indictione
3228 2648 3403 2709 unde-

1828 2741 1989 2797 cima.

2359 2829 2696 2886 EPISTULA
2728 2831 2837 2885 Vlll

1902 2939 1968 2975 AD
2015 2936 2269 2977 UBERTUI
2307 2936 2571 2977 ςιεκιςωι
2610 2938 2682 2976 ΒΤ
2720 2937 3004 2976 ALBERTUI
3041 2936 3327 2977 DIACONUI.

2414 3011 2597 3082 (Anno
2626 3011 2808 3081 1075.)

1834 3103 2035 3158 Eorum
2063 3103 2374 3166 leqationem
2410 3104 2722 3172 conﬁrmat,
2770 3103 3014 3157 hortatur
3048 3112 3104 3157 ut
3141 3105 3405 3159 orationes

2341 3188 2437 3243 pro
2464 3191 2517 3227 se
2542 3175 2660 3244 ﬁeri
2691 3184 2893 3228 curent.

1898 3263 2207 3319 Gnsconws
2219 3264 2275 3318 in
2296 3262 2603 3319 Romanum
2620 3264 2932 3335 pontiﬁcem
2949 3262 3406 3329 electus,Uesn'ro

1828 3357 2067 3424 clerico,
2104 3363 2160 3409 et
2201 3356 2460 3410 Auream
2503 3356 2767 3423 diacono,
2808 3356 3043 3411 salutem
3083 3356 3138 3410 in
3172 3355 3406 3411 Domino

1827 3446 1955 3501 Jesu
1977 3444 2220 3500 Christo.

1897 3535 2119 3592 Obitum
2142 3535 2348 3591 domini
2375 3535 2666 3592 Alexandri
2693 3551 2848 3608 papae
2867 3537 2981 3608 jam
3012 3552 3110 3593 vos
3135 3537 3411 3608 accepisse

1828 3628 1975 3685 fama
2000 3629 2289 3684 nuntiante
2319 3629 2615 3696 credimus,
2640 3638 2695 3684 et
2716 3645 2880 3699 quam
2906 3638 3148 3700 repente,
3174 3636 3413 3699 quanta-

1829 3739 1937 3794 que
1976 3723 2163 3793 pepuli
2199 3722 2460 3777 violentia
2501 3739 2603 3777 nos
2645 3722 2851 3793 indigni
2892 3731 2947 3778 et
2987 3725 3321 3780 reluctantes
3342 3722 3411 3778 ad

1830 3814 2420 3886 regimen'apostolicae
2453 3815 2597 3870 sedis
2622 3816 2717 3869 lati
2753 3814 2928 3887 [forte
2962 3816 3109 3869 elati.
3137 3813 3308 3871 Hann.
3359 3822 3410 3867 et

1832 3904 2035 3959 Manu.
2062 3904 2289 3977 sublati]
2314 3921 2525 3961 sumus.
2581 3904 2687 3960 Sed
2731 3920 2800 3959 ne
2831 3913 3060 3960 eventus
3098 3905 3291 3959 barum
3326 3918 3414 3958 re—

1828 4015 1951 4053 rum
1986 3998 2201 4055 animos
2226 4009 2442 4055 vestros
2467 4000 2521 4055 in
2565 3999 2912 4071 exsequenda
2936 4000 3091 4055 vobis
3121 3999 3413 4055 commissa

1829 4090 2099 4160 legatione
2122 4099 2217 4145 aut
2248 4090 2441 4146 timore
2468 4106 2564 4147 seu
2598 4092 2779 4161 aliqua
2802 4090 3158 4161 ambiguitate
3190 4098 3413 4161 perten-

1830 4190 1928 4249 tet,
1952 4183 2021 4237 ad
2051 4182 2471 4237 confortandam
2504 4183 2827 4238 charitatem
2859 4190 3098 4238 vestram
3133 4182 3251 4236 haec
3289 4196 3416 4235 suc-

1829 4273 2008 4328 cincte
2030 4272 2185 4327 vobis
2208 4272 2561 4343 scripsimus,
2587 4280 2647 4326 ut
2668 4288 2887 4326 omnem
2912 4271 2966 4326 in
2996 4270 3109 4327 Deo
3140 4278 3195 4325 et
3218 4276 3411 4325 sancto

1830 4364 2015 4433 Petro,
2043 4364 2203 4437 cujus
2229 4365 2325 4420 ﬁlii
2346 4372 2402 4419 et
2434 4364 2596 4435 legati
2628 4362 2758 4419 estis
2777 4403 2792 4430 ,
2820 4362 3079 4418 ﬁduciam
3112 4362 3377 4417 habentes
3396 4402 3412 4427 ,

1833 4459 1901 4514 ad
1930 4474 2054 4529 quae
2075 4458 2231 4513 missi
2254 4456 2406 4525 estis,
2443 4456 2673 4511 viriliter
2703 4465 2757 4511 et
2786 4454 3172 4511 incunctanter
3192 4459 3415 4525 aposto-

175 4521 300 4588 (licet
321 4528 467 4587 diua
506 4533 740 4604 paganis
793 4534 868 4589 sit
901 4535 1254 4607 occupatum)
1290 4537 1409 4609 lege
1431 4539 1725 4609 tamenin-
1757 4534 1802 4589 D
1826 4521 2097 4602 lica-vice
2147 4521 2482 4612 fulciamini,
2526 4553 2581 4601 ct
2629 4545 2682 4600 in
2725 4543 2974 4600 facienda
3013 4521 3240 4614 justitia
3266 4541 3413 4597 ﬁdeli

174 4618 309 4677 stitia:
329 4640 435 4679 non
461 4634 732 4683 evacuata
754 4670 771 4695 ,
808 4628 946 4683 nulli
979 4630 1318 4698 mortalium,
1349 4632 1444 4688 sed
1468 4631 1572 4687 soli
1598 4648 1732 4705 apo-

175 4711 351 4769 stolica
382 4717 502 4772 sedi
531 4733 600 4773 ex
634 4733 796 4789 aequo
829 4720 1124 4789 pertinere.
1150 4719 1307 4787 Quod
1333 4722 1480 4777 enim
1508 4708 1732 4778 auctore

176 4797 447 4864 Deosemel
482 4810 539 4865 in
565 4812 917 4883 proprietatis
961 4814 1320 4870 ecclesiarum
1350 4816 1499 4886 juste
1543 4831 1733 4887 perve-

178 4894 295 4950 nerit
318 4938 332 4963 ,
374 4909 632 4956 manente
653 4918 718 4957 eo
743 4947 758 4970 ,
807 4904 877 4958 ab
907 4920 1013 4959 usu
1038 4905 1291 4975 quidem,
1320 4907 1415 4962 sed
1450 4906 1519 4963 ab
1541 4922 1732 4979 earum

175 4979 296 5050 iure,
322 4990 607 5046 occasione
642 4993 988 5050 transeuntis
1026 4997 1288 5067 temporis
1307 5040 1322 5063 ,
1350 4996 1469 5053 sine
1492 4997 1732 5070 legitima

179 5080 505 5176 concessione
527 5083 706 5141 divelli
739 5100 851 5142 non
875 5088 1099 5158 poterit.
1138 5087 1327 5161 Itaque
1363 5106 1549 5147 comes
1585 5091 1733 5148 Evn-

1831 4636 2143 4693 constantia
2182 4636 2573 4708 ‘accingamini.
2622 4635 2758 4692 Nam
2796 4645 2850 4692 et
2878 4653 2943 4691 ea
2996 4652 3119 4707 quae
3162 4650 3191 4691 a
3241 4636 3417 4691 beatae

1833 4728 2116 4785 memoriae
2151 4729 2376 4784 domino
2416 4737 2607 4783 nostro
2634 4728 2946 4784 Alexandro
2985 4742 3124 4799 papa
3164 4728 3414 4798 injuncta

1832 4820 1991 4878 vobis
2023 4828 2081 4876 et
2104 4820 2403 4879 commissa
2440 4828 2588 4887 sunt,
2618 4838 2722 4878 nos
2783 4834 3006 4891 quoque
3031 4820 3289 4892 praesenti
3318 4835 3419 4874 au-

1833 4912 2086 4969 ctoritate
2120 4910 2481 4983 injungimus,
2508 4909 2848 4985 ﬁrmiterque
2890 4913 3320 4976 committimus,
3363 4909 3419 4977 in

1833 5004 2035 5074 quibus
2069 5003 2394 5075 peragendis
2422 5010 2484 5056 ut
2510 5003 2721 5059 monita
2746 5003 2941 5060 damus
2961 5048 2976 5072 ,
3014 5006 3089 5062 ita
3125 5002 3427 5063 auxiliante

1834 5094 1975 5160 Deo,
2002 5094 2319 5165 apostolicae
2356 5093 2755 5152 consolationis
2775 5102 2831 5145 et
2861 5099 3207 5155 auctoritatis
3239 5090 3425 5150 subsi-
