  <div class='ocr_page' id='page_1' title='image "/cluster/home/n/w/nwhite01/storage/ocr_20150623/148/hvd.32044015471840/149.png"; bbox 0 0 3962 5348; ppageno 0'>
   <div class='ocr_carea' id='block_1_1' title="bbox 1165 310 3158 398">
    <p class='ocr_par' dir='ltr' id='par_1_1' title="bbox 1165 310 3158 398">
     <span class='ocr_line' id='line_1_1' title="bbox 1165 310 3158 398; baseline -0.011 -9"><span class='ocrx_word' id='word_1_1' title='bbox 1165 333 1223 389; x_wconf 89' lang='lat' dir='ltr'><strong>S.</strong></span> <span class='ocrx_word' id='word_1_2' title='bbox 1263 325 1592 389; x_wconf 73' lang='lat' dir='ltr'><strong>GREGORII</strong></span> <span class='ocrx_word' id='word_1_3' title='bbox 1615 321 1722 398; x_wconf 69' lang='lat' dir='ltr'><strong>_VI|</strong></span> <span class='ocrx_word' id='word_1_4' title='bbox 1757 321 1962 378; x_wconf 68' lang='lat' dir='ltr'><strong>PAPIE</strong></span> <span class='ocrx_word' id='word_1_5' title='bbox 2002 317 2288 378; x_wconf 68' lang='lat' dir='ltr'><strong>OPERUH</strong></span> <span class='ocrx_word' id='word_1_6' title='bbox 2325 315 2510 374; x_wconf 72' lang='lat' dir='ltr'><strong>PARS</strong></span> <span class='ocrx_word' id='word_1_7' title='bbox 2546 313 2588 372; x_wconf 71' lang='grc' dir='ltr'><strong>Ι.</strong></span> <span class='ocrx_word' id='word_1_8' title='bbox 2628 319 2696 356; x_wconf 83' lang='lat'><strong>—-&#39;-</strong></span> <span class='ocrx_word' id='word_1_9' title='bbox 2735 310 3158 372; x_wconf 73' lang='lat' dir='ltr'><strong>REGISTBUM.</strong></span> 
     </span>
    </p>
   </div>
   <div class='ocr_carea' id='block_1_2' title="bbox 594 424 3807 512">
    <p class='ocr_par' dir='ltr' id='par_1_2' title="bbox 594 424 3807 512">
     <span class='ocr_line' id='line_1_2' title="bbox 594 424 3807 512; baseline -0.01 1"><span class='ocrx_word' id='word_1_10' title='bbox 594 455 733 512; x_wconf 68' lang='lat' dir='ltr'><strong>Data</strong></span> <span class='ocrx_word' id='word_1_11' title='bbox 766 451 958 510; x_wconf 60' lang='lat' dir='ltr'><strong>Bonna:</strong></span> <span class='ocrx_word' id='word_1_12' title='bbox 993 469 1032 510; x_wconf 84' lang='grc' dir='ltr'><strong>ιι</strong></span> <span class='ocrx_word' id='word_1_13' title='bbox 1067 443 1340 505; x_wconf 74' lang='lat' dir='ltr'><strong>Kalendas</strong></span> <span class='ocrx_word' id='word_1_14' title='bbox 1383 441 1508 500; x_wconf 77' lang='lat' dir='ltr'><strong>Maii</strong></span> <span class='ocrx_word' id='word_1_15' title='bbox 1531 483 1546 510; x_wconf 89' lang='lat'><strong>,</strong></span> <span class='ocrx_word' id='word_1_16' title='bbox 1593 440 1896 498; x_wconf 70' lang='lat' dir='ltr'><strong>indictione</strong></span> <span class='ocrx_word' id='word_1_17' title='bbox 1939 439 2111 495; x_wconf 66' lang='lat' dir='ltr'><strong>undo-</strong></span> <span class='ocrx_word' id='word_1_18' title='bbox 2135 444 2186 503; x_wconf 71' lang='grc' dir='ltr'>Α</span> <span class='ocrx_word' id='word_1_19' title='bbox 2209 433 2526 502; x_wconf 76' lang='lat' dir='ltr'><strong>dilectione,</strong></span> <span class='ocrx_word' id='word_1_20' title='bbox 2549 429 2912 502; x_wconf 70' lang='lat' dir='ltr'><strong>omnipotenti</strong></span> <span class='ocrx_word' id='word_1_21' title='bbox 2947 429 3130 486; x_wconf 74' lang='lat' dir='ltr'><strong>autem</strong></span> <span class='ocrx_word' id='word_1_22' title='bbox 3155 427 3267 483; x_wconf 81' lang='lat' dir='ltr'><strong>Deo</strong></span> <span class='ocrx_word' id='word_1_23' title='bbox 3287 439 3390 498; x_wconf 87' lang='lat' dir='ltr'><strong>pro</strong></span> <span class='ocrx_word' id='word_1_24' title='bbox 3407 431 3563 482; x_wconf 77' lang='lat' dir='ltr'><strong>tanto</strong></span> <span class='ocrx_word' id='word_1_25' title='bbox 3587 424 3807 481; x_wconf 84' lang='lat' dir='ltr'><strong>honore</strong></span> 
     </span>
    </p>
   </div>
   <div class='ocr_carea' id='block_1_3' title="bbox 525 547 692 606">
    <p class='ocr_par' dir='ltr' id='par_1_3' title="bbox 525 547 692 606">
     <span class='ocr_line' id='line_1_3' title="bbox 525 547 692 606; baseline -0.012 0"><span class='ocrx_word' id='word_1_26' title='bbox 525 547 692 606; x_wconf 78' lang='lat' dir='ltr'><strong>cima.</strong></span> 
     </span>
    </p>
   </div>
   <div class='ocr_carea' id='block_1_4' title="bbox 1083 647 1526 706">
    <p class='ocr_par' dir='ltr' id='par_1_4' title="bbox 1083 647 1526 706">
     <span class='ocr_line' id='line_1_4' title="bbox 1083 647 1526 706; baseline -0.009 0"><span class='ocrx_word' id='word_1_27' title='bbox 1083 648 1422 706; x_wconf 69' lang='lat' dir='ltr'><strong>EPISTOLA</strong></span> <span class='ocrx_word' id='word_1_28' title='bbox 1460 647 1526 703; x_wconf 76' lang='lat' dir='ltr'><strong>l.\&#39;</strong></span> 
     </span>
    </p>
   </div>
   <div class='ocr_carea' id='block_1_5' title="bbox 958 757 1682 802">
    <p class='ocr_par' dir='ltr' id='par_1_5' title="bbox 958 757 1682 802">
     <span class='ocr_line' id='line_1_5' title="bbox 958 757 1682 802; baseline -0.014 1"><span class='ocrx_word' id='word_1_29' title='bbox 958 763 1025 802; x_wconf 75' lang='lat' dir='ltr'><strong>AD</strong></span> <span class='ocrx_word' id='word_1_30' title='bbox 1065 757 1450 802; x_wconf 67' lang='lat' dir='ltr'><strong>GOTTIFnBllUﬂ</strong></span> <span class='ocrx_word' id='word_1_31' title='bbox 1487 757 1682 797; x_wconf 72' lang='grc' dir='ltr'><strong>ῠυεειι,</strong></span> 
     </span>
    </p>
   </div>
   <div class='ocr_carea' id='block_1_6' title="bbox 1120 835 1532 910">
    <p class='ocr_par' dir='ltr' id='par_1_6' title="bbox 1120 835 1532 910">
     <span class='ocr_line' id='line_1_6' title="bbox 1120 835 1532 910; baseline -0.01 -18"><span class='ocrx_word' id='word_1_32' title='bbox 1120 837 1304 910; x_wconf 74' lang='lat' dir='ltr'><strong>(Anno</strong></span> <span class='ocrx_word' id='word_1_33' title='bbox 1348 835 1532 896; x_wconf 78' lang='lat' dir='ltr'><strong>l075.)</strong></span> 
     </span>
    </p>
   </div>
   <div class='ocr_carea' id='block_1_7' title="bbox 535 922 2118 1004">
    <p class='ocr_par' dir='ltr' id='par_1_7' title="bbox 535 922 2118 1004">
     <span class='ocr_line' id='line_1_7' title="bbox 535 922 2118 1004; baseline -0.011 -13"><span class='ocrx_word' id='word_1_34' title='bbox 535 935 758 991; x_wconf 75' lang='lat' dir='ltr'><strong>Gratum</strong></span> <span class='ocrx_word' id='word_1_35' title='bbox 799 933 904 988; x_wconf 83' lang='lat' dir='ltr'><strong>sibi</strong></span> <span class='ocrx_word' id='word_1_36' title='bbox 929 932 1092 1004; x_wconf 77' lang='lat' dir='ltr'><strong>fuisse</strong></span> <span class='ocrx_word' id='word_1_37' title='bbox 1126 929 1313 1004; x_wconf 81' lang='lat' dir='ltr'><strong>scribit</strong></span> <span class='ocrx_word' id='word_1_38' title='bbox 1341 927 1481 1004; x_wconf 67' lang='lat' dir='ltr'><strong>quod</strong></span> <span class='ocrx_word' id='word_1_39' title='bbox 1502 924 1710 1004; x_wconf 52' lang='lat' dir='ltr'><strong>litteris</strong></span> <span class='ocrx_word' id='word_1_40' title='bbox 1737 922 1896 996; x_wconf 82' lang='lat' dir='ltr'><strong>fuerit</strong></span> <span class='ocrx_word' id='word_1_41' title='bbox 1919 922 1984 1004; x_wconf 68' lang='lat' dir='ltr'><strong>de</strong></span> <span class='ocrx_word' id='word_1_42' title='bbox 2017 937 2118 1004; x_wconf 68' lang='lat' dir='ltr'><strong>sua</strong></span> 
     </span>
    </p>
   </div>
   <div class='ocr_carea' id='block_1_8' title="bbox 603 991 2117 1077">
    <p class='ocr_par' dir='ltr' id='par_1_8' title="bbox 603 991 2117 1077">
     <span class='ocr_line' id='line_1_8' title="bbox 603 991 2117 1077; baseline -0.009 -17"><span class='ocrx_word' id='word_1_43' title='bbox 603 991 940 1077; x_wconf 62' lang='lat' dir='ltr'><strong>promotione&#39;</strong></span> <span class='ocrx_word' id='word_1_44' title='bbox 961 1001 1300 1077; x_wconf 67' lang='lat' dir='ltr'><strong>gratulatus;</strong></span> <span class='ocrx_word' id='word_1_45' title='bbox 1341 991 1612 1070; x_wconf 58' lang='lat' dir='ltr'><strong>Signiﬁcat</strong></span> <span class='ocrx_word' id='word_1_46' title='bbox 1641 991 1818 1077; x_wconf 61' lang='lat' dir='ltr'><strong>tanien</strong></span> <span class='ocrx_word' id='word_1_47' title='bbox 1845 1010 1902 1049; x_wconf 78' lang='lat' dir='ltr'><strong>se</strong></span> <span class='ocrx_word' id='word_1_48' title='bbox 1939 991 2117 1048; x_wconf 83' lang='lat' dir='ltr'><strong>dolere</strong></span> 
     </span>
    </p>
   </div>
   <div class='ocr_carea' id='block_1_9' title="bbox 604 1065 2118 1146">
    <p class='ocr_par' dir='ltr' id='par_1_9' title="bbox 604 1065 2118 1146">
     <span class='ocr_line' id='line_1_9' title="bbox 604 1065 2118 1146; baseline -0.009 -15"><span class='ocrx_word' id='word_1_49' title='bbox 604 1065 670 1134; x_wconf 63' lang='lat' dir='ltr'><strong>de</strong></span> <span class='ocrx_word' id='word_1_50' title='bbox 702 1084 943 1146; x_wconf 84' lang='lat' dir='ltr'><strong>suscepto</strong></span> <span class='ocrx_word' id='word_1_51' title='bbox 961 1065 1273 1146; x_wconf 50' lang='lat' dir='ltr'><strong>pontiﬁcali</strong></span> <span class='ocrx_word' id='word_1_52' title='bbox 1301 1065 1532 1135; x_wconf 68' lang='lat' dir='ltr'><strong>munere,</strong></span> <span class='ocrx_word' id='word_1_53' title='bbox 1559 1065 1788 1124; x_wconf 66' lang='lat' dir='ltr'><strong>ostendit</strong></span> <span class='ocrx_word' id='word_1_54' title='bbox 1814 1081 1970 1146; x_wconf 70' lang='lat' dir='ltr'><strong>suam</strong></span> <span class='ocrx_word' id='word_1_55' title='bbox 1990 1080 2118 1146; x_wconf 58' lang='lat' dir='ltr'><strong>ergo</strong></span> 
     </span>
    </p>
   </div>
   <div class='ocr_carea' id='block_1_10' title="bbox 604 1137 2120 1216">
    <p class='ocr_par' dir='ltr' id='par_1_10' title="bbox 604 1137 2120 1216">
     <span class='ocr_line' id='line_1_10' title="bbox 604 1137 2120 1216; baseline -0.01 -14"><span class='ocrx_word' id='word_1_56' title='bbox 604 1164 726 1202; x_wconf 83' lang='lat' dir='ltr'><strong>eam</strong></span> <span class='ocrx_word' id='word_1_57' title='bbox 759 1156 809 1202; x_wconf 87' lang='lat' dir='ltr'><strong>et</strong></span> <span class='ocrx_word' id='word_1_58' title='bbox 838 1137 1004 1216; x_wconf 69' lang='lat' dir='ltr'><strong>regem</strong></span> <span class='ocrx_word' id='word_1_59' title='bbox 1031 1137 1370 1199; x_wconf 72' lang='lat' dir='ltr'><strong>dilectionem</strong></span> <span class='ocrx_word' id='word_1_60' title='bbox 1387 1183 1404 1210; x_wconf 94' lang='lat'><strong>,</strong></span> <span class='ocrx_word' id='word_1_61' title='bbox 1430 1149 1577 1212; x_wconf 84' lang='lat' dir='ltr'><strong>optat</strong></span> <span class='ocrx_word' id='word_1_62' title='bbox 1612 1149 1668 1194; x_wconf 88' lang='lat' dir='ltr'><strong>ut</strong></span> <span class='ocrx_word' id='word_1_63' title='bbox 1696 1153 1787 1193; x_wconf 71' lang='lat' dir='ltr'><strong>rex</strong></span> <span class='ocrx_word' id='word_1_64' title='bbox 1809 1137 1922 1192; x_wconf 77' lang='lat' dir='ltr'><strong>suis</strong></span> <span class='ocrx_word' id='word_1_65' title='bbox 1949 1137 2120 1190; x_wconf 86' lang='lat' dir='ltr'><strong>moui-</strong></span> 
     </span>
    </p>
   </div>
   <div class='ocr_carea' id='block_1_11' title="bbox 609 1217 1026 1289">
    <p class='ocr_par' dir='ltr' id='par_1_11' title="bbox 609 1217 1026 1289">
     <span class='ocr_line' id='line_1_11' title="bbox 609 1217 1026 1289; baseline -0.005 -17"><span class='ocrx_word' id='word_1_66' title='bbox 609 1219 679 1272; x_wconf 89' lang='lat' dir='ltr'><strong>tis</strong></span> <span class='ocrx_word' id='word_1_67' title='bbox 702 1217 1026 1289; x_wconf 82' lang='lat' dir='ltr'><strong>acquiescat.</strong></span> 
     </span>
    </p>
   </div>
   <div class='ocr_carea' id='block_1_12' title="bbox 607 1296 2123 1376">
    <p class='ocr_par' dir='ltr' id='par_1_12' title="bbox 607 1296 2123 1376">
     <span class='ocr_line' id='line_1_12' title="bbox 607 1296 2123 1376; baseline -0.01 -10"><span class='ocrx_word' id='word_1_68' title='bbox 607 1309 918 1366; x_wconf 70' lang='lat' dir='ltr'><strong>Gnaeonws</strong></span> <span class='ocrx_word' id='word_1_69' title='bbox 953 1307 1008 1362; x_wconf 91' lang='lat' dir='ltr'><strong>in</strong></span> <span class='ocrx_word' id='word_1_70' title='bbox 1036 1307 1348 1362; x_wconf 85' lang='lat' dir='ltr'><strong>Romanum.</strong></span> <span class='ocrx_word' id='word_1_71' title='bbox 1383 1303 1701 1376; x_wconf 88' lang='lat' dir='ltr'><strong>pontiﬁcem</strong></span> <span class='ocrx_word' id='word_1_72' title='bbox 1742 1299 1952 1356; x_wconf 88' lang='lat' dir='ltr'><strong>electus</strong></span> <span class='ocrx_word' id='word_1_73' title='bbox 1973 1296 2123 1353; x_wconf 79' lang='lat' dir='ltr'><strong>Gor-</strong></span> 
     </span>
    </p>
   </div>
   <div class='ocr_carea' id='block_1_13' title="bbox 539 1387 2121 1474">
    <p class='ocr_par' dir='ltr' id='par_1_13' title="bbox 539 1387 2121 1474">
     <span class='ocr_line' id='line_1_13' title="bbox 539 1387 2121 1474; baseline -0.009 -16"><span class='ocrx_word' id='word_1_74' title='bbox 539 1411 772 1458; x_wconf 62' lang='lat' dir='ltr'><strong>‘nrneoo</strong></span> <span class='ocrx_word' id='word_1_75' title='bbox 795 1398 1173 1474; x_wconf 61' lang='grc' dir='ltr'><strong>[ϐοτηε-λειω]</strong></span> <span class='ocrx_word' id='word_1_76' title='bbox 1207 1397 1368 1464; x_wconf 90' lang='lat' dir='ltr'><strong>duci,</strong></span> <span class='ocrx_word' id='word_1_77' title='bbox 1394 1397 1627 1453; x_wconf 90' lang='lat' dir='ltr'><strong>salutem</strong></span> <span class='ocrx_word' id='word_1_78' title='bbox 1652 1394 1708 1448; x_wconf 90' lang='lat' dir='ltr'><strong>in</strong></span> <span class='ocrx_word' id='word_1_79' title='bbox 1735 1391 1970 1448; x_wconf 88' lang='lat' dir='ltr'><strong>Domino</strong></span> <span class='ocrx_word' id='word_1_80' title='bbox 1993 1387 2121 1446; x_wconf 81' lang='lat' dir='ltr'><strong>Jesu</strong></span> 
     </span>
    </p>
   </div>
   <div class='ocr_carea' id='block_1_14' title="bbox 539 1483 785 1550">
    <p class='ocr_par' dir='ltr' id='par_1_14' title="bbox 539 1483 785 1550">
     <span class='ocr_line' id='line_1_14' title="bbox 539 1483 785 1550; baseline 0 -2"><span class='ocrx_word' id='word_1_81' title='bbox 539 1483 785 1550; x_wconf 77' lang='lat' dir='ltr'><strong>Christo.</strong></span> 
     </span>
    </p>
   </div>
   <div class='ocr_carea' id='block_1_15' title="bbox 613 1569 2095 1650">
    <p class='ocr_par' dir='ltr' id='par_1_15' title="bbox 613 1569 2095 1650">
     <span class='ocr_line' id='line_1_15' title="bbox 613 1569 2095 1650; baseline -0.009 -10"><span class='ocrx_word' id='word_1_82' title='bbox 613 1583 777 1640; x_wconf 87' lang='lat' dir='ltr'><strong>Grata</strong></span> <span class='ocrx_word' id='word_1_83' title='bbox 803 1583 962 1640; x_wconf 89' lang='lat' dir='ltr'><strong>nobis</strong></span> <span class='ocrx_word' id='word_1_84' title='bbox 986 1591 1070 1638; x_wconf 89' lang='lat' dir='ltr'><strong>est</strong></span> <span class='ocrx_word' id='word_1_85' title='bbox 1091 1581 1276 1637; x_wconf 62' lang='lat' dir='ltr'><strong>lmtitia</strong></span> <span class='ocrx_word' id='word_1_86' title='bbox 1305 1589 1418 1645; x_wconf 89' lang='lat' dir='ltr'><strong>tua,</strong></span> <span class='ocrx_word' id='word_1_87' title='bbox 1435 1593 1602 1650; x_wconf 90' lang='lat' dir='ltr'><strong>quam</strong></span> <span class='ocrx_word' id='word_1_88' title='bbox 1625 1575 1682 1632; x_wconf 90' lang='lat' dir='ltr'><strong>in</strong></span> <span class='ocrx_word' id='word_1_89' title='bbox 1698 1573 1894 1631; x_wconf 89' lang='lat' dir='ltr'><strong>litteris</strong></span> <span class='ocrx_word' id='word_1_90' title='bbox 1919 1569 2031 1628; x_wconf 83' lang='lat' dir='ltr'><strong>tuis</strong></span> <span class='ocrx_word' id='word_1_91' title='bbox 2059 1571 2095 1627; x_wconf 90' lang='lat' dir='ltr'><strong>d</strong></span> 
     </span>
    </p>
   </div>
   <div class='ocr_carea' id='block_1_16' title="bbox 2210 515 3804 592">
    <p class='ocr_par' dir='ltr' id='par_1_16' title="bbox 2210 515 3804 592">
     <span class='ocr_line' id='line_1_16' title="bbox 2210 515 3804 592; baseline -0.009 -10"><span class='ocrx_word' id='word_1_92' title='bbox 2210 525 2316 582; x_wconf 89' lang='lat' dir='ltr'><strong>sibi</strong></span> <span class='ocrx_word' id='word_1_93' title='bbox 2338 524 2538 582; x_wconf 85' lang='lat' dir='ltr'><strong>collato</strong></span> <span class='ocrx_word' id='word_1_94' title='bbox 2560 519 2960 582; x_wconf 80' lang='lat' dir='ltr'><strong>dissimulando</strong></span> <span class='ocrx_word' id='word_1_95' title='bbox 2980 517 3254 592; x_wconf 75' lang='lat' dir='ltr'><strong>iustitiam</strong></span> <span class='ocrx_word' id='word_1_96' title='bbox 3276 515 3402 588; x_wconf 97' lang='lat' dir='ltr'><strong>ejus</strong></span> <span class='ocrx_word' id='word_1_97' title='bbox 3425 524 3804 586; x_wconf 57' lang='lat' dir='ltr'><strong>catamitum</strong></span> 
     </span>
    </p>
   </div>
   <div class='ocr_carea' id='block_1_17' title="bbox 2213 607 3806 686">
    <p class='ocr_par' dir='ltr' id='par_1_17' title="bbox 2213 607 3806 686">
     <span class='ocr_line' id='line_1_17' title="bbox 2213 607 3806 686; baseline -0.008 -14"><span class='ocrx_word' id='word_1_98' title='bbox 2213 631 2324 672; x_wconf 90' lang='lat' dir='ltr'><strong>non</strong></span> <span class='ocrx_word' id='word_1_99' title='bbox 2346 631 2412 672; x_wconf 81' lang='lat' dir='ltr'><strong>ex</strong></span> <span class='ocrx_word' id='word_1_100' title='bbox 2447 613 2952 686; x_wconf 63' lang='lat' dir='ltr'><strong>arquoreddiderit,</strong></span> <span class='ocrx_word' id='word_1_101' title='bbox 2997 609 3377 668; x_wconf 86' lang='lat' dir='ltr'><strong>interminatio</strong></span> <span class='ocrx_word' id='word_1_102' title='bbox 3411 623 3524 680; x_wconf 86' lang='lat' dir='ltr'><strong>qua</strong></span> <span class='ocrx_word' id='word_1_103' title='bbox 3557 607 3766 663; x_wconf 78' lang='lat' dir='ltr'><strong>dicitur</strong></span> <span class='ocrx_word' id='word_1_104' title='bbox 3789 625 3806 660; x_wconf 87' lang='lat'><strong>:</strong></span> 
     </span>
    </p>
   </div>
   <div class='ocr_carea' id='block_1_18' title="bbox 2215 701 3811 776">
    <p class='ocr_par' dir='ltr' id='par_1_18' title="bbox 2215 701 3811 776">
     <span class='ocr_line' id='line_1_18' title="bbox 2215 701 3811 776; baseline -0.006 -15"><span class='ocrx_word' id='word_1_105' title='bbox 2215 705 2539 761; x_wconf 74' lang='lat' dir='ltr'><strong>Maledictus</strong></span> <span class='ocrx_word' id='word_1_106' title='bbox 2563 703 2718 759; x_wconf 71' lang='lat' dir='ltr'><strong>homo</strong></span> <span class='ocrx_word' id='word_1_107' title='bbox 2735 746 2750 772; x_wconf 87' lang='lat'><strong>,</strong></span> <span class='ocrx_word' id='word_1_108' title='bbox 2783 705 2876 776; x_wconf 79' lang='lat' dir='ltr'><strong>qui</strong></span> <span class='ocrx_word' id='word_1_109' title='bbox 2902 702 3142 774; x_wconf 65' lang='lat' dir='ltr'><strong>prohibet</strong></span> <span class='ocrx_word' id='word_1_110' title='bbox 3165 701 3406 774; x_wconf 74' lang='lat' dir='ltr'><strong>gladium</strong></span> <span class='ocrx_word' id='word_1_111' title='bbox 3439 713 3600 755; x_wconf 70' lang='lat' dir='ltr'><strong>suum</strong></span> <span class='ocrx_word' id='word_1_112' title='bbox 3622 716 3656 752; x_wconf 91' lang='lat' dir='ltr'><strong>a</strong></span> <span class='ocrx_word' id='word_1_113' title='bbox 3677 715 3811 752; x_wconf 74' lang='lat' dir='ltr'><strong>san-</strong></span> 
     </span>
    </p>
   </div>
   <div class='ocr_carea' id='block_1_19' title="bbox 2215 786 3810 874">
    <p class='ocr_par' dir='ltr' id='par_1_19' title="bbox 2215 786 3810 874">
     <span class='ocr_line' id='line_1_19' title="bbox 2215 786 3810 874; baseline -0.004 -19"><span class='ocrx_word' id='word_1_114' title='bbox 2215 801 2372 874; x_wconf 82' lang='lat' dir='ltr'><strong>guine</strong></span> <span class='ocrx_word' id='word_1_115' title='bbox 2399 797 2532 872; x_wconf 80' lang='lat' dir='ltr'><strong>(Jer.</strong></span> <span class='ocrx_word' id='word_1_116' title='bbox 2563 797 2779 870; x_wconf 71' lang='lat' dir='ltr'><strong>xum),</strong></span> <span class='ocrx_word' id='word_1_117' title='bbox 2828 786 2994 870; x_wconf 84' lang='lat' dir='ltr'><strong>super</strong></span> <span class='ocrx_word' id='word_1_118' title='bbox 3023 810 3147 864; x_wconf 91' lang='lat' dir='ltr'><strong>nos,</strong></span> <span class='ocrx_word' id='word_1_119' title='bbox 3173 793 3285 851; x_wconf 85' lang='lat' dir='ltr'><strong>Deo</strong></span> <span class='ocrx_word' id='word_1_120' title='bbox 3308 791 3636 865; x_wconf 74' lang='lat' dir='ltr'><strong>providente</strong></span> <span class='ocrx_word' id='word_1_121' title='bbox 3693 806 3810 848; x_wconf 85' lang='lat' dir='ltr'><strong>non</strong></span> 
     </span>
    </p>
   </div>
   <div class='ocr_carea' id='block_1_20' title="bbox 2214 885 3811 962">
    <p class='ocr_par' dir='ltr' id='par_1_20' title="bbox 2214 885 3811 962">
     <span class='ocr_line' id='line_1_20' title="bbox 2214 885 3811 962; baseline -0.006 -15"><span class='ocrx_word' id='word_1_122' title='bbox 2214 891 2423 948; x_wconf 54' lang='lat' dir='ltr'><strong>ueniet.</strong></span> <span class='ocrx_word' id='word_1_123' title='bbox 2447 887 2634 962; x_wconf 91' lang='lat' dir='ltr'><strong>Neque</strong></span> <span class='ocrx_word' id='word_1_124' title='bbox 2653 890 2801 946; x_wconf 91' lang='lat' dir='ltr'><strong>enim</strong></span> <span class='ocrx_word' id='word_1_125' title='bbox 2817 889 3052 946; x_wconf 88' lang='lat' dir='ltr'><strong>liberum</strong></span> <span class='ocrx_word' id='word_1_126' title='bbox 3076 887 3236 944; x_wconf 88' lang='lat' dir='ltr'><strong>nobis</strong></span> <span class='ocrx_word' id='word_1_127' title='bbox 3255 896 3340 944; x_wconf 88' lang='lat' dir='ltr'><strong>est</strong></span> <span class='ocrx_word' id='word_1_128' title='bbox 3359 885 3603 955; x_wconf 80' lang='lat' dir='ltr'><strong>alicujus</strong></span> <span class='ocrx_word' id='word_1_129' title='bbox 3613 898 3811 955; x_wconf 66' lang='lat' dir='ltr'><strong>poiso-</strong></span> 
     </span>
    </p>
   </div>
   <div class='ocr_carea' id='block_1_21' title="bbox 2220 976 3813 1055">
    <p class='ocr_par' dir='ltr' id='par_1_21' title="bbox 2220 976 3813 1055">
     <span class='ocr_line' id='line_1_21' title="bbox 2220 976 3813 1055; baseline -0.006 -15"><span class='ocrx_word' id='word_1_130' title='bbox 2220 983 2332 1040; x_wconf 83' lang='lat' dir='ltr'><strong>nali</strong></span> <span class='ocrx_word' id='word_1_131' title='bbox 2381 983 2558 1055; x_wconf 83' lang='lat' dir='ltr'><strong>gratia</strong></span> <span class='ocrx_word' id='word_1_132' title='bbox 2607 981 2782 1054; x_wconf 79' lang='lat' dir='ltr'><strong>legem</strong></span> <span class='ocrx_word' id='word_1_133' title='bbox 2823 979 2923 1036; x_wconf 87' lang='lat' dir='ltr'><strong>Dei</strong></span> <span class='ocrx_word' id='word_1_134' title='bbox 2973 988 3343 1050; x_wconf 76' lang='lat' dir='ltr'><strong>postponere,</strong></span> <span class='ocrx_word' id='word_1_135' title='bbox 3386 985 3478 1032; x_wconf 84' lang='lat' dir='ltr'><strong>aut</strong></span> <span class='ocrx_word' id='word_1_136' title='bbox 3517 990 3551 1030; x_wconf 90' lang='lat' dir='ltr'><strong>a</strong></span> <span class='ocrx_word' id='word_1_137' title='bbox 3589 976 3813 1031; x_wconf 81' lang='lat' dir='ltr'><strong>tramite</strong></span> 
     </span>
    </p>
   </div>
   <div class='ocr_carea' id='block_1_22' title="bbox 2217 1063 3815 1142">
    <p class='ocr_par' dir='ltr' id='par_1_22' title="bbox 2217 1063 3815 1142">
     <span class='ocr_line' id='line_1_22' title="bbox 2217 1063 3815 1142; baseline -0.008 -12"><span class='ocrx_word' id='word_1_138' title='bbox 2217 1072 2565 1130; x_wconf 82' lang='lat' dir='ltr'><strong>rectitudinis</strong></span> <span class='ocrx_word' id='word_1_139' title='bbox 2606 1087 2707 1142; x_wconf 86' lang='lat' dir='ltr'><strong>pro</strong></span> <span class='ocrx_word' id='word_1_140' title='bbox 2745 1071 2989 1129; x_wconf 83' lang='lat' dir='ltr'><strong>humano</strong></span> <span class='ocrx_word' id='word_1_141' title='bbox 3027 1067 3217 1125; x_wconf 80' lang='lat' dir='ltr'><strong>favore</strong></span> <span class='ocrx_word' id='word_1_142' title='bbox 3257 1066 3548 1132; x_wconf 82' lang='lat' dir='ltr'><strong>recedere,</strong></span> <span class='ocrx_word' id='word_1_143' title='bbox 3593 1063 3815 1121; x_wconf 77' lang='lat' dir='ltr'><strong>dicente</strong></span> 
     </span>
    </p>
   </div>
   <div class='ocr_carea' id='block_1_23' title="bbox 2219 1154 3812 1236">
    <p class='ocr_par' dir='ltr' id='par_1_23' title="bbox 2219 1154 3812 1236">
     <span class='ocr_line' id='line_1_23' title="bbox 2219 1154 3812 1236; baseline -0.007 -16"><span class='ocrx_word' id='word_1_144' title='bbox 2219 1165 2524 1236; x_wconf 82' lang='lat' dir='ltr'><strong>Apostolo:</strong></span> <span class='ocrx_word' id='word_1_145' title='bbox 2571 1163 2632 1219; x_wconf 88' lang='lat' dir='ltr'><strong>Si</strong></span> <span class='ocrx_word' id='word_1_146' title='bbox 2671 1163 2971 1218; x_wconf 76' lang='lat' dir='ltr'><strong>hontim&#39;bus</strong></span> <span class='ocrx_word' id='word_1_147' title='bbox 3013 1160 3223 1232; x_wconf 75' lang='lat' dir='ltr'><strong>placere</strong></span> <span class='ocrx_word' id='word_1_148' title='bbox 3247 1158 3433 1214; x_wconf 72' lang='lat' dir='ltr'><strong>callem</strong></span> <span class='ocrx_word' id='word_1_149' title='bbox 3453 1199 3470 1226; x_wconf 91' lang='lat'><strong>,</strong></span> <span class='ocrx_word' id='word_1_150' title='bbox 3506 1171 3688 1212; x_wconf 81' lang='lat' dir='ltr'><strong>serrus</strong></span> <span class='ocrx_word' id='word_1_151' title='bbox 3713 1154 3812 1210; x_wconf 81' lang='lat' dir='ltr'><strong>Dei</strong></span> 
     </span>
    </p>
   </div>
   <div class='ocr_carea' id='block_1_24' title="bbox 2224 1254 2778 1326">
    <p class='ocr_par' dir='ltr' id='par_1_24' title="bbox 2224 1254 2778 1326">
     <span class='ocr_line' id='line_1_24' title="bbox 2224 1254 2778 1326; baseline -0.005 -12"><span class='ocrx_word' id='word_1_152' title='bbox 2224 1276 2330 1314; x_wconf 76' lang='lat' dir='ltr'><strong>non</strong></span> <span class='ocrx_word' id='word_1_153' title='bbox 2347 1274 2512 1314; x_wconf 83' lang='lat' dir='ltr'><strong>essem</strong></span> <span class='ocrx_word' id='word_1_154' title='bbox 2539 1256 2687 1326; x_wconf 81' lang='lat' dir='ltr'><strong>(Gal.</strong></span> <span class='ocrx_word' id='word_1_155' title='bbox 2717 1254 2778 1325; x_wconf 84' lang='lat' dir='ltr'><strong>I).</strong></span> 
     </span>
    </p>
   </div>
   <div class='ocr_carea' id='block_1_25' title="bbox 2219 1340 3776 1413">
    <p class='ocr_par' dir='ltr' id='par_1_25' title="bbox 2219 1340 3776 1413">
     <span class='ocr_line' id='line_1_25' title="bbox 2219 1340 3776 1413; baseline -0.007 -8"><span class='ocrx_word' id='word_1_156' title='bbox 2219 1388 2224 1397; x_wconf 74' lang='grc' dir='ltr'><strong>ι</strong></span> <span class='ocrx_word' id='word_1_157' title='bbox 2294 1350 2429 1406; x_wconf 85' lang='lat' dir='ltr'><strong>Data</strong></span> <span class='ocrx_word' id='word_1_158' title='bbox 2465 1345 2654 1406; x_wconf 63' lang='lat' dir='ltr'><strong>Romae</strong></span> <span class='ocrx_word' id='word_1_159' title='bbox 2677 1365 2716 1405; x_wconf 83' lang='grc' dir='ltr'><strong>ιι</strong></span> <span class='ocrx_word' id='word_1_160' title='bbox 2739 1345 2928 1404; x_wconf 88' lang='lat' dir='ltr'><strong>Nonas</strong></span> <span class='ocrx_word' id='word_1_161' title='bbox 2952 1345 3114 1413; x_wconf 78' lang='lat' dir='ltr'><strong>Maii,</strong></span> <span class='ocrx_word' id='word_1_162' title='bbox 3139 1343 3435 1402; x_wconf 83' lang='lat' dir='ltr'><strong>indictione</strong></span> <span class='ocrx_word' id='word_1_163' title='bbox 3459 1340 3776 1398; x_wconf 82' lang='lat' dir='ltr'><strong>umlecima.</strong></span> 
     </span>
    </p>
   </div>
   <div class='ocr_carea' id='block_1_26' title="bbox 2793 1499 3239 1577">
    <p class='ocr_par' dir='ltr' id='par_1_26' title="bbox 2793 1499 3239 1577">
     <span class='ocr_line' id='line_1_26' title="bbox 2793 1499 3239 1577; baseline -0.007 -20"><span class='ocrx_word' id='word_1_164' title='bbox 2793 1499 3132 1577; x_wconf 74' lang='lat' dir='ltr'><strong>EPISTOLA</strong></span> <span class='ocrx_word' id='word_1_165' title='bbox 3169 1499 3239 1555; x_wconf 83' lang='lat' dir='ltr'><strong>x.</strong></span> 
     </span>
    </p>
   </div>
   <div class='ocr_carea' id='block_1_27' title="bbox 2659 1626 3368 1674">
    <p class='ocr_par' dir='ltr' id='par_1_27' title="bbox 2659 1626 3368 1674">
     <span class='ocr_line' id='line_1_27' title="bbox 2659 1626 3368 1674; baseline -0.011 0"><span class='ocrx_word' id='word_1_166' title='bbox 2659 1633 2724 1674; x_wconf 74' lang='grc' dir='ltr'>ιι)</span> <span class='ocrx_word' id='word_1_167' title='bbox 2761 1630 3033 1672; x_wconf 69' lang='grc' dir='ltr'>ςιιιοοιιειι</span> <span class='ocrx_word' id='word_1_168' title='bbox 3065 1626 3368 1669; x_wconf 65' lang='grc' dir='ltr'>ιιιοι.εκεειι</span> 
     </span>
    </p>
   </div>
   <div class='ocr_carea' id='block_1_28' title="bbox 541 1667 2229 1749">
    <p class='ocr_par' dir='ltr' id='par_1_28' title="bbox 541 1667 2229 1749">
     <span class='ocr_line' id='line_1_28' title="bbox 541 1667 2229 1749; baseline -0.008 -18"><span class='ocrx_word' id='word_1_169' title='bbox 541 1675 888 1749; x_wconf 88' lang='lat' dir='ltr'><strong>promotionc</strong></span> <span class='ocrx_word' id='word_1_170' title='bbox 929 1685 1120 1730; x_wconf 86' lang='lat' dir='ltr'><strong>nostra</strong></span> <span class='ocrx_word' id='word_1_171' title='bbox 1163 1687 1216 1729; x_wconf 88' lang='lat' dir='ltr'><strong>te</strong></span> <span class='ocrx_word' id='word_1_172' title='bbox 1256 1672 1458 1728; x_wconf 89' lang='lat' dir='ltr'><strong>habere</strong></span> <span class='ocrx_word' id='word_1_173' title='bbox 1497 1667 1888 1742; x_wconf 83' lang='lat' dir='ltr'><strong>cognovimus,</strong></span> <span class='ocrx_word' id='word_1_174' title='bbox 1917 1681 2028 1720; x_wconf 89' lang='lat' dir='ltr'><strong>non</strong></span> <span class='ocrx_word' id='word_1_175' title='bbox 2068 1671 2130 1718; x_wconf 90' lang='lat' dir='ltr'><strong>ut</strong></span> <span class='ocrx_word' id='word_1_176' title='bbox 2221 1668 2229 1676; x_wconf 84' lang='lat'><em>‘</em></span> 
     </span>
    </p>
   </div>
   <div class='ocr_carea' id='block_1_29' title="bbox 539 1751 2230 1858">
    <p class='ocr_par' dir='ltr' id='par_1_29' title="bbox 539 1751 2230 1858">
     <span class='ocr_line' id='line_1_29' title="bbox 539 1751 2230 1858; baseline -0.008 -34"><span class='ocrx_word' id='word_1_177' title='bbox 539 1763 648 1825; x_wconf 87' lang='lat' dir='ltr'><strong>hoc</strong></span> <span class='ocrx_word' id='word_1_178' title='bbox 705 1769 887 1841; x_wconf 89' lang='lat' dir='ltr'><strong>aliqua</strong></span> <span class='ocrx_word' id='word_1_179' title='bbox 946 1784 1128 1824; x_wconf 71' lang='lat' dir='ltr'><strong>causm</strong></span> <span class='ocrx_word' id='word_1_180' title='bbox 1177 1775 1384 1823; x_wconf 57' lang='lat' dir='ltr'><strong>nostra;</strong></span> <span class='ocrx_word' id='word_1_181' title='bbox 1426 1763 1720 1820; x_wconf 88' lang='lat' dir='ltr'><strong>delectatio</strong></span> <span class='ocrx_word' id='word_1_182' title='bbox 1764 1760 1961 1826; x_wconf 78' lang='lat' dir='ltr'><strong>faciat,</strong></span> <span class='ocrx_word' id='word_1_183' title='bbox 2033 1756 2129 1813; x_wconf 89' lang='lat' dir='ltr'><strong>sed</strong></span> <span class='ocrx_word' id='word_1_184' title='bbox 2161 1751 2230 1858; x_wconf 64' lang='lat' dir='ltr'><strong>B&#39;</strong></span> 
     </span>
    </p>
   </div>
   <div class='ocr_carea' id='block_1_30' title="bbox 541 1854 2131 1933">
    <p class='ocr_par' dir='ltr' id='par_1_30' title="bbox 541 1854 2131 1933">
     <span class='ocr_line' id='line_1_30' title="bbox 541 1854 2131 1933; baseline -0.008 -16"><span class='ocrx_word' id='word_1_185' title='bbox 541 1863 688 1933; x_wconf 91' lang='lat' dir='ltr'><strong>quod</strong></span> <span class='ocrx_word' id='word_1_186' title='bbox 713 1877 835 1917; x_wconf 88' lang='lat' dir='ltr'><strong>eam</strong></span> <span class='ocrx_word' id='word_1_187' title='bbox 863 1877 931 1916; x_wconf 77' lang='lat' dir='ltr'><strong>ex</strong></span> <span class='ocrx_word' id='word_1_188' title='bbox 959 1859 1108 1916; x_wconf 82' lang='lat' dir='ltr'><strong>fonte</strong></span> <span class='ocrx_word' id='word_1_189' title='bbox 1133 1859 1362 1916; x_wconf 76' lang='lat' dir='ltr'><strong>sincera:</strong></span> <span class='ocrx_word' id='word_1_190' title='bbox 1381 1855 1694 1914; x_wconf 86' lang='lat' dir='ltr'><strong>dilectionis</strong></span> <span class='ocrx_word' id='word_1_191' title='bbox 1715 1864 1770 1911; x_wconf 90' lang='lat' dir='ltr'><strong>et</strong></span> <span class='ocrx_word' id='word_1_192' title='bbox 1784 1854 1925 1910; x_wconf 89' lang='lat' dir='ltr'><strong>ﬁdeli</strong></span> <span class='ocrx_word' id='word_1_193' title='bbox 1947 1860 2131 1907; x_wconf 83' lang='lat' dir='ltr'><strong>mente</strong></span> 
     </span>
    </p>
   </div>
   <div class='ocr_carea' id='block_1_31' title="bbox 540 1947 2132 2016">
    <p class='ocr_par' dir='ltr' id='par_1_31' title="bbox 540 1947 2132 2016">
     <span class='ocr_line' id='line_1_31' title="bbox 540 1947 2132 2016; baseline -0.006 -6"><span class='ocrx_word' id='word_1_194' title='bbox 540 1955 842 2010; x_wconf 75' lang='lat' dir='ltr'><strong>derivatam</strong></span> <span class='ocrx_word' id='word_1_195' title='bbox 891 1969 1013 2010; x_wconf 89' lang='lat' dir='ltr'><strong>esse</strong></span> <span class='ocrx_word' id='word_1_196' title='bbox 1061 1968 1171 2008; x_wconf 90' lang='lat' dir='ltr'><strong>non</strong></span> <span class='ocrx_word' id='word_1_197' title='bbox 1202 1952 1538 2007; x_wconf 87' lang='lat' dir='ltr'><strong>dubitamus.</strong></span> <span class='ocrx_word' id='word_1_198' title='bbox 1584 1947 1783 2005; x_wconf 87' lang='lat' dir='ltr'><strong>Nostra</strong></span> <span class='ocrx_word' id='word_1_199' title='bbox 1825 1947 1971 2003; x_wconf 89' lang='lat' dir='ltr'><strong>enim</strong></span> <span class='ocrx_word' id='word_1_200' title='bbox 2003 1960 2132 2016; x_wconf 88' lang='lat' dir='ltr'><strong>pro-</strong></span> 
     </span>
    </p>
   </div>
   <div class='ocr_carea' id='block_1_32' title="bbox 541 2033 2131 2116">
    <p class='ocr_par' dir='ltr' id='par_1_32' title="bbox 541 2033 2131 2116">
     <span class='ocr_line' id='line_1_32' title="bbox 541 2033 2131 2116; baseline -0.008 -14"><span class='ocrx_word' id='word_1_201' title='bbox 541 2047 714 2102; x_wconf 88' lang='lat' dir='ltr'><strong>motio</strong></span> <span class='ocrx_word' id='word_1_202' title='bbox 754 2061 878 2116; x_wconf 69' lang='lat' dir='ltr'><strong>quae</strong></span> <span class='ocrx_word' id='word_1_203' title='bbox 913 2043 1013 2100; x_wconf 85' lang='lat' dir='ltr'><strong>tibi</strong></span> <span class='ocrx_word' id='word_1_204' title='bbox 1057 2043 1380 2114; x_wconf 72' lang='lat' dir='ltr'><strong>czetcrisque</strong></span> <span class='ocrx_word' id='word_1_205' title='bbox 1416 2041 1666 2098; x_wconf 86' lang='lat' dir='ltr'><strong>ﬁdelibus</strong></span> <span class='ocrx_word' id='word_1_206' title='bbox 1695 2039 1840 2110; x_wconf 85' lang='lat' dir='ltr'><strong>piam</strong></span> <span class='ocrx_word' id='word_1_207' title='bbox 1879 2035 1946 2092; x_wconf 89' lang='lat' dir='ltr'><strong>de</strong></span> <span class='ocrx_word' id='word_1_208' title='bbox 1969 2033 2131 2090; x_wconf 87' lang='lat' dir='ltr'><strong>nobis</strong></span> 
     </span>
    </p>
   </div>
   <div class='ocr_carea' id='block_1_33' title="bbox 2823 1725 3225 1800">
    <p class='ocr_par' dir='ltr' id='par_1_33' title="bbox 2823 1725 3225 1800">
     <span class='ocr_line' id='line_1_33' title="bbox 2823 1725 3225 1800; baseline -0.005 -18"><span class='ocrx_word' id='word_1_209' title='bbox 2823 1730 3006 1800; x_wconf 83' lang='lat' dir='ltr'><strong>(Anno</strong></span> <span class='ocrx_word' id='word_1_210' title='bbox 3041 1725 3225 1798; x_wconf 72' lang='grc'><strong>10⁸15.)</strong></span> 
     </span>
    </p>
   </div>
   <div class='ocr_carea' id='block_1_34' title="bbox 2237 1836 3818 1910">
    <p class='ocr_par' dir='ltr' id='par_1_34' title="bbox 2237 1836 3818 1910">
     <span class='ocr_line' id='line_1_34' title="bbox 2237 1836 3818 1910; baseline -0.01 -7"><span class='ocrx_word' id='word_1_211' title='bbox 2237 1845 2304 1902; x_wconf 83' lang='lat' dir='ltr'><strong>Ut</strong></span> <span class='ocrx_word' id='word_1_212' title='bbox 2339 1846 2666 1902; x_wconf 85' lang='lat' dir='ltr'><strong>discordiam</strong></span> <span class='ocrx_word' id='word_1_213' title='bbox 2705 1857 2842 1898; x_wconf 72' lang='lat' dir='ltr'><strong>inter</strong></span> <span class='ocrx_word' id='word_1_214' title='bbox 2879 1841 3331 1910; x_wconf 78' lang='lat' dir='ltr'><strong>archiepiscopum</strong></span> <span class='ocrx_word' id='word_1_215' title='bbox 3364 1836 3722 1910; x_wconf 78' lang='lat' dir='ltr'><strong>Ravennatem</strong></span> <span class='ocrx_word' id='word_1_216' title='bbox 3763 1843 3818 1888; x_wconf 80' lang='lat' dir='ltr'><strong>et</strong></span> 
     </span>
    </p>
   </div>
   <div class='ocr_carea' id='block_1_35' title="bbox 2301 1909 3818 1978">
    <p class='ocr_par' dir='ltr' id='par_1_35' title="bbox 2301 1909 3818 1978">
     <span class='ocr_line' id='line_1_35' title="bbox 2301 1909 3818 1978; baseline -0.011 -5"><span class='ocrx_word' id='word_1_217' title='bbox 2301 1919 2436 1972; x_wconf 79' lang='lat' dir='ltr'><strong>cives</strong></span> <span class='ocrx_word' id='word_1_218' title='bbox 2479 1915 2767 1970; x_wconf 77' lang='lat' dir='ltr'><strong>lmolenses</strong></span> <span class='ocrx_word' id='word_1_219' title='bbox 2803 1913 2964 1968; x_wconf 78' lang='lat' dir='ltr'><strong>sedet.</strong></span> <span class='ocrx_word' id='word_1_220' title='bbox 3004 1911 3074 1966; x_wconf 76' lang='lat' dir='ltr'><strong>Et</strong></span> <span class='ocrx_word' id='word_1_221' title='bbox 3115 1911 3162 1966; x_wconf 84' lang='lat' dir='ltr'><strong>si</strong></span> <span class='ocrx_word' id='word_1_222' title='bbox 3195 1909 3628 1978; x_wconf 62' lang='lat' dir='ltr'><strong>archiepiscopi“</strong></span> <span class='ocrx_word' id='word_1_223' title='bbox 3655 1921 3745 1978; x_wconf 78' lang='lat' dir='ltr'><strong>eos</strong></span> <span class='ocrx_word' id='word_1_224' title='bbox 3783 1922 3818 1957; x_wconf 79' lang='grc' dir='ltr'><strong><em>α</em></strong></span> 
     </span>
    </p>
   </div>
   <div class='ocr_carea' id='block_1_36' title="bbox 2225 1975 3815 2056">
    <p class='ocr_par' dir='ltr' id='par_1_36' title="bbox 2225 1975 3815 2056">
     <span class='ocr_line' id='line_1_36' title="bbox 2225 1975 3815 2056; baseline -0.011 -11"><span class='ocrx_word' id='word_1_225' title='bbox 2225 2017 2232 2024; x_wconf 69' lang='grc' dir='ltr'><strong><em>ο</em></strong></span> <span class='ocrx_word' id='word_1_226' title='bbox 2302 1989 2444 2044; x_wconf 79' lang='lat' dir='ltr'><strong>sedis</strong></span> <span class='ocrx_word' id='word_1_227' title='bbox 2491 1985 2800 2056; x_wconf 70' lang='lat' dir='ltr'><strong>apostolicae</strong></span> <span class='ocrx_word' id='word_1_228' title='bbox 2837 1984 3061 2056; x_wconf 14' lang='lat' dir='ltr'><strong>ditioueg</strong></span> <span class='ocrx_word' id='word_1_229' title='bbox 3098 1991 3322 2056; x_wconf 68' lang='lat' dir='ltr'><strong>conatur</strong></span> <span class='ocrx_word' id='word_1_230' title='bbox 3368 1975 3627 2056; x_wconf 53' lang='lat' dir='ltr'><strong>arcuere,</strong></span> <span class='ocrx_word' id='word_1_231' title='bbox 3666 1975 3815 2036; x_wconf 56' lang='lat' dir='ltr'><strong>ﬁlim</strong></span> 
     </span>
    </p>
   </div>
   <div class='ocr_carea' id='block_1_37' title="bbox 2301 2048 3816 2130">
    <p class='ocr_par' dir='ltr' id='par_1_37' title="bbox 2301 2048 3816 2130">
     <span class='ocr_line' id='line_1_37' title="bbox 2301 2048 3816 2130; baseline -0.011 -14"><span class='ocrx_word' id='word_1_232' title='bbox 2301 2048 2568 2126; x_wconf 71' lang='lat' dir='ltr'><strong>auxilium</strong></span> <span class='ocrx_word' id='word_1_233' title='bbox 2591 2058 2842 2130; x_wconf 78' lang='lat' dir='ltr'><strong>prwbeat,</strong></span> <span class='ocrx_word' id='word_1_234' title='bbox 2857 2055 3020 2113; x_wconf 86' lang='lat' dir='ltr'><strong>donec</strong></span> <span class='ocrx_word' id='word_1_235' title='bbox 3041 2053 3204 2126; x_wconf 84' lang='lat' dir='ltr'><strong>legati</strong></span> <span class='ocrx_word' id='word_1_236' title='bbox 3226 2050 3357 2106; x_wconf 83' lang='lat' dir='ltr'><strong>illuc</strong></span> <span class='ocrx_word' id='word_1_237' title='bbox 3379 2048 3816 2120; x_wconf 80' lang='lat' dir='ltr'><strong>proﬁciscantur.</strong></span> 
     </span>
    </p>
   </div>
   <div class='ocr_carea' id='block_1_38' title="bbox 541 2125 2228 2206">
    <p class='ocr_par' dir='ltr' id='par_1_38' title="bbox 541 2125 2228 2206">
     <span class='ocr_line' id='line_1_38' title="bbox 541 2125 2228 2206; baseline -0.008 -13"><span class='ocrx_word' id='word_1_238' title='bbox 541 2135 1003 2194; x_wconf 74' lang='lat' dir='ltr'><strong>existimationem</strong></span> <span class='ocrx_word' id='word_1_239' title='bbox 1039 2143 1097 2190; x_wconf 90' lang='lat' dir='ltr'><strong>et</strong></span> <span class='ocrx_word' id='word_1_240' title='bbox 1145 2131 1404 2206; x_wconf 85' lang='lat' dir='ltr'><strong>gaudium</strong></span> <span class='ocrx_word' id='word_1_241' title='bbox 1440 2129 1816 2194; x_wconf 87' lang='lat' dir='ltr'><strong>administrat,</strong></span> <span class='ocrx_word' id='word_1_242' title='bbox 1854 2127 2014 2184; x_wconf 89' lang='lat' dir='ltr'><strong>nobis</strong></span> <span class='ocrx_word' id='word_1_243' title='bbox 2047 2125 2132 2181; x_wconf 90' lang='lat' dir='ltr'><strong>in-</strong></span> <span class='ocrx_word' id='word_1_244' title='bbox 2223 2139 2228 2144; x_wconf 90' lang='grc'><strong>·</strong></span> 
     </span>
    </p>
   </div>
   <div class='ocr_carea' id='block_1_39' title="bbox 543 2217 2132 2284">
    <p class='ocr_par' dir='ltr' id='par_1_39' title="bbox 543 2217 2132 2284">
     <span class='ocr_line' id='line_1_39' title="bbox 543 2217 2132 2284; baseline -0.009 -1"><span class='ocrx_word' id='word_1_245' title='bbox 543 2225 687 2284; x_wconf 88' lang='lat' dir='ltr'><strong>terni</strong></span> <span class='ocrx_word' id='word_1_246' title='bbox 711 2225 918 2283; x_wconf 88' lang='lat' dir='ltr'><strong>doloris</strong></span> <span class='ocrx_word' id='word_1_247' title='bbox 968 2224 1390 2280; x_wconf 77' lang='lat' dir='ltr'><strong>amaritudinem</strong></span> <span class='ocrx_word' id='word_1_248' title='bbox 1417 2231 1472 2278; x_wconf 92' lang='lat' dir='ltr'><strong>et</strong></span> <span class='ocrx_word' id='word_1_249' title='bbox 1498 2221 1682 2276; x_wconf 66' lang='lat' dir='ltr'><strong>nimim</strong></span> <span class='ocrx_word' id='word_1_250' title='bbox 1716 2217 2012 2275; x_wconf 78' lang='lat' dir='ltr'><strong>anxietatis</strong></span> <span class='ocrx_word' id='word_1_251' title='bbox 2033 2232 2132 2270; x_wconf 84' lang='lat' dir='ltr'><strong>an-</strong></span> 
     </span>
    </p>
   </div>
   <div class='ocr_carea' id='block_1_40' title="bbox 543 2305 2132 2390">
    <p class='ocr_par' dir='ltr' id='par_1_40' title="bbox 543 2305 2132 2390">
     <span class='ocr_line' id='line_1_40' title="bbox 543 2305 2132 2390; baseline -0.008 -19"><span class='ocrx_word' id='word_1_252' title='bbox 543 2316 756 2390; x_wconf 87' lang='lat' dir='ltr'><strong>gustias</strong></span> <span class='ocrx_word' id='word_1_253' title='bbox 795 2323 1040 2388; x_wconf 77' lang='lat' dir='ltr'><strong>generat.</strong></span> <span class='ocrx_word' id='word_1_254' title='bbox 1083 2313 1345 2370; x_wconf 78' lang='lat' dir='ltr'><strong>Videmus</strong></span> <span class='ocrx_word' id='word_1_255' title='bbox 1367 2311 1514 2368; x_wconf 89' lang='lat' dir='ltr'><strong>enim</strong></span> <span class='ocrx_word' id='word_1_256' title='bbox 1555 2319 1763 2382; x_wconf 88' lang='lat' dir='ltr'><strong>quanta</strong></span> <span class='ocrx_word' id='word_1_257' title='bbox 1793 2325 1896 2365; x_wconf 89' lang='lat' dir='ltr'><strong>nos</strong></span> <span class='ocrx_word' id='word_1_258' title='bbox 1926 2305 2132 2364; x_wconf 86' lang='lat' dir='ltr'><strong>sollici-</strong></span> 
     </span>
    </p>
   </div>
   <div class='ocr_carea' id='block_1_41' title="bbox 543 2397 2131 2477">
    <p class='ocr_par' dir='ltr' id='par_1_41' title="bbox 543 2397 2131 2477">
     <span class='ocr_line' id='line_1_41' title="bbox 543 2397 2131 2477; baseline -0.009 -11"><span class='ocrx_word' id='word_1_259' title='bbox 543 2409 678 2466; x_wconf 84' lang='lat' dir='ltr'><strong>tudo</strong></span> <span class='ocrx_word' id='word_1_260' title='bbox 717 2405 1090 2476; x_wconf 73' lang='lat' dir='ltr'><strong>circumstat,</strong></span> <span class='ocrx_word' id='word_1_261' title='bbox 1117 2405 1388 2462; x_wconf 87' lang='lat' dir='ltr'><strong>sentimus</strong></span> <span class='ocrx_word' id='word_1_262' title='bbox 1427 2410 1698 2477; x_wconf 85' lang='lat' dir='ltr'><strong>quantum</strong></span> <span class='ocrx_word' id='word_1_263' title='bbox 1739 2416 1840 2457; x_wconf 91' lang='lat' dir='ltr'><strong>nos</strong></span> <span class='ocrx_word' id='word_1_264' title='bbox 1893 2397 2131 2468; x_wconf 84' lang='lat' dir='ltr'><strong>suscepti</strong></span> 
     </span>
    </p>
   </div>
   <div class='ocr_carea' id='block_1_42' title="bbox 542 2486 2133 2572">
    <p class='ocr_par' dir='ltr' id='par_1_42' title="bbox 542 2486 2133 2572">
     <span class='ocr_line' id='line_1_42' title="bbox 542 2486 2133 2572; baseline -0.007 -13"><span class='ocrx_word' id='word_1_265' title='bbox 542 2486 731 2562; x_wconf 78' lang='lat' dir='ltr'><strong>oneris</strong></span> <span class='ocrx_word' id='word_1_266' title='bbox 757 2501 978 2558; x_wconf 85' lang='lat' dir='ltr'><strong>sarcina</strong></span> <span class='ocrx_word' id='word_1_267' title='bbox 1007 2511 1234 2572; x_wconf 75' lang='lat' dir='ltr'><strong>gravat;</strong></span> <span class='ocrx_word' id='word_1_268' title='bbox 1273 2499 1378 2556; x_wconf 85' lang='lat' dir='ltr'><strong>sub</strong></span> <span class='ocrx_word' id='word_1_269' title='bbox 1414 2498 1620 2570; x_wconf 84' lang='lat' dir='ltr'><strong>quibus</strong></span> <span class='ocrx_word' id='word_1_270' title='bbox 1649 2497 1781 2552; x_wconf 88' lang='lat' dir='ltr'><strong>dum</strong></span> <span class='ocrx_word' id='word_1_271' title='bbox 1821 2503 2023 2550; x_wconf 75' lang='lat' dir='ltr'><strong>nostra:</strong></span> <span class='ocrx_word' id='word_1_272' title='bbox 2047 2493 2133 2548; x_wconf 91' lang='lat' dir='ltr'><strong>in—</strong></span> 
     </span>
    </p>
   </div>
   <div class='ocr_carea' id='block_1_43' title="bbox 543 2583 2134 2655">
    <p class='ocr_par' dir='ltr' id='par_1_43' title="bbox 543 2583 2134 2655">
     <span class='ocr_line' id='line_1_43' title="bbox 543 2583 2134 2655; baseline -0.006 -7"><span class='ocrx_word' id='word_1_273' title='bbox 543 2592 822 2650; x_wconf 85' lang='lat' dir='ltr'><strong>ﬁrmitatis</strong></span> <span class='ocrx_word' id='word_1_274' title='bbox 847 2591 1191 2650; x_wconf 81' lang='lat' dir='ltr'><strong>conscientia</strong></span> <span class='ocrx_word' id='word_1_275' title='bbox 1215 2590 1421 2655; x_wconf 86' lang='lat' dir='ltr'><strong>tremit,</strong></span> <span class='ocrx_word' id='word_1_276' title='bbox 1449 2587 1630 2644; x_wconf 85' lang='lat' dir='ltr'><strong>anima</strong></span> <span class='ocrx_word' id='word_1_277' title='bbox 1665 2594 1856 2642; x_wconf 84' lang='lat' dir='ltr'><strong>nostra</strong></span> <span class='ocrx_word' id='word_1_278' title='bbox 1889 2584 1942 2640; x_wconf 92' lang='lat' dir='ltr'><strong>in</strong></span> <span class='ocrx_word' id='word_1_279' title='bbox 1971 2583 2134 2639; x_wconf 86' lang='lat' dir='ltr'><strong>Chri-</strong></span> 
     </span>
    </p>
   </div>
   <div class='ocr_carea' id='block_1_44' title="bbox 542 2671 2134 2754">
    <p class='ocr_par' dir='ltr' id='par_1_44' title="bbox 542 2671 2134 2754">
     <span class='ocr_line' id='line_1_44' title="bbox 542 2671 2134 2754; baseline -0.008 -15"><span class='ocrx_word' id='word_1_280' title='bbox 542 2671 630 2739; x_wconf 81' lang='lat' dir='ltr'><strong>sto</strong></span> <span class='ocrx_word' id='word_1_281' title='bbox 651 2685 836 2754; x_wconf 85' lang='lat' dir='ltr'><strong>potius</strong></span> <span class='ocrx_word' id='word_1_282' title='bbox 861 2681 1243 2739; x_wconf 87' lang='lat' dir='ltr'><strong>dissolutionis</strong></span> <span class='ocrx_word' id='word_1_283' title='bbox 1265 2679 1512 2751; x_wconf 88' lang='lat' dir='ltr'><strong>requiem</strong></span> <span class='ocrx_word' id='word_1_284' title='bbox 1543 2693 1711 2750; x_wconf 88' lang='lat' dir='ltr'><strong>quam</strong></span> <span class='ocrx_word' id='word_1_285' title='bbox 1753 2675 1810 2731; x_wconf 91' lang='lat' dir='ltr'><strong>in</strong></span> <span class='ocrx_word' id='word_1_286' title='bbox 1841 2675 2009 2730; x_wconf 87' lang='lat' dir='ltr'><strong>tantis</strong></span> <span class='ocrx_word' id='word_1_287' title='bbox 2041 2689 2134 2744; x_wconf 90' lang='lat' dir='ltr'><strong>pe-</strong></span> 
     </span>
    </p>
   </div>
   <div class='ocr_carea' id='block_1_45' title="bbox 541 2763 2133 2842">
    <p class='ocr_par' dir='ltr' id='par_1_45' title="bbox 541 2763 2133 2842">
     <span class='ocr_line' id='line_1_45' title="bbox 541 2763 2133 2842; baseline -0.008 -11"><span class='ocrx_word' id='word_1_288' title='bbox 541 2775 734 2832; x_wconf 87' lang='lat' dir='ltr'><strong>riculis</strong></span> <span class='ocrx_word' id='word_1_289' title='bbox 788 2774 957 2828; x_wconf 74' lang='lat' dir='ltr'><strong>vitam</strong></span> <span class='ocrx_word' id='word_1_290' title='bbox 1012 2772 1180 2842; x_wconf 89' lang='lat' dir='ltr'><strong>cupit.</strong></span> <span class='ocrx_word' id='word_1_291' title='bbox 1235 2770 1292 2826; x_wconf 89' lang='lat' dir='ltr'><strong>ln</strong></span> <span class='ocrx_word' id='word_1_292' title='bbox 1345 2778 1558 2826; x_wconf 86' lang='lat' dir='ltr'><strong>tantum</strong></span> <span class='ocrx_word' id='word_1_293' title='bbox 1608 2768 1810 2838; x_wconf 86' lang='lat' dir='ltr'><strong>quippe</strong></span> <span class='ocrx_word' id='word_1_294' title='bbox 1851 2763 2133 2821; x_wconf 82' lang='lat' dir='ltr'><strong>commissi</strong></span> 
     </span>
    </p>
   </div>
   <div class='ocr_carea' id='block_1_46' title="bbox 543 2852 2132 2922">
    <p class='ocr_par' dir='ltr' id='par_1_46' title="bbox 543 2852 2132 2922">
     <span class='ocr_line' id='line_1_46' title="bbox 543 2852 2132 2922; baseline -0.008 -2"><span class='ocrx_word' id='word_1_295' title='bbox 543 2864 707 2920; x_wconf 85' lang='lat' dir='ltr'><strong>nobis</strong></span> <span class='ocrx_word' id='word_1_296' title='bbox 753 2862 912 2919; x_wconf 80' lang='lat' dir='ltr'><strong>cilicii</strong></span> <span class='ocrx_word' id='word_1_297' title='bbox 967 2859 1340 2918; x_wconf 88' lang='lat' dir='ltr'><strong>consideratio</strong></span> <span class='ocrx_word' id='word_1_298' title='bbox 1379 2874 1482 2915; x_wconf 89' lang='lat' dir='ltr'><strong>nos</strong></span> <span class='ocrx_word' id='word_1_299' title='bbox 1515 2857 1806 2922; x_wconf 90' lang='lat' dir='ltr'><strong>sollicitat,</strong></span> <span class='ocrx_word' id='word_1_300' title='bbox 1843 2862 1900 2910; x_wconf 90' lang='lat' dir='ltr'><strong>ut</strong></span> <span class='ocrx_word' id='word_1_301' title='bbox 1941 2852 2044 2910; x_wconf 86' lang='lat' dir='ltr'><strong>nisi</strong></span> <span class='ocrx_word' id='word_1_302' title='bbox 2076 2853 2132 2907; x_wconf 89' lang='lat' dir='ltr'><strong>in</strong></span> 
     </span>
    </p>
   </div>
   <div class='ocr_carea' id='block_1_47' title="bbox 544 2943 2136 3024">
    <p class='ocr_par' dir='ltr' id='par_1_47' title="bbox 544 2943 2136 3024">
     <span class='ocr_line' id='line_1_47' title="bbox 544 2943 2136 3024; baseline -0.008 -14"><span class='ocrx_word' id='word_1_303' title='bbox 544 2955 892 3011; x_wconf 86' lang='lat' dir='ltr'><strong>orationibus</strong></span> <span class='ocrx_word' id='word_1_304' title='bbox 919 2952 1286 3024; x_wconf 85' lang='lat' dir='ltr'><strong>spiritualium</strong></span> <span class='ocrx_word' id='word_1_305' title='bbox 1326 2949 1614 3006; x_wconf 89' lang='lat' dir='ltr'><strong>hominum</strong></span> <span class='ocrx_word' id='word_1_306' title='bbox 1661 2955 1786 3019; x_wconf 87' lang='lat' dir='ltr'><strong>post</strong></span> <span class='ocrx_word' id='word_1_307' title='bbox 1821 2945 1992 3002; x_wconf 83' lang='lat' dir='ltr'><strong>Deum</strong></span> <span class='ocrx_word' id='word_1_308' title='bbox 2035 2943 2136 3000; x_wconf 87' lang='lat' dir='ltr'><strong>ali-</strong></span> 
     </span>
    </p>
   </div>
   <div class='ocr_carea' id='block_1_48' title="bbox 541 3036 2134 3118">
    <p class='ocr_par' dir='ltr' id='par_1_48' title="bbox 541 3036 2134 3118">
     <span class='ocr_line' id='line_1_48' title="bbox 541 3036 2134 3118; baseline -0.007 -18"><span class='ocrx_word' id='word_1_309' title='bbox 541 3059 650 3118; x_wconf 87' lang='lat' dir='ltr'><strong>qua</strong></span> <span class='ocrx_word' id='word_1_310' title='bbox 687 3045 883 3102; x_wconf 86' lang='lat' dir='ltr'><strong>ﬁducia</strong></span> <span class='ocrx_word' id='word_1_311' title='bbox 924 3059 1026 3100; x_wconf 91' lang='lat' dir='ltr'><strong>nos</strong></span> <span class='ocrx_word' id='word_1_312' title='bbox 1056 3049 1423 3109; x_wconf 82' lang='lat' dir='ltr'><strong>sustentaret,</strong></span> <span class='ocrx_word' id='word_1_313' title='bbox 1459 3055 1726 3097; x_wconf 87' lang='lat' dir='ltr'><strong>curarum</strong></span> <span class='ocrx_word' id='word_1_314' title='bbox 1757 3036 2134 3092; x_wconf 83' lang='lat' dir='ltr'><strong>immensitate</strong></span> 
     </span>
    </p>
   </div>
   <div class='ocr_carea' id='block_1_49' title="bbox 2302 2199 3820 2280">
    <p class='ocr_par' dir='ltr' id='par_1_49' title="bbox 2302 2199 3820 2280">
     <span class='ocr_line' id='line_1_49' title="bbox 2302 2199 3820 2280; baseline -0.01 -11"><span class='ocrx_word' id='word_1_315' title='bbox 2302 2213 2614 2270; x_wconf 76' lang='lat' dir='ltr'><strong>Gnuconws</strong></span> <span class='ocrx_word' id='word_1_316' title='bbox 2655 2207 2707 2266; x_wconf 90' lang='lat' dir='ltr'><strong>in</strong></span> <span class='ocrx_word' id='word_1_317' title='bbox 2745 2209 3056 2266; x_wconf 78' lang='lat' dir='ltr'><strong>Romanum</strong></span> <span class='ocrx_word' id='word_1_318' title='bbox 3090 2205 3400 2280; x_wconf 88' lang='lat' dir='ltr'><strong>pontiﬁcem</strong></span> <span class='ocrx_word' id='word_1_319' title='bbox 3437 2204 3652 2260; x_wconf 87' lang='lat' dir='ltr'><strong>electus</strong></span> <span class='ocrx_word' id='word_1_320' title='bbox 3691 2199 3820 2257; x_wconf 78' lang='lat' dir='ltr'><strong>Gm-</strong></span> 
     </span>
    </p>
   </div>
   <div class='ocr_carea' id='block_1_50' title="bbox 2223 2291 3820 2368">
    <p class='ocr_par' dir='ltr' id='par_1_50' title="bbox 2223 2291 3820 2368">
     <span class='ocr_line' id='line_1_50' title="bbox 2223 2291 3820 2368; baseline -0.012 -5"><span class='ocrx_word' id='word_1_321' title='bbox 2223 2321 2355 2362; x_wconf 74' lang='lat' dir='ltr'><strong>nom</strong></span> <span class='ocrx_word' id='word_1_322' title='bbox 2409 2295 2668 2360; x_wconf 87' lang='lat' dir='ltr'><strong>lmolensi</strong></span> <span class='ocrx_word' id='word_1_323' title='bbox 2723 2301 2951 2368; x_wconf 89' lang='lat' dir='ltr'><strong>comiti,</strong></span> <span class='ocrx_word' id='word_1_324' title='bbox 3001 2299 3234 2355; x_wconf 85' lang='lat' dir='ltr'><strong>salutem</strong></span> <span class='ocrx_word' id='word_1_325' title='bbox 3285 2295 3341 2351; x_wconf 89' lang='lat' dir='ltr'><strong>in</strong></span> <span class='ocrx_word' id='word_1_326' title='bbox 3397 2293 3640 2350; x_wconf 81' lang='lat' dir='ltr'><strong>Domino</strong></span> <span class='ocrx_word' id='word_1_327' title='bbox 3691 2291 3820 2346; x_wconf 83' lang='lat' dir='ltr'><strong>Jcsu</strong></span> 
     </span>
    </p>
   </div>
   <div class='ocr_carea' id='block_1_51' title="bbox 2231 2397 2472 2454">
    <p class='ocr_par' dir='ltr' id='par_1_51' title="bbox 2231 2397 2472 2454">
     <span class='ocr_line' id='line_1_51' title="bbox 2231 2397 2472 2454; baseline -0.008 0"><span class='ocrx_word' id='word_1_328' title='bbox 2231 2397 2472 2454; x_wconf 81' lang='lat' dir='ltr'><strong>Christo.</strong></span> 
     </span>
    </p>
   </div>
   <div class='ocr_carea' id='block_1_52' title="bbox 2305 2475 3816 2556">
    <p class='ocr_par' dir='ltr' id='par_1_52' title="bbox 2305 2475 3816 2556">
     <span class='ocr_line' id='line_1_52' title="bbox 2305 2475 3816 2556; baseline -0.011 -11"><span class='ocrx_word' id='word_1_329' title='bbox 2305 2487 2537 2556; x_wconf 83' lang='lat' dir='ltr'><strong>Quidam</strong></span> <span class='ocrx_word' id='word_1_330' title='bbox 2567 2481 2868 2542; x_wconf 90' lang='lat' dir='ltr'><strong>hnolenses</strong></span> <span class='ocrx_word' id='word_1_331' title='bbox 2897 2492 3144 2540; x_wconf 89' lang='lat' dir='ltr'><strong>nostram</strong></span> <span class='ocrx_word' id='word_1_332' title='bbox 3171 2481 3437 2539; x_wconf 85' lang='lat' dir='ltr'><strong>adeuntes</strong></span> <span class='ocrx_word' id='word_1_333' title='bbox 3465 2475 3816 2551; x_wconf 74' lang='lat' dir='ltr'><strong>praesentiam</strong></span> 
     </span>
    </p>
   </div>
   <div class='ocr_carea' id='block_1_53' title="bbox 2226 2573 3821 2654">
    <p class='ocr_par' dir='ltr' id='par_1_53' title="bbox 2226 2573 3821 2654">
     <span class='ocr_line' id='line_1_53' title="bbox 2226 2573 3821 2654; baseline -0.009 -14"><span class='ocrx_word' id='word_1_334' title='bbox 2226 2573 2624 2654; x_wconf 78' lang='lat' dir='ltr'><strong>conquerenda</strong></span> <span class='ocrx_word' id='word_1_335' title='bbox 2644 2579 2803 2637; x_wconf 89' lang='lat' dir='ltr'><strong>nobis</strong></span> <span class='ocrx_word' id='word_1_336' title='bbox 2825 2577 3134 2636; x_wconf 84' lang='lat' dir='ltr'><strong>indicavere</strong></span> <span class='ocrx_word' id='word_1_337' title='bbox 3155 2577 3302 2651; x_wconf 87' lang='lat' dir='ltr'><strong>quod</strong></span> <span class='ocrx_word' id='word_1_338' title='bbox 3327 2575 3612 2634; x_wconf 85' lang='lat' dir='ltr'><strong>confratcr</strong></span> <span class='ocrx_word' id='word_1_339' title='bbox 3637 2582 3821 2630; x_wconf 91' lang='lat' dir='ltr'><strong>noster</strong></span> 
     </span>
    </p>
   </div>
   <div class='ocr_carea' id='block_1_54' title="bbox 2222 2665 3823 2750">
    <p class='ocr_par' dir='ltr' id='par_1_54' title="bbox 2222 2665 3823 2750">
     <span class='ocr_line' id='line_1_54' title="bbox 2222 2665 3823 2750; baseline -0.008 -19"><span class='ocrx_word' id='word_1_340' title='bbox 2222 2675 2530 2731; x_wconf 79' lang='lat' dir='ltr'><strong>&#39;Guibertus</strong></span> <span class='ocrx_word' id='word_1_341' title='bbox 2565 2673 2882 2750; x_wconf 87' lang='lat' dir='ltr'><strong>[Gihertus,</strong></span> <span class='ocrx_word' id='word_1_342' title='bbox 2911 2679 2960 2726; x_wconf 86' lang='lat' dir='ltr'><strong>et</strong></span> <span class='ocrx_word' id='word_1_343' title='bbox 2984 2673 3062 2726; x_wconf 85' lang='lat' dir='ltr'><strong>sic</strong></span> <span class='ocrx_word' id='word_1_344' title='bbox 3107 2667 3340 2744; x_wconf 82' lang='lat' dir='ltr'><strong>semper]</strong></span> <span class='ocrx_word' id='word_1_345' title='bbox 3372 2665 3823 2738; x_wconf 74' lang='lat' dir='ltr'><strong>archiepiscopus</strong></span> 
     </span>
    </p>
   </div>
   <div class='ocr_carea' id='block_1_55' title="bbox 2236 2757 3824 2828">
    <p class='ocr_par' dir='ltr' id='par_1_55' title="bbox 2236 2757 3824 2828">
     <span class='ocr_line' id='line_1_55' title="bbox 2236 2757 3824 2828; baseline -0.005 -7"><span class='ocrx_word' id='word_1_346' title='bbox 2236 2766 2528 2822; x_wconf 75' lang='lat' dir='ltr'><strong>Ravennas</strong></span> <span class='ocrx_word' id='word_1_347' title='bbox 2551 2780 2648 2822; x_wconf 88' lang='lat' dir='ltr'><strong>eos</strong></span> <span class='ocrx_word' id='word_1_348' title='bbox 2687 2773 2882 2820; x_wconf 89' lang='lat' dir='ltr'><strong>contra</strong></span> <span class='ocrx_word' id='word_1_349' title='bbox 2917 2765 3186 2819; x_wconf 82' lang='lat' dir='ltr'><strong>honorem</strong></span> <span class='ocrx_word' id='word_1_350' title='bbox 3218 2761 3392 2819; x_wconf 89' lang='lat' dir='ltr'><strong>sancti</strong></span> <span class='ocrx_word' id='word_1_351' title='bbox 3430 2760 3616 2828; x_wconf 82' lang='lat' dir='ltr'><strong>Petri,</strong></span> <span class='ocrx_word' id='word_1_352' title='bbox 3644 2757 3736 2815; x_wconf 91' lang='lat' dir='ltr'><strong>cui</strong></span> <span class='ocrx_word' id='word_1_353' title='bbox 3766 2757 3824 2813; x_wconf 82' lang='lat' dir='ltr'><strong>li-</strong></span> 
     </span>
    </p>
   </div>
   <div class='ocr_carea' id='block_1_56' title="bbox 2233 2852 3825 2928">
    <p class='ocr_par' dir='ltr' id='par_1_56' title="bbox 2233 2852 3825 2928">
     <span class='ocr_line' id='line_1_56' title="bbox 2233 2852 3825 2928; baseline -0.005 -15"><span class='ocrx_word' id='word_1_354' title='bbox 2233 2859 2511 2915; x_wconf 87' lang='lat' dir='ltr'><strong>delitatcm</strong></span> <span class='ocrx_word' id='word_1_355' title='bbox 2529 2857 2809 2928; x_wconf 72' lang='lat' dir='ltr'><strong>juravere,</strong></span> <span class='ocrx_word' id='word_1_356' title='bbox 2843 2861 2962 2912; x_wconf 64' lang='lat' dir='ltr'><strong>’surc</strong></span> <span class='ocrx_word' id='word_1_357' title='bbox 2987 2855 3215 2911; x_wconf 90' lang='lat' dir='ltr'><strong>omnino</strong></span> <span class='ocrx_word' id='word_1_358' title='bbox 3246 2852 3442 2910; x_wconf 89' lang='lat' dir='ltr'><strong>ditioni</strong></span> <span class='ocrx_word' id='word_1_359' title='bbox 3473 2852 3754 2924; x_wconf 77' lang='lat' dir='ltr'><strong>subigere,</strong></span> <span class='ocrx_word' id='word_1_360' title='bbox 3773 2859 3825 2905; x_wconf 89' lang='lat' dir='ltr'><strong>et</strong></span> 
     </span>
    </p>
   </div>
   <div class='ocr_carea' id='block_1_57' title="bbox 2235 2943 3813 3021">
    <p class='ocr_par' dir='ltr' id='par_1_57' title="bbox 2235 2943 3813 3021">
     <span class='ocr_line' id='line_1_57' title="bbox 2235 2943 3813 3021; baseline -0.005 -17"><span class='ocrx_word' id='word_1_361' title='bbox 2235 2949 2302 3005; x_wconf 83' lang='lat' dir='ltr'><strong>ad</strong></span> <span class='ocrx_word' id='word_1_362' title='bbox 2323 2948 2560 3021; x_wconf 88' lang='lat' dir='ltr'><strong>juranda</strong></span> <span class='ocrx_word' id='word_1_363' title='bbox 2605 2947 2710 3003; x_wconf 89' lang='lat' dir='ltr'><strong>sibi</strong></span> <span class='ocrx_word' id='word_1_364' title='bbox 2726 2943 3010 3002; x_wconf 29' lang='lat' dir='ltr'><strong>’ﬁdelitatis</strong></span> <span class='ocrx_word' id='word_1_365' title='bbox 3043 2954 3274 3001; x_wconf 88' lang='lat' dir='ltr'><strong>attentct</strong></span> <span class='ocrx_word' id='word_1_366' title='bbox 3298 2952 3654 3000; x_wconf 83' lang='lat' dir='ltr'><strong>sacramenta</strong></span> <span class='ocrx_word' id='word_1_367' title='bbox 3677 2959 3813 2998; x_wconf 80' lang='lat' dir='ltr'><strong>com-</strong></span> 
     </span>
    </p>
   </div>
   <div class='ocr_carea' id='block_1_58' title="bbox 2235 3035 3824 3112">
    <p class='ocr_par' dir='ltr' id='par_1_58' title="bbox 2235 3035 3824 3112">
     <span class='ocr_line' id='line_1_58' title="bbox 2235 3035 3824 3112; baseline -0.004 -16"><span class='ocrx_word' id='word_1_368' title='bbox 2235 3043 2450 3112; x_wconf 77' lang='lat' dir='ltr'><strong>pellere.</strong></span> <span class='ocrx_word' id='word_1_369' title='bbox 2477 3037 2682 3095; x_wconf 77' lang='lat' dir='ltr'><strong>Vcrum</strong></span> <span class='ocrx_word' id='word_1_370' title='bbox 2720 3039 2836 3094; x_wconf 66' lang='lat' dir='ltr'><strong>haec</strong></span> <span class='ocrx_word' id='word_1_371' title='bbox 2873 3039 3064 3094; x_wconf 86' lang='lat' dir='ltr'><strong>relatio</strong></span> <span class='ocrx_word' id='word_1_372' title='bbox 3095 3046 3248 3092; x_wconf 89' lang='lat' dir='ltr'><strong>tanto</strong></span> <span class='ocrx_word' id='word_1_373' title='bbox 3283 3037 3405 3108; x_wconf 86' lang='lat' dir='ltr'><strong>plus</strong></span> <span class='ocrx_word' id='word_1_374' title='bbox 3435 3035 3824 3092; x_wconf 84' lang='lat' dir='ltr'><strong>admirationis</strong></span> 
     </span>
    </p>
   </div>
   <div class='ocr_carea' id='block_1_59' title="bbox 542 3121 3826 3207">
    <p class='ocr_par' dir='ltr' id='par_1_59' title="bbox 542 3121 3826 3207">
     <span class='ocr_line' id='line_1_59' title="bbox 542 3121 3826 3207; baseline -0.003 -19"><span class='ocrx_word' id='word_1_375' title='bbox 542 3149 700 3192; x_wconf 89' lang='lat' dir='ltr'><strong>mens</strong></span> <span class='ocrx_word' id='word_1_376' title='bbox 729 3135 922 3191; x_wconf 84' lang='lat' dir='ltr'><strong>nostra</strong></span> <span class='ocrx_word' id='word_1_377' title='bbox 958 3133 1360 3190; x_wconf 87' lang='lat' dir='ltr'><strong>succumberet.</strong></span> <span class='ocrx_word' id='word_1_378' title='bbox 1407 3129 1653 3188; x_wconf 86' lang='lat' dir='ltr'><strong>Peccatis</strong></span> <span class='ocrx_word' id='word_1_379' title='bbox 1699 3129 1849 3185; x_wconf 88' lang='lat' dir='ltr'><strong>enim</strong></span> <span class='ocrx_word' id='word_1_380' title='bbox 1883 3125 2134 3182; x_wconf 75' lang='lat' dir='ltr'><strong>facienti-</strong></span> <span class='ocrx_word' id='word_1_381' title='bbox 2161 3151 2202 3207; x_wconf 67' lang='grc' dir='ltr'>ε</span> <span class='ocrx_word' id='word_1_382' title='bbox 2239 3131 2398 3188; x_wconf 74' lang='lat' dir='ltr'><strong>nobis</strong></span> <span class='ocrx_word' id='word_1_383' title='bbox 2432 3130 2617 3186; x_wconf 85' lang='lat' dir='ltr'><strong>attulit</strong></span> <span class='ocrx_word' id='word_1_384' title='bbox 2651 3137 2860 3201; x_wconf 88' lang='lat' dir='ltr'><strong>quanto</strong></span> <span class='ocrx_word' id='word_1_385' title='bbox 2887 3137 3167 3199; x_wconf 87' lang='lat' dir='ltr'><strong>perspecta</strong></span> <span class='ocrx_word' id='word_1_386' title='bbox 3198 3127 3406 3183; x_wconf 87' lang='lat' dir='ltr'><strong>dudum</strong></span> <span class='ocrx_word' id='word_1_387' title='bbox 3438 3121 3596 3182; x_wconf 72' lang='lat' dir='ltr'><strong>in&#39;co</strong></span> <span class='ocrx_word' id='word_1_388' title='bbox 3626 3135 3684 3181; x_wconf 86' lang='lat' dir='ltr'><strong>et</strong></span> <span class='ocrx_word' id='word_1_389' title='bbox 3717 3123 3826 3179; x_wconf 81' lang='lat' dir='ltr'><strong>fra-</strong></span> 
     </span>
    </p>
   </div>
   <div class='ocr_carea' id='block_1_60' title="bbox 543 3219 2134 3300">
    <p class='ocr_par' dir='ltr' id='par_1_60' title="bbox 543 3219 2134 3300">
     <span class='ocr_line' id='line_1_60' title="bbox 543 3219 2134 3300; baseline -0.008 -16"><span class='ocrx_word' id='word_1_390' title='bbox 543 3226 648 3284; x_wconf 87' lang='lat' dir='ltr'><strong>bus</strong></span> <span class='ocrx_word' id='word_1_391' title='bbox 685 3227 760 3284; x_wconf 90' lang='lat' dir='ltr'><strong>ita</strong></span> <span class='ocrx_word' id='word_1_392' title='bbox 792 3241 933 3300; x_wconf 88' lang='lat' dir='ltr'><strong>pene</strong></span> <span class='ocrx_word' id='word_1_393' title='bbox 967 3234 1117 3282; x_wconf 91' lang='lat' dir='ltr'><strong>totus</strong></span> <span class='ocrx_word' id='word_1_394' title='bbox 1156 3225 1396 3281; x_wconf 89' lang='lat' dir='ltr'><strong>mundus</strong></span> <span class='ocrx_word' id='word_1_395' title='bbox 1426 3223 1482 3278; x_wconf 90' lang='lat' dir='ltr'><strong>in</strong></span> <span class='ocrx_word' id='word_1_396' title='bbox 1514 3223 1760 3294; x_wconf 85' lang='lat' dir='ltr'><strong>maligno</strong></span> <span class='ocrx_word' id='word_1_397' title='bbox 1798 3229 1884 3276; x_wconf 86' lang='lat' dir='ltr'><strong>est</strong></span> <span class='ocrx_word' id='word_1_398' title='bbox 1923 3219 2134 3290; x_wconf 77' lang='lat' dir='ltr'><strong>positus</strong></span> 
     </span>
    </p>
   </div>
   <div class='ocr_carea' id='block_1_61' title="bbox 551 3312 2134 3388">
    <p class='ocr_par' dir='ltr' id='par_1_61' title="bbox 551 3312 2134 3388">
     <span class='ocr_line' id='line_1_61' title="bbox 551 3312 2134 3388; baseline -0.006 -16"><span class='ocrx_word' id='word_1_399' title='bbox 551 3327 615 3374; x_wconf 94' lang='lat' dir='ltr'><strong>ut</strong></span> <span class='ocrx_word' id='word_1_400' title='bbox 639 3334 855 3386; x_wconf 86' lang='lat' dir='ltr'><strong>omnes,</strong></span> <span class='ocrx_word' id='word_1_401' title='bbox 891 3327 948 3373; x_wconf 89' lang='lat' dir='ltr'><strong>et</strong></span> <span class='ocrx_word' id='word_1_402' title='bbox 967 3317 1242 3388; x_wconf 56' lang='lat' dir='ltr'><strong>praecipue</strong></span> <span class='ocrx_word' id='word_1_403' title='bbox 1264 3316 1360 3386; x_wconf 89' lang='lat' dir='ltr'><strong>qui</strong></span> <span class='ocrx_word' id='word_1_404' title='bbox 1387 3316 1444 3369; x_wconf 91' lang='lat' dir='ltr'><strong>in</strong></span> <span class='ocrx_word' id='word_1_405' title='bbox 1468 3315 1711 3371; x_wconf 82' lang='lat' dir='ltr'><strong>Ecclesia</strong></span> <span class='ocrx_word' id='word_1_406' title='bbox 1747 3312 1955 3382; x_wconf 68' lang='lat' dir='ltr'><strong>praelati</strong></span> <span class='ocrx_word' id='word_1_407' title='bbox 1983 3319 2134 3375; x_wconf 88' lang='lat' dir='ltr'><strong>sunt,</strong></span> 
     </span>
    </p>
   </div>
   <div class='ocr_carea' id='block_1_62' title="bbox 543 3402 2138 3478">
    <p class='ocr_par' dir='ltr' id='par_1_62' title="bbox 543 3402 2138 3478">
     <span class='ocr_line' id='line_1_62' title="bbox 543 3402 2138 3478; baseline -0.004 -15"><span class='ocrx_word' id='word_1_408' title='bbox 543 3421 666 3463; x_wconf 90' lang='lat' dir='ltr'><strong>cam</strong></span> <span class='ocrx_word' id='word_1_409' title='bbox 710 3407 896 3478; x_wconf 90' lang='lat' dir='ltr'><strong>potius</strong></span> <span class='ocrx_word' id='word_1_410' title='bbox 939 3407 1270 3469; x_wconf 87' lang='lat' dir='ltr'><strong>conturbare</strong></span> <span class='ocrx_word' id='word_1_411' title='bbox 1304 3419 1472 3476; x_wconf 90' lang='lat' dir='ltr'><strong>quam</strong></span> <span class='ocrx_word' id='word_1_412' title='bbox 1514 3403 1658 3459; x_wconf 83' lang='lat' dir='ltr'><strong>ﬁdeli</strong></span> <span class='ocrx_word' id='word_1_413' title='bbox 1707 3402 1996 3458; x_wconf 75' lang='lat' dir='ltr'><strong>devotione</strong></span> <span class='ocrx_word' id='word_1_414' title='bbox 2041 3402 2138 3456; x_wconf 87' lang='lat' dir='ltr'><strong>de-</strong></span> 
     </span>
    </p>
   </div>
   <div class='ocr_carea' id='block_1_63' title="bbox 543 3491 2140 3561">
    <p class='ocr_par' dir='ltr' id='par_1_63' title="bbox 543 3491 2140 3561">
     <span class='ocr_line' id='line_1_63' title="bbox 543 3491 2140 3561; baseline -0.006 -7"><span class='ocrx_word' id='word_1_415' title='bbox 543 3496 767 3561; x_wconf 73' lang='lat' dir='ltr'><strong>fendere</strong></span> <span class='ocrx_word' id='word_1_416' title='bbox 789 3497 874 3554; x_wconf 80' lang='lat' dir='ltr'><strong>vel</strong></span> <span class='ocrx_word' id='word_1_417' title='bbox 910 3496 1188 3554; x_wconf 87' lang='lat' dir='ltr'><strong>celebrare</strong></span> <span class='ocrx_word' id='word_1_418' title='bbox 1211 3495 1584 3561; x_wconf 86' lang='lat' dir='ltr'><strong>contendant,</strong></span> <span class='ocrx_word' id='word_1_419' title='bbox 1619 3502 1676 3549; x_wconf 86' lang='lat' dir='ltr'><strong>et</strong></span> <span class='ocrx_word' id='word_1_420' title='bbox 1721 3493 1852 3548; x_wconf 90' lang='lat' dir='ltr'><strong>dum</strong></span> <span class='ocrx_word' id='word_1_421' title='bbox 1897 3491 2014 3548; x_wconf 82' lang='lat' dir='ltr'><strong>suis</strong></span> <span class='ocrx_word' id='word_1_422' title='bbox 2043 3501 2140 3548; x_wconf 84' lang='lat' dir='ltr'><strong>aut</strong></span> 
     </span>
    </p>
   </div>
   <div class='ocr_carea' id='block_1_64' title="bbox 544 3581 2137 3660">
    <p class='ocr_par' dir='ltr' id='par_1_64' title="bbox 544 3581 2137 3660">
     <span class='ocr_line' id='line_1_64' title="bbox 544 3581 2137 3660; baseline -0.003 -18"><span class='ocrx_word' id='word_1_423' title='bbox 544 3586 714 3654; x_wconf 86' lang='lat' dir='ltr'><strong>lucris</strong></span> <span class='ocrx_word' id='word_1_424' title='bbox 737 3595 834 3642; x_wconf 88' lang='lat' dir='ltr'><strong>aut</strong></span> <span class='ocrx_word' id='word_1_425' title='bbox 851 3586 1140 3659; x_wconf 69' lang='lat' dir='ltr'><strong>praesentis</strong></span> <span class='ocrx_word' id='word_1_426' title='bbox 1161 3585 1350 3660; x_wconf 66' lang='lat' dir='ltr'><strong>gloriae</strong></span> <span class='ocrx_word' id='word_1_427' title='bbox 1375 3583 1666 3640; x_wconf 88' lang='lat' dir='ltr'><strong>desideriis</strong></span> <span class='ocrx_word' id='word_1_428' title='bbox 1693 3583 1932 3650; x_wconf 87' lang='lat' dir='ltr'><strong>inhiant,</strong></span> <span class='ocrx_word' id='word_1_429' title='bbox 1958 3581 2137 3638; x_wconf 82' lang='lat' dir='ltr'><strong>enmi-</strong></span> 
     </span>
    </p>
   </div>
   <div class='ocr_carea' id='block_1_65' title="bbox 546 3673 2136 3749">
    <p class='ocr_par' dir='ltr' id='par_1_65' title="bbox 546 3673 2136 3749">
     <span class='ocr_line' id='line_1_65' title="bbox 546 3673 2136 3749; baseline -0.004 -14"><span class='ocrx_word' id='word_1_430' title='bbox 546 3679 652 3735; x_wconf 85' lang='lat' dir='ltr'><strong>hus</strong></span> <span class='ocrx_word' id='word_1_431' title='bbox 675 3694 798 3749; x_wconf 72' lang='lat' dir='ltr'><strong>quae</strong></span> <span class='ocrx_word' id='word_1_432' title='bbox 822 3678 892 3734; x_wconf 90' lang='lat' dir='ltr'><strong>ad</strong></span> <span class='ocrx_word' id='word_1_433' title='bbox 917 3677 1238 3748; x_wconf 89' lang='lat' dir='ltr'><strong>religionem</strong></span> <span class='ocrx_word' id='word_1_434' title='bbox 1263 3685 1318 3732; x_wconf 90' lang='lat' dir='ltr'><strong>ct</strong></span> <span class='ocrx_word' id='word_1_435' title='bbox 1336 3675 1608 3746; x_wconf 86' lang='lat' dir='ltr'><strong>justitiam</strong></span> <span class='ocrx_word' id='word_1_436' title='bbox 1636 3673 1732 3730; x_wconf 86' lang='lat' dir='ltr'><strong>Dei</strong></span> <span class='ocrx_word' id='word_1_437' title='bbox 1756 3673 2037 3746; x_wconf 82' lang='lat' dir='ltr'><strong>pertinent</strong></span> <span class='ocrx_word' id='word_1_438' title='bbox 2055 3687 2136 3742; x_wconf 86' lang='lat' dir='ltr'><strong>se,</strong></span> 
     </span>
    </p>
   </div>
   <div class='ocr_carea' id='block_1_66' title="bbox 545 3762 2176 3840">
    <p class='ocr_par' dir='ltr' id='par_1_66' title="bbox 545 3762 2176 3840">
     <span class='ocr_line' id='line_1_66' title="bbox 545 3762 2176 3840; baseline -0.004 -16"><span class='ocrx_word' id='word_1_439' title='bbox 545 3769 696 3824; x_wconf 68' lang='lat' dir='ltr'><strong>velut</strong></span> <span class='ocrx_word' id='word_1_440' title='bbox 723 3769 911 3826; x_wconf 83' lang='lat' dir='ltr'><strong>hostes</strong></span> <span class='ocrx_word' id='word_1_441' title='bbox 930 3811 946 3836; x_wconf 91' lang='lat'><strong>,</strong></span> <span class='ocrx_word' id='word_1_442' title='bbox 971 3775 1270 3840; x_wconf 89' lang='lat' dir='ltr'><strong>opponant.</strong></span> <span class='ocrx_word' id='word_1_443' title='bbox 1299 3762 1422 3834; x_wconf 85' lang='lat' dir='ltr'><strong>Quo</strong></span> <span class='ocrx_word' id='word_1_444' title='bbox 1453 3766 1632 3838; x_wconf 83' lang='lat' dir='ltr'><strong>magis</strong></span> <span class='ocrx_word' id='word_1_445' title='bbox 1657 3764 1818 3822; x_wconf 87' lang='lat' dir='ltr'><strong>nobis</strong></span> <span class='ocrx_word' id='word_1_446' title='bbox 1843 3764 2140 3820; x_wconf 88' lang='lat' dir='ltr'><strong>dolendum</strong></span> <span class='ocrx_word' id='word_1_447' title='bbox 2165 3775 2176 3780; x_wconf 89' lang='grc'>·</span> 
     </span>
    </p>
   </div>
   <div class='ocr_carea' id='block_1_67' title="bbox 543 3855 2140 3933">
    <p class='ocr_par' dir='ltr' id='par_1_67' title="bbox 543 3855 2140 3933">
     <span class='ocr_line' id='line_1_67' title="bbox 543 3855 2140 3933; baseline -0.004 -17"><span class='ocrx_word' id='word_1_448' title='bbox 543 3872 654 3927; x_wconf 85' lang='lat' dir='ltr'><strong>est,</strong></span> <span class='ocrx_word' id='word_1_449' title='bbox 685 3863 777 3933; x_wconf 91' lang='lat' dir='ltr'><strong>qui</strong></span> <span class='ocrx_word' id='word_1_450' title='bbox 814 3869 1133 3932; x_wconf 81' lang='lat' dir='ltr'><strong>susceptum</strong></span> <span class='ocrx_word' id='word_1_451' title='bbox 1165 3856 1498 3917; x_wconf 80' lang='lat' dir='ltr'><strong>universalis</strong></span> <span class='ocrx_word' id='word_1_452' title='bbox 1522 3857 1771 3914; x_wconf 71' lang='lat' dir='ltr'><strong>ecclesia:</strong></span> <span class='ocrx_word' id='word_1_453' title='bbox 1805 3856 2050 3930; x_wconf 85' lang='lat' dir='ltr'><strong>regimen</strong></span> <span class='ocrx_word' id='word_1_454' title='bbox 2083 3855 2140 3911; x_wconf 92' lang='lat' dir='ltr'><strong>in</strong></span> 
     </span>
    </p>
   </div>
   <div class='ocr_carea' id='block_1_68' title="bbox 537 3951 2142 4021">
    <p class='ocr_par' dir='ltr' id='par_1_68' title="bbox 537 3951 2142 4021">
     <span class='ocr_line' id='line_1_68' title="bbox 537 3951 2142 4021; baseline -0.002 -9"><span class='ocrx_word' id='word_1_455' title='bbox 537 3967 706 4013; x_wconf 76' lang='lat' dir='ltr'><strong>tanta</strong></span> <span class='ocrx_word' id='word_1_456' title='bbox 736 3957 1051 4014; x_wconf 85' lang='lat' dir='ltr'><strong>diﬁlcultate</strong></span> <span class='ocrx_word' id='word_1_457' title='bbox 1074 3972 1175 4012; x_wconf 90' lang='lat' dir='ltr'><strong>nec</strong></span> <span class='ocrx_word' id='word_1_458' title='bbox 1197 3955 1302 4012; x_wconf 88' lang='lat' dir='ltr'><strong>rite</strong></span> <span class='ocrx_word' id='word_1_459' title='bbox 1324 3953 1737 4021; x_wconf 89' lang='lat' dir='ltr'><strong>administrare,</strong></span> <span class='ocrx_word' id='word_1_460' title='bbox 1769 3969 1871 4010; x_wconf 90' lang='lat' dir='ltr'><strong>nec</strong></span> <span class='ocrx_word' id='word_1_461' title='bbox 1886 3977 1888 3980; x_wconf 53' lang='grc' dir='ltr'>ν</span> <span class='ocrx_word' id='word_1_462' title='bbox 1903 3962 2023 4010; x_wconf 90' lang='lat' dir='ltr'><strong>tuto</strong></span> <span class='ocrx_word' id='word_1_463' title='bbox 2045 3951 2142 4009; x_wconf 88' lang='lat' dir='ltr'><strong>de—</strong></span> 
     </span>
    </p>
   </div>
   <div class='ocr_carea' id='block_1_69' title="bbox 551 4044 2143 4120">
    <p class='ocr_par' dir='ltr' id='par_1_69' title="bbox 551 4044 2143 4120">
     <span class='ocr_line' id='line_1_69' title="bbox 551 4044 2143 4120; baseline -0.003 -16"><span class='ocrx_word' id='word_1_464' title='bbox 551 4064 736 4106; x_wconf 88' lang='lat' dir='ltr'><strong>serere</strong></span> <span class='ocrx_word' id='word_1_465' title='bbox 769 4063 1084 4120; x_wconf 89' lang='lat' dir='ltr'><strong>possumus.</strong></span> <span class='ocrx_word' id='word_1_466' title='bbox 1111 4048 1384 4104; x_wconf 65' lang='lat' dir='ltr'><strong>Caeterum</strong></span> <span class='ocrx_word' id='word_1_467' title='bbox 1415 4046 1542 4118; x_wconf 90' lang='lat' dir='ltr'><strong>quia</strong></span> <span class='ocrx_word' id='word_1_468' title='bbox 1567 4045 1692 4102; x_wconf 88' lang='lat' dir='ltr'><strong>ﬁdei</strong></span> <span class='ocrx_word' id='word_1_469' title='bbox 1725 4055 1783 4102; x_wconf 91' lang='lat' dir='ltr'><strong>et</strong></span> <span class='ocrx_word' id='word_1_470' title='bbox 1815 4044 2143 4102; x_wconf 68' lang='lat' dir='ltr'><strong>constantia:</strong></span> 
     </span>
    </p>
   </div>
   <div class='ocr_carea' id='block_1_70' title="bbox 550 4137 2144 4210">
    <p class='ocr_par' dir='ltr' id='par_1_70' title="bbox 550 4137 2144 4210">
     <span class='ocr_line' id='line_1_70' title="bbox 550 4137 2144 4210; baseline 0 -17"><span class='ocrx_word' id='word_1_471' title='bbox 550 4138 845 4208; x_wconf 80' lang='lat' dir='ltr'><strong>virtutem,</strong></span> <span class='ocrx_word' id='word_1_472' title='bbox 883 4140 1124 4196; x_wconf 86' lang='lat' dir='ltr'><strong>donante</strong></span> <span class='ocrx_word' id='word_1_473' title='bbox 1151 4139 1298 4207; x_wconf 86' lang='lat' dir='ltr'><strong>Deo,</strong></span> <span class='ocrx_word' id='word_1_474' title='bbox 1338 4139 1392 4194; x_wconf 90' lang='lat' dir='ltr'><strong>in</strong></span> <span class='ocrx_word' id='word_1_475' title='bbox 1437 4149 1489 4195; x_wconf 91' lang='lat' dir='ltr'><strong>te</strong></span> <span class='ocrx_word' id='word_1_476' title='bbox 1527 4138 1690 4194; x_wconf 83' lang='lat' dir='ltr'><strong>sitam</strong></span> <span class='ocrx_word' id='word_1_477' title='bbox 1735 4154 1858 4195; x_wconf 87' lang='lat' dir='ltr'><strong>esse</strong></span> <span class='ocrx_word' id='word_1_478' title='bbox 1879 4137 2144 4210; x_wconf 80' lang='lat' dir='ltr'><strong>cognovi-</strong></span> 
     </span>
    </p>
   </div>
   <div class='ocr_carea' id='block_1_71' title="bbox 552 4227 2142 4306">
    <p class='ocr_par' dir='ltr' id='par_1_71' title="bbox 552 4227 2142 4306">
     <span class='ocr_line' id='line_1_71' title="bbox 552 4227 2142 4306; baseline -0.001 -18"><span class='ocrx_word' id='word_1_479' title='bbox 552 4227 710 4294; x_wconf 82' lang='lat' dir='ltr'><strong>mus,</strong></span> <span class='ocrx_word' id='word_1_480' title='bbox 748 4247 968 4289; x_wconf 83' lang='lat' dir='ltr'><strong>onmem</strong></span> <span class='ocrx_word' id='word_1_481' title='bbox 1013 4249 1181 4306; x_wconf 87' lang='lat' dir='ltr'><strong>quam</strong></span> <span class='ocrx_word' id='word_1_482' title='bbox 1222 4241 1441 4305; x_wconf 78' lang='lat' dir='ltr'><strong>Oportet</strong></span> <span class='ocrx_word' id='word_1_483' title='bbox 1487 4232 1542 4288; x_wconf 91' lang='lat' dir='ltr'><strong>in</strong></span> <span class='ocrx_word' id='word_1_484' title='bbox 1583 4233 1914 4289; x_wconf 77' lang='lat' dir='ltr'><strong>charissima</strong></span> <span class='ocrx_word' id='word_1_485' title='bbox 1960 4231 2142 4290; x_wconf 85' lang='lat' dir='ltr'><strong>sancti</strong></span> 
     </span>
    </p>
   </div>
   <div class='ocr_carea' id='block_1_72' title="bbox 549 4319 2142 4391">
    <p class='ocr_par' dir='ltr' id='par_1_72' title="bbox 549 4319 2142 4391">
     <span class='ocr_line' id='line_1_72' title="bbox 549 4319 2142 4391; baseline 0.003 -16"><span class='ocrx_word' id='word_1_486' title='bbox 549 4319 698 4378; x_wconf 77' lang='lat' dir='ltr'><strong>Petri</strong></span> <span class='ocrx_word' id='word_1_487' title='bbox 727 4323 840 4378; x_wconf 85' lang='lat' dir='ltr'><strong>ﬁlio</strong></span> <span class='ocrx_word' id='word_1_488' title='bbox 865 4323 919 4378; x_wconf 91' lang='lat' dir='ltr'><strong>in</strong></span> <span class='ocrx_word' id='word_1_489' title='bbox 959 4331 1012 4380; x_wconf 87' lang='lat' dir='ltr'><strong>te</strong></span> <span class='ocrx_word' id='word_1_490' title='bbox 1043 4323 1300 4382; x_wconf 70' lang='lat' dir='ltr'><strong>fiduciam</strong></span> <span class='ocrx_word' id='word_1_491' title='bbox 1331 4324 1621 4391; x_wconf 81' lang='lat' dir='ltr'><strong>habentes,</strong></span> <span class='ocrx_word' id='word_1_492' title='bbox 1649 4325 1896 4380; x_wconf 89' lang='lat' dir='ltr'><strong>animum</strong></span> <span class='ocrx_word' id='word_1_493' title='bbox 1931 4334 2047 4380; x_wconf 89' lang='lat' dir='ltr'><strong>tum</strong></span> <span class='ocrx_word' id='word_1_494' title='bbox 2073 4323 2142 4380; x_wconf 89' lang='lat' dir='ltr'><strong>dc</strong></span> 
     </span>
    </p>
   </div>
   <div class='ocr_carea' id='block_1_73' title="bbox 552 4413 2142 4489">
    <p class='ocr_par' dir='ltr' id='par_1_73' title="bbox 552 4413 2142 4489">
     <span class='ocr_line' id='line_1_73' title="bbox 552 4413 2142 4489; baseline 0.002 -22"><span class='ocrx_word' id='word_1_495' title='bbox 552 4423 743 4469; x_wconf 89' lang='lat' dir='ltr'><strong>nostra</strong></span> <span class='ocrx_word' id='word_1_496' title='bbox 775 4413 918 4470; x_wconf 83' lang='lat' dir='ltr'><strong>idem</strong></span> <span class='ocrx_word' id='word_1_497' title='bbox 955 4416 1406 4473; x_wconf 76' lang='lat' dir='ltr'><strong>coastautissima</strong></span> <span class='ocrx_word' id='word_1_498' title='bbox 1441 4415 1738 4472; x_wconf 83' lang='lat' dir='ltr'><strong>dilectione</strong></span> <span class='ocrx_word' id='word_1_499' title='bbox 1757 4457 1772 4484; x_wconf 93' lang='lat'><strong>,</strong></span> <span class='ocrx_word' id='word_1_500' title='bbox 1803 4425 1861 4472; x_wconf 91' lang='lat' dir='ltr'><strong>et</strong></span> <span class='ocrx_word' id='word_1_501' title='bbox 1883 4432 2012 4489; x_wconf 87' lang='lat' dir='ltr'><strong>erga</strong></span> <span class='ocrx_word' id='word_1_502' title='bbox 2041 4417 2142 4471; x_wconf 86' lang='lat' dir='ltr'><strong>ho-</strong></span> 
     </span>
    </p>
   </div>
   <div class='ocr_carea' id='block_1_74' title="bbox 2239 3218 3824 3290">
    <p class='ocr_par' dir='ltr' id='par_1_74' title="bbox 2239 3218 3824 3290">
     <span class='ocr_line' id='line_1_74' title="bbox 2239 3218 3824 3290; baseline -0.003 -12"><span class='ocrx_word' id='word_1_503' title='bbox 2239 3231 2392 3279; x_wconf 85' lang='lat' dir='ltr'><strong>terna</strong></span> <span class='ocrx_word' id='word_1_504' title='bbox 2419 3223 2696 3290; x_wconf 79' lang='lat' dir='ltr'><strong>Charitas,</strong></span> <span class='ocrx_word' id='word_1_505' title='bbox 2731 3231 2786 3277; x_wconf 88' lang='lat' dir='ltr'><strong>et</strong></span> <span class='ocrx_word' id='word_1_506' title='bbox 2807 3221 3166 3278; x_wconf 88' lang='lat' dir='ltr'><strong>sacerdotalis</strong></span> <span class='ocrx_word' id='word_1_507' title='bbox 3189 3221 3450 3276; x_wconf 87' lang='lat' dir='ltr'><strong>honestas</strong></span> <span class='ocrx_word' id='word_1_508' title='bbox 3485 3218 3824 3290; x_wconf 84' lang='lat' dir='ltr'><strong>suspicionis</strong></span> 
     </span>
    </p>
   </div>
   <div class='ocr_carea' id='block_1_75' title="bbox 2235 3305 3824 3384">
    <p class='ocr_par' dir='ltr' id='par_1_75' title="bbox 2235 3305 3824 3384">
     <span class='ocr_line' id='line_1_75' title="bbox 2235 3305 3824 3384; baseline -0.003 -14"><span class='ocrx_word' id='word_1_509' title='bbox 2235 3305 2292 3371; x_wconf 86' lang='lat' dir='ltr'><strong>in</strong></span> <span class='ocrx_word' id='word_1_510' title='bbox 2319 3316 2470 3370; x_wconf 91' lang='lat' dir='ltr'><strong>illum</strong></span> <span class='ocrx_word' id='word_1_511' title='bbox 2501 3313 2902 3370; x_wconf 87' lang='lat' dir='ltr'><strong>indubitantius</strong></span> <span class='ocrx_word' id='word_1_512' title='bbox 2929 3329 3130 3370; x_wconf 87' lang='lat' dir='ltr'><strong>causas</strong></span> <span class='ocrx_word' id='word_1_513' title='bbox 3154 3311 3415 3368; x_wconf 78' lang='lat' dir='ltr'><strong>excludit.</strong></span> <span class='ocrx_word' id='word_1_514' title='bbox 3456 3309 3653 3384; x_wconf 86' lang='lat' dir='ltr'><strong>Neque</strong></span> <span class='ocrx_word' id='word_1_515' title='bbox 3677 3312 3824 3367; x_wconf 88' lang='lat' dir='ltr'><strong>enim</strong></span> 
     </span>
    </p>
   </div>
   <div class='ocr_carea' id='block_1_76' title="bbox 2238 3404 3826 3478">
    <p class='ocr_par' dir='ltr' id='par_1_76' title="bbox 2238 3404 3826 3478">
     <span class='ocr_line' id='line_1_76' title="bbox 2238 3404 3826 3478; baseline -0.003 -15"><span class='ocrx_word' id='word_1_516' title='bbox 2238 3407 2460 3464; x_wconf 84' lang='lat' dir='ltr'><strong>credere</strong></span> <span class='ocrx_word' id='word_1_517' title='bbox 2481 3422 2777 3478; x_wconf 87' lang='lat' dir='ltr'><strong>possumus</strong></span> <span class='ocrx_word' id='word_1_518' title='bbox 2803 3414 2915 3462; x_wconf 92' lang='lat' dir='ltr'><strong>tam</strong></span> <span class='ocrx_word' id='word_1_519' title='bbox 2937 3407 3261 3478; x_wconf 87' lang='lat' dir='ltr'><strong>prudentem</strong></span> <span class='ocrx_word' id='word_1_520' title='bbox 3295 3404 3478 3460; x_wconf 76' lang='lat' dir='ltr'><strong>virum</strong></span> <span class='ocrx_word' id='word_1_521' title='bbox 3503 3405 3578 3459; x_wconf 88' lang='lat' dir='ltr'><strong>ita</strong></span> <span class='ocrx_word' id='word_1_522' title='bbox 3601 3413 3699 3463; x_wconf 87' lang='lat' dir='ltr'><strong>aut</strong></span> <span class='ocrx_word' id='word_1_523' title='bbox 3731 3418 3826 3459; x_wconf 81' lang='lat' dir='ltr'><strong>na-</strong></span> 
     </span>
    </p>
   </div>
   <div class='ocr_carea' id='block_1_77' title="bbox 2238 3495 3822 3571">
    <p class='ocr_par' dir='ltr' id='par_1_77' title="bbox 2238 3495 3822 3571">
     <span class='ocr_line' id='line_1_77' title="bbox 2238 3495 3822 3571; baseline -0.001 -17"><span class='ocrx_word' id='word_1_524' title='bbox 2238 3507 2376 3555; x_wconf 62' lang='lat' dir='ltr'><strong>tura:</strong></span> <span class='ocrx_word' id='word_1_525' title='bbox 2396 3507 2492 3553; x_wconf 90' lang='lat' dir='ltr'><strong>aut</strong></span> <span class='ocrx_word' id='word_1_526' title='bbox 2510 3498 2794 3571; x_wconf 83' lang='lat' dir='ltr'><strong>dignitatis</strong></span> <span class='ocrx_word' id='word_1_527' title='bbox 2819 3514 2935 3553; x_wconf 68' lang='lat' dir='ltr'><strong>sum</strong></span> <span class='ocrx_word' id='word_1_528' title='bbox 2956 3497 3064 3552; x_wconf 91' lang='lat' dir='ltr'><strong>loci</strong></span> <span class='ocrx_word' id='word_1_529' title='bbox 3089 3497 3320 3553; x_wconf 87' lang='lat' dir='ltr'><strong>oblitum</strong></span> <span class='ocrx_word' id='word_1_530' title='bbox 3345 3512 3468 3553; x_wconf 88' lang='lat' dir='ltr'><strong>esse</strong></span> <span class='ocrx_word' id='word_1_531' title='bbox 3495 3505 3556 3551; x_wconf 89' lang='lat' dir='ltr'><strong>ut</strong></span> <span class='ocrx_word' id='word_1_532' title='bbox 3576 3495 3674 3567; x_wconf 92' lang='lat' dir='ltr'><strong>qui</strong></span> <span class='ocrx_word' id='word_1_533' title='bbox 3699 3509 3822 3566; x_wconf 87' lang='lat' dir='ltr'><strong>apo-</strong></span> 
     </span>
    </p>
   </div>
   <div class='ocr_carea' id='block_1_78' title="bbox 2239 3587 3829 3661">
    <p class='ocr_par' dir='ltr' id='par_1_78' title="bbox 2239 3587 3829 3661">
     <span class='ocr_line' id='line_1_78' title="bbox 2239 3587 3829 3661; baseline -0.002 -15"><span class='ocrx_word' id='word_1_534' title='bbox 2239 3589 2480 3646; x_wconf 84' lang='lat' dir='ltr'><strong>tolormn</strong></span> <span class='ocrx_word' id='word_1_535' title='bbox 2517 3589 2756 3661; x_wconf 88' lang='lat' dir='ltr'><strong>principi</strong></span> <span class='ocrx_word' id='word_1_536' title='bbox 2804 3589 3118 3644; x_wconf 88' lang='lat' dir='ltr'><strong>ﬁdelitatem</strong></span> <span class='ocrx_word' id='word_1_537' title='bbox 3149 3590 3268 3660; x_wconf 85' lang='lat' dir='ltr'><strong>ipse</strong></span> <span class='ocrx_word' id='word_1_538' title='bbox 3296 3587 3665 3660; x_wconf 84' lang='lat' dir='ltr'><strong>jurejurando</strong></span> <span class='ocrx_word' id='word_1_539' title='bbox 3701 3603 3829 3659; x_wconf 83' lang='lat' dir='ltr'><strong>pro-</strong></span> 
     </span>
    </p>
   </div>
   <div class='ocr_carea' id='block_1_79' title="bbox 2239 3681 3830 3755">
    <p class='ocr_par' dir='ltr' id='par_1_79' title="bbox 2239 3681 3830 3755">
     <span class='ocr_line' id='line_1_79' title="bbox 2239 3681 3830 3755; baseline -0.001 -17"><span class='ocrx_word' id='word_1_540' title='bbox 2239 3681 2412 3750; x_wconf 88' lang='lat' dir='ltr'><strong>misit,</strong></span> <span class='ocrx_word' id='word_1_541' title='bbox 2443 3681 2692 3755; x_wconf 82' lang='lat' dir='ltr'><strong>neglecto</strong></span> <span class='ocrx_word' id='word_1_542' title='bbox 2712 3681 2958 3752; x_wconf 89' lang='lat' dir='ltr'><strong>periculo</strong></span> <span class='ocrx_word' id='word_1_543' title='bbox 2983 3698 3106 3751; x_wconf 90' lang='lat' dir='ltr'><strong>suo,</strong></span> <span class='ocrx_word' id='word_1_544' title='bbox 3129 3681 3268 3738; x_wconf 88' lang='lat' dir='ltr'><strong>alios</strong></span> <span class='ocrx_word' id='word_1_545' title='bbox 3291 3683 3384 3754; x_wconf 92' lang='lat' dir='ltr'><strong>qui</strong></span> <span class='ocrx_word' id='word_1_546' title='bbox 3411 3682 3557 3738; x_wconf 86' lang='lat' dir='ltr'><strong>idem</strong></span> <span class='ocrx_word' id='word_1_547' title='bbox 3581 3683 3830 3738; x_wconf 80' lang='lat' dir='ltr'><strong>fecerunt</strong></span> 
     </span>
    </p>
   </div>
   <div class='ocr_carea' id='block_1_80' title="bbox 2241 3773 3830 3846">
    <p class='ocr_par' dir='ltr' id='par_1_80' title="bbox 2241 3773 3830 3846">
     <span class='ocr_line' id='line_1_80' title="bbox 2241 3773 3830 3846; baseline 0 -16"><span class='ocrx_word' id='word_1_548' title='bbox 2241 3773 2309 3830; x_wconf 86' lang='lat' dir='ltr'><strong>ad</strong></span> <span class='ocrx_word' id='word_1_549' title='bbox 2355 3773 2658 3845; x_wconf 88' lang='lat' dir='ltr'><strong>perjurium</strong></span> <span class='ocrx_word' id='word_1_550' title='bbox 2699 3773 2907 3829; x_wconf 87' lang='lat' dir='ltr'><strong>nitatur</strong></span> <span class='ocrx_word' id='word_1_551' title='bbox 2942 3790 3040 3845; x_wconf 87' lang='lat' dir='ltr'><strong>per</strong></span> <span class='ocrx_word' id='word_1_552' title='bbox 3075 3775 3352 3846; x_wconf 77' lang='lat' dir='ltr'><strong>exquisita</strong></span> <span class='ocrx_word' id='word_1_553' title='bbox 3395 3774 3466 3829; x_wconf 89' lang='lat' dir='ltr'><strong>ab</strong></span> <span class='ocrx_word' id='word_1_554' title='bbox 3511 3774 3594 3830; x_wconf 90' lang='lat' dir='ltr'><strong>eis</strong></span> <span class='ocrx_word' id='word_1_555' title='bbox 3645 3790 3830 3831; x_wconf 83' lang='lat' dir='ltr'><strong>saera-</strong></span> 
     </span>
    </p>
   </div>
   <div class='ocr_carea' id='block_1_81' title="bbox 2240 3846 3831 3952">
    <p class='ocr_par' dir='ltr' id='par_1_81' title="bbox 2240 3846 3831 3952">
     <span class='ocr_line' id='line_1_81' title="bbox 2240 3846 3831 3952; baseline 0.001 -27"><span class='ocrx_word' id='word_1_556' title='bbox 2240 3877 2426 3926; x_wconf 87' lang='lat' dir='ltr'><strong>menta</strong></span> <span class='ocrx_word' id='word_1_557' title='bbox 2465 3869 2800 3940; x_wconf 80' lang='lat' dir='ltr'><strong>pertrahere.</strong></span> <span class='ocrx_word' id='word_1_558' title='bbox 2847 3867 3101 3924; x_wconf 83' lang='lat' dir='ltr'><strong>Attamen</strong></span> <span class='ocrx_word' id='word_1_559' title='bbox 3153 3885 3496 3944; x_wconf 69' lang='lat' dir='ltr'><strong>quaecunque</strong></span> <span class='ocrx_word' id='word_1_560' title='bbox 3539 3871 3686 3952; x_wconf 72' lang='lat' dir='ltr'><strong>inter</strong></span> <span class='ocrx_word' id='word_1_561' title='bbox 3722 3846 3831 3927; x_wconf 70' lang='lat' dir='ltr'><strong>eos</strong></span> 
     </span>
    </p>
   </div>
   <div class='ocr_carea' id='block_1_82' title="bbox 2241 3959 3830 4032">
    <p class='ocr_par' dir='ltr' id='par_1_82' title="bbox 2241 3959 3830 4032">
     <span class='ocr_line' id='line_1_82' title="bbox 2241 3959 3830 4032; baseline 0.001 -17"><span class='ocrx_word' id='word_1_562' title='bbox 2241 3959 2514 4015; x_wconf 89' lang='lat' dir='ltr'><strong>discordia</strong></span> <span class='ocrx_word' id='word_1_563' title='bbox 2540 3968 2636 4014; x_wconf 90' lang='lat' dir='ltr'><strong>aut</strong></span> <span class='ocrx_word' id='word_1_564' title='bbox 2661 3959 3033 4016; x_wconf 77' lang='lat' dir='ltr'><strong>molestiarum</strong></span> <span class='ocrx_word' id='word_1_565' title='bbox 3059 3959 3130 4015; x_wconf 91' lang='lat' dir='ltr'><strong>sit</strong></span> <span class='ocrx_word' id='word_1_566' title='bbox 3151 3959 3388 4028; x_wconf 88' lang='lat' dir='ltr'><strong>occasio,</strong></span> <span class='ocrx_word' id='word_1_567' title='bbox 3405 3968 3683 4032; x_wconf 85' lang='lat' dir='ltr'><strong>quatenus</strong></span> <span class='ocrx_word' id='word_1_568' title='bbox 3711 3975 3830 4016; x_wconf 84' lang='lat' dir='ltr'><strong>eam</strong></span> 
     </span>
    </p>
   </div>
   <div class='ocr_carea' id='block_1_83' title="bbox 2244 4033 3831 4119">
    <p class='ocr_par' dir='ltr' id='par_1_83' title="bbox 2244 4033 3831 4119">
     <span class='ocr_line' id='line_1_83' title="bbox 2244 4033 3831 4119; baseline 0.001 -15"><span class='ocrx_word' id='word_1_569' title='bbox 2244 4049 2456 4115; x_wconf 88' lang='lat' dir='ltr'><strong>sedare,</strong></span> <span class='ocrx_word' id='word_1_570' title='bbox 2489 4057 2544 4103; x_wconf 86' lang='lat' dir='ltr'><strong>et</strong></span> <span class='ocrx_word' id='word_1_571' title='bbox 2565 4047 2838 4119; x_wconf 66' lang='lat' dir='ltr'><strong>si&#39;possis,</strong></span> <span class='ocrx_word' id='word_1_572' title='bbox 2863 4050 3018 4105; x_wconf 73' lang='lat' dir='ltr'><strong>salvo</strong></span> <span class='ocrx_word' id='word_1_573' title='bbox 3045 4051 3256 4105; x_wconf 88' lang='lat' dir='ltr'><strong>honore</strong></span> <span class='ocrx_word' id='word_1_574' title='bbox 3278 4051 3454 4106; x_wconf 89' lang='lat' dir='ltr'><strong>sancti</strong></span> <span class='ocrx_word' id='word_1_575' title='bbox 3474 4033 3831 4118; x_wconf 73' lang='lat' dir='ltr'><strong>Pctri,lirma</strong></span> 
     </span>
    </p>
   </div>
   <div class='ocr_carea' id='block_1_84' title="bbox 2244 4139 3832 4213">
    <p class='ocr_par' dir='ltr' id='par_1_84' title="bbox 2244 4139 3832 4213">
     <span class='ocr_line' id='line_1_84' title="bbox 2244 4139 3832 4213; baseline -0.001 -15"><span class='ocrx_word' id='word_1_576' title='bbox 2244 4142 2468 4198; x_wconf 87' lang='lat' dir='ltr'><strong>studeas</strong></span> <span class='ocrx_word' id='word_1_577' title='bbox 2488 4157 2622 4212; x_wconf 89' lang='lat' dir='ltr'><strong>pace</strong></span> <span class='ocrx_word' id='word_1_578' title='bbox 2645 4139 2928 4208; x_wconf 85' lang='lat' dir='ltr'><strong>decidere,</strong></span> <span class='ocrx_word' id='word_1_579' title='bbox 2970 4142 3319 4213; x_wconf 88' lang='lat' dir='ltr'><strong>prudentiam</strong></span> <span class='ocrx_word' id='word_1_580' title='bbox 3365 4151 3514 4200; x_wconf 86' lang='lat' dir='ltr'><strong>tuam</strong></span> <span class='ocrx_word' id='word_1_581' title='bbox 3548 4143 3707 4199; x_wconf 72' lang='lat' dir='ltr'><strong>vaide</strong></span> <span class='ocrx_word' id='word_1_582' title='bbox 3745 4159 3832 4198; x_wconf 75' lang='lat' dir='ltr'><strong>Io-</strong></span> 
     </span>
    </p>
   </div>
   <div class='ocr_carea' id='block_1_85' title="bbox 2243 4225 3831 4306">
    <p class='ocr_par' dir='ltr' id='par_1_85' title="bbox 2243 4225 3831 4306">
     <span class='ocr_line' id='line_1_85' title="bbox 2243 4225 3831 4306; baseline -0.001 -17"><span class='ocrx_word' id='word_1_583' title='bbox 2243 4249 2460 4306; x_wconf 83' lang='lat' dir='ltr'><strong>gamus.</strong></span> <span class='ocrx_word' id='word_1_584' title='bbox 2484 4232 2642 4300; x_wconf 80' lang='lat' dir='ltr'><strong>Quod</strong></span> <span class='ocrx_word' id='word_1_585' title='bbox 2671 4233 2718 4290; x_wconf 87' lang='lat' dir='ltr'><strong>si</strong></span> <span class='ocrx_word' id='word_1_586' title='bbox 2751 4225 3028 4304; x_wconf 84' lang='lat' dir='ltr'><strong>aliquibus</strong></span> <span class='ocrx_word' id='word_1_587' title='bbox 3059 4233 3218 4290; x_wconf 87' lang='lat' dir='ltr'><strong>malis</strong></span> <span class='ocrx_word' id='word_1_588' title='bbox 3259 4233 3689 4304; x_wconf 80' lang='lat' dir='ltr'><strong>impedientibus</strong></span> <span class='ocrx_word' id='word_1_589' title='bbox 3727 4249 3831 4288; x_wconf 91' lang='lat' dir='ltr'><strong>non</strong></span> 
     </span>
    </p>
   </div>
   <div class='ocr_carea' id='block_1_86' title="bbox 2245 4326 3832 4400">
    <p class='ocr_par' dir='ltr' id='par_1_86' title="bbox 2245 4326 3832 4400">
     <span class='ocr_line' id='line_1_86' title="bbox 2245 4326 3832 4400; baseline -0.004 -14"><span class='ocrx_word' id='word_1_590' title='bbox 2245 4329 2426 4400; x_wconf 87' lang='lat' dir='ltr'><strong>possis</strong></span> <span class='ocrx_word' id='word_1_591' title='bbox 2450 4328 2682 4397; x_wconf 74' lang='lat' dir='ltr'><strong>edicere,</strong></span> <span class='ocrx_word' id='word_1_592' title='bbox 2717 4340 2773 4384; x_wconf 90' lang='lat' dir='ltr'><strong>ct</strong></span> <span class='ocrx_word' id='word_1_593' title='bbox 2806 4329 3102 4400; x_wconf 68' lang='lat' dir='ltr'><strong>prazdictus</strong></span> <span class='ocrx_word' id='word_1_594' title='bbox 3131 4327 3410 4384; x_wconf 84' lang='lat' dir='ltr'><strong>conl‘rater</strong></span> <span class='ocrx_word' id='word_1_595' title='bbox 3431 4336 3623 4383; x_wconf 90' lang='lat' dir='ltr'><strong>noster</strong></span> <span class='ocrx_word' id='word_1_596' title='bbox 3654 4326 3832 4382; x_wconf 63' lang='lat' dir='ltr'><strong>arcbio</strong></span> 
     </span>
    </p>
   </div>
   <div class='ocr_carea' id='block_1_87' title="bbox 2245 4417 3835 4490">
    <p class='ocr_par' dir='ltr' id='par_1_87' title="bbox 2245 4417 3835 4490">
     <span class='ocr_line' id='line_1_87' title="bbox 2245 4417 3835 4490; baseline -0.003 -16"><span class='ocrx_word' id='word_1_597' title='bbox 2245 4419 2539 4490; x_wconf 89' lang='lat' dir='ltr'><strong>episcopus</strong></span> <span class='ocrx_word' id='word_1_598' title='bbox 2561 4429 2656 4475; x_wconf 90' lang='lat' dir='ltr'><strong>aut</strong></span> <span class='ocrx_word' id='word_1_599' title='bbox 2701 4419 2807 4475; x_wconf 87' lang='lat' dir='ltr'><strong>alia</strong></span> <span class='ocrx_word' id='word_1_600' title='bbox 2841 4419 3096 4490; x_wconf 57' lang='lat' dir='ltr'><strong>qualibet</strong></span> <span class='ocrx_word' id='word_1_601' title='bbox 3125 4434 3360 4490; x_wconf 81' lang='lat' dir='ltr'><strong>persona</strong></span> <span class='ocrx_word' id='word_1_602' title='bbox 3391 4417 3656 4490; x_wconf 71' lang='lat' dir='ltr'><strong>praefatos</strong></span> <span class='ocrx_word' id='word_1_603' title='bbox 3691 4419 3835 4475; x_wconf 69' lang='lat' dir='ltr'><strong>cives</strong></span> 
     </span>
    </p>
   </div>
   <div class='ocr_carea' id='block_1_88' title="bbox 553 4505 3834 4584">
    <p class='ocr_par' dir='ltr' id='par_1_88' title="bbox 553 4505 3834 4584">
     <span class='ocr_line' id='line_1_88' title="bbox 553 4505 3834 4584; baseline 0.002 -25"><span class='ocrx_word' id='word_1_604' title='bbox 553 4517 715 4560; x_wconf 86' lang='lat' dir='ltr'><strong>nores</strong></span> <span class='ocrx_word' id='word_1_605' title='bbox 741 4513 867 4560; x_wconf 88' lang='lat' dir='ltr'><strong>tuos</strong></span> <span class='ocrx_word' id='word_1_606' title='bbox 905 4505 1316 4576; x_wconf 85' lang='lat' dir='ltr'><strong>promptissima</strong></span> <span class='ocrx_word' id='word_1_607' title='bbox 1353 4507 1637 4563; x_wconf 73' lang='lat' dir='ltr'><strong>voluntate</strong></span> <span class='ocrx_word' id='word_1_608' title='bbox 1659 4522 2006 4579; x_wconf 80' lang='lat' dir='ltr'><strong>nequaquam</strong></span> <span class='ocrx_word' id='word_1_609' title='bbox 2043 4507 2146 4563; x_wconf 83' lang='lat' dir='ltr'><strong>du-</strong></span> <span class='ocrx_word' id='word_1_610' title='bbox 2177 4507 2222 4562; x_wconf 88' lang='lat' dir='ltr'><strong>D</strong></span> <span class='ocrx_word' id='word_1_611' title='bbox 2247 4527 2280 4568; x_wconf 86' lang='lat' dir='ltr'><strong>a</strong></span> <span class='ocrx_word' id='word_1_612' title='bbox 2313 4511 2572 4567; x_wconf 83' lang='lat' dir='ltr'><strong>ﬁdelitate</strong></span> <span class='ocrx_word' id='word_1_613' title='bbox 2616 4512 2764 4569; x_wconf 85' lang='lat' dir='ltr'><strong>sedis</strong></span> <span class='ocrx_word' id='word_1_614' title='bbox 2807 4512 3124 4584; x_wconf 67' lang='grc' dir='ltr'><strong>προδιοιίοω</strong></span> <span class='ocrx_word' id='word_1_615' title='bbox 3154 4527 3264 4568; x_wconf 90' lang='lat' dir='ltr'><strong>non</strong></span> <span class='ocrx_word' id='word_1_616' title='bbox 3305 4513 3524 4569; x_wconf 86' lang='lat' dir='ltr'><strong>desinat</strong></span> <span class='ocrx_word' id='word_1_617' title='bbox 3555 4512 3834 4568; x_wconf 85' lang='lat' dir='ltr'><strong>obstinata</strong></span> 
     </span>
    </p>
   </div>
   <div class='ocr_carea' id='block_1_89' title="bbox 554 4593 2147 4668">
    <p class='ocr_par' dir='ltr' id='par_1_89' title="bbox 554 4593 2147 4668">
     <span class='ocr_line' id='line_1_89' title="bbox 554 4593 2147 4668; baseline 0.003 -18"><span class='ocrx_word' id='word_1_618' title='bbox 554 4594 729 4650; x_wconf 79' lang='lat' dir='ltr'><strong>hilare</strong></span> <span class='ocrx_word' id='word_1_619' title='bbox 749 4597 1026 4652; x_wconf 71' lang='lat' dir='ltr'><strong>volumus.</strong></span> <span class='ocrx_word' id='word_1_620' title='bbox 1075 4593 1150 4652; x_wconf 84' lang='lat' dir='ltr'><strong>De</strong></span> <span class='ocrx_word' id='word_1_621' title='bbox 1191 4611 1316 4668; x_wconf 76' lang='lat' dir='ltr'><strong>rege</strong></span> <span class='ocrx_word' id='word_1_622' title='bbox 1354 4613 1484 4653; x_wconf 81' lang='lat' dir='ltr'><strong>vero</strong></span> <span class='ocrx_word' id='word_1_623' title='bbox 1522 4607 1758 4653; x_wconf 82' lang='lat' dir='ltr'><strong>mentem</strong></span> <span class='ocrx_word' id='word_1_624' title='bbox 1805 4607 2050 4654; x_wconf 85' lang='lat' dir='ltr'><strong>nostram</strong></span> <span class='ocrx_word' id='word_1_625' title='bbox 2090 4607 2147 4654; x_wconf 91' lang='lat' dir='ltr'><strong>et</strong></span> 
     </span>
    </p>
   </div>
   <div class='ocr_carea' id='block_1_90' title="bbox 555 4683 2147 4766">
    <p class='ocr_par' dir='ltr' id='par_1_90' title="bbox 555 4683 2147 4766">
     <span class='ocr_line' id='line_1_90' title="bbox 555 4683 2147 4766; baseline 0.005 -30"><span class='ocrx_word' id='word_1_626' title='bbox 555 4683 886 4766; x_wconf 86' lang='lat' dir='ltr'><strong>desiderium</strong></span> <span class='ocrx_word' id='word_1_627' title='bbox 912 4686 1076 4756; x_wconf 88' lang='lat' dir='ltr'><strong>pleno</strong></span> <span class='ocrx_word' id='word_1_628' title='bbox 1111 4701 1446 4758; x_wconf 81' lang='lat' dir='ltr'><strong>cognoscere</strong></span> <span class='ocrx_word' id='word_1_629' title='bbox 1468 4697 1658 4759; x_wconf 87' lang='lat' dir='ltr'><strong>potes,</strong></span> <span class='ocrx_word' id='word_1_630' title='bbox 1691 4688 1858 4760; x_wconf 89' lang='lat' dir='ltr'><strong>quod,</strong></span> <span class='ocrx_word' id='word_1_631' title='bbox 1878 4698 2147 4760; x_wconf 84' lang='lat' dir='ltr'><strong>quantum</strong></span> 
     </span>
    </p>
   </div>
   <div class='ocr_carea' id='block_1_91' title="bbox 557 4772 2156 4851">
    <p class='ocr_par' dir='ltr' id='par_1_91' title="bbox 557 4772 2156 4851">
     <span class='ocr_line' id='line_1_91' title="bbox 557 4772 2156 4851; baseline 0.007 -24"><span class='ocrx_word' id='word_1_632' title='bbox 557 4772 614 4828; x_wconf 89' lang='lat' dir='ltr'><strong>in</strong></span> <span class='ocrx_word' id='word_1_633' title='bbox 645 4772 879 4834; x_wconf 87' lang='lat' dir='ltr'><strong>Domino</strong></span> <span class='ocrx_word' id='word_1_634' title='bbox 913 4779 1161 4848; x_wconf 84' lang='lat' dir='ltr'><strong>sapimus</strong></span> <span class='ocrx_word' id='word_1_635' title='bbox 1181 4821 1195 4847; x_wconf 91' lang='lat'><strong>,</strong></span> <span class='ocrx_word' id='word_1_636' title='bbox 1236 4779 1512 4834; x_wconf 86' lang='lat' dir='ltr'><strong>neminem</strong></span> <span class='ocrx_word' id='word_1_637' title='bbox 1549 4780 1618 4836; x_wconf 90' lang='lat' dir='ltr'><strong>de</strong></span> <span class='ocrx_word' id='word_1_638' title='bbox 1651 4779 1773 4851; x_wconf 87' lang='lat' dir='ltr'><strong>ejus</strong></span> <span class='ocrx_word' id='word_1_639' title='bbox 1800 4780 2058 4851; x_wconf 63' lang='lat' dir='ltr'><strong>prasenti</strong></span> <span class='ocrx_word' id='word_1_640' title='bbox 2085 4793 2156 4838; x_wconf 84' lang='lat' dir='ltr'><strong>ac</strong></span> 
     </span>
    </p>
   </div>
   <div class='ocr_carea' id='block_1_92' title="bbox 556 4861 2152 4942">
    <p class='ocr_par' dir='ltr' id='par_1_92' title="bbox 556 4861 2152 4942">
     <span class='ocr_line' id='line_1_92' title="bbox 556 4861 2152 4942; baseline 0.004 -20"><span class='ocrx_word' id='word_1_641' title='bbox 556 4861 742 4922; x_wconf 74' lang='lat' dir='ltr'><strong>futura</strong></span> <span class='ocrx_word' id='word_1_642' title='bbox 765 4867 938 4937; x_wconf 80' lang='lat' dir='ltr'><strong>gloria</strong></span> <span class='ocrx_word' id='word_1_643' title='bbox 961 4880 1058 4924; x_wconf 87' lang='lat' dir='ltr'><strong>aut</strong></span> <span class='ocrx_word' id='word_1_644' title='bbox 1081 4869 1478 4937; x_wconf 85' lang='lat' dir='ltr'><strong>sollicitiorem,</strong></span> <span class='ocrx_word' id='word_1_645' title='bbox 1504 4871 1911 4942; x_wconf 85' lang='lat' dir='ltr'><strong>autcopiosiori</strong></span> <span class='ocrx_word' id='word_1_646' title='bbox 1937 4871 2152 4928; x_wconf 86' lang='lat' dir='ltr'><strong>deside-</strong></span> 
     </span>
    </p>
   </div>
   <div class='ocr_carea' id='block_1_93' title="bbox 556 4956 2150 5029">
    <p class='ocr_par' dir='ltr' id='par_1_93' title="bbox 556 4956 2150 5029">
     <span class='ocr_line' id='line_1_93' title="bbox 556 4956 2150 5029; baseline 0.005 -17"><span class='ocrx_word' id='word_1_647' title='bbox 556 4956 644 5012; x_wconf 87' lang='lat' dir='ltr'><strong>rio</strong></span> <span class='ocrx_word' id='word_1_648' title='bbox 677 4957 836 5013; x_wconf 84' lang='lat' dir='ltr'><strong>nobis</strong></span> <span class='ocrx_word' id='word_1_649' title='bbox 873 4959 1115 5029; x_wconf 66' lang='lat' dir='ltr'><strong>praeferri</strong></span> <span class='ocrx_word' id='word_1_650' title='bbox 1153 4961 1453 5018; x_wconf 81' lang='lat' dir='ltr'><strong>credimus.</strong></span> <span class='ocrx_word' id='word_1_651' title='bbox 1500 4961 1596 5020; x_wconf 78' lang='lat' dir='ltr'><strong>Est</strong></span> <span class='ocrx_word' id='word_1_652' title='bbox 1623 4964 1770 5018; x_wconf 87' lang='lat' dir='ltr'><strong>enim</strong></span> <span class='ocrx_word' id='word_1_653' title='bbox 1811 4964 1925 5020; x_wconf 76' lang='lat' dir='ltr'><strong>hzcc</strong></span> <span class='ocrx_word' id='word_1_654' title='bbox 1953 4964 2150 5021; x_wconf 71' lang='lat' dir='ltr'><strong>volun-</strong></span> 
     </span>
    </p>
   </div>
   <div class='ocr_carea' id='block_1_94' title="bbox 558 5053 2150 5102">
    <p class='ocr_par' dir='ltr' id='par_1_94' title="bbox 558 5053 2150 5102">
     <span class='ocr_line' id='line_1_94' title="bbox 558 5053 2150 5102; baseline 0 0"><span class='ocrx_word' id='word_1_655' title='bbox 558 5055 649 5102; x_wconf 87' lang='lat' dir='ltr'><strong>tas</strong></span> <span class='ocrx_word' id='word_1_656' title='bbox 692 5059 878 5102; x_wconf 88' lang='lat' dir='ltr'><strong>nostra</strong></span> <span class='ocrx_word' id='word_1_657' title='bbox 924 5060 984 5102; x_wconf 88' lang='lat' dir='ltr'><strong>nl</strong></span> <span class='ocrx_word' id='word_1_658' title='bbox 1031 5054 1266 5102; x_wconf 84' lang='lat' dir='ltr'><strong>nrimnm</strong></span> <span class='ocrx_word' id='word_1_659' title='bbox 1314 5055 1496 5102; x_wconf 74' lang='lat' dir='ltr'><strong>nlilnla</strong></span> <span class='ocrx_word' id='word_1_660' title='bbox 1541 5053 1701 5102; x_wconf 62' lang='lat' dir='ltr'><strong>nullis</strong></span> <span class='ocrx_word' id='word_1_661' title='bbox 1739 5057 2150 5102; x_wconf 74' lang='lat' dir='ltr'><strong>nnnnrtnnilnlo.</strong></span> 
     </span>
    </p>
   </div>
   <div class='ocr_carea' id='block_1_95' title="bbox 2247 4601 3835 4680">
    <p class='ocr_par' dir='ltr' id='par_1_95' title="bbox 2247 4601 3835 4680">
     <span class='ocr_line' id='line_1_95' title="bbox 2247 4601 3835 4680; baseline -0.004 -17"><span class='ocrx_word' id='word_1_662' title='bbox 2247 4605 2640 4664; x_wconf 72' lang='lat' dir='ltr'><strong>coercitatione</strong></span> <span class='ocrx_word' id='word_1_663' title='bbox 2676 4605 2838 4680; x_wconf 81' lang='lat' dir='ltr'><strong>[forte</strong></span> <span class='ocrx_word' id='word_1_664' title='bbox 2889 4605 3240 4662; x_wconf 71' lang='lat' dir='ltr'><strong>coercitione.</strong></span> <span class='ocrx_word' id='word_1_665' title='bbox 3298 4601 3391 4676; x_wconf 79' lang='lat' dir='ltr'><strong>IL]</strong></span> <span class='ocrx_word' id='word_1_666' title='bbox 3431 4604 3732 4670; x_wconf 76' lang='lat' dir='ltr'><strong>divellere,</strong></span> <span class='ocrx_word' id='word_1_667' title='bbox 3764 4603 3835 4660; x_wconf 84' lang='lat' dir='ltr'><strong>si-</strong></span> 
     </span>
    </p>
   </div>
   <div class='ocr_carea' id='block_1_96' title="bbox 2248 4695 3834 4768">
    <p class='ocr_par' dir='ltr' id='par_1_96' title="bbox 2248 4695 3834 4768">
     <span class='ocr_line' id='line_1_96' title="bbox 2248 4695 3834 4768; baseline -0.001 -15"><span class='ocrx_word' id='word_1_668' title='bbox 2248 4705 2343 4753; x_wconf 82' lang='lat' dir='ltr'><strong>cut</strong></span> <span class='ocrx_word' id='word_1_669' title='bbox 2375 4697 2752 4768; x_wconf 87' lang='lat' dir='ltr'><strong>apostolorum</strong></span> <span class='ocrx_word' id='word_1_670' title='bbox 2795 4697 2888 4752; x_wconf 87' lang='lat' dir='ltr'><strong>tibi</strong></span> <span class='ocrx_word' id='word_1_671' title='bbox 2919 4697 3175 4768; x_wconf 68' lang='lat' dir='ltr'><strong>praesidia</strong></span> <span class='ocrx_word' id='word_1_672' title='bbox 3211 4697 3353 4768; x_wconf 89' lang='lat' dir='ltr'><strong>apud</strong></span> <span class='ocrx_word' id='word_1_673' title='bbox 3398 4695 3834 4766; x_wconf 83' lang='lat' dir='ltr'><strong>omnipotentem</strong></span> 
     </span>
    </p>
   </div>
   <div class='ocr_carea' id='block_1_97' title="bbox 2249 4787 3833 4861">
    <p class='ocr_par' dir='ltr' id='par_1_97' title="bbox 2249 4787 3833 4861">
     <span class='ocr_line' id='line_1_97' title="bbox 2249 4787 3833 4861; baseline -0.001 -16"><span class='ocrx_word' id='word_1_674' title='bbox 2249 4787 2420 4852; x_wconf 87' lang='lat' dir='ltr'><strong>Deum</strong></span> <span class='ocrx_word' id='word_1_675' title='bbox 2443 4788 2736 4861; x_wconf 83' lang='lat' dir='ltr'><strong>prodesse,</strong></span> <span class='ocrx_word' id='word_1_676' title='bbox 2762 4789 2892 4845; x_wconf 90' lang='lat' dir='ltr'><strong>etin</strong></span> <span class='ocrx_word' id='word_1_677' title='bbox 2921 4791 3026 4846; x_wconf 87' lang='lat' dir='ltr'><strong>hac</strong></span> <span class='ocrx_word' id='word_1_678' title='bbox 3057 4789 3171 4845; x_wconf 73' lang='lat' dir='ltr'><strong>vita</strong></span> <span class='ocrx_word' id='word_1_679' title='bbox 3210 4805 3319 4846; x_wconf 88' lang='lat' dir='ltr'><strong>non</strong></span> <span class='ocrx_word' id='word_1_680' title='bbox 3353 4788 3474 4846; x_wconf 89' lang='lat' dir='ltr'><strong>sine</strong></span> <span class='ocrx_word' id='word_1_681' title='bbox 3509 4789 3833 4844; x_wconf 82' lang='lat' dir='ltr'><strong>meritorum</strong></span> 
     </span>
    </p>
   </div>
   <div class='ocr_carea' id='block_1_98' title="bbox 2249 4880 3833 4954">
    <p class='ocr_par' dir='ltr' id='par_1_98' title="bbox 2249 4880 3833 4954">
     <span class='ocr_line' id='line_1_98' title="bbox 2249 4880 3833 4954; baseline -0.001 -18"><span class='ocrx_word' id='word_1_682' title='bbox 2249 4881 2574 4952; x_wconf 88' lang='lat' dir='ltr'><strong>compendio</strong></span> <span class='ocrx_word' id='word_1_683' title='bbox 2613 4881 2904 4952; x_wconf 67' lang='lat' dir='ltr'><strong>[inesidere</strong></span> <span class='ocrx_word' id='word_1_684' title='bbox 2939 4881 3098 4953; x_wconf 90' lang='lat' dir='ltr'><strong>cupis</strong></span> <span class='ocrx_word' id='word_1_685' title='bbox 3131 4881 3206 4938; x_wconf 88' lang='lat' dir='ltr'><strong>ita</strong></span> <span class='ocrx_word' id='word_1_686' title='bbox 3235 4881 3318 4939; x_wconf 85' lang='lat' dir='ltr'><strong>eis</strong></span> <span class='ocrx_word' id='word_1_687' title='bbox 3345 4881 3362 4954; x_wconf 65' lang='lat' dir='ltr'><strong>l&#39;</strong></span> <span class='ocrx_word' id='word_1_688' title='bbox 3381 4881 3598 4952; x_wconf 83' lang='lat' dir='ltr'><strong>cupias,</strong></span> <span class='ocrx_word' id='word_1_689' title='bbox 3637 4881 3716 4936; x_wconf 90' lang='lat' dir='ltr'><strong>ita</strong></span> <span class='ocrx_word' id='word_1_690' title='bbox 3745 4880 3833 4952; x_wconf 68' lang='lat' dir='ltr'><strong>sit!</strong></span> 
     </span>
    </p>
   </div>
   <div class='ocr_carea' id='block_1_99' title="bbox 2248 4971 3834 5044">
    <p class='ocr_par' dir='ltr' id='par_1_99' title="bbox 2248 4971 3834 5044">
     <span class='ocr_line' id='line_1_99' title="bbox 2248 4971 3834 5044; baseline -0.003 -15"><span class='ocrx_word' id='word_1_691' title='bbox 2248 4973 2510 5044; x_wconf 72' lang='lat' dir='ltr'><strong>prmsenti</strong></span> <span class='ocrx_word' id='word_1_692' title='bbox 2556 4971 2885 5028; x_wconf 65' lang='lat' dir='ltr'><strong>auctoritate</strong></span> <span class='ocrx_word' id='word_1_693' title='bbox 2919 4981 3178 5043; x_wconf 74' lang='lat' dir='ltr'><strong>rogatus,</strong></span> <span class='ocrx_word' id='word_1_694' title='bbox 3219 4981 3275 5028; x_wconf 86' lang='lat' dir='ltr'><strong>ct</strong></span> <span class='ocrx_word' id='word_1_695' title='bbox 3307 4971 3718 5038; x_wconf 81' lang='lat' dir='ltr'><strong>commonitus,</strong></span> <span class='ocrx_word' id='word_1_696' title='bbox 3746 4971 3834 5024; x_wconf 85' lang='lat' dir='ltr'><strong>dc-</strong></span> 
     </span>
    </p>
   </div>
   <div class='ocr_carea' id='block_1_100' title="bbox 2253 5061 3831 5102">
    <p class='ocr_par' dir='ltr' id='par_1_100' title="bbox 2253 5061 3831 5102">
     <span class='ocr_line' id='line_1_100' title="bbox 2253 5061 3831 5102; baseline 0 0"><span class='ocrx_word' id='word_1_697' title='bbox 2253 5063 2520 5102; x_wconf 66' lang='lat' dir='ltr'><strong>I&#39;nncinnic</strong></span> <span class='ocrx_word' id='word_1_698' title='bbox 2546 5065 2747 5102; x_wconf 68' lang='lat' dir='ltr'><strong>nuvilio</strong></span> <span class='ocrx_word' id='word_1_699' title='bbox 2808 5065 2984 5102; x_wconf 72' lang='lat' dir='ltr'><strong>nlnnnn</strong></span> <span class='ocrx_word' id='word_1_700' title='bbox 3016 5063 3176 5102; x_wconf 69' lang='grc' dir='ltr'><strong>Ιησιηῖ</strong></span> <span class='ocrx_word' id='word_1_701' title='bbox 3208 5063 3382 5102; x_wconf 62' lang='lat' dir='ltr'><strong>uinciri</strong></span> <span class='ocrx_word' id='word_1_702' title='bbox 3413 5062 3467 5102; x_wconf 64' lang='lat' dir='ltr'><strong>in</strong></span> <span class='ocrx_word' id='word_1_703' title='bbox 3503 5071 3692 5102; x_wconf 64' lang='lat' dir='ltr'><strong>nar-Inc</strong></span> <span class='ocrx_word' id='word_1_704' title='bbox 3722 5061 3831 5102; x_wconf 60' lang='lat' dir='ltr'><strong>illam</strong></span> 
     </span>
    </p>
   </div>
  </div>
