3962 5348
731 467 1066 525 ΕΡιετοιΑ
1103 468 1194 525 XI.

314 574 382 616 Β
418 573 731 616 animos!
766 577 839 616 ΕΤ
877 576 1189 616 ιλτιιιιηιι
1226 575 1351 618 ειυε
1382 577 1583 618 ηιμ..

764 652 948 723 (Anno
983 651 1170 723 1075.)

177 721 430 777 Hortatur
465 729 528 775 ut
570 719 898 778 Simoaiacos
942 722 1151 778 euitm.
1200 722 1279 778 De
1323 721 1549 777 Lucemi
1580 720 1743 776 electo

235 792 413 875 aliqua
465 801 866 875 commemorat.
918 790 1210 875 $igniﬁcat
1246 810 1300 875 te
1351 793 1742 875 mittere-miros

234 861 511 944 religiosos
538 861 612 915 ad
643 877 831 933 regem,
854 864 943 936 qui
964 861 1118 917 illum
1141 863 1210 917 ad
1240 862 1535 917 Romanam
1560 861 1744 916 Eccle-

232 949 365 986 sium
394 941 661 985 revocent.

233 1022 548 1078 ὓιεθοιιιυε
589 1022 647 1076 in
689 1021 997 1079 Romanum
1035 1024 1347 1095 pontiﬁcem
1368 1024 1576 1082 electus
1603 1024 1744 1081 Bet-

175 1127 344 1177 ﬂlCl,
369 1120 428 1166 et
464 1112 596 1182 ejus
636 1113 763 1169 ﬁliae
805 1112 1113 1184 lusum,
1158 1115 1393 1171 salutem
1430 1115 1487 1169 in
1510 1114 1743 1173 Domino

173 1203 289 1259 lesu
308 1201 559 1259 Christo.

236 1292 385 1349 Sicut
415 1294 623 1349 beatus
656 1293 952 1366 Gregorius
982 1296 1039 1352 in
1062 1296 1303 1368 quodam
1325 1312 1493 1368 super
1512 1300 1741 1356 moralia

170 1383 267 1440 Job
291 1384 746 1455 explanationum
769 1386 911 1441 libro
929 1387 1009 1443 ait
1033 1406 1046 1444 :
1077 1386 1353 1444 Statutum
1373 1396 1461 1445 est
1479 1391 1621 1460 apud
1647 1407 1742 1447 su-

174 1490 388 1545 pernum
420 1475 673 1545 judicem
705 1485 913 1548 quanta
951 1494 1399 1550 unumquemque
1441 1489 1539 1536 aut
1577 1482 1741 1537 ferire

175 1568 483 1636 adversitas,
511 1578 614 1624 aut
645 1569 837 1626 debeat
860 1571 1099 1626 mulcere
1120 1573 1473 1643 prosperitas.
1492 1573 1738 1641 Quicun-

175 1671 270 1725 que
285 1671 415 1727 ergo
436 1657 562 1713 sive
584 1674 684 1730 spe
705 1659 891 1730 hujus,
917 1660 1003 1715 vel
1028 1660 1223 1717 timore
1245 1662 1395 1719 illius
1415 1663 1472 1719 in
1497 1673 1740 1736 tempore

177 1746 480 1802 tentationis
524 1748 597 1803 ab
643 1748 731 1804 his
761 1764 886 1819 qua
910 1759 1058 1806 recta
1079 1760 1208 1808 sunt
1243 1753 1450 1822 deviat,
1488 1770 1590 1810 nec
1617 1771 1740 1826 spe-

176 1851 285 1892 rare
319 1836 374 1891 in
423 1837 635 1907 Deum,
673 1854 777 1895 nec
807 1840 1117 1897 divinarum
1157 1843 1390 1915 eloquiis
1429 1843 1740 1916 Scriptura-

179 1943 283 1982 rum
295 1943 354 1983 se
368 1929 657 1985 adhaerere
671 1930 1004 1988 manifestat.
1022 1931 1137 1989 Hoc
1157 1942 1338 1990 autem
1361 1935 1482 1991 ideo
1504 1936 1740 1992 dicimus

180 2017 290 2088 quia
328 2018 492 2074 nobis
535 2027 596 2074 et
636 2021 831 2088 vobis,
874 2021 986 2077 imo
1027 2023 1285 2080 omnibus
1323 2040 1418 2095 qui
1460 2025 1740 2082 confortcs

178 2108 470 2177 adoptionis
498 2108 745 2165 ﬁliorum
770 2109 865 2165 Dei
890 2128 1014 2167 esse
1048 2115 1301 2184 cupimus
1320 2157 1334 2182 ,
1361 2130 1469 2169 non
1503 2125 1612 2170 tam
1644 2132 1739 2173 oc-

180 2198 410 2254 casiones
446 2208 665 2256 nostra:
696 2201 1150 2271 existimationis,
1176 2204 1425 2261 videlicet
1453 2207 1582 2277 quid
1609 2207 1740 2265 hinc

180 2288 358 2359 prosit,
382 2290 512 2346 inde
538 2300 772 2359 noceat,
805 2293 1078 2349 intuenda:
1111 2305 1271 2363 sunt,
1305 2313 1470 2368 quam
1514 2297 1649 2354 illud
1679 2307 1738 2355 ut

178 2380 423 2459 justitiam
448 2383 574 2453 Dei,
596 2401 723 2456 qua:
744 2403 1029 2457 nunquam
1060 2389 1412 2449 beatitudinis
1448 2393 1557 2449 ﬁne
1582 2410 1739 2451 care-

184 2469 266 2539 bit,
279 2469 485 2528 fortiter
508 2482 822 2543 teneamus,
842 2477 1070 2533 sollicite
1090 2480 1430 2548 pensandum
1451 2492 1505 2537 et
1527 2483 1739 2539 eniten-

183 2559 292 2614 dum
315 2570 413 2617 est.
464 2561 746 2636 Scriptum
784 2574 870 2622 est
899 2568 1083 2622 enim:
1123 2564 1226 2623 Sed
1261 2579 1310 2624 et
1341 2571 1390 2625 si
1424 2573 1552 2644 quid
1592 2575 1739 2646 pati-

184 2652 294 2705 mini
312 2663 522 2726 propter
551 2655 863 2725 justitiam,
896 2658 1033 2713 beati
1089 2658 1180 2729 (11
1209 2660 1357 2716 Petr.
1396 2662 1497 2734 In).
1527 2661 1734 2733 Nostis,

184 2741 529 2801 dilectissime
561 2748 740 2803 sancti
768 2746 913 2803 Petri
950 2748 1075 2805 ﬁlia:
1114 2767 1277 2821 quam
1307 2761 1490 2823 aperte
1515 2752 1733 2825 Longo-

183 2831 452 2891 bardorum
480 2837 731 2909 episcopi
758 2837 1127 2896 Simoniacam
1162 2842 1413 2898 lueresim
1445 2842 1736 2901 defendere

185 2939 239 2977 ac
260 2924 429 2982 fovere
465 2932 955 3000 pnesumpserint,
1003 2949 1130 2987 cum
1168 2932 1519 2991 Cotcfrcdum
1551 2935 1733 3010 [Coti-

184 3014 391 3091 fredum]
428 3018 829 3089 Sirnoniacum,
864 3033 919 3078 et
941 3024 1011 3078 ob
1033 3024 1136 3079 hoc
1165 3028 1694 3085 excommunicatum
1715 3072 1731 3097 ,

1300 355 1497 412 llBER
1530 355 1812 414 PRIMUS.
1849 382 1922 400 -ο
1955 357 2173 413 EPIST.
2214 358 2307 413 ΧΠ
2408 366 2415 393 ⁵

1771 478 1819 530 Δ
1844 470 1961 527 hac
1984 480 2070 527 est
2091 472 2345 529 voluntas
2375 479 2588 542 nostra,
2606 478 2669 530 ut
2690 474 2761 531 ad
2792 490 2921 532 cum
2950 476 3238 549 religiosos
3266 480 3420 540 viros

1845 561 2150 627 mittamus,
2186 578 2423 632 quorum
2455 564 2938 634 admonitionibus,
2961 568 3264 638 inspirante
3284 572 3419 642 Deo,

1843 651 1914 705 ad
1937 666 2181 707 amorem
2207 661 2410 708 sanctae
2434 652 2694 712 Romana
2712 664 2768 712 et
2799 673 2914 713 suae
2938 661 3131 717 matris
3163 661 3421 721 Ecclesia:

1843 755 1973 796 eum
2007 757 2285 811 revocare,
2309 754 2366 801 et
2388 744 2456 800 ad
2481 745 2807 818 condignam
2829 746 3065 805 formam
3088 753 3420 823 suscipiendi

1844 832 2061 904 imperii
2088 834 2360 891 instruere
2376 844 2433 892 et
2451 838 2693 908 expolire
2713 841 3008 898 valeamus.
3038 842 3195 909 Quod
3219 847 3268 902 si
3293 864 3418 915 nos,

1842 926 1992 999 quod
2035 942 2147 983 non
2192 936 2469 998 optamus,
2496 930 2687 985 audire
2735 936 3162 1004 comtempserit,
3190 953 3294 993 nos
3332 949 3420 994 ta-

1843 1033 1969 1073 men
2002 1034 2035 1073 a
2066 1027 2247 1074 matre
2266 1027 2453 1075 nostra
2481 1019 2730 1076 Romana
2760 1017 3023 1089 Ecclesia,
3044 1041 3167 1095 qua:
3194 1042 3296 1083 nos
3317 1045 3422 1083 nu-

1843 1109 2015 1177 trivit,
2046 1118 2101 1165 et
2134 1111 2533 1182 saepeﬁliorum
2567 1128 2794 1168 suorum
2824 1117 3087 1187 sanguine
3140 1119 3279 1174 alios
3322 1136 3416 1193 ge-

1842 1202 2054 1257 neravit
2074 1203 2236 1271 ﬁlios,
2274 1203 2619 1260 custodiente
2653 1202 2787 1272 Deo,
2812 1206 3124 1263 exorbitare
3153 1225 3253 1264 nec
3283 1226 3403 1280 pos-

1840 1309 2036 1351 sumus
2056 1310 2157 1352 nec
2174 1294 2459 1351 debemus.
2485 1293 2553 1349 Et
2576 1304 2724 1352 certe
2744 1298 2916 1355 tutius
2939 1300 3100 1356 nobis
3120 1312 3206 1359 est
3232 1301 3420 1357 defen-

1840 1385 2018 1442 dendo
2039 1387 2321 1442 veritatem
2356 1401 2456 1456 pro
2481 1386 2567 1441 sui
2591 1386 2765 1457 ipsius
2799 1389 2973 1446 salute
3023 1392 3269 1463 adusque
3292 1410 3419 1449 san-

1840 1477 2060 1550 guinem
2117 1485 2366 1532 nostrum
2418 1475 2521 1531 sibi
2576 1478 2850 1547 resistere,
2875 1497 3040 1551 quam
3082 1481 3150 1536 ad
3198 1484 3419 1552 explen-

1839 1566 1964 1625 dam
1987 1587 2108 1642 ejus
2137 1570 2473 1627 voluntatem
2497 1567 2770 1641 iniquitati
2792 1574 3181 1629 consentiendo
3208 1590 3416 1640 secum,

1839 1660 1984 1731 quod
2006 1660 2149 1717 absit
2173 1661 2239 1715 ad
2262 1662 2540 1718 interitum
2557 1677 2735 1717 ruere.
2755 1660 2941 1717 Valete
2964 1662 3018 1716 in
3030 1660 3271 1730 Christo,
3288 1663 3419 1717 cha-

1840 1751 2091 1818 rissimaa,
2117 1760 2173 1806 et
2201 1752 2257 1806 in
2280 1761 2468 1809 nostro
2490 1751 2778 1808 dilectione
2811 1753 2973 1808 corde
3005 1761 3163 1807 tenus
3186 1768 3285 1808 vos
3320 1769 3419 1807 au-

1839 1861 2010 1902 nexas
2029 1862 2151 1902 esse
2183 1848 2397 1902 scitote.

1909 1936 2043 1993 Data
2068 1937 2253 1994 Romae
2274 1954 2373 1994 Vill
2404 1937 2631 1994 Kalend.
2668 1935 2816 1992 Junii
2875 1935 3072 2010 [Julii],
3122 1935 3416 1992 indictione

1839 2030 2146 2087 undecima.

2366 2119 2701 2178 EPISTOLA
2749 2121 2865 2177 ΧΠ.

2087 2232 2155 2271 Δί)
2185 2231 2491 2273 ῦυιιεωιυι
2528 2232 2816 2271 PAPIENSEI
2847 2231 3159 2272 EPISCOPUI.

2429 2306 2609 2378 (Anno
2644 2305 2825 2375 1075.)

1842 2398 2083 2456 Ostendit
2107 2413 2161 2452 te
2182 2413 2346 2466 ipsius
2378 2394 2570 2450 litteris
2583 2404 2906 2466 commotum
2928 2412 3050 2449 nene
3070 2395 3188 2466 jam
3212 2395 3277 2449 de
3300 2396 3412 2466 ipso

1907 2468 2247 2532 existimare;
2274 2476 2330 2519 ut
2361 2475 2535 2519 autem
2572 2465 2709 2535 hanc
2743 2466 3037 2535 opinionem
3061 2465 3124 2518 de
3171 2481 3229 2518 eo
3281 2465 3412 2518 reti-

1908 2546 2050 2604 neat,
2082 2545 2234 2607 rogat
2273 2537 2446 2606 ipsum
2498 2544 2564 2607 ut,
2601 2534 2838 2607 ecclesia:
2899 2534 3152 2607 Romana:
3208 2544 3415 2607 statuta

1904 2605 2221 2678 amplectens
2265 2605 2449 2660 contra
2516 2605 2630 2676 ejus
2678 2606 3009 2661 adversarios
3052 2621 3149 2676 pro
3214 2605 3413 2661 viribus

1906 2686 2090 2733 certet.

1906 2767 2216 2825 ϐιιωιυυε
2255 2781 2311 2820 ιιι
2348 2765 2655 2821 Romanum
2702 2764 3017 2835 pontiﬁcem
3065 2771 3273 2820 e.ectus
3304 2761 3414 2819 Gu-

1834 2873 2032 2914 unuto
2062 2855 2317 2928 Papiensi
2349 2855 2604 2927 episcopo
2640 2855 2876 2913 salutem
2907 2854 2963 2910 in
3002 2853 3234 2921 Domino
3284 2852 3414 2909 Jesu

1833 2950 2078 3008 Christo.

1901 3042 2179 3099 Nonnulla
2221 3040 2381 3096 nobis
2407 3038 2577 3095 frater
2605 3038 2673 3093 de
2713 3046 2766 3094 te
2791 3038 3025 3094 antehac
3056 3038 3226 3093 relata
3260 3042 3412 3099 sunt.

186 3115 329 3210 ίξξηιιεξ
363 3114 690 3210 “mnam?!
743 3112 846 3210 5‘11}
897 3116 1075 3184 δβοοίθ
1125 3115 1519 3173 benedictionis
1563 3120 1801 3210 male-0
1831 3152 1863 3191 e
1908 3135 2111 3205 quibus
2157 3132 2376 3188 animus
2421 3139 2741 3187 nosternon
2774 3130 3049 3185 immerito
3080 3129 3292 3185 turbari
3318 3128 3415 3183 dc-

184 3196 422 3266 dixerint,
472 3209 529 3255 et
567 3202 676 3256 sub
726 3204 920 3259 umbra
976 3206 1335 3263 ordinationis
1387 3218 1731 3266 exsecratum

185 3286 471 3345 hereticum
494 3292 906 3349 constituerint.
943 3293 1147 3368 Nempe
1170 3297 1265 3368 qui
1300 3297 1563 3355 hactenus
1596 3298 1733 3371 lapi-

184 3380 265 3435 des
286 3389 338 3436 et
357 3385 583 3455 sagittas
618 3385 847 3442 latenter
871 3396 1061 3443 contra
1097 3386 1388 3444 Dominum
1416 3390 1731 3461 jactarunt,

180 3470 279 3541 jam
309 3490 448 3529 nunc
469 3475 540 3530 ad
577 3476 999 3532 subvertendam
1026 3479 1341 3550 religionem
1364 3521 1381 3548 ,
1404 3488 1458 3535 et
1481 3479 1733 3534 immobi-

183 3560 273 3617 lem
309 3574 505 3621 saneta:
559 3565 824 3624 Romana:
855 3567 1108 3624 Ecclesiae
1151 3578 1359 3640 petram
1411 3570 1731 3626 concutien-

184 3652 310 3721 dam,
343 3672 448 3711 non
470 3657 643 3713 dubie
676 3674 1045 3730 praecursores
1073 3661 1414 3730 Antichristi,
1443 3669 1497 3717 et
1519 3662 1730 3734 antiqui

184 3743 336 3802 hostis
357 3751 619 3807 satellites
643 3751 698 3805 in
720 3761 969 3823 apertum
997 3752 1198 3810 furoris
1224 3754 1310 3809 sui
1329 3769 1579 3824 campum
1605 3770 1733 3824 pro—

183 3834 443 3894 siluerunt.
483 3840 699 3908 Quibus
722 3839 902 3897 favere
924 3844 1008 3897 vel
1043 3844 1355 3899 consentire
1390 3860 1556 3914 quam
1588 3843 1733 3914 peri-

184 3930 406 3987 culosum
452 3937 570 4001 sit,
631 3935 919 4004 prudentia
974 3944 1158 3991 vestra
1215 3937 1340 3992 inde
1394 3937 1726 4008 perpendat;

184 4022 309 4089 quod
341 4024 533 4081 beatus
574 4024 868 4098 Gregorius
909 4027 1079 4083 dicit:
1113 4047 1131 4079 ι
1177 4025 1400 4083 Talibus
1436 4045 1544 4083 non
1580 4045 1732 4084 sum-

185 4128 375 4185 mopere
396 4120 639 4187 obviare,
677 4120 808 4190 quid
830 4119 975 4175 aliud
1000 4132 1103 4187 est,
1130 4119 1237 4175 nisi
1262 4120 1420 4174 ﬁdem
1445 4120 1677 4191 negare?
1705 4138 1724 4171 ι

182 4198 315 4258 Unde
347 4207 685 4262 nobilitatem
723 4218 963 4264 vestram
994 4209 1282 4264 hortamur
1313 4218 1368 4263 et
1394 4209 1549 4264 valde
1571 4226 1730 4279 roga-

184 4307 288 4347 mus
312 4304 366 4349 ut
394 4299 838 4353 cmmunionem
876 4298 1094 4353 illorum
1130 4299 1335 4353 evitare
1368 4307 1423 4353 et
1456 4299 1731 4354 declinare

166 4372 405 4451 'studeat,
452 4403 521 4441 ne
567 4387 900 4444 factionibus
947 4404 1137 4445 eorum
1182 4390 1413 4445 consilia
1451 4388 1537 4443 vel
1572 4387 1728 4459 adju-

1834 3225 1984 3292 buit;
2015 3223 2111 3281 sed
2146 3223 2205 3279 in
2237 3221 2468 3293 epistola
2514 3228 2608 3277 tua
2642 3220 2802 3294 longe
2835 3220 2944 3276 alia
2992 3227 3410 3291 cognoscentes,

1832 3317 1902 3373 ad
1932 3316 2213 3375 meliorem
2247 3313 2585 3384 opinionem,
2610 3321 2666 3368 et
2689 3328 2842 3383 spem
2866 3312 3049 3384 gaudii
3079 3311 3297 3367 adducti
3319 3327 3413 3368 su-

1834 3422 1980 3473 mus,
2011 3404 2293 3476 cupientes
2331 3411 2383 3458 et
2417 3402 2511 3458 illa
2535 3417 2675 3458 vana
2700 3401 2891 3470 fuisse,
2924 3410 2980 3458 et
3010 3401 3171 3459 ﬁdem
3218 3415 3411 3457 eorum

1832 3514 1957 3569 qua:
1986 3507 2079 3554 tua
2106 3497 2325 3553 dilectio
2347 3496 2577 3567 spondet
2600 3511 2825 3566 operum
2856 3493 3203 3552 attestatione
3234 3493 3414 3565 perci-

1832 3606 1989 3661 pere;
2014 3589 2174 3660 cujus
2207 3588 2285 3644 rei
2307 3602 2549 3659 praesens
2570 3594 2627 3642 et
2649 3586 2869 3657 copiosa
2901 3586 2998 3641 tibi
3024 3585 3250 3643 materia
3277 3599 3409 3654 sup-

1834 3681 1991 3748 petit.
2028 3688 2089 3735 ut
2113 3687 2169 3735 et
2212 3678 2301 3739 bis
2336 3693 2459 3748 quae
2483 3676 2549 3731 de
2573 3684 2624 3731 te
2648 3676 2913 3733 credenda
2946 3677 3165 3743 suades,
3187 3676 3409 3735 exclusa

1832 3771 2175 3831 dubitatione
2193 3768 2503 3834 credamus,
2527 3774 2583 3823 et
2600 3765 2996 3823 fraternitatem
3025 3775 3172 3823 tuam
3199 3766 3410 3838 integra

1832 3863 2099 3920 charitate
2129 3860 2310 3927 nobis,
2347 3859 2458 3915 imo
2489 3866 2691 3915 sancta:
2747 3858 3008 3913 Romamn
3028 3856 3283 3913 Ecclesiae
3312 3857 3411 3915 ad-

1832 3963 2082 4014 strictam
2148 3950 2267 4009 fore
2337 3952 2774 4023 comprobemus.
2835 3950 2956 4007 Fiat
3019 3951 3205 4024 itaque
3249 3950 3411 4008 nobis

1832 4046 2124 4113 indicium,
2183 4060 2347 4116 quam
2392 4043 2638 4100 unanimi
2674 4044 2855 4100 studio
2887 4045 3077 4100 eadem
3120 4045 3408 4101 nobiscum

1830 4136 1988 4202 velle,
2012 4142 2067 4189 et
2104 4151 2204 4206 pro
2245 4135 2493 4195 libertate
2540 4142 2741 4190 sanctae
2776 4133 3033 4190 Ecclestze
3066 4135 3265 4205 quibus
3305 4149 3409 4189 nos

1832 4241 2201 4296 repugnamus
2238 4232 2351 4279 toto
2372 4224 2496 4278 nisu
2526 4224 2783 4279 resistere
2818 4232 3043 4293 paratus
3076 4224 3302 4289 existas,
3326 4223 3409 4277 vi-

1831 4314 2026 4370 delicet
2051 4321 2111 4367 ut
2136 4312 2222 4368 his
2243 4311 2338 4382 qui
2371 4310 2693 4366 catholicam
2726 4311 2886 4365 ﬁdem
2920 4319 2976 4365 et
3024 4312 3408 4369 ecclesiasticae

1832 4403 2113 4476 religionis
2151 4401 2369 4474 regulas
2415 4409 2687 4456 conantur
2744 4410 3006 4467 evertere,
3055 4415 3168 4456 non
3225 4402 3404 4459 solum

186 4484 341 4531 mea“
360 4479 616 4547 Ριπδθθῑο
641 4478 998 4563 Νεφελοτο
1034 4482 1087 4536 in
1125 4480 1229 4536 hac
1264 4496 1322 4536 τε
1352 4479 1534 4552 aliqua
1560 4479 1728 4551 huius
1760 4503 1805 4558 D
1832 4510 1941 4550 non
1966 4493 2297 4559 consentire,
2335 4491 2430 4549 sed
2471 4506 2535 4546 ea
2564 4498 2736 4561 parte,
2770 4506 2893 4561 qua:
2942 4506 3044 4563 pro
3103 4491 3406 4546 reverentia

186 4571 350 4625 mundi
370 4573 511 4629 ratio
533 4616 548 4640 ,
575 4590 697 4645 qua:
717 4549 938 4645 quidm]
965 4590 1102 4629 vana
1122 4617 1137 4643 ,
1167 4549 1484 4631 transitoria
1502 4617 1517 4643 ,
1548 4583 1603 4630 et
1635 4549 1730 4630 de-

186 4661 369 4729 ceptiva
396 4674 509 4730 est,
556 4680 654 4720 vos
681 4676 1058 4731 commoveat;
1088 4667 1349 4738 quoniam
1386 4682 1485 4737 per
1511 4665 1730 4721 miseri-

187 4753 399 4809 cordiam
432 4754 549 4825 Dei,
580 4766 636 4812 et
670 4758 846 4813 sancti
867 4757 1047 4825 Petri,
1074 4758 1225 4813 nulla
1259 4774 1355 4813 vos
1382 4758 1730 4812 inimicorum

187 4847 398 4902 versutia
418 4849 610 4905 laedere
639 4851 861 4921 poterit,
897 4848 945 4904 si
994 4859 1231 4904 mentem
1277 4857 1514 4904 vestram
1557 4847 1728 4902 libera

190 4940 487 4996 conscientia
521 4941 776 4998 defendit.
802 4941 880 4996 De
927 4942 1101 4997 electo
1154 4956 1284 4997 vero
1334 4939 1589 5007 Lucensi,
1617 4955 1730 4995 non

190 5026 311 5083 aliud
336 5031 486 5088 vobis
528 5032 966 5103 respondendum
1021 5046 1145 5088 esse
1192 5030 1525 5102 pervidimus
1577 5028 1731 5104 [pro-

192 5122 414 5154 υἷλζ-ηεοἸ
466 5128 565 5154 ..2ηὲ
596 5128 737 5154 -..ι-ιι
770 5128 824 5154 ζ..
856 5142 917 5154 ι...
944 5135 1149 5154 ..ι-ιη...
1184 5128 1486 5154 .l:-.:..-.......
1521 5129 1578 5154 12.

1831 4585 1997 4658 hujus
2022 4591 2227 4640 sancta:
2249 4582 2395 4638 sedis
2411 4589 2467 4636 et
2485 4581 2667 4637 debito
2692 4590 2958 4653 percepta:
2979 4581 3100 4639 ﬁdci
3126 4581 3274 4637 cultu
3298 4580 3407 4637 illis

1830 4675 2106 4732 contraire
2138 4674 2401 4741 decrevit,
2433 4672 2539 4728 tuis
2578 4672 2821 4728 consiliis
2861 4672 3243 4744 adjutorioque
3292 4671 3409 4729 suf-

1831 4765 1988 4832 fulta,
2015 4779 2114 4836 pro
2138 4765 2248 4820 tuis
2265 4763 2474 4819 viribus
2498 4772 2551 4817 te
2570 4778 2787 4834 quoque
2808 4778 3108 4833 repugnare
3130 4763 3403 4819 ostendas.

1831 4854 1947 4911 Hoc
1967 4864 2150 4910 autem
2180 4854 2552 4910 indubitanter
2574 4855 2738 4920 scias,
2775 4853 3057 4924 quoniam,
3083 4854 3129 4911 si
3152 4853 3411 4911 Mediola-

1831 4960 2031 5001 nenscs
2063 4944 2319 5000 catholici
2350 4942 2514 5014 hujus
2546 4945 2623 4998 rei
2653 4942 3026 5019 testimonium
3069 4945 3135 4999 de
3165 4953 3218 5000 te
3251 4946 3411 5001 nobis

1830 5039 2098 5104 dederint,
2123 5046 2183 5091 ut
2212 5032 2503 5092 Gotefredo
2525 5034 3020 5101 excommunicato,
3044 5043 3101 5090 et
3138 5035 3412 5105 ‘episcopis

1835 5130 1920 5154 ~..:
1966 5128 2081 5154 Λξ--Α
2118 5142 2276 5152 δικ-ιλιι
2329 5123 2905 5152 Λσ-ηηωννιιισιίηηθξιὶιςζη
2955 5125 3252 5152 κηνξηιιιειυκ
3325 5124 3359 5150 :-
