3962 5348
1171 349 1230 407 S.
1267 345 1595 407 GREGORII
1633 345 1726 402 VII
1754 343 1958 402 ΡᾹΡΔΞ
1989 343 2117 403 ΟΡΕ

2224 345 2272 400 Μ
2311 344 2492 401 PARS
2529 346 2571 402 Ι.
2613 371 2682 390 ο·-
2716 345 3138 405 REGISTRUM.

3671 399 3678 406 ι
3705 349 3818 412 m

527 461 876 537 sanctaﬁon
893 461 1284 522 anaeEecle'siaa
1300 463 1648 536 potissimum
1669 471 1724 522 te
1743 463 2124 519 demonstrare
2151 463 2198 519 Α
2225 469 2307 516 ter
2351 459 2722 528 dilectissime,
2745 469 2801 517 et
2829 460 2954 517 miti
2985 462 3236 519 oratione
3287 461 3538 518 animum
3586 461 3817 522 ﬂectere

529 559 757 634 poteris,
784 558 832 616 si
862 559 984 630 ejus
1014 564 1241 624 statuta,
1277 571 1402 627 quae
1450 571 1482 610 a
1523 553 1744 610 tramite
1799 563 2118 612 sanctorum

529 649 758 707 Patrum
783 662 894 703 non
919 646 1146 713 recedit,
1181 643 1547 716 amplexando
1583 641 1801 699 fortiter
1827 650 1884 698 et
1927 640 2118 698 defen—

526 741 710 797 dendo
731 738 996 796 tenueris.
1033 737 1190 806 Quod
1245 735 1466 809 quidem
1511 750 1626 807 pm
1663 735 1877 792 caeteris
1901 733 2117 806 Longo-

530 833 828 892 bardorum
859 831 1130 904 episcopis
1152 839 1206 887 te
1237 837 1454 901 oportet
1488 844 1670 902 agere,
1703 836 1765 884 ut
1802 827 1946 883 sicut
1985 841 2119 897 apo-

533 925 727 981 stolica
749 932 805 979 et
841 921 1170 980 universalis
1205 919 1451 977 Ecclesia
1491 934 1613 976 eam
1649 918 1741 975 cui
1765 917 1879 974 Deo
1899 917 2118 972 volente

530 1029 765 1086 praesse
794 1005 1156 1085 dignosceris,
1183 1011 1406 1083 speciali
1427 1010 1604 1083 gratia
1633 1018 1689 1068 et
1707 1009 1918 1066 honore
1940 1007 2115 1065 subli-

531 1104 732 1171 mavit;
763 1103 862 1170 ita,
883 1117 1012 1159 cum
1051 1100 1352 1157 necessitas
1385 1108 1442 1156 et
1475 1115 1772 1156 causarum
1805 1098 1962 1153 labor
1989 1111 2118 1153 exe-

526 1178 687 1267 gerit,
711 1194 768 1250 in
785 1193 1149 1251 sodicitudine
1169 1192 1364 1248 matris
1375 1191 1604 1247 desudet
1617 1189 1820 1257 acrius,
1841 1176 1977 1260 quae.
1985 1187 2119 1244 cha-

529 1283 713 1340 ritatis
739 1283 862 1354 eius
885 1291 942 1338 et
965 1282 1184 1338 vicariae
1203 1281 1628 1354 dispensationis
1662 1295 1866 1337 munus
1887 1278 2118 1336 sortitur

530 1376 790 1447 opimius.

605 1467 742 1522 Data
794 1465 983 1522 Romae
1025 1482 1086 1521 ιιι
1128 1463 1232 1538 [ιν]
1266 1463 1386 1520 Kal.
1421 1463 1570 1526 Julii.
1595 1463 1892 1520 indictione
1944 1462 2117 1518 unde-

533 1573 698 1615 cuna.

1062 1691 1400 1750 EPISTOLA
1444 1691 1564 1748 XIII

710 1803 779 1842 AD
807 1803 1078 1843 IANASSEI
1141 1801 1420 1842 REIENSEI
1466 1797 1936 1839 Αιιειιῐειιιεεοιιυιι.

1119 1876 1304 1948 (Anno
1330 1876 1518 1949 4075.)

533 1969 616 2026 Ne
640 1970 920 2025 monachos
959 1967 1144 2026 Sancti
1167 1967 1394 2038 Remigii
1427 1967 1657 2038 amplius
1697 1974 1864 2032 vexet,
1886 1975 1935 2020 et
1953 1965 2114 2038 juxta

598 2043 881 2096 canonica:
938 2041 1236 2094 sanctiones
1307 2037 1550 2092 abbatem
1616 2038 1692 2092 ibi
1753 2037 2113 2092 ordinandum

537 2139 542 2143 '
605 2121 772 2168 curet.

600 2221 908 2278 Gnscoams
949 2221 1240 2293 episcopus
1293 2235 1484 2277 servus
1533 2234 1819 2276 servorum
1865 2217 1962 2274 Dei
2003 2217 2113 2272 ΜΑ-

530 2329 707 2370 ιιιιεειε
739 2314 995 2371 Remensi
1019 2313 1434 2384 archiepiSCOpo
1467 2311 1702 2368 salutem
1749 2319 1807 2366 et
1853 2309 2118 2382 apostoli-

531 2421 652 2462 cam
683 2403 1143 2462 benedictionem.
1894 2475 1906 2486 .

605 2495 660 2552 Si
688 2497 795 2554 loci
822 2497 920 2564 tui,
949 2495 1119 2568 frater
1157 2495 1531 2566 dilectissime,
1570 2495 1914 2568 dignitatem,
1948 2493 1994 2550 si
2032 2491 2118 2549 of-

529 2583 640 2643 ficii
691 2588 954 2657 debitum,
989 2587 1034 2644 si
1071 2595 1274 2646 statuta
1307 2587 1622 2644 divinarum
1649 2587 1858 2659 legum,
1877 2586 2118 2657 denique

531 2679 580 2736 si
611 2695 731 2735 eam
765 2695 932 2750 quam
955 2688 1158 2734 sanctae
1181 2679 1444 2734 Romanae
1469 2678 1726 2736 Ecclesiae
1751 2678 2117 2733 reverentiam

529 2777 588 2825 et
615 2770 936 2824 charitatem
968 2769 1132 2826 debes
1184 2768 1474 2840 diligenter
1507 2769 1840 2835 attenderes,
1869 2767 2118 2839 profecto

530 2868 756 2933 rogatus
785 2868 842 2916 et
874 2861 1081 2916 monita
1105 2861 1250 2917 sedis
1276 2861 1588 2931 apostolicae
1626 2875 1738 2916 non
1778 2860 1943 2916 toties
1973 2859 2118 2930 apud

531 2960 586 3008 te
609 2951 864 3008 frustrari
888 2952 1260 3024 permitteres;
1285 2951 1587 3023 praesertim
1612 2967 1740 3007 cum
1757 2951 1938 3023 gravis
1957 2950 2116 3020 culpa

530 3044 602 3100 sit
629 3043 683 3099 in
719 3043 1034 3115 hujusmodi
1078 3059 1244 3100 causa
1269 3052 1322 3098 te
1345 3042 1638 3098 monitoris
1677 3055 1870 3098 vocem
1917 3056 2118 3112 proro-

2217 552 2632 619 destinavimus,
2668 561 2928 624 rogantes
2956 561 3014 612 et
3051 569 3124 610 ex
3161 562 3318 625 parte
3348 553 3637 612 beatorum
3671 570 3818 628 apo-

2219 645 2488 700 stolorum
2510 644 2658 701 Petri
2691 653 2747 700 et
2778 643 2956 716 Pauli,
2979 653 3036 702 et
3064 654 3274 713 nostra,
3307 662 3406 718 per
3430 662 3533 703 eos
3583 656 3816 719 aposto-

2215 734 2322 790 lica
2351 735 2676 792 auctoritate
2701 745 3135 806 commonentes,
3170 746 3251 804 ut,
3276 737 3325 792 si
3356 737 3620 810 deinceps
3653 751 3813 810 spem

2218 826 2273 882 in
2305 835 2493 882 nostra
2522 824 2866 884 fraternitate
2891 835 2948 884 et
2979 827 3270 884 dilectione
3306 829 3508 885 habere
3541 830 3814 900 volueris,

2217 916 2338 974 sine
2368 915 2520 972 omni
2543 916 2808 972 dilatione
2841 918 3003 973 talem
3047 933 3341 990 personam
3375 919 3705 992 regulariter
3733 919 3814 978 Ibi

2217 1009 2461 1066 ordinari
2511 1009 2570 1066 in
2607 1010 2866 1066 abbatem
2898 1025 3181 1082 procures,
3207 1025 3332 1082 quae
3371 1011 3506 1068 huic
3537 1012 3726 1070 ordini
3753 1019 3816 1070 et

2215 1099 2396 1156 cilicio
2415 1100 2673 1158 decenter
2695 1109 2986 1173 congruat,
3010 1109 3067 1158 et
3097 1110 3316 1170 caetera,
3347 1117 3474 1172 quae
3501 1103 3814 1161 necessitas

2215 1201 2273 1248 et
2289 1192 2505 1262 justitia
2528 1193 2850 1249 monasterii
2871 1193 3061 1265 exigit,
3088 1193 3164 1249 ita
3184 1195 3430 1266 corrigas
3451 1202 3509 1252 et
3519 1195 3808 1264 emendes,

2217 1302 2286 1342 ne
2317 1284 2552 1341 fratrum
2578 1285 2810 1342 ulterius
2843 1285 2912 1342 ad
2969 1301 3074 1342 nos
3106 1283 3298 1341 referri
3327 1285 3556 1357 querela
3585 1285 3806 1342 debeat.

2216 1375 2372 1444 Quod
2394 1375 2442 1434 si
2471 1376 2653 1434 denuo
2680 1377 2736 1430 in
2771 1376 2877 1432 hac
2924 1377 3288 1432 reverentiam
3339 1377 3519 1436 sancti
3563 1374 3722 1433 Petri
3753 1385 3811 1433 et

2217 1477 2463 1528 nostram
2512 1468 2949 1539 qualemcunque
3017 1467 3342 1523 charitatem
3387 1465 3810 1536 amicitiamque

2216 1558 2610 1628 contempseris
2631 1557 2821 1628 procul
2841 1557 3008 1613 dubio
3039 1556 3208 1628 (quod
3231 1573 3336 1614 nos
3359 1557 3520 1614 inviti
3545 1554 3808 1626 dicimus)

2217 1650 2572 1719 apostolicam
2607 1649 2666 1706 in
2696 1658 2748 1705 te
2767 1635 3118 1705 severitatem
3142 1657 3198 1704 et
3231 1649 3582 1707 iracundiam
3606 1663 3809 1720 provo-

2219 1737 2392 1793 cabis.

2147 1807 2191 1864 Β
2287 1829 2422 1886 Data
2485 1829 2673 1888 Romae
2725 1830 2969 1888 secundo
3014 1829 3288 1888 Kalendas
3313 1829 3812 1899 Julii,indictiom

2217 1921 2526 1978 undecima.

2747 2057 3085 2115 EPISTOLA
3119 2057 3262 2114 XIV.

2433 2169 2496 2207 ΑΒ
2563 2167 2812 2208 Βυϐοθειῖιι
2870 2169 3116 2207 ΑΒΒᾹΤΕΜ
3168 2166 3594 2208 οιιικιλεεκεειι.

2818 2242 3000 2312 (Anno
3038 2241 3224 2316 10³75.)

2253 2333 2324 2390 Ut
2380 2331 2587 2408 litteras
2651 2351 2776 2390 suas
2838 2335 2913 2408 ad_
2952 2331 3255 2408 Regnenth
3297 2335 3774 2408 ‘arcmepiscopum

2321 2407 2596 2473 admittat,
2628 2415 2678 2460 et
2703 2405 2984 2460 monachos
3010 2403 3196 2460 Sancti
3215 2405 3444 2476 Remigii
3466 2403 3700 2461 meum.
3760 2418 3766 2426 '

2285 2517 2596 2576 GREGOBIUS
2635 2519 2948 2591 episcopus,
2983 2533 3175 2574 servus
3219 2533 3502 2574 servorum
3548 2517 3668 2584 Dei,
3693 2517 3808 2576 Hv-

2217 2625 2339 2667 com
2375 2610 2557 2665 abbati
2590 2607 2960 2676 Cluniacensi,
2985 2608 3215 2664 salutem
3241 2617 3296 2664 et
3317 2602 3676 2678 apostolicam
3711 2611 3806 2666 be«

2215 2701 2602 2757 nedictionem.
2695 2715 2701 2732 ’

2287 2791 2514 2849 Noverit
2562 2791 2831 2849 sanctitas
2883 2799 3066 2848 vestra
3093 2786 3220 2848 'hos
3274 2779 3472 2847 fratres
3501 2789 3808 2846 monachos

2217 2882 2535 2938 monasterii
2559 2879 2746 2937 Sancti
2775 2879 3008 2953 Remigii
3037 2895 3180 2947 esse,
3211 2881 3412 2952 quibus
3447 2881 3590 2950 apud
3623 2881 3807 2936 sedem

2217 2973 2576 3048 apostolicam
2601 2987 2702 3044 pro
2736 2973 3114 3030 consolatione
3136 2973 3241 3029 loci
3264 2973 3370 3041 sui,
3396 2989 3559 3044 quem
3587 2969 3810 3030 Manas-

2217 3079 2308 3120 ses
2348 3063 2638 3120 Bernensis
2675 3061 3124 3134 archiepiscopus
3175 3063 3419 3133 quotidie
3473 3063 3709 3133 dissipat
3745 3078 3808 3118 ac

531 3152 689 3192 casse
735 3135 822 3192 vel
875 3144 1244 3207 exspectasse.
1281 3132 1417 3189 Nam
1477 3149 1822 3205 quaecunque
1871 3134 2033 3190 nobis
2084 3148 2116 3188 c

2224 3152 2523 3222 confundit,
2555 3152 2648 3208 diu
2673 3132 3164 3220 commorantibus,
3194 3132 3305 3208 non
3355 3153 3502 3208 aliud
3532 3132 3626 3209 -adi
3668 3169 3807 3225 pra:-

529 3228 827 3284 commissa
843 3227 1251 3298 dispensatione
1273 3225 1580 3292 imminent,
1605 3225 1876 3296 negligere
1894 3225 2118 3296 quidem

529 3335 597 3374 ea
624 3319 832 3390 absque
866 3318 1113 3390 periculo
1158 3327 1350 3372 nostro
1393 3331 1503 3371 non
1568 3331 1888 3387 possumus,
1915 3317 2118 3372 nedum

530 3410 815 3465 voluntate
834 3418 890 3465 et
912 3409 1096 3464 studio
1121 3406 1460 3464 confundere
1491 3422 1749 3462 securum
1801 3408 1964 3462 nobis
1995 3422 2120 3464 esse

533 3513 790 3574 putemus
815 3524 828 3558 :
854 3504 1124 3576 siquidem
1158 3503 1477 3560 meminisse
1496 3502 1658 3558 debet
1685 3499 1974 3572 prudentia
2001 3508 2116 3564 tua,

533 3595 750 3666 quoties
787 3596 1044 3653 dominus
1086 3604 1142 3652 et
1162 3596 1534 3667 praedecessor
1583 3601 1774 3650 noster
1810 3591 2119 3648 Alexander

535 3687 856 3742 venerandae
889 3686 1168 3740 memoria:
1189 3701 1350 3756 papa,
1386 3691 1442 3740 et
1467 3699 1590 3753 nos,
1630 3691 1749 3740 tum
1785 3697 1886 3754 per
1913 3682 2118 3753 episto-

533 3779 618 3834 las
642 3787 756 3833 tum
797 3793 894 3848 per
951 3777 1182 3848 legatos,
1218 3775 1284 3832 de
1329 3791 1496 3832 causa
1559 3775 1879 3830 monasterii
1930 3772 2118 3829 Sancti

532 3868 767 3940 Remigii
808 3869 1053 3940 rogando
1099 3875 1155 3922 ct
1202 3851 1550 3923 hortandote
1597 3863 2016 3928 admonuimus,
2050 3878 2120 3918 ne

533 3961 698 4017 toties
731 3962 1088 4032 apostolicam
1125 3959 1464 4015 audientiam
1515 3957 1747 4013 fratrum
1783 3955 2118 4012 clamoribus

533 4051 752 4123 fatigari
787 4059 1016 4122 urgente
1048 4050 1370 4106 necessitate
1415 4050 1644 4112 sineres,
1681 4063 1750 4103 ne
1783 4063 2117 4117 quemquam

531 4145 630 4212 ibi,
669 4144 758 4200 cui
785 4143 930 4201 sacri
959 4156 1200 4199 canones
1225 4141 1682 4206 contradicerent,
1715 4140 1770 4194 in
1798 4139 1920 4195 loco
1950 4139 2117 4194 abba-

533 4235 605 4290 tis
639 4249 962 4306 apponeres,
989 4249 1116 4300 neu,
1147 4233 1290 4289 bona
1316 4230 1636 4287 monasterii
1660 4229 1731 4285 ab
1755 4245 1860 4287 usu
1885 4244 2119 4302 congre-

532 4327 770 4398 gationis
821 4325 1142 4392 auferendo,
1194 4323 1377 4379 locum
1424 4321 1606 4392 inopia
1655 4321 1983 4391 dissipares;
2021 4319 2117 4376 sed

533 4418 698 4472 talem
729 4415 804 4472 ibi
837 4415 906 4472 ad
937 4415 1181 4485 regimen
1217 4412 1446 4468 abbatia:
1479 4412 1744 4468 constitui
1779 4410 2118 4480 regulariter

2220 3261 2347 3302 scus
2371 3243 2628 3302 solatium
2643 3244 3007 3316 opportunius
3030 3244 3286 3300 exhibere
3318 3244 3618 3314 potuimus,
3643 3260 3807 3314 quam

2218 3339 2367 3410 quod
2397 3337 2573 3393 eidem
2609 3337 3023 3408 archiepiscopo
3045 3337 3258 3392 litteras
3285 3337 3491 3407 pariter
3516 3351 3646 3392 cum
3689 3337 3808 3392 istis

2213 3428 2374 3484 vobis
2396 3428 2635 3484 redditas
2655 3427 3088 3496 destinavimus;
3119 3429 3178 3508 in
3201 3425 3400 3499 quibus
3421 3443 3570 3494 eum,
3593 3431 3642 3485 si
3683 3444 3806 3484 cum

2217 3521 2380 3576 beato
2405 3519 2570 3576 Petro
2594 3529 2650 3576 et
2679 3519 2928 3576 Romana
2961 3520 3206 3578 Ecclesia
3239 3537 3426 3592 pacem
3457 3537 3682 3593 sperare
3717 3539 3808 3578 ve-

2218 3612 2280 3668 lit
2305 3655 2321 3681 ,
2399 3612 2688 3683 praefatum
2771 3614 3167 3669 monasterium
3247 3612 3574 3684 regulariter
3659 3611 3807 3669 ordi-

2217 3719 2370 3772 nare,
2396 3711 2453 3758 et
2500 3703 2556 3758 in
2615 3703 2800 3774 quiete
2832 3703 3106 3760 dimittere
3149 3703 3387 3760 multum
3438 3719 3710 3775 rogamus
3753 3711 3808 3759 et

2217 3792 2611 3860 admouemus;
2658 3806 2798 3863 quas
2844 3801 2904 3848 ut
2951 3800 3132 3848 vestra
3176 3791 3416 3848 charitas
3442 3791 3519 3848 illi
3545 3809 3648 3864 per
3695 3791 3810 3848 ido-

2218 3899 2383 3939 neum
2433 3884 2690 3939 nuntium
2740 3885 2943 3952 mittat,
2973 3893 3029 3941 et
3069 3885 3229 3942 nobis
3269 3881 3532 3957 quidquid
3574 3900 3678 3956 pro
3726 3885 3810 3941 his

2217 3973 2410 4029 fecerit
2453 3974 2636 4030 oblata
2669 3975 2906 4045 primum
2947 3975 3358 4046 opportunitate
3389 3971 3684 4042 rescribat,
3714 3990 3810 4030 no-

2217 4072 2332 4120 stra
2363 4064 2674 4121 sollicitudo
2707 4063 3000 4122 desiderat.
3027 4065 3248 4121 Interim
3275 4080 3404 4122 vero
3435 4064 3638 4121 fratres
3677 4067 3812 4121 istas

2217 4155 2611 4211 desolationem
2641 4154 2748 4211 loci
2799 4156 2884 4211 sui
2939 4154 3124 4210 videre
3175 4153 3444 4226 fugientes
3483 4149 3812 4226 benignitati

2217 4253 2413 4303 vestrae
2434 4246 2906 4313 commendamus,
2941 4255 3216 4318 quatenus
3249 4245 3316 4301 de
3339 4245 3427 4301 his
3481 4246 3677 4302 tandiu
3711 4261 3810 4302 cu-

2219 4355 2336 4394 ram
2372 4338 2573 4395 habere
2609 4355 2720 4394 non
2767 4338 2966 4410 pigeat,
2991 4338 3189 4406 donec,
3215 4338 3514 4394 miserante
3541 4337 3678 4405 Deo,
3712 4351 3810 4407 op-

2217 4436 2386 4484 tatam
2410 4430 2653 4500 quietem
2685 4429 2740 4485 in
2764 4428 3100 4486 monasterio
3127 4443 3230 4484 suo
3262 4443 3360 4484 eos
3394 4428 3602 4484 habere
3648 4445 3812 4500 posse

531 4521 880 4579 procurares,
909 4506 997 4562 cui
1021 4521 1120 4560 nec
1151 4505 1204 4558 in
1240 4503 1608 4560 exterioribus
1645 4502 1965 4573 providendi
1995 4502 2118 4556 dili-
2149 4492 2522 4590 D'cominéat.

535 4599 738 4668 gentia,
762 4613 864 4653 nec
885 4595 941 4651 in
969 4591 1238 4666 spirituali
1277 4592 1654 4648 moderamine
1689 4590 1883 4662 religio
1905 4590 2122 4644 deesset

535 4697 632 4742 aut
656 4689 904 4743 scientia.
931 4687 1088 4754 Quod
1121 4699 1246 4740 cum
1281 4698 1424 4754 smpe
1447 4692 1499 4738 te
1531 4682 1805 4738 facturum
1834 4683 1992 4738 nobis
2024 4697 2121 4751 per

535 4778 744 4848 legatos
781 4787 906 4835 tuos
941 4773 1284 4850 promiseris,
1315 4775 1548 4830 necdum
1589 4767 1788 4828 tamen
1827 4773 2122 4844 adimplere

535 4873 774 4937 curasti;
803 4873 917 4938 sed,
956 4881 1016 4926 ut
1066 4871 1367 4926 multorum
1423 4869 1687 4924 relatione
1729 4868 2118 4938 comperimus,

535 4963 604 5020 de
631 4962 719 5018 die
745 4963 802 5016 in
833 4961 974 5018 diem
999 4962 1366 5020 venerabilem
1393 4961 1572 5015 locum
1598 4959 1747 5014 illum
1783 4958 2033 5030 asperius
2057 4973 2122 5013 ac

536 5053 903 5100 miserabilius
960 5061 1180 5100 tractas-
1209 5061 1280 5100 et-
1347 5059 1408 5100 ut
1473 5051 1798 5100 detrimenta
1847 5050 2118 5102 bonorum

2291 4611 2430 4666 Data
2461 4611 2648 4666 Romae
2700 4627 2739 4666 ιι
2795 4609 3022 4668 Kalend.
3075 4607 3225 4678 Julii,
3281 4607 3581 4706 indictione
3641 4607 3810 4662 unde—

2221 4720 2385 4760 c1ma.

2752 4817 3094 4874 EPlSTOLA
3154 4817 3272 4874 XV.

2695 4947 2910 4986 CHRISTI
2953 4946 3178 4986 FIDZLES
3227 4947 3280 4985 IX
3344 4945 3668 4984 LOMBARDIA.

2817 5023 3000 5096 (Anno
3033 5022 3217 5093 107⁸5.)

2367 4949 2432 4986 λι)
2477 4948 2650 4987 οιικεδ
