3962 5348
412 282 517 337 999

1052 279 1109 336 S.
1148 278 1474 336 GREGORII
1515 279 1606 334 V'll
1640 279 1842 335 PAPE
1878 278 2162 335 OPERUM
2201 279 2382 337 PARS
2418 279 2458 335 Ι.
2499 310 2569 323 -——
2608 277 3030 338 REGISTRUM.

3579 277 3689 333 ὅθι)

417 402 522 455 bus
548 398 622 455 ita
650 414 709 455 se
744 412 1047 471 expurgare
1080 399 1302 469 poterit,
1339 406 1399 451 ut
1431 410 1609 466 neque
1632 397 1689 452 in
1731 405 1783 451 te
1817 396 1996 467 suspi—
2028 397 2074 453 Α
2098 397 2400 467 principem
2434 398 2680 454 imitatus
2716 398 2887 455 fuisse
2911 397 3176 453 videatur.
3214 395 3560 467 Quapropter
3593 409 3693 451 ro-

417 495 504 550 cio
533 494 785 564 prodeat,
814 508 917 547 nec
969 489 1189 546 infamia
1219 489 1287 545 ad
1314 503 1416 544 nos
1453 504 1668 559 usuque
1698 488 1997 560 pertingat:

418 588 665 659 alioquin
698 587 866 658 hujus
887 586 966 640 rei
1001 583 1378 641 dillinitionem
1414 582 1480 638 ad
1507 590 1755 637 nostram
1784 579 2003 636 audien-

418 680 551 735 tiam
616 693 792 734 scrva.
842 676 1099 731 Pontium
1150 690 1283 729 vero
1337 672 1740 744 Bigorritanum
1796 671 2002 726 dictum

417 771 758 841 episcopum,
782 782 944 841 quem
990 763 1157 821 simili
1212 764 1281 820 de
1338 780 1506 820 causa
1549 762 1858 835 depositum
1880 777 2003 816 esse

399 847 702 926 Inuntiasti,
736 860 803 914 ad
846 874 948 913 nos
1003 857 1222 914 venisse
1273 872 1618 928 cognoscas:
1651 855 1745 911 sed
1804 854 2002 910 honori

395 949 514 1008 ‘tuo
558 950 904 1023 providentes
958 947 1107 1001 nulla
1153 947 1393 1018 querelis
1447 945 1568 1016 ejus
1629 959 1890 1016 responsa
1917 942 2006 998 de-

419 1043 619 1098 dimus.
650 1040 903 1095 Attamen
932 1038 1062 1108 quia
1110 1038 1165 1091 in
1205 1036 1431 1107 paribus
1461 1035 1646 1091 causis
1680 1035 1831 1106 paria
1877 1035 2011 1105 jura

424 1131 650 1188 tenenda
672 1138 821 1196 sunt,
852 1128 1182 1183 fraternitati
1215 1135 1321 1182 tuae
1364 1126 1677 1190 scribimus,
1703 1132 1783 1190 ut,
1820 1124 2004 1179 habita

423 1239 587 1295 super
616 1223 705 1278 his
726 1237 848 1294 quae
879 1221 984 1276 sibi
1029 1220 1389 1276 intenduntur
1425 1219 1669 1290 diligenti
1710 1218 2003 1289 investiga-

424 1316 592 1382 tione,
617 1315 662 1370 si
689 1313 820 1388 [lege
842 1313 969 1378 nisi,
993 1304 1193 1384 Hum]
1227 1312 1371 1367 aliud
1396 1312 1542 1382 quod
1573 1311 1834 1367 canonica
1855 1326 2008 1365 seve-

424 1409 585 1462 ritate
607 1403 943 1476 puniendum
977 1403 1068 1469 sit,
1097 1403 1153 1458 in
1199 1419 1267 1458 eo
1290 1404 1500 1458 crimen
1540 1403 1706 1474 legali
1736 1403 2005 1472 approba-

425 1499 574 1553 tione
599 1495 831 1552 iuveniri
882 1494 1078 1565 possit,
1110 1493 1271 1549 ollicii
1303 1494 1389 1550 sui
1410 1494 1755 1550 restitutione
1775 1509 1887 1549 non
1911 1508 2006 1549 ca-

426 1595 560 1642 reat.
594 1574 674 1640 De
699 1594 917 1651 caetero,
944 1583 1075 1655 quid
1102 1584 1260 1640 nobis
1290 1584 1357 1639 de
1381 1600 1547 1640 cursu
1573 1583 1877 1656 fatigationi
1894 1592 2011 1639 tuae

427 1678 756 1734 credendum
778 1677 870 1743 sit,
903 1675 1299 1732 fraternitatem
1324 1685 1499 1743 tuam,
1528 1685 1743 1747 reperta
1770 1676 2008 1746 primum

419 1768 863 1842 opportunitate,
881 1782 979 1838 per
1030 1767 1234 1838 scripta
1276 1766 1438 1824 nobis
1466 1766 1728 1825 indicare
1767 1782 1880 1832 non
1924 1768 2009 1839 pi-

429 1868 571 1934 geat.

489 1951 622 2008 Data
649 1950 839 2007 Romae
868 1948 1128 2007 Kalendis
1151 1947 1331 2019 Junii,
1367 1950 1664 2008 indictione
1690 1950 2004 2021 undecima.

948 2083 1289 2141 EPISTOLA
1325 2084 1490 2141 XVII.

736 2190 804 2230 ω
839 2191 1191 2232 πυτιεωωι
1220 2190 1466 2232 ιιοιιειιε
1500 2190 1695 2232 DUCBI.

999 2267 1202 2339 (Anno
1232 2267 1418 2339 1073.)

430 2356 558 2430 Agit
592 2359 795 2431 gratias
833 2359 973 2428 quod
1026 2358 1230 2431 legatos
1274 2359 1581 2431 apostglica:
1616 2359 1756 2431 sedis
1795 2361 2012 2431 benigne

503 2428 844 2502 tractaverint
872 2428 1120 2502 recalent
1147 2438 1321 2482 autem
1345 2446 1377 2482 α
1413 2429 1670 2501 Bragensi
1700 2428 2011 2502 [Progensi]

499 2498 740 2572 episcopo
766 2514 869 2551 non
892 2498 1191 2572 liberaliter
1216 2509 1454 2569 exceptos
1484 2498 1741 2572 queritur.
1764 2498 1933 2572 Rogat
1956 2498 2013 2555 ut

500 2584 619 2622 eum
649 2569 924 2623 hortentur
944 2569 1150 2622 obedire
1171 2568 1466 2639 legatarum
1487 2568 1719 2624 monitis.

501 2681 812 2734 GREGORIUS
840 2680 1151 2751 cpiscopus,
1174 2694 1366 2736 servus
1389 2696 1673 2737 servorum
1696 2680 1812 2748 Dei,
1845 2681 2015 2738 Was-

432 2785 625 2826 rrsuo
659 2769 932 2825 Bobemize
961 2771 1108 2837 duci,
1139 2779 1195 2826 et
1228 2770 1491 2827 fratribus
1516 2771 1654 2840 suis,
1697 2772 1929 2828 salutem
1960 2782 2017 2829 et

435 2855 789 2934 apostolicam
812 2862 1269 2920 benediCtionem.

503 2954 642 3024 Quia
665 2957 735 3011 ob
755 2956 1096 3011 devotionem
1125 2966 1181 3012 et
1202 2955 1562 3012 reverentiam
1578 2956 1863 3013 beatorum
1883 2968 2016 3028 apo-

434 3048 701 3104 stolorum
733 3047 877 3103 Petri
910 3057 965 3104 et
991 3048 1148 3103 Pauli
1182 3048 1492 3120 principum
1523 3052 1899 3120 apostolorum
1932 3051 2016 3106 le-

434 3147 591 3209 gatos
621 3147 861 3205 nostros,
902 3137 1237 3193 Bernardum
1284 3139 1532 3194 videlicet
1570 3147 1627 3193 et
1668 3138 2012 3211 Gregorium,

435 3231 531 3301 qui
564 3231 635 3285 ab
657 3229 762 3285 hac
788 3240 977 3285 sancta
1011 3239 1066 3285 et
1087 3230 1386 3301 apostolica
1416 3231 1544 3286 sede
1564 3231 1632 3285 ad
1656 3242 1868 3288 vestras
1890 3248 2018 3303 par—

437 3330 520 3377 tes
550 3322 741 3377 directi
768 3331 916 3388 suut,
944 3321 1138 3376 debita:
1172 3321 1457 3376 charitatis
1485 3322 1862 3378 benevolentia
1889 3338 2017 3378 sus-

436 3410 690 3481 cepistis,
741 3418 797 3465 et
831 3425 945 3476 eos,
983 3417 1043 3463 ut
1083 3418 1323 3465 vestram
1362 3409 1625 3464 condecet
1663 3410 2017 3481 magniﬁcen-

437 3500 590 3567 tiam,
633 3497 931 3554 honorifice
973 3497 1245 3566 tractatis,
1265 3498 1628 3568 omnipotenti
1671 3496 1784 3554 Deo
1814 3498 2022 3571 gratias

437 3590 681 3661 agimus;
722 3589 947 3660 proinde
980 3598 1182 3645 nostra:
1229 3588 1620 3645 benevolentia:
1661 3589 1816 3647 vobis
1847 3590 2021 3647 vicem

437 3681 806 3753 rependimus.
850 3679 1123 3748 Quoniam
1170 3683 1317 3737 enim
1354 3689 1766 3737 antecessorum
1802 3690 2022 3740 nostro-

437 3784 563 3826 rum
618 3771 980 3842 negligentia,
1029 3780 1084 3826 et
1124 3781 1343 3842 patrum
1396 3782 1727 3841 vestrorum,
1772 3774 1866 3846 qui
1916 3775 2051 3843 hoc_

436 3860 559 3917 fieri
581 3861 891 3932 postulasse
922 3859 1261 3929 debuissent,
1306 3871 1499 3933 agente
1536 3863 1766 3931 incuria,
1799 3874 2023 3935 aposto—

437 3952 558 4008 lica:
586 3953 731 4009 sedis
760 3952 941 4008 nuntii
966 3953 1033 4009 ad
1065 3952 1252 4025 partes
1273 3964 1484 4010 vestras
1522 3969 1651 4011 raro
1677 3955 1829 4010 missi
1872 3965 2021 4024 sunt,

438 4044 666 4119 quidam
690 4054 1023 4114 vestrorum,
1059 4045 1165 4103 hoc
1185 4047 1346 4119 quasi
1370 4060 1575 4103 novum
1600 4048 1810 4119 aliquid
1837 4047 2025 4104 existi-

440 4144 674 4204 mantes,
720 4144 776 4192 et
820 4152 932 4192 non
978 4136 1390 4195 considerantes
1435 4138 1762 4195 sententiam
1808 4139 2025 4196 Domini

439 4224 675 4282 dicentis
708 4243 723 4280 :
768 4224 877 4292 Qui
896 4242 983 4280 vos
1008 4227 1215 4298 recipit,
1244 4243 1325 4281 me
1346 4227 1563 4299 recipit:
1584 4236 1636 4282 et
1652 4228 1744 4300 qui
1768 4245 1854 4283 vos
1878 4246 2026 4301 sper—

441 4319 540 4385 nit,
565 4334 647 4373 me
670 4319 868 4389 spernit
893 4316 1046 4389 (Luc.
1080 4318 1136 4389 Σ)
1166 4338 1179 4375 :
1215 4318 1427 4391 legatos
1448 4329 1671 4377 nostros
1689 4320 2025 4392 contemptui

441 4407 664 4473 habent,
693 4421 758 4462 ac
794 4407 1044 4478 proinde,
1077 4400 1204 4463 cum
1244 4409 1451 4465 nullam
1497 4411 1736 4466 debitam
1772 4429 2025 4468 reveren-

441 4499 575 4553 tiam
602 4499 893 4565 exhibent,
926 4514 1037 4554 non
1068 4512 1184 4565 eos,
1212 4502 1305 4555 sed
1331 4500 1505 4571 ipsam
1531 4503 1776 4559 veritatis
1808 4515 2026 4561 senten—

443 4589 577 4642 tiam
619 4584 906 4659 spernunt.
957 4586 1133 4653 Unde,
1178 4596 1238 4644 ut
1271 4591 1477 4648 clarius
1531 4592 1653 4648 luce
1696 4602 1864 4663 patet,
1908 4596 2029 4666 ejus

443 4679 688 4735 veritatis
727 4680 1056 4735 sententiam
1111 4681 1177 4736 ad
1221 4682 1502 4737 cumulum
1550 4700 1666 4739 suae
1718 4684 2028 4741 damnatio-

444 4769 535 4824 nis
558 4770 695 4825 adeo
727 4771 782 4825 in
817 4787 877 4827 se
898 4783 1250 4844 exaggerant,
1286 4775 1345 4827 ut
1379 4775 1595 4843 merito,
1627 4777 1759 4831 dum
1801 4779 2029 4848 pusillos

447 4858 666 4914 Domini
697 4863 1087 4933 scandalizant,
1124 4866 1299 4921 molas
1326 4866 1597 4923 asinarias
1629 4871 1770 4924 collo
1798 4886 2030 4942 suSpen-

446 4967 539 5010 sas
578 4951 744 5024 [deest
780 4954 1068 5029 habentes]
1095 4958 1150 5011 in
1181 4956 1515 5028 profundum
1550 4959 1894 5030 perditionis,
1923 4962 2030 5018 nisi

446 5044 797 5129 resipuerint,
824 5046 1198 5115 prolabantur.
1226 5048 1473 5116 Quorum
1497 5050 1667 5107 frater
1689 5061 1869 5109 vester
1894 5053 2031 5109 Lar-

448 5136 556 5184 mir
588 5133 877 5184 Braaensis
899 5134 1158 5184 lJnrnmir
1214 5139 1380 5184 "utin
1428 5141 1694 5184 Inv-mirus:
1719 5142 2030 5184 Draapn‘cia'l

2042 1738 2104 1793 Β.

2102 502 2294 558 gamus
2317 488 2617 548 nobilitatis
2637 487 3192 561 vestraeprudentiam
3221 496 3350 543 utet
3369 495 3592 543 nostros
3610 486 3693 543 le-

2102 589 2259 652 gatos
2310 590 2366 637 et
2408 580 2637 637 fratrem
2688 591 2939 638 nostrum
2990 581 3308 652 praadictum
3363 581 3689 653 episcopum

2103 671 2465 739 conveniatis,
2495 681 2549 728 et
2580 688 2677 743 per
2711 687 2812 729 vos
2849 680 2907 727 et
2937 687 3004 727 ex
3030 680 3187 745 parte
3226 680 3415 728 nostra
3458 669 3690 726 fratrem

2102 770 2347 817 vestrum
2401 764 2663 819 attentius
2716 764 3010 820 hortemini
3058 774 3330 835 quatenus
3380 765 3690 835 legatorum

2104 861 2418 909 nostrorum
2462 854 2688 911 monitis
2720 856 2915 911 debita:
2951 856 3272 913 obedientize
3313 872 3505 912 aurem
3532 856 3694 912 incli-

2106 950 2218 1009 net,
2245 952 2319 1008 et,
2362 944 2625 1015 quidquid
2669 945 2897 1016 justitia:
2939 946 3043 1002 sibi
3080 948 3470 1018 suggesserim,
3498 948 3588 1002 vel
3621 964 3691 1003 ex

2104 1032 2188 1088 eis
2210 1032 2527 1103 praejudicio
2557 1036 2891 1105 pcrgravari,
2922 1037 3083 1091 nulla
3105 1037 3209 1093 sibi
3251 1037 3323 1093 ab
3368 1038 3471 1093 hac
3501 1036 3695 1092 Eccle-

2107 1122 2189 1179 sia
2214 1123 2489 1178 audientia
2514 1124 2890 1196 denegabitur.
2925 1126 2982 1181 Si
3026 1143 3156 1182 vero
3190 1137 3449 1183 neutrum
3490 1125 3696 1182 horu'm

2108 1210 2288 1270 facere
2309 1215 2662 1286 acquieverit,
2689 1224 2744 1272 et
2769 1218 3096 1274 sententiam
3129 1218 3437 1289 legatorum
3471 1228 3701 1275 nostro-

2107 1324 2233 1364 rum
2264 1308 2334 1365 de
2365 1310 2729 1380 suspensione
2762 1311 2849 1366 sui
2873 1310 3039 1367 ofﬁcii
3062 1310 3117 1365 in
3143 1318 3270 1367 eum
3291 1306 3699 1383 promulgatam

2109 1398 2450 1456 ﬁrmabimus
2491 1399 2642 1471 (345)
2697 1401 2774 1472 (et
2808 1401 3002 1475 durius
3056 1410 3250 1457 contra
3292 1417 3455 1469 eum,
3488 1401 3705 1457 scilicet

2111 1507 2285 1563 usque
2321 1492 2391 1547 ad
2431 1492 2772 1549 interniciem
2821 1492 2914 1567 [[.,
2949 1492 3420 1566 internecionem],
3455 1493 3705 1565 gladium

2112 1585 2428 1655 apostolicae
2457 1585 2848 1656 indignationis
2880 1584 3341 1657 cvaginabimus),
3370 1587 3565 1663 sicque
3610 1586 3705 1641 fiet

2111 1686 2174 1732 ut
2204 1677 2321 1748 ipse
2351 1686 2407 1733 et
2432 1692 2529 1748 per
2552 1692 2677 1732 eum
2709 1678 2895 1747 plures
2925 1678 3018 1732 alii
3050 1679 3400 1749 experiantur
3430 1688 3704 1750 quantum

2110 1768 2278 1839 hujus
2312 1769 2458 1825 sedis
2498 1769 2800 1825 auctoritas
2848 1769 3046 1824 valeat.
3080 1769 3241 1825 Inviti
3279 1769 3427 1825 enim
3475 1770 3549 1826 ad
3598 1771 3708 1825 hoc

2110 1860 2508 1931 compellimur,
2548 1875 2728 1931 neque
2765 1860 3034 1918 audemus
3068 1860 3387 1931 hujusmodi
3429 1876 3706 1932 presumv

2110 1954 2351 2024 ptionem
2375 1953 2748 2009 dissimulare.
2786 1953 2890 2009 Per
2923 1953 3263 2009 Ezechielem
3294 1969 3537 2025 namque
3570 1966 3707 2025 proe

2110 2043 2332 2115 phetam
2362 2042 2467 2098 sub
2496 2042 2939 2098 interminatione
2973 2042 3150 2105 nostri
3186 2042 3441 2099 interitus
3466 2042 3708 2114 impelli—

2112 2147 2239 2187 mur
2267 2131 2536 2187 dieentem
2567 2150 2581 2185 :
2613 2129 2674 2186 Si
2714 2148 2817 2185 non
2854 2134 3253 2187 anauntiaveris
3279 2133 3462 2204 iniquo
3505 2134 3711 2202 iniqnia

2114 2229 2277 2278 tatem
2299 2239 2473 2288 suam,
2506 2223 2616 2292 ipse
2641 2224 2853 2295 iniquus
2888 2223 2944 2276 in
2977 2224 3261 2294 iniquitate
3287 2240 3387 2278 sua
3424 2225 3706 2290 morietur,

2113 2314 2427 2385 sanguinem
2449 2322 2627 2367 autem
2647 2314 2761 2385 ejus
2786 2314 2853 2369 de
2876 2321 3036 2368 manu
3061 2324 3155 2369 tua
3180 2317 3445 2386 requiram
3481 2316 3705 2387 (Ezectn

2113 2404 2312 2476 usui)
2334 2422 2356 2473 ‹;
2408 2411 2464 2460 et
2488 2403 2618 2459 alibi
2650 2422 2664 2458 :
2712 2403 2803 2460 Va:
2830 2404 2916 2458 illi
2944 2406 3036 2476 qui
3079 2406 3317 2475 prohibet
3344 2404 3511 2478 [forte
3553 2408 3713 2463 deest

2115 2494 2352 2568 gladium
2367 2496 2393 2549 .’
2408 2495 2503 2551 sed
2512 2495 3014 2568 est'locusignotus,
3027 2495 3226 2570 "ARD.]
3243 2497 3307 2551 ab
3320 2514 3382 2552 eo
3392 2500 3486 2569 qui
3499 2510 3710 2571 peccat,

2114 2594 2165 2640 et
2189 2586 2568 2657 incorrigibilis
2595 2596 2916 2657 perseverat.
2941 2586 3054 2644 Vos
3087 2596 3269 2644 autem
3291 2598 3353 2644 et
3367 2590 3437 2646 de
3458 2590 3546 2646 his
3565 2594 3714 2647 etde

2116 2677 2238 2733 aliis
2267 2677 2349 2732 sic
2392 2676 2538 2748 agite
2570 2686 2633 2733 ut
2664 2678 2983 2749 temporalis
3022 2680 3180 2735 vobis
3204 2681 3375 2752 gloria
3407 2696 3437 2737 a
3470 2681 3714 2738 Domino

2116 2776 2399 2839 augeatur,
2426 2776 2482 2823 et
2502 2776 2776 2840 perpetua:
2800 2762 3157 2828 beatitudinis
3190 2773 3592 2828 abundantiam
3613 2786 3717 2846 per

2116 2858 2482 2959 interventum
2514 2862 2889 2931 apostolorum
2906 2863 3236 2959 perenme
3252 2865 3545 2935 possidere
3567 2882 3715 2938 pos-

2117 2950 2258 3007 sitis.

2044 3074 2089 3131 C
2186 3040 2325 3098 Data
2367 3040 2648 3100 Laurentii
2694 3059 2791 3101 vui
2826 3043 2955 3102 ldus
2995 3044 3162 3115 Julii,
3196 3047 3498 3106 indictione
3535 3049 3716 3106 unde-

2120 3133 2284 3191 cima.

2631 3204 2971 3262 EPISTOLA
3002 3205 3191 3264 XVIII.

2495 3312 2564 3351 AD
2591 3308 2895 3353 IICIIAELEI
2920 3315 3319 3358 IIPERATOBEI.

2714 3388 2898 3461 (Anne
2931 3390 3118 3462 1073.)

2124 3472 2463 3533 Dominicum
2501 3481 2865 3551 patriarcha»:
2916 3481 3144 3538 Venetia;
3179 3484 3409 3545 adeunt
3452 3487 3623 3541 mittit
3653 3496 3714 3541 ιη

2194 3563 2314 3601 cum
2338 3563 2397 3602 eo
2427 3559 2555 3625 agat
2593 3551 2658 3625 de
2676 3551 2746 3625 iis
2793 3567 2910 3625 qua:
2951 3569 2984 3605 a
3033 3555 3305 3625 monac/iis
3343 3554 3459 3625 ejus
3499 3560 3718 3613 nomine

2194 3617 2484 3695 (receperat.
2514 3617 2777 3695 Cupidum
2798 3617 2853 3675 se
2873 3622 3119 3695 ineunda:
3140 3626 3289 3695 pacis
3313 3617 3434 3679 cum
3466 3624 3717 3683 Ecclesia

2196 3687 2789 3760 Constantinopolitano
2815 3692 3062 3746 ostendit.

2158 3828 2166 3833 .
2200 3779 2510 3837 Gasconws
2549 3782 2859 3853 episcopus,
2902 3798 3093 3841 servus
3123 3800 3413 3841 servorum
3448 3785 3570 3855 Dei,
3606 3788 3713 3845 Μι-

2124 3887 2315 3929 ειιΑιςιι
2359 3871 2969 3944 Constantinopolitano
3022 3876 3343 3947 imperatori
3377 3879 3618 3937 salutem
3660 3888 3718 3939 ct

2128 3961 2486 4034 apostolicam
2514 3963 2972 4021 benedictionem.

2193 4054 2427 4121 Quidam
2466 4070 2498 4109 a
2546 4056 2746 4112 vestris
2789 4056 3042 4127 partibus
3074 4058 3335 4115 monachi
3378 4063 3665 4118 venientes
3695 4097 3712 4130 δ

2125 4161 2360 4217 quorum
2407 4161 2551 4203 unus
2598 4145 2861 4215 Thomas,
2898 4149 3056 4215 alter,
3087 4148 3346 4208 Nicolaus
3386 4156 3712 4217 vocabatur.

2127 4237 2459 4293 excellentia:
2499 4246 2694 4294 vestrae
2735 4238 2804 4293 ad
2849 4254 2951 4295 nos
2994 4240 3204 4297 litteras
3231 4243 3475 4301 detulere
3524 4247 3717 4318 plenas

2130 4338 2324 4385 vestra:
2348 4329 2654 4385 dilectionis
2674 4330 2980 4403 dulcedine,
3008 4340 3064 4387 et
3097 4347 3161 4388 ea
3184 4349 3352 4405 quam
3375 4346 3587 4394 sanctae
3606 4338 3719 4394 Ro—

2052 4446 2103 4506 D
2129 4435 2305 4475 mana:
2334 4419 2588 4476 Ecclesiae
2613 4421 2880 4477 exhibetis
2902 4438 3012 4479 non
3041 4440 3209 4494 parva
3233 4426 3543 4484 devotione.
3583 4429 3719 4498 Quae

2130 4511 2430 4580 nimirum,
2485 4512 2627 4566 inter
2699 4522 2894 4568 uetera
2942 4515 3245 4572 nobilitatis
3288 4525 3485 4575 vestrae
3526 4521 3715 4590 verba,

2128 4602 2334 4658 eisdem
2359 4604 2662 4671 monachis,
2696 4604 2763 4661 de
2790 4605 2878 4662 his
2902 4623 3027 4677 qua:
3048 4609 3153 4679 ipsi
3188 4609 3313 4666 viva
3338 4625 3474 4667 voce
3496 4612 3556 4667 i'n
3580 4596 3717 4670 aure

2130 4694 2289 4749 nobis
2311 4711 2377 4750 ex
2401 4704 2555 4765 parte
2589 4703 2774 4752 vestra
2795 4698 3020 4753 relaturi
3042 4707 3247 4769 essent,
3271 4717 3436 4772 posse
3466 4720 3573 4760 nos
3598 4721 3720 4761 cre-

2129 4786 2258 4840 dere
2306 4788 2645 4843 asserebant.
2679 4786 2905 4856 Verum,
2951 4791 3081 4861 quia
3124 4807 3372 4862 persona:
3406 4810 3521 4851 non
3566 4798 3721 4854 vide-

2130 4875 2330 4931 bantur
2361 4877 2493 4932 tales
2525 4878 2726 4948 quibus
2760 4894 2950 4935 secure
2981 4880 3143 4937 tidem
3177 4898 3468 4953 possemus
3500 4902 3723 4944 accom-

2130 4967 2373 5035 modare,
2418 4969 2502 5023 vel
2548 4984 2644 5039 per
2684 4984 2782 5025 eos
2811 4970 2877 5025 de
2928 4972 3095 5029 tantis
3145 4974 3312 5031 rebus
3348 4980 3722 5048 magnitudini

2130 5068 2323 5114 vestra:
2347 5060 2693 5130 respondere,
2730 5059 3061 5117 confratrem
3090 5072 3340 5121 nostrum
3368 5067 3723 5125 Dominicum

2130 5149 2495 5182 Ἀηθιιδαιιηιιηνη
2526 5148 2764 5182 Vannii“.
2816 5144 3075 5182 nomn-sa.
3108 5153 3363 5180 ΠΑΛΙΑιά..
3392 5168 3438 5180 ..ι
