3962 5348
210 159 305 214 50!

1323 158 1527 222 LIBER
1561 164 1839 224 PRIMUS.
1863 199 1933 210 —-
1955 168 2173 227 EPIST.
2214 163 2328 226 XX.

3356 186 3462 242 502

207 275 582 348 perseverans,
604 283 660 332 et
691 264 976 348 legationis
1016 288 1211 334 vestra
1232 280 1397 335 verba
1438 282 1506 336 ad
1527 281 1781 339 eﬁ‘ectum
1811 285 1859 342 Α
1953 285 2108 363 τηθάς
2125 284 2223 354 ﬁat
2242 286 2503 363 expedire,
2532 288 2609 342 ait
2634 299 2691 342 ut
2711 289 3091 363 colloquantur
3120 308 3228 350 una
3250 314 3351 352 non
3379 318 3469 355 so-

206 367 501 439 perdueere
526 367 723 423 velitis.
758 366 871 425 Nos
910 380 1094 425 autem
1137 385 1246 424 non
1284 372 1464 427 solum
1494 372 1638 427 inter
1671 373 1781 428 Ro-

208 474 439 524 manam,
472 459 563 513 cui
590 449 714 515 licet
737 460 944 532 indigni
973 461 1335 530 deservtmus,
1367 461 1667 518 Ecclesiam
1685 506 1700 530 ,
1727 472 1784 519 et

206 549 363 604 ﬁliam
415 549 541 621 ejus
588 550 1266 622 Constantinopolitauam,
1316 552 1618 624 antiquam,
1671 554 1782 608 Deo

207 641 507 705 ordinante,
564 643 911 698 concordiam
962 643 1215 714 cupimus
1254 644 1543 713 innovare;
1581 646 1695 712 sed,
1735 645 1780 700 si

208 732 315 787 ﬁeri
336 741 540 802 potest,
569 734 714 805 quod
735 749 800 789 ex
833 734 992 789 nobis
1019 744 1121 802 est,
1146 735 1565 791 cum-omnibus
1603 736 1782 791 hami-'-

207 823 358 878 nibus
379 839 576 893 pacem
599 824 815 880 habere.
849 824 1016 881 Scitis
1050 826 1199 881 enim
1230 827 1357 897 quia
1386 836 1652 898 quantum
1681 844 1783 883 an-

207 925 541 971 teoessorum
569 924 884 972 nostrorum
907 925 963 971 et
993 927 1304 974 vestrorum
1331 928 1534 976 sancta
1560 929 1785 989 aposto-

189 1009 316 1069 lica
339 1008 456 1063 sedi
479 1017 537 1062 et
560 1009 789 1079 imperio
821 1010 1188 1079 patrocinium
1224 1010 1515 1066 concordia
1554 1010 1779 1081 profuit,

209 1110 411 1156 tantum
455 1100 717 1173 deinceps
762 1101 950 1157 nocuit
983 1102 1131 1173 quod
1169 1103 1425 1173 utrinque
1463 1103 1780 1158 earumdem

207 1193 438 1250 charitas
466 1192 678 1264 friguit.
713 1193 922 1250 Catera
960 1194 1144 1266 igitur,
1170 1212 1293 1266 qua
1316 1196 1664 1267 prasentium
1699 1197 1782 1250 la-

210 1286 305 1340 tori
347 1286 618 1342 secretius
662 1286 941 1341 referenda
983 1288 1379 1355 commisimus,
1416 1288 1786 1345 indubitanter

209 1377 426 1448 potestis
454 1379 703 1445 credere,
739 1388 793 1434 et
815 1395 912 1450 per
938 1395 1065 1434 eum
1092 1380 1357 1451 quidquid
1388 1381 1663 1452 majestati
1695 1397 1785 1437 ve.

209 1482 328 1527 stra
359 1472 635 1542 placuerit
661 1487 854 1529 secure
875 1473 1035 1528 nobis
1064 1473 1393 1543 signiﬁcare.

270 1563 402 1618 Data
457 1564 656 1625 Albani
693 1564 926 1636 septimo
982 1562 1109 1619 ldus
1152 1562 1302 1631 Julii,
1347 1563 1646 1620 indictione
1682 1581 1785 1620 una

207 1644 428 1710 decima.

209 1747 347 1815 (546)
385 1745 717 1802 Constitutio
742 1753 858 1819 qua:
897 1748 1040 1818 facta
1071 1758 1151 1819 est
1179 1748 1317 1802 inter
1346 1749 1622 1815 dominum
1654 1748 1784 1805 Gre-

269 1819 471 1888 gorium
500 1836 699 1888 papam
727 1818 1027 1889 septimum,
1049 1829 1097 1872 et
1120 1818 1496 1890 Landulplmm
1518 1821 1782 1875 Beneven-

270 1898 450 1942 tanum
476 1891 795 1960 principem.

265 1980 383 2036 liae
404 1990 490 2036 est
510 1972 835 2038 constitutio
864 1990 1028 2052 quam
1056 1980 1312 2037 dominus
1326 1994 1465 2052 papa
1487 1973 1785 2053 Gregorius

208 2073 477 2129 constituit
504 2089 635 2129 cum
664 2072 986 2143 Landulpho
1016 2073 1402 2129 Beneventano
1437 2074 1705 2145 principe,
1730 2084 1785 2129 et

209 2180 359 2236 quam
386 2165 649 2236 princeps
672 2162 1088 2221 Beneventanus
1116 2165 1234 2236 ipse
1255 2164 1360 2221 sibi
1396 2161 1636 2226 ﬁrmiter.
1655 2181 1786 2236 pro-

211 2258 346 2313 misit
396 2257 457 2313 in
498 2272 663 2313 sacro
720 2255 1107 2312 Beneventano
1139 2256 1364 2327 palatio,
1409 2271 1557 2311 anno
1604 2256 1784 2327 primo

211 2349 548 2420 pontiﬁcatus
598 2348 742 2419 ejus,
785 2347 1107 2404 duodecima
1158 2348 1266 2414 die,
1313 2348 1551 2404 intrante
1594 2364 1786 2405 mense

211 2445 461 2514 Augusto,
500 2441 805 2497 indictione
842 2440 1147 2497 undecima.
1196 2432 1254 2494 Si
1287 2440 1357 2494 ab
1389 2440 1524 2495 hora
1551 2438 1669 2511 ipsa
1700 2443 1785 2497 in-

208 2544 354 2591 antea
375 2535 639 2606 princeps
665 2534 783 2604 ipse
806 2526 1001 2589 fuisset
1026 2531 1260 2587 inﬁdelis
1286 2540 1491 2588 sancta
1520 2531 1786 2590 Romana

212 2627 458 2692 ecclesia,
501 2635 561 2681 et
595 2641 751 2697 papa
779 2623 902 2695 ipsi,
940 2624 1168 2694 suisque
1210 2620 1652 2691 Successor-ibus;
1699 2622 1785 2680 vel

212 2720 254 2775 si
280 2720 332 2775 in
366 2709 556 2790 aliquo
586 2718 876 2789 quasisset
900 2716 1145 2771 minuere
1172 2715 1445 2786 publicam
1469 2728 1586 2770 rem
1610 2712 1785 2771 Bene-

212 2791 514 2879 ventanam,
540 2820 639 2867 aut
661 2810 901 2880 aliquam
932 2808 1058 2863 inde
1087 2807 1294 2878 absque
1327 2816 1463 2861 nutu
1495 2823 1670 2878 papa,
1698 2806 1785 2863 vel

213 2907 405 2977 absque
437 2898 712 2961 ordinatis
744 2896 1156 2974 [ordinationis]
1190 2899 1332 2970 ejus,
1363 2896 1527 2954 alicui
1564 2898 1785 2957 fecisset

214 2998 644 3061 investitiouem;
678 2991 765 3050 vel
808 2992 857 3050 si
900 2992 1083 3062 aliquo
1131 2992 1400 3046 invenerit
1426 2991 1627 3059 studio,
1657 3006 1786 3049 cum

212 3091 384 3161 aliquo
413 3082 644 3144 homine
669 3085 817 3142 intus
846 3088 941 3140 aut
974 3083 1111 3140 foris
1143 3072 1419 3138 civitatem
1448 3078 1787 3141 Beneventa-

214 3197 352 3248 nam,
398 3179 643 3236 faciendi
667 3187 763 3234 aut
786 3177 1084 3261 recipiendi
1113 3178 1538 3244 sacramentum,
1571 3186 1665 3233 aut
1702 3179 1786 3233 in—

215 3269 453 3327 veniendi
499 3271 836 3337 divisiones;
870 3270 955 3324 vel
986 3270 1034 3324 si
1060 3283 1157 3339 per
1185 3276 1245 3324 s‘e
1274 3276 1370 3323 aut
1394 3285 1493 3339 per
1535 3273 1788 3342 supposi-

215 3371 317 3421 tam
346 3379 648 3435 personam
682 3363 832 3419 intus
859 3371 955 3417 aut
984 3352 1119 3417 foris
1146 3361 1422 3417 civitatem
1454 3361 1787 3420 Beneventa-

212 3464 329 3511 nam
364 3456 652 3515 studuerit
675 3455 1060 3526 qualicumque
1090 3454 1255 3509 modo
1287 3452 1382 3509 aut
1422 3454 1638 3528 ingenio
1665 3460 1788 3515 red-

212 3548 362 3604 dendi
403 3550 614 3604 malum
669 3547 947 3614 meritum,
992 3554 1088 3602 aut
1140 3544 1373 3604 faciendi
1429 3548 1786 3608 damnitatcm

172 3645 176 3649 “
212 3640 421 3696 cuilibet
459 3640 529 3696 de
576 3637 828 3695 ﬁdelibus
873 3645 1077 3696 sancta
1126 3637 1388 3696 Romana
1430 3640 1688 3701 Ecclesia
1716 3645 1787 3701 de

211 3746 269 3786 ea
292 3747 410 3802 qua
435 3731 505 3787 ad
539 3726 855 3785 ﬁdelitatem
880 3721 1128 3801 ejusdem
1154 3739 1357 3787 sancta
1396 3731 1660 3792 Romana
1694 3752 1785 3793 ec-

211 3823 377 3880 clesia
402 3838 568 3895 egere
598 3837 776 3893 usque
809 3822 1009 3889 modo;
1044 3823 1092 3877 si
1127 3837 1187 3878 se
1216 3824 1373 3893 juxta
1420 3825 1606 3883 domui
1653 3843 1787 3898 apo-

212 3908 374 3970 stolici
408 3903 684 3986 judicium
721 3925 831 3969 non
873 3912 1112 3985 potuerit
1149 3908 1275 3970 inde
1313 3914 1624 3983 defendere,
1659 3934 1786 3975 cum

212 4002 363 4062 fuerit
385 4006 714 4077 appellatus,
742 4020 774 4060 a
795 3998 1049 4075 prasenti
1077 4004 1291 4060 amittat
1310 4021 1474 4085 suum
1495 4008 1781 4065 honorem.

782 4094 1221 4167 Subscriptiones.

274 4186 379 4260 Ego
418 4182 665 4244 Joannes
703 4185 1023 4245 Portuensis
1068 4188 1358 4259 episcopus
1384 4204 1789 4263 recognoscens

211 4280 523 4350 subscripsi.
1252 4330 1255 4331 ν
1268 4330 1271 4331 ν

277 4368 384 4443 Ego
417 4370 661 4427 Joannes
682 4368 1124 4447 ’Tusculanensis
1148 4371 1440 4443 episcopus
1473 4374 1696 4432 interfui
1729 4389 1786 4434 et

214 4456 522 4533 subscripsi.
1330 4508 1341 4519 .

277 4555 384 4626 Ego
418 4553 657 4612 Ubertus
683 4554 1053 4613 Pranestinus
1080 4555 1370 4629 episcopus
1396 4560 1716 4633 subscripsi.

271 4644 380 4718 Ego
412 4646 726 4717 Desiderius
746 4649 1029 4721 presbyter
1058 4647 1319 4706 Romana
1338 4651 1596 4711 Ecclesia
1617 4656 1787 4712 inter-

216 4733 285 4791 lui
309 4747 362 4793 et
388 4739 714 4811 subscripsi.

266 4824 380 4899 Ego
403 4829 599 4890 Petrus
621 4833 914 4889 cardinalis
945 4834 1226 4906 presbyter
1254 4842 1310 4890 et
1338 4835 1786 4897 bibliothecarius

216 4933 373 4976 sacra
400 4921 662 4980 Romana
683 4924 939 4982 Ecclesia
961 4924 1184 4981 interfui
1213 4935 1269 4982 et
1293 4929 1617 4999 subscripsi.

735 5034 1077 5093 EPISTOLA
1109 5038 1253 5095 XIX.

561 5122 643 5175 ‘AD
669 5123 955 5167 ιιουυιῖωι
987 5125 1185 5165 δυενιι
1218 5127 1413 5168 θυεειι.

789 5199 978 5269 (Anno
1020 5199 1202 5270 1075.)
1306 5280 1309 5281 ν

220 5275 454 5339 Ostendit
494 5303 548 5340 se
591 5279 886 5344 Henricum
916 5304 1084 5348 regem
1126 5293 1247 5348 odio
1276 5280 1381 5348 non
1416 5297 1623 5348 habere-
1654 5314 1785 5348 num

1954 353 2264 439 ιυωλρωμ
2295 353 2613 439 imperator,
2628 361 2719 439 sed
2749 353 2911 416 etiam
2938 365 3280 439 imperatoris
3310 353 3466 439 uxor,

1950 432 2004 501 et
2035 424 2151 501 alii.
2184 424 2357 501 Rogat
2368 424 2454 501 ξας
2486 445 2541 482 se
2574 430 2784 501 ﬁdelem
2814 424 3049 501 praebeat
3079 434 3336 495 Romam
3361 424 3470 495 Εεί

1952 491 2148 561 etesia,
2174 503 2224 548 et
2248 491 2318 549 (id
2338 496 2527 553 limina
2550 491 2911 569 apostolorum
2936 506 3127 560 veniat.

1946 583 2257 641 Caesonius
2271 588 2581 660 episcopus,
2598 607 2792 648 servus
2812 608 3095 651 servorum
3109 595 3227 666 Dei,
3246 590 3467 657 Βουιέιιέ

1883 691 1947 729 ro
1962 674 2173 734 Suevia
2184 678 2309 733 duci
2322 680 2553 759 salutem
2567 692 2621 737 et
2631 683 2986 753 apostolicam
3008 687 3462 748 benedictionem.

1949 765 2098 823 Licet
2136 783 2205 823 ex
2246 770 2536 840 prateritis
2577 773 2880 832 nobilitatis
2909 784 3017 834 tua
3041 779 3237 837 studiis
3266 782 3473 840 clareat

1882 864 1937 912 te
1990 867 2193 915 sancta
2243 859 2504 918 Romana
2568 863 2825 923 Ecclesia
2886 868 3154 925 honorem
3216 872 3465 945 diligere,

1883 964 2031 1004 nunc
2061 960 2245 1006 tamen
2267 961 2474 1023 quanto
2501 954 2676 1026 ipsius
2699 973 2887 1014 amore
2909 957 3140 1031 fervens,
3173 974 3471 1034 quantum-

1884 1056 1990 1125 que
2004 1051 2229 1099 caeteros
2252 1043 2469 1100 illarum
2487 1047 2726 1115 partium
2740 1050 3017 1123 principes
3038 1054 3285 1125 ejusdem
3312 1074 3471 1114 amo-

1883 1122 1962 1187 ris
2031 1136 2401 1215 magnitudine
2467 1140 2853 1209 transcendas,
2896 1122 3090 1202 littera
3148 1157 3254 1204 tua
3310 1150 3470 1209 nobis

1884 1228 2225 1283 transmissa
2253 1229 2533 1284 evidenter
2556 1242 2853 1302 exponunt.
2880 1232 3013 1303 Qua
3038 1237 3296 1294 nimirum
3327 1240 3472 1295 inter

1884 1324 2079 1370 catera
2106 1310 2410 1373 dulcedinis
2445 1336 2558 1375 sua
2588 1322 2753 1377 verba
2786 1322 2917 1379 illud
2951 1326 3111 1382 nobis
3145 1327 3470 1385 videbantur

1885 1407 2192 1474 consulere,
2221 1424 2319 1478 per
2349 1410 2497 1479 quod
2521 1418 2576 1465 et
2611 1421 2788 1469 status
2817 1413 3033 1485 imperii
3057 1417 3352 1487 gloriosius
3383 1438 3472 1476 rc-

1886 1495 2050 1565 gilur,
2084 1504 2137 1551 et
2174 1507 2375 1554 sancta
2412 1498 2668 1556 Ecclesia
2705 1502 2858 1574 vigor
2904 1505 3191 1576 solidatur,
3224 1501 3474 1565 videlicet

1886 1592 1947 1639 ut
1977 1586 2343 1642 sacerdotium
2378 1597 2433 1643 et
2478 1589 2767 1661 imperium
2805 1592 2859 1647 in
2909 1595 3121 1651 unitate
3167 1599 3475 1656 concordia

1885 1677 2308 1749 conjungantur.
2354 1675 2510 1735 Unde
2558 1676 2894 1739 nobilitatem
2944 1694 3093 1742 tuam
3129 1690 3271 1745 scire
3316 1691 3473 1746 volu-

1886 1785 2031 1837 mus,
2076 1771 2206 1840 quia
2236 1787 2347 1826 non
2377 1773 2555 1827 solum
2598 1775 2745 1830 circa
2781 1792 2964 1847 regem
3020 1772 3337 1849 Henricum,
3377 1784 3467 1839 cui

1885 1861 2159 1917 debitores
2191 1863 2485 1919 existimus
2518 1880 2584 1920 ex
2609 1882 2675 1921 eo
2696 1868 2842 1937 quod
2868 1868 3048 1939 ipsum
3075 1871 3340 1943 inregem
3360 1876 3474 1929 ele-

1885 1949 2087 2028 gimus,
2124 1966 2180 2012 et
2210 1966 2365 2028 pater
2397 1958 2519 2030 ejus
2560 1957 2847 2020 laudanda
2890 1968 3168 2025 memoria
3202 1969 3474 2027 Henricus

1886 2050 2184 2120 imperatur
2206 2051 2348 2107 inter
2369 2060 2563 2109 Omnes
2589 2053 2807 2112 Italicos
2832 2057 2888 2112 in
2912 2060 3067 2115 curia
3106 2076 3206 2117 sua
3250 2064 3474 2133 speciali

1886 2139 2096 2195 honore
2128 2156 2216 2196 me
2265 2142 2542 2211 tractavit,
2574 2145 2832 2217 quodque
2871 2149 3037 2205 etiam
3073 2150 3191 2221 ipse
3232 2154 3475 2209 moriens

1887 2228 2149 2287 Romana
2180 2228 2439 2289 Ecclesia
2473 2250 2572 2305 per
2605 2238 2928 2295 veneranda
2957 2243 3236 2299 memoria
3275 2260 3474 2316 papam

1887 2321 2161 2380 Victorem
2210 2326 2532 2396 praedictum
2597 2327 2769 2385 ﬁlium
2824 2348 2988 2390 suum
3042 2335 3472 2401 commendavit,

1884 2406 2123 2485 aliquam
2149 2416 2582 2475 malevolentiam
2618 2434 2730 2478 non
2764 2424 3140 2495 observamus,
3165 2430 3262 2485 sed
3284 2444 3465 2502 neque

1886 2501 2122 2577 aliquem
2148 2498 2524 2565 Christianum
2547 2507 2844 2583 hominem,
2862 2513 2975 2572 Deo
2995 2519 3314 2589 auxiliante,
3338 2498 3466 2578 odio

1886 2594 2087 2650 habere
2112 2598 2397 2655 volumus:
2421 2615 2549 2657 cum
2579 2600 2876 2673 Apostolus
2902 2607 3047 2664 dicat
3071 2629 3084 2665 :
3112 2612 3174 2666 Si
3197 2614 3469 2671 tradidero

1887 2688 2073 2753 corpus
2106 2696 2277 2740 meum
2314 2688 2391 2741 ita
2421 2698 2478 2742 ut
2513 2690 2753 2761 ardeam,
2776 2703 2826 2748 et
2855 2696 2905 2749 si
2937 2697 3129 2754 dedero
3160 2717 3337 2757 omnes
3385 2705 3473 2773 fa-

1886 2770 2109 2826 cultates
2141 2786 2284 2829 nicas
2314 2777 2371 2832 in
2400 2778 2545 2833 cibos
2570 2787 2882 2852 pauperum,
2915 2786 3230 2844 charitatem
3258 2807 3362 2846 non
3384 2770 3476 2847 iia-

1888 2863 2031 2930 bens,
2070 2865 2205 2920 nihil
2237 2885 2354 2922 sum
2385 2869 2440 2935 (Ι
2466 2869 2590 2926 Cor.
2630 2872 2772 2945 xm).
2815 2874 2920 2931 Sed
2946 2874 3075 2947 quia
3119 2882 3473 2939 concordiam

1813 2964 1854 3019 ο
1887 2953 2071 3022 istam,
2125 2955 2336 3013 scilicet
2381 2960 2673 3017 sacerdotii
2707 2968 2762 3017 et
2805 2964 3022 3036 imperii
3066 2963 3205 3033 nihil
3256 2972 3471 3043 ﬁctum,

1888 3046 2025 3101 nihil
2060 3044 2165 3103 nisi
2192 3058 2393 3120 purum
2429 3052 2583 3107 decet
2617 3054 2839 3123 habere,
2870 3056 3084 3115 videtur
3105 3062 3264 3119 nobis
3289 3066 3470 3120 omni-

1888 3149 1961 3192 no
1988 3139 2120 3195 utile
2146 3150 2205 3196 ut
2234 3142 2388 3212 prius
2420 3148 2622 3213 tecum,
2660 3156 2824 3218 atque
2844 3164 2971 3205 cum
3007 3139 3214 3225 Aguetc
3238 3155 3475 3228 imperor

1889 3227 2043 3295 tricc,
2072 3239 2126 3285 et
2160 3247 2286 3287 cum
2339 3233 2620 3290 comitissa
2656 3236 2922 3308 Beatrice,
2962 3249 3022 3297 et
3056 3227 3333 3302 Rainaldo
3359 3247 3474 3318 epis

1888 3331 2054 3389 scopo
2082 3319 2353 3391 Cumano,
2390 3324 2445 3379 et
2484 3334 2611 3381 etim
2643 3328 2766 3385 aliis
2796 3318 2970 3387 Deum
2991 3331 3310 3393 timentibus
3325 3332 3509 3410 [θεῶν’

1887 3409 2016 3463 audi
2045 3410 2371 3485 colquuar].
2399 3411 2538 3501 liam
2561 3416 2705 3473 sicut
2730 3419 2947 3478 duobus
2967 3426 3143 3481 oculis
3170 3409 3472 3487 humanum

1887 3512 2087 3573 c‘orpus
2121 3506 2407 3576 temporali
2440 3508 2648 3566 lumine
2673 3510 2900 3584 regitur,
2931 3514 3006 3571 ita
3038 3508 3125 3574 his
3153 3519 3367 3578 duabus
3389 3520 3475 3579 di-

1887 3594 2184 3666 gnitatibus
2218 3598 2275 3652 in
2308 3608 2445 3670 pura
2475 3597 2742 3677 religione
2767 3605 3233 3669 concordantibus
3271 3628 3474 3685 corpus

1887 3683 2146 3743 Ecclesia
2176 3689 2450 3760 spirituali
2475 3692 2684 3749 lumine
2716 3697 2832 3768 regi
2862 3706 2918 3754 et
2947 3698 3247 3757 illuminari
3272 3683 3472 3773 proba-

1888 3784 1995 3831 tur.
2027 3775 2101 3832 De
2128 3778 2213 3835 his
2244 3780 2560 3853 diligentius
2586 3793 2911 3859 tractemus;
2938 3800 3231 3864 quatenus,
3278 3795 3475 3851 volun-

1890 3875 1997 3922 tate
2022 3878 2210 3924 nostra
2243 3870 2380 3928 bene
2409 3884 2441 3927 a
2463 3874 2618 3930 vobis
2643 3877 2882 3950 cognita,
2912 3895 2960 3936 ει
2983 3882 3225 3941 rationes
3249 3895 3472 3942 nostras

1882 3956 2063 4027 justas
2097 3972 2218 4015 esse
2242 3962 2624 4033 probaveritis,
2649 3967 2938 4026 nobiscum
2964 3975 3324 4033 consentiatis
3359 3996 3372 4029 :
3422 3978 3471 4032 si

1888 4061 2018 4106 vero
2056 4053 2258 4107 rationi
2293 4063 2498 4110 nostra
2542 4057 2749 4127 aliquid
2795 4060 3104 4118 addendum
3141 4065 3225 4118 vel
3254 4067 3474 4121 subtra-

1889 4143 2129 4198 hendum
2160 4159 2283 4200 esse
2314 4146 2468 4203 vobis
2518 4148 2695 4204 visum
2743 4149 2935 4218 fuerit,
2971 4153 3217 4210 consiliis
3251 4157 3470 4225 vestris,

1891 4230 2000 4288 Deo
2024 4236 2421 4304 consentiente,
2447 4240 2621 4308 parati
2646 4239 2852 4297 erimus
2899 4258 3184 4325 assensum
3208 4249 3470 4318 prabere.

1890 4323 2234 4397 Quapropter
2262 4329 2607 4398 prudentiam
2642 4339 2793 4387 tuam
2828 4341 3089 4408 rogamus
3119 4323 3180 4392 ut
3209 4340 3265 4394 in
3298 4340 3475 4397 ﬁdeli—

1893 4425 2002 4473 tate
2032 4418 2176 4473 beati
2198 4417 2344 4475 Petri
2370 4435 2585 4492 semper
2636 4424 2858 4481 studeas
2887 4414 3156 4495 crescere,
3193 4438 3251 4486 et
3292 4432 3361 4488 ad
3408 4433 3475 4487 li-

1893 4510 2039 4563 mina
2068 4509 2208 4579 ejus,
2243 4518 2359 4566 tum
2396 4528 2562 4568 causa
2593 4507 2877 4584 orationis,
2902 4526 3016 4574 tum
3038 4520 3477 4579 consideratione

1890 4608 2059 4655 tanta
2099 4600 2370 4669 utilitatis,
2400 4618 2509 4657 non
2544 4603 2722 4675 pigeat
2762 4616 2817 4661 te
2853 4609 3060 4677 venire,
3089 4619 3363 4680 quatenus
3394 4615 3476 4672 sic

1892 4701 1944 4749 te
1968 4694 2024 4748 in
2050 4701 2284 4764 utroque
2308 4694 2468 4749 beato
2488 4687 2652 4750 Petro
2673 4696 2974 4755 debitorem
3005 4699 3176 4758 facias
3230 4713 3292 4759 ut
3315 4714 3371 4762 et
3416 4706 3473 4762 in

1894 4786 2146 4856 prasenti
2180 4794 2236 4841 et
2262 4785 2317 4841 in
2351 4784 2534 4841 futura
2557 4787 2668 4843 vita
2688 4788 2808 4858 ejus
2834 4805 3048 4862 semper
3079 4793 3475 4867 intercessione

1894 4878 2150 4947 gaudeas.

1966 4967 2099 5022 Data
2134 4965 2335 5040 Capua
2357 4962 2616 5025 Kalendis
2655 4968 3007 5044 Septembris,
3040 4977 3344 5039 indictione
3384 4980 3474 5037 in-

1894 5052 2127 5128 cipiente
2152 5054 2493 5117 duodecima.

2434 5146 2772 5207 EPISTOLA
2803 5151 2922 5211 XX.

2178 5233 2244 5271 AD
2270 5234 2570 5289 ιΑιΝΔιιιιιιι
2603 5238 2888 5281 ειηεσορωι
2914 5244 3189 5289 (ΣΕΜΑΝΙΙΙ.

2485 5288 2667 5348 (Anno
2700 5294 2884 5348 1075.)
