3962 5348
445 247 551 302 305

1083 239 1140 294 S.
1181 231 1506 292 CREGORII
1543 229 1633 286 Vll
1668 228 1872 285 ΡΑΡᾸΞ
1907 187 2192 284 OPERUM
2232 223 2414 280 PARS
2449 222 2492 278 1.
2533 251 2597 265 ——
2635 219 3060 278 REGISTRUM.

3615 216 3726 272 ως

510 359 642 415 cisci
675 357 906 428 injurias
939 355 1042 426 ipsi
1060 353 1268 428 illatus.
1313 347 1576 428 Hortatur
1597 355 1654 400 ut
1685 345 1908 428 Romam
1928 360 2027 426 .ve-
2059 349 2105 404 Λ
2129 357 2229 413 pro
2255 340 2628 412 apostolorum
2657 337 2901 406 servitio,
2925 330 3252 392 secundat-io
3275 347 3404 387 vero
3428 333 3534 387 hac
3553 332 3730 388 etiam

513 413 648 496 nini,
685 413 797 484 tum
844 413 1007 481 causa
1041 420 1389 496 concilianda;
1419 417 1566 496 pacis
1613 431 1732 496 cum
1775 413 2026 482 Henrico,

511 487 744 570 tum‘pro
771 514 938 553 causa
961 497 1324 566 episcoporum
1355 487 1845 558 Langobardorum.

512 595 822 652 Gnscomus
844 593 1152 664 episcopus,
1195 602 1387 644 servus
1426 599 1709 643 servorum
1749 581 1868 650 Dei,
1894 581 2030 636 RM-

427 662 616 744 ηλσιοο
648 662 896 742 Cumano
924 682 1180 754 episcOpo
1212 673 1444 736 salutem
1473 686 1530 734 et
1553 675 1910 748 apostolicam
1937 674 2032 729 be-

431 797 465 835 n
482 780 836 837 edietiOnem‘.

501 873 693 930 Lectis
715 869 1078 928 fraternitatis
1113 877 1222 922 tuae
1256 864 1457 920 litteris
1497 863 1565 919 de
1606 860 1937 918 adversitate
1978 868 2034 914 et

435 965 772 1021 contumelia
797 973 929 1035 'quae
953 963 1049 1017 tibi
1081 959 1300 1025 accidit,
1328 959 1440 1013 imo
1472 956 1632 1012 nobis
1665 964 1720 1010 et
1760 955 2034 1010 universae

442 1055 607 1110 etiam
641 1062 848 1110 sanctae
881 1053 1161 1119 Ecclesiae,
1195 1066 1262 1106 ex
1293 1049 1456 1104 corde
1487 1047 1588 1101 tibi
1621 1046 1918 1116 compassi,
1963 1061 2030 1100 ex

443 1147 608 1204 corde
636 1161 876 1202 maerore
903 1145 1056 1217 gravi
1091 1157 1286 1200 sumus
1315 1139 1624 1196 contristati
1653 1155 1665 1194 :
1695 1153 1806 1209 quo
1829 1137 2030 1209 quippe

441 1237 608 1293 etiam
633 1237 821 1293 audito
843 1237 912 1292 de
933 1235 1094 1290 nobis
1114 1232 1414 1304 incognito,
1433 1229 1620 1286 audito
1642 1230 1710 1285 de
1730 1229 2031 1296 sacerdote,

439 1337 498 1388 et
514 1329 636 1404 [hoc
672 1339 760 1386 est
791 1331 978 1398 etiam,
1002 1323 1204 1401 lixam]
1228 1323 1484 1398 {Egyptio
1504 1325 1740 1398 graviter
1759 1333 2037 1395 compate-

429 1435 650 1488 utemur,
683 1419 844 1476 officii
870 1421 1035 1476 etiam
1058 1418 1235 1475 nostri
1258 1416 1448 1473 debito
1478 1417 1775 1472 cendolere
1811 1431 2034 1488 cogere-

429 1525 599 1582 mur;
633 1513 763 1584 quid
788 1511 1044 1584 igiturde
1067 1521 1285 1579 caetero,
1325 1526 1490 1582 quam
1526 1507 1732 1566 sanctae
1773 1508 2037 1566 Romanae

444 1604 703 1662 Ecclesia:
729 1605 972 1677 primum
999 1603 1373 1661 membrorum
1404 1601 1832 1660 collocavimus?
1871 1616 2034 1673 quem

443 1703 506 1752 ut
532 1696 757 1753 fratrem
783 1681 1204 1754 dilectissimum
1235 1696 1547 1753 dilectionis
1589 1695 1714 1751 sinu
1752 1692 2037 1750 fovemus?
2068 1693 2110 1748 Β

445 1788 666 1847 Viscera
691 1789 1110 1860 compassionis,
1138 1789 1347 1845 viscera
1370 1788 1580 1846 doloris
1604 1786 1810 1854 eximii,
1837 1790 1899 1841 ut
1935 1799 2036 1856 pro

441 1881 614 1937 fratre
657 1869 986 1938 charissima
1033 1881 1332 1954 aperimus.
1367 1879 1538 1951 Cujus
1585 1879 1816 1934 inauditi
1853 1877 2034 1934 delicti

441 1973 764 2042 vindictam,
801 1975 960 2046 cujus
1003 1973 1132 2029 novi
1182 1973 1406 2029 sceleris
1447 1987 1689 2043 plenam,
1723 1985 1824 2042 pro
1869 1969 1951 2025 tui
1982 1977 2038 2025 et

439 2067 747 2122 multorum
789 2060 1098 2134 commodo,
1143 2065 1374 2122 consilio
1408 2073 1502 2120 tuo
1549 2063 1728 2118 facere
1761 2061 2037 2133 disposui-

439 2173 602 2226 mus;
643 2159 772 2230 quia
818 2167 1026 2230 quanto
1057 2157 1254 2214 melius
1299 2157 1379 2211 tui
1423 2153 1710 2227 sanguinis
1753 2153 2036 2209 eil'usionis

427 2247 630 2323 ’[fartq
653 2249 953 2324 eﬂ'usoris],
975 2251 1252 2322 totiusque
1277 2247 1363 2304 sui
1387 2245 1602 2320 generis
1623 2255 1677 2302 et
1697 2246 1888 2318 patria:
1911 2260 2034 2300 mo-

434 2359 538 2398 res
565 2353 620 2398 et
642 2343 810 2398 vitam
842 2343 1066 2409 novisti,
1096 2351 1250 2396 tanto
1292 2341 1509 2406 melius,
1547 2339 1746 2416 quibus
1775 2337 1950 2393 modis
1983 2348 2038 2393 et

441 2437 651 2508 quibus
681 2433 866 2508 [forte,
888 2429 1076 2508 panis]
1099 2431 1314 2489 facilius
1335 2441 1582 2504 cogatur,
1615 2429 1902 2486 consulere
1933 2445 2034 2483 uo-

442 2527 532 2583 bis
561 2528 788 2598 poteris;
820 2535 882 2583 ut
906 2527 985 2582 tui
1015 2535 1070 2582 et
1103 2526 1339 2581 aliorum
1378 2525 1763 2595 episcoporum
1791 2521 2036 2577 infideles

447 2621 618 2690 liuius
652 2621 900 2690 exemplo
929 2618 1324 2689 deprimantur,
1357 2624 1413 2670 et
1441 2615 1577 2671 boni
1615 2629 1714 2685 spe
1755 2628 1866 2668 non
1897 2613 2037 2668 dila-

444 2710 604 2767 tandi
630 2711 768 2766 tanti
807 2719 862 2766 et
906 2709 1137 2766 inauditi
1172 2707 1394 2784 sceleris
1421 2707 1697 2763 lzetentur.
1745 2703 1902 2773 Quod
1951 2702 2036 2758 ia-

447 2818 598 2871 cere,
629 2811 686 2858 et
717 2802 878 2858 nobis
917 2801 1176 2869 scribere,
1214 2809 1270 2856 et
1311 2815 1380 2856 an
1412 2799 1626 2871 publice
1659 2798 1745 2854 vel
1782 2796 2038 2869 privatim

441 2909 554 2950 nos
573 2895 697 2952 haec
719 2894 854 2950 velis
877 2907 1155 2960 exercere,
1181 2907 1358 2963 usque
1381 2892 1450 2948 ad
1484 2889 1834 2946 festivitatem
1859 2887 2038 2946 sancti

447 2983 674 3045 Martini
707 3003 774 3042 ex
807 2984 1114 3042 obedientia
1139 2983 1396 3040 volumus
1427 2983 1633 3039 nullius
1653 2997 1820 3038 causa
1850 2981 2038 3036 dimit-

446 3087 556 3134 tas.
586 3078 671 3133 Ad
694 3094 758 3134 ea
789 3093 910 3150 quae
942 3076 1010 3132 de
1034 3091 1162 3148 rege
1190 3075 1479 3146 scripsisti,
1511 3075 1628 3131 haec
1659 3071 1918 3144 accipias.
1957 3069 2042 3126 Tu

451 3179 508 3226 et
527 3169 883 3226 dilectissima
910 3175 1096 3224 nostra
1142 3166 1250 3220 filia
1286 3166 1468 3238 Agnes
1511 3164 1851 3236 imperatrix,
1895 3161 2044 3234 quod

451 3277 580 3316 eum
607 3269 661 3316 et
683 3270 928 3316 sanctam
962 3259 1265 3313 Romanam
1292 3256 1592 3312 Ecclesium
1614 3255 1838 3326 diligere
1859 3252 2040 3327 [forte,

455 3351 771 3422 diligeritis,
793 3345 1018 3428 Ilium],
1047 3356 1104 3403 et
1139 3363 1242 3404 nos
1268 3363 1368 3418 pro
1405 3362 1490 3412 ea,
1527 3361 1596 3400 ex
1637 3344 1803 3417 longo
1835 3343 2044 3414 experti

455 3459 672 3511 sumus,
700 3442 782 3498 sic
802 3440 1038 3497 novistis
1060 3437 1193 3510 quid
1213 3438 1280 3494 de
1303 3453 1426 3510 rege
1453 3436 1707 3503 sentiam,
1725 3429 1857 3506 quid
1877 3435 2044 3490 etiam

457 3535 525 3590 de
556 3549 624 3590 eo
665 3533 850 3600 velim,
879 3541 941 3586 ut
977 3545 1139 3586 nemo
1167 3542 1236 3586 eo
1279 3525 1574 3583 mundanis
1603 3525 1858 3582 ditiorem
1887 3525 2046 3580 vobis

459 3627 658 3682 melius
683 3625 854 3698 (547).
879 3623 1122 3680 Novistis
1144 3621 1388 3694 quidem,
1421 3620 1468 3676 si
1504 3619 1642 3676 bene
1663 3618 1900 3674 fortasse
1931 3631 2046 3673 me-

459 3718 720 3782 ministis,
755 3733 919 3787 quam
951 3731 1096 3787 saepe
1126 3713 1349 3792 utrique
1381 3711 1613 3768 dixerim
1646 3711 1793 3782 quod
1823 3726 1890 3767 eo
1915 3709 2047 3766 reli-

460 3810 623 3882 gione
651 3810 979 3866 sanctiorem
1009 3808 1218 3862 nullum
1246 3807 1438 3861 vellem
1460 3805 1671 3870 vivere;
1708 3803 1810 3858 hoc
1839 3801 2048 3858 scilicet

463 3909 643 3956 mente
666 3907 882 3956 mecum
913 3915 1142 3956 versans
1167 3917 1180 3952 :
1215 3897 1272 3952 Si
1303 3895 1610 3968 cujuspiam
1641 3893 1836 3965 privati
1871 3901 1926 3949 et
1955 3892 2048 3948 ali-

461 3992 621 4064 cujus
644 3991 909 4064 principis
950 3989 1082 4046 boni
1133 4003 1339 4056 mores,
1369 3985 1479 4043 vita
1521 3995 1578 4042 et
1609 3985 1801 4057 religio
1845 3986 2045 4041 honori

463 4092 668 4140 saneta:
711 4081 972 4140 Ecclesiae
1009 4082 1254 4138 existant
1279 4087 1334 4136 et
1376 4086 1690 4150 augmento,
1735 4077 1867 4149 quid
1901 4077 2048 4134 illius

463 4175 558 4246 qui
587 4175 855 4246 laicorum
887 4183 972 4230 est
1004 4181 1190 4244 caput,
1227 4173 1324 4244 qui
1349 4187 1446 4246 rex
1476 4178 1582 4239 est,
1614 4177 1669 4226 et
1687 4167 1898 4237 Romae,
1933 4167 2048 4224 Deo

465 4257 760 4346 annuente,
791 4261 1012 4318 futurus
1045 4262 1378 4334 imperator?
1408 4259 1565 4328 Quod
1593 4257 1910 4331 religionem
1942 4258 2049 4314 sci-

465 4339 592 4412 licet
615 4339 858 4426 diligere,
881 4355 1060 4410 bonos
1079 4369 1146 4408 ex
1172 4353 1464 4408 dilectione
1491 4367 1618 4407 vera
1641 4351 1745 4406 sibi
1768 4349 2048 4418 adhibere,
2080 4375 2126 4430 ι)

467 4461 559 4501 res
610 4445 980 4501 Ecclesiarum
1035 4449 1388 4512 augmentare
1433 4449 1488 4494 et
1529 4438 1848 4503 defendere,
1891 4437 2051 4494 testis

471 4535 604 4591 mihi
623 4535 768 4592 Deus
785 4536 882 4603 ,sit,
909 4549 1036 4590 cum
1062 4533 1254 4586 Vellent
1275 4539 1329 4584 et
1349 4545 1416 4584 ex
1438 4539 1553 4583 toto
1577 4529 1741 4583 corde
1763 4536 2046 4598 optarem;

472 4627 618 4695 quod
649 4641 774 4679 eum
811 4625 947 4680 velle
979 4623 1136 4678 aliter
1169 4637 1278 4674 non
1304 4634 1588 4690 speramus
1635 4617 1741 4673 nisi
1779 4617 2050 4672 malorum

474 4711 700 4767 consilia
733 4720 794 4766 ut
815 4728 1085 4768 venenum
1128 4711 1280 4775 vitet,
1312 4710 1582 4762 bonorum
1611 4722 1758 4771 vero,
1790 4715 1850 4760 ut
1893 4706 2053 4760 nobis

473 4807 584 4875 jam
614 4804 843 4858 relatum
878 4813 982 4869 est,
1021 4802 1350 4872 acquiescat.
1394 4797 1472 4854 De
1493 4797 1784 4853 concordia
1813 4813 1942 4851 vero
1973 4797 2056 4850 iu-

477 4903 560 4948 ter
598 4889 899 4946 Romanam
943 4889 1242 4947 Ecclesiam
1289 4897 1343 4945 et
1387 4904 1535 4954 eum,
1563 4889 1607 4942 si
1652 4905 1778 4942 cum
1824 4887 2056 4942 utilitate

478 4980 763 5050 utriusque
786 4981 870 5036 vis
908 4982 1112 5051 aliquid
1145 4982 1454 5052 disponere,
1492 4980 1570 5034 sic
1597 4995 1802 5034 sumas.
1850 4977 2055 5033 Ducem

2130 449 2231 504 pro
2254 447 2334 498 re,
2371 440 2430 485 ut
2465 430 2570 504 sibi
2605 438 2662 484 et
2694 429 2792 484 tibi
2838 427 3070 484 Romam
3115 441 3226 480 non
3263 424 3334 504 sit
3361 425 3583 496 pigrum
3633 440 3733 479 ve-

2130 500 2272 588 nire,
2304 519 2398 574 ubi
2449 519 2516 575 de
2555 500 2861 577 concordia
2905 515 3168 572 Romana:
3207 503 3468 571 Ecclesiae
3495 523 3555 570 et
3581 514 3736 587 regis

2131 613 2415 668 vobiscum
2459 621 2515 668 et
2557 627 2684 667 cum
2730 609 3075 681 imperatrlce
3122 607 3230 664 filia
3261 617 3450 664 neStra
3481 606 3736 664 dilectis-

2132 701 2294 771 slma,
2331 711 2458 758 eum
2490 699 2739 756 Beatrice
2761 699 2948 768 etiam,
2988 714 3111 770 qua:
3145 697 3378 752 multum
3412 704 3469 752 et
3492 712 3643 768 saepe
3676 695 3737 752 in

2131 795 2240 852 hoc
2267 795 2458 850 eodem
2499 794 2788 862 laboravit,
2840 793 2924 848 sic
2969 791 3142 862 loqui,
3174 790 3254 846 sic
3311 789 3437 846 inde
3484 797 3738 846 tractare

2133 886 2458 956 poterimus,
2506 893 2569 941 ut
2627 901 2694 941 ex
2743 893 2898 956 parte
2946 891 3140 939 nostra
3191 881 3378 936 omnia
3422 893 3631 940 secura
3679 882 3739 935 εἶ

2132 979 2317 1049 quieta
2361 977 2476 1050 regi
2523 977 2812 1045 nuntietis,
2857 985 2942 1044 ut,
2996 975 3042 1031 si
3075 969 3296 1048 italiam
3341 987 3470 1028 eum
3521 973 3740 1028 intrare

2134 1069 2443 1142 contigerit,
2475 1069 2732 1126 universa
2756 1069 2811 1124 in
2835 1083 2970 1140 pace
3005 1067 3292 1123 invenerit.
3331 1064 3408 1120 Te
3442 1078 3580 1120 vero
3597 1079 3736 1120 cum

2133 1159 2405 1231 episcopis
2436 1158 2830 1231 Longobardia:
2878 1157 3028 1230 loqui
3081 1157 3217 1212 mibi
3263 1170 3373 1210 non
3423 1147 3733 1226 displicet:

2136 1266 2203 1304 ne
2221 1249 2382 1306 aliter
2404 1264 2536 1305 vero
2571 1265 2696 1305 cum
2733 1249 2840 1305 illis
2868 1247 3262 1310 communices,
3289 1244 3516 1316 penitus
3542 1243 3736 1316 provis-

2135 1340 2258 1396 deat
2281 1339 2578 1410 prudentia
2599 1347 2712 1395 tua.
2745 1333 2890 1406 Quid
2922 1353 3054 1394 vero
3079 1338 3146 1393 de
3181 1337 3290 1392 illis
3319 1333 3735 1406 disponendum

2137 1435 2227 1502 sit,
2261 1451 2385 1490 cum
2417 1434 2486 1490 ad
2513 1449 2616 1489 nos
2643 1433 2862 1490 veneris
2889 1429 3400 1488 determinabimus.

2209 1525 2345 1582 Data
2375 1525 2576 1598 Capuae
2607 1523 2864 1598 [Romae],
2897 1523 3156 1582 Kalendis
3183 1521 3544 1594 Septembris,
3579 1513 3734 1579 indi-

2137 1619 2318 1675 ctione
2353 1617 2698 1674 duodecima.

2671 1725 3009 1785 EPISTOLA
3046 1727 3189 1783 XXI.

2425 1836 2491 1876 AD
2519 1833 2800 1876 ANSELIUII
2823 1835 3095 1874 ιυοιιῖιεεεὶι
3125 1825 3438 1874 ΕΡΙΕΕΟΙὌΙΙ.

2729 1910 2912 1982 (Auno
2942 1909 3124 1980 1075.)

2209 1995 2293 2058 Ne
2314 2004 2677 2058 investituram
2700 2003 3034 2074 episcopatus
3055 2001 3120 2056 ab
3149 1999 3378 2056 Henrico
3400 2001 3658 2073 accipiat.

2207 2092 2833 2164 Gnsconwscpiscopus,
2849 2108 3040 2148 servus
3053 2107 3335 2150 servorum
3349 2091 3464 2157 Dei,
3477 2091 3737 2150 Assum

2138 2184 2232 2240 Dei
2276 2177 2449 2256 gratia
2485 2182 2813 2239 Lucensium
2862 2184 3036 2239 electo
3080 2183 3366 2256 episcopo,
3409 2184 3646 2241 salutem
3678 2196 3740 2242 et

2137 2273 2492 2346 apostolicam
2509 2268 2974 2328 benedictionem.

2207 2362 2474 2430 Quoniam
2491 2361 2884 2416 fraternitatem
2900 2371 3048 2416 tuam
3071 2361 3297 2419 sincera:
3307 2337 3596 2420 charitatis
3609 2362 3741 2418 alios

2137 2457 2227 2507 ctu
2249 2458 2304 2506 et
2322 2451 2612 2506 dileximus
2634 2459 2688 2505 ct
2706 2450 3004 2522 diligimus,
3027 2467 3149 2522 qum
3171 2452 3269 2508 tibi
3289 2468 3384 2508 seu
3403 2452 3610 2518 verbis,
3635 2458 3736 2508 seu

2138 2545 2334 2602 litteris
2353 2561 2518 2616 super
2548 2545 2781 2600 utilitate
2798 2544 2925 2599 vine
2951 2553 3056 2598 tua:
3085 2545 3324 2600 scribere
3354 2559 3642 2609 curamus,
3674 2553 3737 2596 ut

2059 2695 2064 2700 ,
2138 2635 2510 2691 indubitanter
2524 2634 2760 2705 accipias
2778 2639 3010 2704 oportet.
3027 2631 3252 2688 Uteuim
3269 2633 3408 2687 viam
3421 2649 3531 2704 qua
3545 2632 3741 2686 ambu-

2137 2726 2218 2782 les
2241 2725 2528 2798 postulasti
2552 2724 2650 2780 tibi
2673 2722 3104 2791 notiliearemus,
3128 2721 3332 2776 nullam
3357 2737 3585 2789 novam,
3609 2721 3738 2776 nul-

2138 2817 2247 2872 lam
2259 2815 2640 2887 expeditiorem
2663 2815 2868 2871 scimus
2886 2831 2950 2870 ea
2971 2829 3134 2886 quam
3149 2830 3324 2884 nuper
3333 2813 3614 2870 dilectioni
3629 2823 3738 2869 tum

2141 2907 2590 2981 significavimus,
2618 2905 2870 2962 videlicet
2909 2915 2960 2961 te
2989 2906 3058 2961 ab
3085 2904 3408 2960 investitura
3444 2905 3736 2976 episcopa-

2071 3031 2114 3089 ο
2145 3009 2234 3054 tus
2261 2998 2328 3054 de
2347 3013 2514 3054 manu
2536 2997 2684 3068 regis
2701 2996 3003 3064 abstinere,
3029 2995 3225 3062 donec,
3256 2995 3324 3051 de
3340 2995 3736 3051 communione

2147 3105 2273 3146 cum
2302 3086 2791 3144 excommunicatis
2837 3085 2950 3142 Deo
2994 3085 3356 3152 satisfaciens,
3396 3086 3565 3142 rebus
3597 3085 3738 3140 bene

2143 3177 2484 3247 compositis,
2515 3175 2802 3231 nobiseum
2815 3191 3006 3246 pacem
3033 3175 3206 3246 possit
3227 3175 3445 3230 habere.
3471 3171 3737 3228 Persona:

2143 3283 2381 3338 namque
2406 3268 2543 3323 tales
2572 3267 2678 3323 hoc
2717 3281 2856 3337 Opus
2898 3275 3173 3322 conantur
3194 3264 3477 3336 perficere,
3514 3265 3736 3320 charis-

2143 3359 2282 3416 sima
2329 3358 2520 3430 utique
2561 3359 2672 3413 filia
2704 3366 2893 3413 nostra
2923 3358 3104 3428 Agnes
3137 3357 3478 3428 imperatrix,
3514 3372 3734 3412 necnon

2141 3458 2198 3506 et
2228 3451 2465 3522 gloriosa
2507 3443 2720 3523 Beatrix
2762 3466 2888 3506 cum
2930 3449 3038 3506 filia
3084 3449 3360 3516 Mathildi;
3408 3447 3738 3521 Rodulphns

2065 3604 2068 3611 ι
2142 3557 2364 3612 quoque
2389 3541 2499 3597 dux
2523 3539 2754 3608 Suevire,
2783 3556 3019 3612 quorum
3047 3540 3300 3612 religiosa
3324 3541 3557 3597 consilia
3583 3557 3739 3612 sper-

2145 3646 2275 3688 nere
2307 3646 2408 3688 nec
2445 3645 2744 3703 possumus
2765 3645 2869 3686 nec
2889 3629 3171 3686 debemus.
3225 3627 3382 3698 Quod
3425 3630 3472 3686 si
3520 3629 3736 3700 praefati

2145 3721 2329 3792 operis
2380 3721 2644 3792 perfectio
2693 3720 3010 3776 dilationem
3061 3735 3390 3792 quacunque
3439 3719 3738 3774 occasione

2146 3813 2434 3884 contigerit
2467 3812 2689 3878 habere,
2723 3812 2928 3866 interea
2959 3823 3160 3868 nostra:
3187 3811 3546 3867 familiaritati
3577 3821 3736 3882 potc-

2149 3901 2224 3958 tis
2268 3903 2546 3958 adhatrere
2597 3899 2810 3969 Romae,
2851 3911 2906 3957 ct
2950 3902 3236 3958 nobiscum
3279 3918 3376 3958 seu
3427 3902 3732 3956 adversita-

2150 4004 2256 4051 tem
2289 4000 2386 4050 seu
2415 3995 2829 4065 prosperitatem
2853 3995 3279 4050 communicare.

2218 4086 2357 4143 Data
2400 4085 2603 4158 Capuae
2627 4085 2884 4142 Kalendis
2916 4085 3274 4156 Septembris,
3311 4086 3617 4142 indictione
3649 4087 3734 4140 in-

2149 4183 2382 4254 cipiente
2407 4181 2748 4238 duodecima.

2151 4253 3000 4396 Jusjurandumfdelitatis’quod
3023 4272 3147 4343 fecit
3171 4267 3470 4326 Riclzardus
3489 4272 3737 4341 princeps

2576 4344 2751 4396 omina
2771 4359 2866 4395 suo
2896 4342 3146 4396 Creaorio
3173 4358 3342 4396 Dante.

2576 4344 2751 4396 omina
2771 4359 2866 4395 suo
2896 4342 3146 4412 Gregorio
3172 4358 3342 4412 papw.

2221 4433 2336 4506 Ego
2358 4431 2665 4488 Ricbardus
2697 4431 2789 4486 Dei
2817 4432 2990 4502 gratia
3015 4441 3067 4487 et
3109 4429 3296 4486 Sancti
3341 4430 3486 4486 Petri
3533 4431 3738 4502 Capua:

2151 4529 2424 4598 princeps,
2458 4526 2528 4581 ab
2551 4526 2654 4580 bac
2678 4525 2814 4580 liora
2837 4534 2892 4579 et
2913 4525 3170 4595 deinceps
3189 4539 3286 4578 ero
3318 4523 3493 4577 ﬁdelis
3529 4532 3739 4578 sancue

2154 4619 2416 4674 Romanae
2433 4617 2690 4672 Ecclesia
2724 4625 2779 4671 et
2805 4616 3118 4686 apostolica:
3137 4615 3274 4681 sedi,
3305 4622 3361 4668 et
3383 4614 3482 4669 tibi
3509 4614 3740 4668 domino

2155 4726 2277 4765 meo
2297 4707 2560 4779 Gregorio
2593 4706 2889 4762 universali
2919 4703 3264 4779 [venerabili]
3285 4717 3458 4774 papae.
3511 4697 3574 4756 In
3603 4715 3740 4758 con-

2155 4801 2278 4856 silio
2305 4800 2388 4854 vel
2413 4799 2468 4852 in
2495 4797 2639 4852 facto
2671 4797 2814 4850 unde
2853 4797 3020 4850 vitam
3048 4805 3142 4850 aut
3167 4794 3475 4849 membrum
3515 4791 3741 4862 perdas,

2155 4893 2240 4947 vel
2273 4899 2466 4960 captus
2507 4889 2586 4944 sis
2625 4887 2768 4942 mala
2807 4887 3088 4958 captione,
3131 4900 3242 4940 non
3270 4897 3386 4940 cro.
3428 4882 3739 4937 Consilium

2157 4981 2302 5053 quod
2344 4980 2474 5051 mibi
2507 4979 2822 5042 credideris,
2851 4986 2905 5032 et
2933 4975 3331 5032 contradixeris
3349 4988 3421 5028 ne
3449 4973 3582 5027 illud
3622 4987 3744 5027 ma-

483 5073 776 5130 Rodulfum
813 5073 1246 5142 Longobardiam
1272 5074 1601 5126 intraturum
1639 5071 1693 5124 in
1741 5071 1844 5124 hoc
1882 5069 2060 5140 primo
2160 5071 2429 5136 uifestcm,
2478 5085 2588 5124 non
2652 5066 3012 5122 manifestabo
3041 5067 3108 5120 ad
3145 5075 3298 5119 tuum
3327 5064 3614 5124 damnum,
3655 5077 3745 5115 me

483 5167 800 5239 Septembre
853 5165 1183 5220 audivimus.
1239 5165 1448 5221 Ellicias
1509 5180 1639 5234 ergo
1687 5161 2059 5234 principaliter

2161 5163 2384 5218 sciente.
2431 5160 2647 5216 Sanctae
2689 5159 2951 5214 Romana:
2998 5156 3257 5212 Ecclesia:
3279 5155 3488 5224 tibique
3517 5153 3744 5223 adjutor
