3962 5348
212 310 312 365 M5

1314 317 1516 373 LIBER
1555 320 1832 379 PRIMUS.
1872 353 1937 362 ——
1962 319 2177 377 EPIS'I‘.
2212 321 2375 376 XXII.

3365 324 3471 379 506

208 437 297 477 ero
330 422 401 477 ad
430 422 739 479 tenendum
779 432 831 479 et
856 424 1244 496 acquirendum
1289 441 1343 485 et
1389 433 1786 489 defendendum
1821 448 1861 502 Α
1890 438 2073 491 carnis
2118 438 2482 491 mortitlcante
2532 437 2620 507 [f.,
2654 436 3112 509 mortiﬁcatione].
3165 439 3471 509 Spiritualis

206 513 398 584 regalia
436 516 626 571 sancti
664 514 805 570 Petri
827 516 1055 588 ejusque
1082 522 1461 589 possessiones
1512 534 1656 581 recta
1688 527 1790 584 dde

203 611 384 660 contra
404 619 612 662 omnes
647 604 918 673 homines,
941 614 997 663 et
1027 601 1297 680 adjuvabo
1330 620 1400 680 te,
1430 624 1491 669 ut
1516 631 1708 673 secure
1735 627 1790 674 et

201 691 501 749 honoriﬁce
531 703 729 750 teneas
756 705 1010 766 papatum
1032 696 1361 771 Romanum,
1380 713 1579 760 terram
1613 709 1788 763 sancti

200 784 364 851 Petri;
424 796 487 841 et
539 788 888 859 principatus
938 805 1038 846 nec
1084 791 1341 848 invadere
1380 812 1478 851 nec
1505 798 1788 868 acquirere

200 891 469 945 quaeram,
511 894 613 933 nec
658 880 824 934 etiam
863 879 1161 951 depraadari
1204 900 1530 953 praesumam
1580 889 1787 960 absque

200 978 280 1023 tua
306 977 653 1041 tuorumque
689 986 1089 1038 successorum,
1114 974 1209 1044 qui
1232 976 1300 1030 ad
1323 976 1585 1032 honorem
1612 981 1786 1036 sancti

196 1056 328 1112 Petri
365 1059 731 1126 intraverint,
763 1072 913 1116 certa
951 1062 1189 1130 licentia,
1216 1075 1412 1135 prmter
1438 1067 1593 1141 illam
1619 1084 1783 1138 quam

196 1156 244 1205 tu
271 1149 403 1202 mihi
434 1150 741 1216 concedes,
771 1152 854 1206 vel
888 1152 964 1207 tui
990 1155 1307 1210 concessuri
1336 1166 1464 1211 sunt
1494 1174 1781 1214 successo-

193 1253 289 1293 res.
314 1238 658 1296 Pensionem
683 1241 752 1296 de
780 1253 921 1297 terra
966 1244 1142 1300 sancti
1168 1244 1336 1314 Petri,
1374 1264 1538 1318 quam
1569 1266 1671 1322 ego
1701 1261 1782 1306 te-

192 1348 289 1387 neo
307 1341 364 1386 et
386 1333 614 1397 tenebo,
653 1334 799 1388 sicut
822 1344 1082 1391 statutum
1117 1347 1220 1406 est,
1252 1350 1396 1395 recta
1426 1342 1528 1396 [ide
1553 1345 1783 1400 studebo

194 1436 245 1477 it
271 1423 419 1479 illam
448 1434 647 1479 sancta
684 1424 931 1481 Romana
962 1430 1269 1484 annualiter
1298 1432 1499 1487 habeat
1518 1432 1778 1492 Ecclesia.

191 1511 383 1569 Omnes
419 1530 653 1585 quoque
687 1516 950 1573 ecclesias
974 1534 1096 1587 qua:
1118 1519 1173 1574 in
1206 1537 1325 1576 mea
1362 1523 1662 1595 persistunt
1683 1526 1783 1582 do~

194 1605 508 1669 minatione,
532 1621 667 1659 cum
710 1621 900 1662 earum
938 1610 1398 1677 possessionibus,
1425 1614 1694 1671 dimittam
1725 1617 1781 1673 in

190 1706 327 1754 uiam
359 1705 723 1773 potestatem,
760 1704 815 1749 et
839 1696 1097 1752 defensor
1122 1699 1338 1755 illarum
1380 1705 1581 1759 cro‘ad
1610 1706 1781 1760 ﬁdeli-

1890 526 2089 596 quippe
2111 527 2235 581 vita:
2264 528 2311 582 si
2337 525 2569 593 fueritis,
2594 527 2907 583 hiereditate
2927 528 3146 597 quidem
3175 530 3327 599 regni
3352 529 3470 599 ejus

1891 615 1947 671 in
1966 624 2230 672 aeternum
2257 625 2313 671 ut
2344 617 2438 671 lilii
2468 616 2745 685 fruemini,
2779 618 3094 675 coheredes
3114 619 3342 684 Christi,
3371 619 3470 675 hae-

1890 707 2045 762 redes
2068 722 2199 762 vero
2222 706 2334 762 Dei.
2364 706 2519 763 Unde
2539 722 2756 763 omnem
2779 709 3066 775 malitiam,
3094 710 3471 765 simulationes

1887 807 1943 854 et
1988 798 2220 856 invidias
2245 840 2260 864 ,
2305 814 2607 870 omnesque
2651 801 3019 858 detractiones
3059 816 3161 857 vos
3200 803 3473 871 deponere

1888 886 2129 944 fraterna
2161 888 2432 944 charitate
2485 891 2746 945 commoti
2802 891 3180 947 admonemus.
3236 892 3294 947 Si
3339 892 3472 962 quid

1887 991 2069 1036 autem
2107 981 2374 1052 contingit
2416 982 2557 1036 inter
2604 998 2759 1037 arma
2813 981 3213 1039 Saracenorum
3249 983 3469 1053 positis,

1886 1072 2053 1127 nolite
2082 1087 2418 1142 pavescere;
2475 1073 2568 1128 sed
2613 1073 3051 1144 quotiescunque
3097 1089 3197 1144 pro
3246 1073 3471 1130 Christo

1885 1161 2155 1231 patimini,
2185 1162 2436 1233 gaudete,
2463 1171 2520 1221 ut
2558 1163 2612 1218 in
2650 1163 2947 1219 adventum
2967 1164 3153 1235 gloriae
3185 1164 3306 1235 ejus
3328 1180 3470 1235 gau-

1883 1251 2058 1307 deatis
2080 1252 2434 1308 exsultantes.
2480 1251 2681 1309 Fidelis
2710 1254 2928 1323 quidem
2969 1261 3053 1308 est
3080 1269 3266 1311 sermo
3314 1272 3326 1308 :
3363 1253 3489 1319 Qui.

1883 1346 2159 1400 suscitavit
2178 1344 2382 1413 Iesum,
2405 1346 2685 1400 suscitabit
2706 1356 2756 1400 et
2779 1363 2866 1402 vos
2893 1345 3064 1415 (Rom.
3090 1345 3231 1416 vm),
3255 1346 3301 1400 si
3323 1362 3473 1401 mor—

1884 1434 1963 1489 tui
1999 1451 2165 1489 carne
2192 1436 2427 1502 fueritis,
2458 1436 2569 1491 vita
2598 1452 2728 1491 vero
2762 1436 2857 1491 Dei
2891 1435 3097 1506 Spiritu
3135 1437 3193 1492 in
3235 1436 3479 1491 adventu

1884 1541 1985 1582 suo
2020 1526 2119 1581 ‘ad'
2152 1528 2341 1598 gloria:
2388 1543 2503 1583 suae
2551 1528 3129 1585 communicationem.
3178 1526 3472 1584 Incliabilis

1881 1616 2049 1685 igitur
2070 1617 2255 1687 gloriae
2296 1633 2390 1688 spe
2426 1626 2536 1672 tam
2571 1618 2714 1671 ﬁdeli
2736 1618 3075 1688 promissore
3108 1617 3468 1681 conﬁdentes,

1882 1706 2125 1760 membra
2150 1716 2331 1760 vestra
2369 1708 2723 1773 mortilicate;
2758 1715 2991 1762 mortem
3032 1705 3239 1761 ChriSti
3282 1706 3467 1761 cordi-

190 1799 341 1849 tatem
365 1800 579 1847 sancte
602 1790 870 1847 Romanie
900 1792 1173 1851 Ecclesiae.
1210 1795 1341 1868 Regi
1368 1815 1498 1853 vero
1521 1798 1776 1863 Henrico,
1811 1791 1853 1846 Β
1880 1797 1981 1851 bus
2005 1796 2201 1855 vestris
2223 1797 2449 1867 inﬁgite,
2493 1796 2722 1853 adversa
2752 1798 2936 1855 omnia
2979 1812 3081 1866 pro
3104 1811 3173 1851 eo
3196 1795 3310 1867 pati
3333 1811 3469 1865 gau-

190 1895 301 1933 cum
333 1896 366 1933 a
390 1892 445 1934 te
480 1879 625 1953 [uta
659 1880 735 1953 te]
773 1883 1089 1941 admonitus
1127 1885 1303 1954 fuero,
1337 1890 1421 1944 vel
1456 1908 1485 1944 a
1515 1891 1624 1949 tuis
1655 1908 1775 1946 διιο-
1880 1885 2033 1949 dcte,
2077 1886 2361 1940 credentes
2402 1902 2527 1943 cum
2582 1886 2842 1956 Apostolo
2891 1902 2993 1940 non
3032 1902 3142 1940 esse
3175 1885 3483 1955 condignas

190 1972 515 2035 cesset-ibus,
548 1974 757 2042 juraho
790 1974 1147 2046 ﬁdelitatem;
1196 1981 1347 2036 salva
1393 1991 1575 2037 tamen
1614 1984 1780 2039 fideli—
1878 1976 2148 2043 Ραδδὶοηεδ
2179 1976 2334 2046 hujus
2377 1978 2626 2046 temporis
2655 1977 2725 2031 ad
2750 1977 3002 2047 futuram
3044 1977 3306 2048 gloriam,
3348 1992 3469 2047 qua:

191 2071 287 2116 tate
310 2073 524 2119 sanctae
556 2063 827 2120 Romana:
862 2065 1135 2124 Ecclesiae.
1181 2068 1247 2124 Et
1270 2071 1320 2127 si
1347 2080 1404 2127 tu
1429 2074 1515 2128 vel
1550 2074 1626 2128 tui
1652 2090 1775 2131 suc-

1879 2066 2196 2121 revelabitur
2223 2068 2280 2121 in
2301 2067 2450 2122 nobis
2488 2067 2662 2140 (Rom.
2687 2067 2829 2137 vm).
2869 2067 3039 2123 Rixas
3073 2082 3206 2138 ergo
3237 2074 3294 2123 et
3327 2081 3465 2124 con-

189 2166 421 2208 messores
449 2164 584 2209 ante
610 2170 701 2209 me
719 2170 787 2210 ex
814 2156 918 2211 hac
948 2158 1056 2213 vita
1088 2160 1460 2232 migraverint,
1476 2167 1791 2225 secundum
1876 2158 2149 2215 tentiones
2175 2167 2236 2213 ut
2274 2173 2541 2213 venenum
2580 2158 2765 2217 vitate.
2814 2156 3147 2216 Humilitatis
3187 2158 3464 2231 discipuli,

189 2243 319 2313 quod
346 2246 602 2303 monitus
624 2245 837 2301 fueroa
861 2249 1179 2311 melioribus
1201 2252 1570 2314 cardinalibus
1590 2257 1776 2312 etcle—
1854 2249 2239 2304 'llumililatt‘m
2276 2250 2510 2316 induite;
2548 2249 2752 2306 Christi
2796 2251 2971 2307 vicem
3015 2265 3180 2321 super
3219 2265 3318 2307 vos
3361 2251 3463 2307 ha-

190 2337 303 2392 ricis
342 2337 621 2394 Romanis
664 2351 731 2395 ει·
763 2341 937 2409 laicis,
975 2345 1245 2414 adjuvabo
1290 2358 1347 2402 ιιι
1381 2366 1518 2419 papa
1544 2351 1775 2421 eligam-
1875 2340 2023 2394 benti
2045 2355 2112 2395 ex
2142 2340 2326 2396 debito
2351 2340 2566 2402 obedite
2598 2360 2610 2395 :
2638 2341 2889 2411 consilia,
2919 2341 3324 2411 admonitiones
3343 2342 3471 2413 ejus

188 2441 234 2484 et
260 2432 552 2487 ordinetur
593 2434 661 2488 ad
699 2420 964 2490 honorem
1009 2440 1184 2493 sancti
1229 2439 1392 2495 Petri.
1440 2441 1564 2497 llaec
1589 2420 1772 2501 omnia

1875 2447 2005 2485 vero
2033 2447 2221 2487 amore
2254 2433 2508 2502 amplecti
2554 2433 2836 2501 insudate;
2883 2434 3122 2493 scientes
3166 2450 3293 2491 cum
3336 2434 3487 2505 sibi...

189 2524 554 2593 suprascripta
601 2525 910 2582 observabo
952 2539 1159 2584 sancta:
1201 2528 1461 2587 Romana:
1493 2532 1767 2603 Ecclesiae,

1875 2521 2092 2576 Christo
2114 2523 2262 2595 [cum
2286 2523 2405 2594 ipso
2427 2523 2673 2591 Christo;
2697 2524 2941 2598 fortegut
2963 2525 3205 2590 Christo,
3236 2524 3465 2597 Hum},

186 2610 341 2667 ettibi
376 2622 534 2675 recta
572 2615 705 2682 ﬁde;
739 2617 958 2673 ethanc
988 2618 1299 2675 ﬁdelitatem
1326 2623 1629 2683 observabo
1660 2627 1769 2682 tuis

1875 2611 1964 2682 qui
1996 2628 2096 2682 pro
2117 2613 2273 2668 vobis
2295 2629 2492 2683 passus
2518 2622 2623 2680 est,
2650 2613 2984 2679 obedieritis,
3017 2615 3137 2684 ejus
3162 2628 3292 2669 vero
3319 2630 3433 2684 pra:

188 2702 593 2758 successoribus
616 2704 685 2758 ad
724 2707 989 2763 honorem
1022 2710 1198 2764 sancti
1234 2710 1377 2766 Ροιιοί
1404 2714 1690 2782 ordinaris,
1721 2717 1771 2772 si
1869 2704 2191 2773 dicationes,
2208 2705 2413 2776 judicia
2438 2706 2603 2760 etiam
2622 2722 2755 2761 ,cum
2779 2706 3149 2776 susceperitis,
3180 2707 3467 2761 Christum
3532 2776 3539 2782 θ

190 2791 307 2844 mihi
328 2792 559 2850 ﬁrmare
589 2796 875 2855 voluerint.
900 2800 1280 2859 investituram
1316 2821 1348 2861 a
1379 2814 1430 2860 te
1461 2808 1593 2861 mihi
1630 2824 1765 2864 con-

1875 2809 1965 2861 per
1990 2796 2175 2849 omnia
2206 2796 2545 2865 suscipietis;
2582 2795 2658 2851 ait
2692 2796 2839 2853 enim
2886 2815 2897 2849 :
2944 2795 3048 2861 Qui
3094 2813 3186 2877 vos
3213 2797 3459 2865 suscipit,

189 2900 399 2940 cessam.
1868 2901 1949 2938 me
1983 2887 2241 2956 suscipit;
2283 2888 2374 2957 qui
2410 2904 2496 2940 vos
2542 2889 2779 2957 spernit,
2827 2904 2906 2940 me
2937 2889 3133 2956 spernit
3176 2887 3339 2959 (Luc.
3376 2887 3458 2956 ιι),

247 2974 433 3031 Actum
473 2977 682 3051 Capua:
728 2997 826 3037 vni
862 2981 1121 3042 Kalendis
1156 2984 1441 3057 Octobris,
1470 2988 1767 3050 indictione
1866 2975 2038 3047 Amer
2066 2992 2192 3030 "em
2224 2977 2270 3032 Si
2308 2975 2565 3043 feceritis,
2595 2977 2648 3031 in
2690 2976 2969 3032 Christum
3009 2977 3266 3046 Ρεεεθιίδ,
3301 2977 3463 3031 CMF

191 3064 515 3129 duodecima,
1804 3126 1837 3136 ᾗ
1870 3074 2017 3121 stum
2040 3065 2318 3134 spernitis,
2344 3065 2549 3121 Christi
2579 3065 2831 3136 discipuli
2862 3082 2984 3121 esse
3005 3066 3274 3121 desinitis.
3312 3066 3462 3136 A110:

699 3160 1041 3223 EPISTOLA
1080 3166 1246 3223 XXII;
1796 3126 1838 3185 ε
1872 3157 2014 3212 Stolo
2055 3126 2331 3226 resistitis,
2365 3159 2458 3228 qui
2483 3158 2598 3213 ait:
2636 3126 2822 3219 Omnis
2852 3159 3033 3212 anima
3056 3126 3458 3212 sublimiorilms

680 3270 752 3309 AD
789 3271 1274 3315 CARTHACISENSES.

768 3345 952 3415 (Anno
988 3349 1172 3421 1075.)

195 3424 438 3518 Hortatur
467 3435 821 3518 utndeponant
846 3438 1181 3518 itiimifitias,
1214 3444 1575 3518 patienterque
1596 3449 1769 3518 [erant

252 3504 464 3584 impetus
515 3504 934 3587 seruaueram.
980 3504 1256 3587 Quteritur
1295 3516 1435 3583 quod
1484 3504 1769 3587 Cyriacum

249 3577 543 3659 episcopum
565 3577 791 3659 injuriis
819 3577 1408 3659 a/{eceriuLﬂortdtur
1430 3587 1500 3640 ad
1523 3577 1773 3658 paeniten-

244 3647 401 3709 tiam;
457 3647 542 3701 sin
586 3649 790 3717 minus,
831 3651 1069 3705 minatur
1115 3652 1229 3709 illis
1263 3647 1766 3715 excommunicatio-

250 3728 358 3767 nem
366 3756 379 3769 .

251 3801 551 3881 Caesonius
571 3809 908 3881 episcopus,
946 3827 1136 3869 servus
1170 3812 1455 3871 servorum
1478 3818 1595 3887 Dei,
1619 3820 1793 3877 clero.

193 3902 240 3950 et
259 3899 389 3968 plebi
402 3902 746 3961 Christianae
767 3904 1190 3979 Carthaginensi
1214 3910 1446 3967 salutem
1470 3920 1775 3985 etaposto:

194 3986 335 4045 licam
364 3992 853 4056 benedictionem.
1408 4060 1413 4065 .

254 4080 432 4141 Gratia
456 4087 615 4143 vobis
646 4096 706 4142 et
740 4104 850 4159 pax
888 4105 919 4157 a_
963 4089 1092 4147 Deo-
1115 4091 1275 4150 Patre
1313 4095 1524 4153 etJesu
1548 4096 1771 4154 Christo

194 4168 315 4227 Filio
342 4176 464 4246 ejus
489 4178 679 4246 unico,
705 4178 1076 4250 quigratuita.
1099 4185 1472 4243 misericordia
1500 4205 1599 4245 vos
1629 4204 1771 4244 con-

193 4259 410 4321 formare
444 4267 500 4323 in
532 4284 742 4323 novum
774 4270 1053 4328 hominem
1089 4274 1145 4329 in
1188 4276 1275 4331 sui
1312 4279 1601 4349 sanguinis
1632 4278 1771 4336 ellu-

195 4353 331 4425 sione
349 4358 609 4431 dignatus
632 4369 749 4427 est;
780 4362 869 4418 cui
893 4365 1073 4421 semel.
1087 4367 1227 4422 mori
1256 4374 1324 4422 et
1340 4384 1625 4440 resurgere
1645 4369 1765 4439 pla-

1871 3250 2219 3325 potestatibus
2244 3250 2456 3305 subdita
2487 3251 2557 3305 sit
2608 3249 2780 3320 (Rom.
2812 3250 3117 3321 xui).~Cum
3145 3266 3275 3323 ergo
3303 3267 3463 3305 mun-

1870 3340 2029 3396 danis
2080 3342 2444 3411 potestatibus
2501 3341 2721 3401 obedire
2775 3342 3091 3421 praedicavit
3135 3341 3455 3413 Apostolus,

1870 3445 2078 3507 quanto
2120 3435 2297 3507 magis
2346 3435 2743 3505 spiritualibus,
2789 3445 2844 3490 et
2876 3436 3051 3492 vicem
3085 3435 3291 3492 Christi
3316 3437 3463 3491 inter.

1869 3512 2215 3579 Christianos
2250 3525 2614 3581 habentibus?
2664 3524 2817 3593 Hmc,
2865 3526 2959 3588 ﬁlii
2992 3527 3325 3593 charissimi,
3360 3543 3458 3597 ge—

1871 3629 2028 3685 mens
2054 3616 2255 3686 cogito,
2284 3615 2419 3677 ﬂens
2450 3616 2651 3685 scribo,
2679 3617 2865 3677 dolore
2907 3606 3090 3672 cerdis
3136 3618 3329 3675 intimo
3362 3634 3456 3679 vo-

1764 3762 1769 3771 ,
1869 3705 1955 3766 bis
1988 3707 2166 3761 mitto.
2211 3706 2464 3762 Pervenit
2492 3708 2692 3779 quippe
2717 3707 2784 3762 ad
2817 3723 2980 3763 aures
3009 3718 3248 3775 nostras,
3281 3723 3463 3777 quos:

1868 3799 1995 3859 dam
2017 3808 2257 3855 vestrum
2290 3802 2591 3873 irreligiose
2620 3802 2675 3856 in
2704 3803 2875 3872 legem
2900 3801 3102 3858 Christi
3131 3802 3230 3874 [et]
3261 3811 3469 3859 contra.

1868 3888 2170 3959 Christum,
2195 3890 2484 3963 Cyriacum
2517 3891 2882 3953 venerabilem
2909 3890 3135 3949 fratrem
3177 3900 3453 3961 nostrum,

1867 3966 2110 4033 vestrum
2153 3994 2283 4033 vero
2331 3979 2801 4050 archiepiscopum
2844 3989 2900 4035 et
2946 3981 3302 4052 magistrum,
3342 3981 3450 4041 imo

1868 4082 1999 4123 vero
2038 4067 2206 4122 vestri
2257 4066 2534 4122 Christum
2592 4068 2736 4142 apud
2791 4067 3094 4125 Saracenos
3156 4069 3235 4131 sic
3284 4083 3453 4123 accu-

1869 4173 2060 4224 sasse,
2074 4157 2271 4228 jurgiis
2305 4157 2660 4217 detractionis
2685 4159 2764 4212 sic
2784 4159 3074 4227 lacerasse,
3094 4167 3173 4223 ιιι
3204 4160 3347 4212 inter
3367 4158 3467 4212 la—.

1866 4256 2053 4305 trones
2088 4257 2506 4317 numer-aretur,
2543 4250 2861 4306 verberibus
2913 4251 3093 4315 nudus
3126 4250 3446 4310 caederetur.

1867 4336 1912 4393 Ο
1947 4339 2256 4417 exemplum
2304 4337 2553 4410 iniquum
2578 4381 2594 4407 ,
2642 4339 2811 4395 vestri
2848 4347 2921 4409 et,
2947 4339 3214 4407 universae
3250 4346 3453 4393 sanctae

193 4446 309 4513 cuit,
342 4429 537 4528 ut'vos
577 4468 751 4508 carne
794 4455 1167 4524 mortiﬁcaret,
1204 4459 1401 4529 spiritu
1429 4429 1562 4516 vero
1592 4429 1767 4519 viviti-
1797 4430 2432 4533 ηεξθιθδίξθιάῗίίθθθτίδ
2461 4431 2805 4533 _e“?f"l{‘“¥“,’
2849 4430 3102 4533 isms
3132 4429 3467 4533 llam?“

196 4547 324 4592 caret
345 4549 400 4594 et
429 4540 542 4596 Deo
567 4541 837 4615 oll‘errct;_
863 4545 1025 4616 cujus
1074 4548 1152 4602 rei
1207 4550 1581 4606 testimonium
1612 4560 1766 4621 petra

197 4641 339 4698 super
369 4649 537 4703 quam
574 4635 696 4709 ipse
725 4637 1014 4694 aediﬁcavit
1048 4640 1198 4696 dedit
1238 4642 1428 4699 dicens
1467 4662 1480 4697 :
1521 4642 1765 4699 Christus

198 4725 347 4778 semel
361 4744 456 4796 pro
490 4730 728 4798 peccatis
779 4733 976 4786 nostris
1014 4743 1252 4789 mortuus
1290 4744 1368 4793 est
1394 4777 1409 4802 ,
1444 4737 1626 4805 justus
1670 4753 1766 4807 pro

198 4812 429 4887 injustis,
478 4830 537 4875 ut
585 4838 681 4877 nos
724 4823 936 4892 offerret
982 4822 1091 4885 Deo
1115 4867 1130 4891 ,
1168 4828 1516 4896 mortiﬁcatos
1556 4829 1766 4899 quidem

200 4915 353 4966 Carne.
392 4909 689 4979 riviﬁcatos
731 4920 910 4970 autem
944 4914 1140 4982 spiritu
1173 4915 1343 4984 (Petr.
1383 4917 1487 4986 ιιι).
1536 4916 1612 4973 De
1655 4933 1778 4987 quo

202 4994 341 5051 etiam
375 4999 481 5057 hoc
517 5003 685 5057 modo
731 5001 1029 5073 Apostolus
1076 5024 1089 5059 :
1138 5006 1384 5061 Tradidit
1431 5009 1767 5078 semetipsum

202 5101 280 5151 pro
303 5092 443 5147 nobis
479 5093 800 5150 oblationem
825 5104 876 5151 et
912 5094 1142 5151 hostium
1176 5098 1286 5154 Deo
1308 5101 1364 5153 in
1387 5100 1598 5155 odorem
1632 5118 1763 5155 sua-

205 5179 360 5235 ritatis
401 5183 619 5254 (Ep/tes.
652 5185 739 5257 v);
773 5195 830 5241 et
878 5185 1025 5239 idem
1082 5190 1211 5244 alibi
1256 5210 1268 5244 :
1308 5190 1552 5245 Christus
1589 5191 1763 5260 factus

203 5276 265 5317 est
287 5286 374 5337 pro
395 5273 543 5327 nobis
565 5275 809 5331 obediens
834 5291 1001 5345 usque
1029 5278 1098 5331 ad
1125 5290 1344 5339 mortem
1383 5279 1642 5348 (Philipp.
1679 5283 1760 5348 ιι).

1868 4521 2035 4591 pitur,
2071 4519 2227 4578 falsis
2252 4513 2665 4579 accusatoribus
2692 4530 2761 4601 et‘
2778 4521 3009 4593 testibus
3032 4520 3471 4589 condemnatur”

1867 4612 2009 4667 inter
2028 4613 2269 4677 latrones
2295 4622 2611 4695 numeratus
2642 4613 2960 4696 verberibus
2983 4612 3227 4669 caeditur.
3262 4612 3309 4668 A
3333 4614 3467 4687 qui-.

1866 4701 2009 4757 bus?
2032 4699 2135 4768 Qui
2158 4701 2277 4771 ejus
2309 4701 2566 4761 dicuntur
2595 4703 2816 4759 credere
2842 4702 3295 4771 incarnationem,
3331 4703 3451 4774 ejus

1866 4792 2029 4848 etiam
2061 4782 2308 4851 venerari
2353 4776 2665 4872 passionem
2690 4836 2705 4860 ,
2758 4800 3064 4872 caeteraque
3104 4793 3231 4863 ejus
3262 4803 3452 4867 sancta

1868 4882 2127 4955 mysteria
2155 4868 2557 4955 ﬁdeamplccti.
2609 4872 2974 4966 Estnesuper
3003 4868 3091 4941 his
3115 4886 3405 4957 tacendum
3429 4889 3453 4938 ?

1867 4988 1937 5026 an
1959 4972 2326 5053 clamandum,
2350 4983 2403 5027 et
2425 4972 2548 5027 ﬂetu
2578 4973 3007 5053 corrigendum?
3032 4972 3448 5046 Scriptumest;

1868 5063 2079 5131 Clama,
2103 5080 2165 5116 ne
2183 5050 2347 5122 cesses
2373 5063 2509 5142 (Isa.
2528 5066 2707 5139 Lvm).
2734 5065 2872 5121 Alibi
2898 5050 3408 5142 etiampraaccptum
3437 5086 3449 5120 :

1871 5150 1996 5206 Nisi
2017 5154 2412 5207 aunuutiaveris
2446 5140 2631 5225 iniquo
2668 5158 3003 5227 iniquitatem
3037 5136 3210 5225 suam,
3238 5158 3453 5228 sangui—

1868 5264 1984 5326 nem
2017 5240 2131 5316 ejus
2163 5246 2227 5299 de
2265 5232 2426 5307 "ialm
2471 5255 2563 5300 tua
2616 5252 2882 5326 requiram
2920 5236 2953 5323 ¹(
2978 5231 3170 5306 Esech.
3209 5264 3383 5305 χχχιιι
3406 5248 3459 5317 )..
