3962 5348
228 346 337 410 599

777 454 1108 512 EPISTULA
1158 454 1247 508 XX
1262 455 1320 509 ν.

536 591 609 630 ιιι
643 587 1065 628 ηεαωιιιλωυι
1098 587 1552 629 ιιι-ῖωοωκεκεειι.

849 683 1031 754 (Anno
1065 682 1248 751 μηδ.)

236 796 449 853 Narrat
496 784 853 847 Normannos
885 793 940 846 in
970 791 1192 846 dissidio
1224 808 1575 861 perseverare,
1605 801 1655 847 et
1692 793 1837 848 Hen-

300 868 485 921 ricsm
517 879 703 933 regem
740 863 948 933 litteras
983 861 1304 933 humilitatis
1337 863 1521 932 plenas
1552 864 1621 933 ad
1654 880 1708 917 se
1730 866 1835 917 mi-

298 938 459 998 sisse,
498 931 609 993 nec}
637 950 695 987 se
727 934 801 989 de.
834 931 1094 1002 Beatricis
1127 941 1178 986 et
1220 931 1345 1001 ejus
1369 932 1500 1002 ﬁlim
1555 932 1835 993 Mathildis

303 1006 569 1076 religione
606 1001 1170 1076 dstoitare.__l_'lortatur
1195 1013 1251 1056 ut
1274 1001 1375 1074 pro
1395 1003 1697 1073 defensione
1730 1004 1835 1061 lio-

299 1071 483 1129 marise
505 1073 761 1129 ecclesia:
786 1071 1014 1125 ririliter
1046 1079 1189 1142 agat.

300 1186 632 1250 Caesonius
657 1182 1188 1252 episc0pus,_servus
1214 1196 1499 1239 servorum
1533 1181 1651 1251 Dei,
1691 1182 1835 1238 Hea-

228 1292 513 1340 uusuoo
527 1272 1121 1355 Mediolanensimiliti
1143 1272 1376 1336 salutem
1397 1283 1453 1333 et
1476 1275 1834 1348 apostolicam

231 1364 714 1421 benedictionem.
858 1416 862 1427 ,

302 1456 458 1511 Sciat
480 1453 908 1525 prudentiatua
944 1469 1082 1522 nos,
1099 1452 1210 1510 Deo
1243 1454 1561 1524 miserante,
1578 1471 1761 1529 sanos
1779 1465 1839 1517 et

232 1547 411 1616 lgetos,
465 1561 584 1603 non
644 1545 772 1601 sine
818 1561 1016 1616 magna
1050 1554 1251 1602 sancta:
1296 1543 1552 1602 Ecclesia:
1600 1547 1834 1613 utilitate

233 1634 375 1713 apud
411 1632 674 1705 Capuam
727 1634 1022 1690 demorari.
1060 1633 1195 1689 Nam
1243 1632 1572 1704 Normanni,
1615 1636 1711 1708 qui
1764 1637 1832 1691 ad

233 1723 630 1781 confusionem
683 1731 743 1779 et
800 1724 1103 1794 periculum
1152 1723 1466 1797 reipublicae
1515 1732 1570 1780 et
1629 1736 1832 1783 sanctae

1328 343 1529 399 LIBER
1567 345 1842 400 PRIMUS.
1884 377 1944 384 η
1978 345 2196 402 EPIS'I‘.
2235 344 2447 401 XXVII:

1864 462 1911 518 Α
1936 468 2132 515 vestra:
2154 458 2589 530 interrogationi,
2615 456 2737 512 aliis
2761 456 2891 527 quia
2919 456 3110 511 intenti
3139 473 3352 523 sumus,
3376 472 3517 527 pau-

3408 343 3514 402 516

1937 553 2020 608 cis
2063 551 2392 621 respondere
2431 549 2796 619 disponimus.
2835 545 2909 602 De
2948 548 3115 603 sociis
3156 548 3339 617 itaque
3373 547 3533 604 illius.

1937 642 2417 708 excommunicati,
2442 641 2537 711 qui
2581 648 2801 711 accepta
2827 639 3057 710 pecunia
3092 640 3160 695 ad
3202 656 3301 695 vos
3340 640 3521 695 redire

1936 733 2147 799 volunt,
2181 740 2236 787 et
2270 731 2336 787 de
2373 730 2499 785 ﬁliis
2529 746 2765 800 quorum
2800 738 3002 799 patres,
3041 739 3137 784 aut
3172 729 3238 785 de
3273 728 3520 798 patribus

1938 837 2176 894 quorum
2220 820 2317 875 ﬁlii
2354 819 2463 890 ipsi
2504 818 2796 875 Gotefredo
2835 819 3296 883 anathematizato
3333 821 3520 876 adhae-

1936 921 2078 980 rent,
2114 920 2277 982 atque
2301 912 2367 965 de
2404 910 2472 964 iis
2502 925 2740 983 quorum
2775 910 3179 974 correctionem
3203 910 3323 965 sine
3352 925 3520 982 pecu-

1936 1004 2041 1060 niae
2071 1004 2425 1060 attributione
2460 1000 2579 1056 ﬁeri
2618 1018 2731 1057 non
2764 1001 2963 1069 vultis,
2989 1017 3119 1072 erga
3152 1017 3293 1072 quos
3334 1011 3527 1065 tamen

1934 1097 2230 1150 clementes
2258 1110 2358 1149 vos
2383 1093 2617 1149 existere
2639 1109 2950 1158 monemus,
2970 1094 3015 1148 si
3041 1094 3134 1163 qui
3158 1102 3353 1149 vestrae
3381 1095 3525 1164 parti

1936 1199 1994 1239 se
2030 1184 2302 1254 applicare
2343 1183 2602 1255 cupiunt,
2633 1192 2831 1239 vestrae
2868 1183 3190 1254 prudentiae,
3234 1193 3294 1239 ut
3326 1184 3527 1241 melius

1934 1274 2088 1330 scitis
2139 1284 2193 1329 et
2227 1274 2452 1343 valetis,
2492 1274 2896 1344 disponendum
2940 1274 3354 1331 committimus.
3393 1272 3527 1341 Qui-

1933 1377 2152 1434 cunque
2202 1371 2385 1418 autem
2437 1362 2638 1417 horum
2681 1362 2888 1419 erroris
2934 1362 3021 1417 sui
3068 1363 3398 1432 pcenitentcs
3456 1362 3528 1417 ad

1932 1468 2035 1509 nos
2068 1454 2256 1508 venire
2275 1452 2499 1509 remedii
2524 1452 2698 1523 gratia
2724 1452 3176 1520 desideraverint,
3212 1452 3445 1523 benigne
3466 1469 3525 1510 se

1932 1546 2136 1615 suscipi
2157 1554 2320 1616 atque
2347 1544 2776 1601 misericorditer
2822 1546 3047 1601 tractari
3088 1546 3364 1602 noverint.
3398 1545 3525 1615 Epi-

1933 1652 2129 1706 scopos
2155 1646 2419 1715 prieterea
2451 1636 2737 1692 inimicum
2766 1645 3009 1693 vestrum
3031 1636 3225 1693 fulcire
3259 1645 3526 1693 conantes

1934 1742 2047 1781 non
2096 1726 2330 1781 multum
2376 1727 2667 1795 metuatis,
2706 1718 2833 1782 eum
2883 1726 3101 1782 Beatrix
3148 1742 3213 1781 ac
3253 1726 3363 1781 ﬁlia
3404 1726 3526 1797 ejus

235 1814 497 1871 Ecclesia:
544 1829 728 1869 unum
786 1812 905 1867 ﬁeri
953 1814 1389 1891 meditabantur,
1437 1816 1494 1870 in
1553 1818 1837 1887 perturbae
1871 1799 1912 1855 Β
1938 1815 2231 1884 Mathildis,
2256 1815 2517 1872 Romanae
2559 1808 2819 1872 Etclesiae
2855 1816 3072 1888 penitus
3107 1816 3373 1883 faventes,
3398 1832 3524 1871 cum

236 1907 383 1961 tione
419 1906 478 1960 in
509 1921 626 1975 qua
660 1920 760 1960 eos
785 1904 1097 1970 invenimus
1134 1906 1298 1965 nimis
1328 1907 1602 1972 obstinate
1652 1924 1838 1979 perse-

235 2005 451 2063 verant,
490 1995 654 2050 nullo
690 1995 901 2072 modo,
924 1995 1032 2049 nisi
1068 1995 1229 2051 nobis
1274 1997 1613 2065 volentibus,
1646 2014 1839 2071 pacem

237 2089 501 2150 habituri.
543 2086 605 2143 Si
642 2088 795 2142 enim
818 2088 1078 2148 discretio
1108 2097 1299 2145 nostra
1339 2098 1544 2156 sanctae
1584 2090 1841 2157 Ecclesiae

237 2181 365 2243 utile
399 2179 766 2250 approbaret,
800 2178 905 2249 ipsi
943 2179 1058 2253 jam
1096 2195 1156 2235 se
1185 2180 1346 2235 nobis
1385 2180 1668 2237 humiliter
1708 2184 1841 2239 sub-

239 2274 536 2340 didissent,
568 2282 626 2328 et
646 2287 818 2350 quam
851 2273 1028 2327 solent
1054 2272 1415 2327 reverentiam
1438 2274 1837 2331 exhibuissent.

242 2364 552 2423 Henricum
589 2379 776 2436 regem
810 2371 1073 2433 praterca
1112 2364 1256 2418 scias
1294 2363 1597 2423 dulcedinis
1625 2375 1679 2420 et
1711 2366 1841 2420 obe-

244 2458 463 2512 dientiae
502 2456 670 2526 plena
704 2453 869 2511 nobis
904 2454 1087 2515 verba.
1111 2454 1363 2521 misisse,
1392 2464 1446 2510 et
1482 2456 1611 2521 talia
1659 2457 1840 2527 qualia

245 2564 419 2619 neque
458 2547 649 2618 ipsum
682 2561 863 2616 neque
902 2554 1280 2608 antecessores
1324 2563 1454 2603 suos
1490 2551 1843 2615 recordamur

247 2638 519 2695 Romanis
568 2637 927 2708 pontiﬁcibus
977 2638 1214 2694 misisse.
1267 2638 1501 2706 Quidam
1559 2641 1724 2707 etiam
1776 2659 1843 2697 ex

247 2731 556 2801 majoribus
592 2728 847 2784 ﬁdelibus
877 2728 994 2784 suis
1022 2730 1351 2800 promittunt
1393 2733 1553 2793 nobis
1584 2749 1648 2789 ex
1692 2744 1845 2804 parte

248 2822 353 2890 sui,
380 2838 517 2877 eum
549 2821 620 2876 de
653 2836 824 2886 causa
863 2819 1285 2886 Mediolanensis
1311 2822 1565 2881 Ecclesiae
1600 2825 1718 2889 siue
1743 2826 1845 2881 du-

248 2918 338 2983 bio
382 2917 628 2986 consilio
679 2924 874 2972 nostro
922 2915 1162 2980 obedire.
1217 2916 1495 2985 Quantum
1546 2920 1695 2975 enim
1741 2920 1857 2983 sibi

250 3009 530 3081 possimus
550 3007 836 3078 prodesse,
856 3006 938 3061 vel
952 3015 1242 3077 quantum,
1258 3008 1307 3072 si
1338 3009 1595 3080 adjutorii
1621 3025 1851 3071 manum

1938 1905 2268 1977 quibusdam
2337 1906 2594 1963 maximis
2640 1908 2821 1978 'regni
2897 1907 3219 1976 proceribus
3277 1905 3525 1962 laborent

1939 2004 2199 2053 nostrum
2218 2004 2382 2067 atque
2408 1997 2553 2069 regis
2583 1996 2830 2054 animum
2852 1997 3083 2053 ﬁrmiter
3116 1997 3303 2068 unire;
3334 2006 3545 2059 contra.

1939 2101 2104 2157 quem
2129 2086 2352 2157 quidem
2376 2088 2591 2144 nullum
2623 2072 2812 2145 odium
2844 2103 3021 2159 neque
3053 2088 3318 2143 debemus
3350 2102 3531 2158 neque

1939 2178 2196 2237 volumus
2216 2193 2490 2248 exercere,
2515 2180 2644 2247 nisi,
2671 2180 2818 2250 quod
2848 2179 3019 2235 absit!
3040 2179 3245 2235 divinae
3275 2177 3530 2251 religioni

1942 2272 2252 2328 contrarius
2278 2272 2514 2329 voluerit
2539 2273 2793 2330 existere.
2828 2271 3002 2341 Quem
3035 2273 3298 2329 nimirum
3345 2288 3553 2345 regem.

1944 2363 2171 2421 omnino
2192 2363 2489 2420 conﬁdunt
2502 2364 2771 2420 voluntati
2794 2373 2996 2420 nostrae
3024 2364 3092 2419 de
3109 2364 3324 2419 caeteris
3358 2364 3531 2419 eccle-

1943 2450 2181 2508 siasticis
2230 2453 2466 2526 negotiis
2514 2452 2861 2521 satisfacere,
2887 2454 3194 2524 praesertim
3220 2446 3307 2508 de
3348 2462 3559 2513 vestro.

1946 2555 2148 2603 nostra:
2199 2546 2547 2617 dispositioni
2602 2562 2893 2602 assensum
2954 2546 3213 2616 praebere.
3286 2544 3533 2615 Denique

1945 2636 2267 2708 Gregorium
2317 2636 2737 2695 Vercellensem.
2762 2636 3080 2707 episcopum
3101 2678 3118 2705 ,
3156 2651 3380 2707 quoquo
3432 2637 3533 2693 ho~

1946 2737 2102 2784 nesto
2124 2737 2284 2797 pacto
2307 2728 2479 2795 vales,
2494 2728 2662 2789 stude
2694 2727 2792 2783 tibi
2827 2728 3122 2783 conciliare
3148 2748 3161 2782 :
3184 2728 3312 2798 quia
3328 2736 3535 2784 nostra;

1946 2826 2153 2877 cxrtoto
2172 2816 2410 2887 jussioni
2437 2832 2497 2872 se
2521 2818 2812 2888 proﬁtetur
2845 2832 3059 2887 parere.
3085 2815 3162 2871 De
3198 2825 3398 2872 caetero
3428 2816 3533 2879 itas

1946 2926 2053 2980 que
2074 2908 2464 2965 confortamini
2506 2909 2579 2965 in,
2600 2909 2835 2964 Domino
2866 2917 2922 2964 et
2957 2909 3013 2963 in
3043 2908 3284 2978 potentia
3315 2908 3537 2963 virtutis

1947 3001 2088 3072 ejus,
2122 3000 2376 3069 precibus
2398 3008 2455 3055 et
2482 3000 2842 3071 eleemosynis
2876 3014 2941 3055 ac
2969 2999 3205 3069 puritate
3234 2996 3415 3053 cordis
3448 2997 3527 3051 in.

253 3098 1008 3167 subtrabimus,obesse,cito
1029 3107 1383 3169 tesperamus
1397 3100 1846 3170 apertissimeco-
1871 3133 1913 3190 ϐ
1947 3093 2282 3165 dulgentiam
2344 3093 2491 3148 illius
2554 3092 2896 3190 postulantes
2916 3133 2931 3157 ,
3005 3100 3307 3190 quatenus“
3340 3097 3531 3147 votum

254 3193 559 3262 gniturum,
571 3199 628 3245 et
642 3188 820 3255 Deum
832 3190 1250 3256 nobiscumesse
1261 3200 1315 3247 et
1329 3192 1615 3256 uobiscum
1628 3194 1857 3271 Operari
1875 3181 1913 3190 “
1946 3193 2192 3240 nostrum
2210 3199 2275 3239 ac
2289 3193 2531 3241 vestrum
2548 3183 2621 3240 ad
2639 3182 2936 3255 perfectum
2955 3183 3248 3252 perducere
3258 3181 3529 3252 dignetur.

255 3281 531 3336 evidenter
558 3279 953 3352 probaturum,
993 3277 1070 3335 De
1092 3281 1373 3343 comitissa
1408 3281 1656 3343 Beatrice
1697 3284 1856 3340 nullo

260 3373 417 3428 modo
455 3371 830 3439 dubitandum
859 3379 1121 3441 putamus
1165 3370 1299 3442 quin
1342 3371 1461 3443 ipsa
1493 3382 1547 3429 et
1583 3374 1695 3431 ﬁlia
1728 3375 1848 3447 ejus

259 3466 554 3533 Mathildis,
586 3466 644 3519 in
674 3465 764 3519 his
786 3480 911 3534 quae
936 3464 1003 3520 ad
1031 3463 1200 3519 Deum
1226 3464 1520 3535 pertinent,
1545 3475 1601 3521 et
1622 3467 1855 3538 religio—.

260 3572 383 3622 nem
418 3565 626 3611 sanctae
654 3553 938 3621 Ecclesiae,
956 3553 1198 3631 ﬁdeliter
1227 3572 1286 3614 se
1311 3571 1567 3627 erganos
1590 3557 1845 3622 habeant.

262 3646 339 3700 'l‘u
364 3648 551 3719 igitur,
578 3645 815 3701 omnino
850 3642 1130 3699 conﬁdens
1165 3643 1221 3698 in
1249 3643 1480 3700 Domino
1513 3646 1648 3707 etin
1674 3657 1861 3714 matre

264 3745 353 3801 tua
383 3734 639 3790 Romana
676 3732 947 3800 Ecclesia,
986 3731 1217 3798 viriliter
1256 3748 1393 3805 age,
1413 3734 1753 3793 confortatus
1792 3737 1853 3793 in

263 3833 494 3888 Domino
544 3841 611 3887 et
647 3831 703 3885 in
755 3829 1015 3900 potentia;
1042 3829 1260 3884 virtutis
1311 3829 1460 3901 ejus,
1502 3829 1681 3887 sciens
1721 3831 1852 3901 quia

264 3931 468 3991 quanto
512 3921 673 3976 vobis
717 3919 906 3991 gravis
951 3935 1098 3975 nunc
1148 3918 1384 3991 insurgit
1426 3920 1853 3989 perturbationis

266 4019 579 4081 tempestas,
618 4019 780 4065 tanto
810 4008 1197 4079 postmodum.
1224 4009 1335 4066 Deo
1373 4008 1619 4077 favente,
1649 4011 1860 4080 jucuns

264 4101 385 4156 dius
415 4099 684 4155 arridebit
721 4090 1030 4163 serenitas._

332 4193 468 4248 Data
496 4193 707 4265 Capuae
735 4208 770 4246 v.
811 4189 1083 4254 Kalendas
1104 4189 1377 4259 Octobris,
1403 4190 1699 4255 indictione
1717 4192 1857 4251 dum

268 4284 494 4340 decima.
720 4344 724 4348 ,

674 4468 680 4473 η
782 4389 1120 4453 EPISTOLA
1156 4391 1347 4447 xxvr.

886 4522 951 4561 AD
986 4522 1224 4565 ευιοειι.

840 4616 1034 4688 (Anno
1086 4616 1255 4672 ¹1075.
1270 4618 1307 4689 )~

276 4732 445 4790 Monet
489 4742 549 4789 ut
597 4751 719 4789 cum
767 4734 1237 4806 escommunicatis
1286 4735 1747 4806 resipiscentibus,
1792 4737 1894 4790 de.

407 4807 529 4867 ibus
554 4823 610 4860 se
641 4804 1003 4869 consuluerat,
1031 4806 1246 4877 benigne
1269 4804 1414 4877 agat,
1447 4822 1577 4877 quos
1606 4824 1661 4861 se
1692 4808 1855 4861 etiam

419 4863 559 4948 tigne
581 4886 923 4948 excepturum
936 4863 1249 4948 Apollicet'ur.
1293 4863 1554 4931 Hortatur
1572 4894 1634 4932 ne
1657 4887 1857 4932 metuat

339 4945 609 5020 episcopos
639 4945 758 5020 ejus
792 4946 1012 5020 inimico
1041 4945 1292 5020 faventes,
1330 4963 1451 5020 cum
1480 4958 1648 5018 speret
1667 4966 1857 5020 [egem

341 5014 454 5087 eius
480 5014 701 5071 causam
713 5014 1073 5086 judicandam
1100 5017 1201 5070 sibi
1223 5014 1623 5087 permissurum.
1656 5014 1857 5074 Suadet

344 5096 401 5141 ut
437 5087 816 5142 Vercellensem
840 5087 1144 5156 episcopum
1174 5089 1276 5143 sibi
1310 5087 1572 5143 conciliet.

2019 3274 2173 3335 Data;
2191 3274 2392 3346 Capua:
2428 3292 2503 3332 vu
2545 3275 2672 3332 ldus
2697 3273 2970 3343 Octobris,
2999 3274 3298 3337 indictione
3328 3273 3533 3329 duode-

1954 3374 2119 3425 cima.
3256 3374 3261 3377 ’

2442 3457 2781 3516 EPISTOLA
2827 3458 3043 3515 XXVII.

2194 3585 2267 3624 AD
2316 3585 2601 3627 ALBER'I‘UI
2653 3587 2925 3636 AQUENSEH
2971 3587 3287 3628 EPISCOI‘CH.

2516 3682 2711 3756 (Anno
2769 3683 2966 3755 1075.)

1952 3768 2086 3840 Ejus
2124 3771 2475 3857 religionem,‘
2496 3773 2561 3827 de
2585 3774 3017 3857 qugpliquando
3045 3775 3363 3857 dubitarat,
3392 3791 3525 3857 ςρηιι

2020 3841 2251 3895 mendat.
2282 3841 2545 3897 Hortatur
2570 3841 2629 3898 ut
2652 3841 2986 3900 Simoniacos
3012 3854 3272 3917 oppugnet
3315 3855 3364 3902 et
3394 3844 3529 3900 Hera

2022 3910 2280 3964 lembaldo
2302 3913 2564 3968 auxilium
2596 3923 2826 3984 prcestet.

2023 4001 2333 4059 Gnecomus
2373 4005 2686 4076 episcopus,
2722 4022 2914 4063 servus
2951 4022 3237 4064 servorum
3272 4007 3389 4076 Dei,
3426 4012 3533 4061 Ar.-

1952 4107 2129 4153 sen'ro
2173 4093 2445 4163 Aquensis
2491 4094 2750 4152 Ecclesia:
2803 4097 2978 4153 electo
3036 4097 3269 4159 salutem
3305 4107 3361 4151 et
3402 4110 3535 4167 apo-

1955 4183 2205 4238 stolicam
2238 4184 2696 4244 benedictionem.

2024 4273 2276 4333 Pervenit
2310 4276 2378 4331 ad
2400 4291 2562 4333 aures
2595 4287 2835 4346 nostras,
2861 4280 3005 4336 unde
3035 4280 3432 4350 aliquantulum
3468 4281 3540 4336 de

1955 4362 2220 4434 religione
2251 4372 2345 4418 tua
2374 4364 2848 4434 dubitavimus,,te
2876 4369 3125 4425 videlicet
3147 4369 3291 4426 illius
3314 4384 3506 4424 excom
3530 4398 3538 4410 -

1889 4496 1934 4552 Β
1963 4454 2239 4515 ωυηίοιιῑί,
2294 4453 2572 4513 Gotefredi
2632 4458 2949 4521 interfuisse
3009 4462 3360 4518 ordiuatioui.
3432 4460 3536 4517 Sed

1960 4557 2251 4619 postquam
2277 4549 2594 4607 testimonia
2616 4568 2809 4610 eorum
2831 4555 2926 4625 qui
2957 4555 3115 4612 nobis
3142 4571 3332 4611 verum
3363 4554 3554 4611 solent-

1954 4641 2156 4709 dicere,
2188 4641 2345 4699 ﬁdeli.
2365 4645 2629 4701 relatione
2664 4654 2717 4701 te
2751 4662 3015 4703 excusare
3049 4649 3395 4713 studuerunt,
3430 4661 3541 4711 non

1956 4735 2135 4790 solum
2172 4734 2239 4791 de
2277 4744 2328 4792 te
2358 4751 2471 4794 non
2505 4737 2898 4811 dubitavimus,
2933 4740 3027 4800 sed
3061 4740 3129 4799 ad
3168 4738 3536 4814 reparandum

1957 4826 2375 4887 Mediolaneusis
2396 4830 2659 4889 Ecclesiae
2690 4835 2882 4892 matris
2912 4843 3025 4891 tute
3054 4834 3322 4889 honorem
3357 4829 3536 4889 zelum

1910 4936 1913 4937 '
1957 4921 2157 4976 habere
2195 4921 2579 4993 intelleximus.
2612 4923 2735 4991 Qua
2771 4924 2827 4983 in
2864 4940 2922 4979 re
2951 4931 3218 4996 quantum
3254 4922 3414 4978 nobis
3449 4933 3543 4975 rea

1957 5009 2087 5082 ligio
2114 5017 2205 5064 tua
2231 5010 2462 5082 placeat,
2486 5011 2833 5090 evidentibus
2867 5013 3082 5077 iudiciis
3113 5012 3451 5085 probabitur,
3488 5007 3544 5060 in

1957 5105 2377 5162 uuibuscunaue
2454 5105 2719 5162 Romanae
2785 5107 3040 5162 Ecclesiae
3096 5104 3394 5162 necessitas
3452 5110 3546 5154 tua
