3962 5348
461 238 560 296 5H

1131 240 1186 294 Β.
1228 232 1560 294 GREGORII
1599 229 1686 286 VII
1721 227 1924 284 Pitsz
1958 218 2242 281 OPERUM
2271 213 2452 270 PARS
2483 211 2524 282 1.
2561 240 2640 262 -—.
2671 200 3090 276 BEGISTBUM,

3627 185 3725 253 δη

467 367 554 422 8ιο
570 377 697 418 nem
745 365 948 416 sancta:
991 352 1243 410 Eccesize
1282 348 1557 420 pertinent
1600 359 1823 400 manum
1867 339 2054 397 auxilii
2085 339 2129 394 A
2226 329 2414 396 Vobis,
2454 335 2510 381 et
2539 322 2796 422 omnibus
2823 318 2918 390 Qui
2943 313 3226 422 Ehristum
3254 315 3723 422 venenatum-c.0-

466 450 816 512 P"cstiteris.
842 447 939 504 Est
961 445 1123 500 etiam
1147 439 1294 512 quod
1315 435 1657 510 prudentiam
1681 444 1829 494 tuam
1853 438 2056 497 sanctae

463 551 496 602 ,ει
511 544 791 616 postolicar.
812 539 925 605 sedi
960 535 1318 606 nihilominus
1353 529 1774 597 commendabit,
1799 528 1845 584 si
1881 527 2054 598 ipsam

479 631 848 689 Simoniacam
882 625 1156 695 haeresim,
1181 623 1326 679 sicut
1357 619 1701 677 laudabiliter
1725 619 1838 688 jam
1869 617 2053 688 coepit,

466 735 766 792 .usquequo
803 718 870 773 de
901 715 1134 772 ecclesia
1179 729 1278 769 sua
1321 711 1548 780 omnino
1581 717 1895 776 evacuetur,
1939 716 2056 762 stu-

477 795 660 865 duerit
693 820 1030 878 oppugnare,
1065 816 1121 860 et
1147 801 1376 858 clericos
1404 816 1435 856 a
1459 799 1638 870 turpis
1671 799 1796 854 vitae
1827 813 2056 854 conver-

477 901 690 958 satione
749 898 819 954 ad
873 895 1143 955 castitatis
1203 892 1527 972 munditiam
1591 905 1867 972 revocare.
1927 886 2055 944 Hac

475 993 660 1062 itaque
698 989 1004 1066 sanctitatis
1033 987 1211 1045 studia
1237 1001 1393 1067 mens
1427 995 1522 1040 tua
1555 983 1796 1054 quotidie
1829 981 2056 1038 medite-

475 1093 586 1152 tur,
623 1093 898 1154 quatenus
923 1082 1092 1154 quod,
1130 1081 1276 1150 fama
1305 1079 1372 1134 de
1406 1087 1458 1136 te
1481 1077 1642 1136 nobis
1674 1076 1942 1146 innotuit,
1988 1091 2054 1134 ex

475 1192 704 1248 operum
751 1185 970 1232 tuorum
1015 1174 1454 1232 consideratione
1488 1172 1766 1245 probetur.
1811 1169 1922 1240 Age
1956 1168 2057 1240 igi-

474 1276 586 1335 tur,
631 1275 692 1322 ut
732 1265 1056 1324 universalis
1093 1275 1270 1322 mater
1307 1275 1496 1322 sancta
1529 1263 1775 1318 Romana
1813 1259 2053 1319 Ecclesia

475 1359 534 1413 in
578 1366 632 1414 te
665 1358 825 1429 quasi
882 1357 1202 1414 fidelissimo
1245 1357 1358 1422 filio
1409 1355 1744 1422 consoletur,
1796 1360 1851 1414 et
1899 1351 2056 1407 victis

477 1448 620 1520 [tege
664 1447 896 1522 vinctis]
951 1446 1164 1516 catenis
1216 1443 1410 1516 mortis
1461 1441 1802 1512 liberationis
1858 1456 2056 1496 manus

475 1539 808 1611 porrigatur,

525 1628 680 1685 ,Data
705 1629 906 1700 Capua:
937 1628 1156 1701 nitidus
1186 1625 1457 1697 Octobris,
1494 1625 1790 1697 indictione
1843 1623 2050 1692 duede-

475 1733 635 1790 cyma,
1175 1771 1178 1774 ,
1345 1733 1384 1766 ο

945 1831 1284 1888 EPISTOLA
1340 1829 1576 1886 XXVIII.

684 1938 753 1988 AD
803 1939 1132 1984 ευιιιειιωιι
1183 1939 1472 1990 ιιιιιιεκεειι
1527 1937 1834 1984 εριεεοτιωί.

1053 2010 1242 2080 '(Anno
1277 2011 1460 2082 1075.)

861 2102 1118 2172 Ejusdem
1176 2104 1283 2174 fere
1343 2106 1659 2176 argumenti.

541 2190 856 2251 Gnscoutns
877 2193 1192 2264 episcopus,
1217 2210 1412 2251 servus
1441 2211 1723 2252 servorum
1769 2193 1884 2261 Dei,
1913 2195 2048 2252 (ἔνι-τ

471 2300 669 2351 nise-0
718 2284 974 2356 Papiensi
1025 2287 1284 2359 episcopo
1323 2288 1556 2345 salutem
1597 2297 1654 2344 et
1691 2289 2048 2361 apostolicam

469 2374 923 2432 benedictionem.
1446 2400 1449 2403 -

539 2467 756 2523 Littera:
785 2468 1140 2527 fraternitatis
1173 2479 1278 2528 tua;
1309 2473 1469 2530 nobis
1507 2473 1744 2540 directae,
1776 2474 2049 2546 simulque

470 2555 834 2616 Herlembaldi
859 2559 1276 2619 Mediolanensis
1309 2564 1471 2620 verba
1491 2605 1507 2631 ,
1554 2564 1831 2620 evidenter
1857 2574 2047 2622 osten-

469 2649 608 2709 dunt
647 2652 794 2721 quod
848 2660 904 2712 tu
958 2663 1160 2710 sancta:
1206 2655 1518 2724 apostolicae
1559 2656 1673 2726 sedi
1715 2671 1837 2712 eam
1882 2671 2048 2728 quam

468 2739 635 2796 debes
664 2741 799 2798 velis
829 2743 1191 2801 obedientiam
1215 2747 1443 2804 fideliter
1469 2749 1746 2817 exhibere,
1772 2759 1828 2806 et
1851 2750 2050 2805 exhor-

471 2830 768 2888 tationibus
813 2835 1045 2902 nostris,
1097 2837 1240 2894 sicut
1282 2837 1470 2906 decet,
1519 2855 1728 2910 parere.
1772 2839 1876 2895 Sed
1910 2839 2045 2899 nihil

467 2930 555 2983 est
589 2924 736 3000 quod
781 2923 1109 2994 fraternitati
1153 2936 1262 2984 tute
1314 2930 1620 3001 promptius
1675 2929 2044 3002 injungamus,

466 3013 606 3070 nihil
639 3026 724 3072 est
755 3019 902 3088 quod
938 3027 990 3074 te
1025 3021 1282 3078 libentius
1317 3020 1494 3078 facere
1525 3023 1777 3090 velimus,
1809 3039 1974 3094 quam
2000 3022 2046 3077 si
2074 3005 2116 3063 (ἶ

471 3102 763 3173 Ecclesiam
789 3119 962 3176 tuam,
988 3125 1312 3181 gregemque
1331 3111 1429 3166 tibi
1449 3114 1824 3179 commissum,
1848 3112 1917 3167 ab
1935 3111 2048 3167 hat-

467 3197 684 3254 resibus
713 3215 836 3270 quae
886 3201 944 3256 in
997 3211 1185 3258 sancta
1236 3201 1476 3264 Ecclesia
1509 3204 1764 3274 pestifera
1797 3203 2050 3260 videntur

469 3285 757 3358 pullulare,
790 3290 1051 3358 pastorali
1087 3281 1364 3363 vigilantia
1399 3294 1618 3350 studeas
1655 3292 1962 3361 defendere,
1993 3302 2051 3356 et

415 3441 422 3443 _
469 3385 662 3433 contra
693 3393 786 3435 eas
811 3381 960 3434 omni
981 3382 1181 3436 annisu
1211 3383 1448 3454 telisque
1469 3381 1701 3451 viribus,
1730 3391 2047 3438 sanctorum

468 3465 694 3532 Patrum
717 3469 963 3552 munitus
995 3471 1340 3542 auctoritate,
1363 3473 1644 3529 ardentius
1669 3472 1968 3542 insurgere,
1995 3481 2050 3530 et

467 3555 698 3612 clericos
731 3573 762 3613 a
796 3559 972 3630 turpis
1003 3561 1131 3617 vita:
1163 3562 1575 3627 conversatione
1627 3561 1695 3618 ad
1743 3563 2048 3637 castitatem

465 3660 746 3703 revocare.
795 3647 912 3705 Hoc
939 3651 1104 3706 etiam
1139 3653 1302 3720 scias,
1335 3661 1388 3709 te
1417 3654 1710 3710 admodum
1744 3653 1906 3709 matri
1941 3662 2049 3712 tute

466 3732 730 3801 Romanae
750 3735 1008 3796 Ecclesiae
1029 3743 1512 3800 commendabilem
1535 3742 1732 3810 facere,
1755 3744 1802 3800 si
1823 3744 2048 3816 praefato

466 3819 868 3897 Herlembaldo,
896 3830 954 3886 in
983 3831 1070 3888 his
1091 3821 1213 3904 quae
1240 3843 1430 3902 nostro
1455 3835 1705 3904 consilio,
1738 3836 1848 3907 imo
1869 3839 2049 3906 omni:

466 3917 706 3986 potentis
761 3917 858 3976 Dei
907 3921 1104 3980 timore
1156 3934 1414 3996 operatur
1441 3969 1456 3994 ,
1511 3944 1736 3984 manum
1789 3929 2044 4000 adjutorii

467 4009 804 4082 praestiteris,
841 4021 898 4069 et
930 4014 1168 4078 inimicis
1201 4027 1406 4089 sancta:
1432 4018 1688 4086 Ecclesiae
1719 4021 1920 4088 bellum
1949 4023 2054 4084 Dei]

465 4115 652 4171 secum
685 4103 1063 4176 prazliaturus,
1099 4108 1328 4166 viriliter
1361 4111 1646 4168 restiteris.
1688 4111 1914 4170 Studeat
1941 4115 2056 4188 igi-

464 4199 554 4249 tur
574 4192 861 4262 prudentia
883 4204 974 4254 tua
999 4197 1077 4260 sic
1097 4214 1155 4259 se
1176 4199 1231 4266 in
1253 4201 1417 4273 hujus
1438 4203 1818 4264 sollicitudinis
1835 4215 2043 4276 partem

465 4281 660 4339 fortem
691 4286 1116 4360 vigilantemque
1146 4291 1474 4362 impendere,
1515 4304 1577 4351 ut
1608 4298 1754 4368 quod
1799 4310 1866 4353 ex
1912 4305 2058 4368 pro-'

2156 424 2367 496 gnitum
2391 427 2475 474 est
2499 415 2644 487 quod
2675 414 2922 481 Romana
2943 406 3184 483 Ecclesia
3211 399 3536 492 universalis
3560 405 3726 496 mater

2156 485 2227 569 sit
2259 485 2994 566 omnium‘Christianorum.
3028 496 3162 564 Quae
3184 494 3310 550 licet
3331 507 3399 548 ex
3420 485 3728 546 considera—

2155 601 2305 657 tione
2337 597 2498 656 otlicii
2521 595 2608 652 sui
2633 593 2878 649 omnium
2905 587 3144 660 gentium
3179 583 3342 640 saluti
3371 581 3567 637 debeat
3598 576 3732 632 invi:

2155 695 2343 766 gilare,
2375 689 2664 762 specialem
2706 695 2891 742 tamen
2933 691 2990 738 et
3028 673 3434 766 quodammodo
3465 671 3729 766 privatam

2153 757 2311 846 vobis
2330 757 2752 848 sollicitudinem
2776 770 2990 844 oportet
3008 783 3130 824 eam
3150 763 3482 836 impendere.
3511 757 3731 818 Verum.

2155 873 2285 944 quia
2314 867 2638 942 negligentia
2681 872 3088 920 antecessorum
3139 862 3456 944 nostrorum
3497 847 3735 944 charitas

2155 936 2247 1018 illa
2299 936 2489 1030 friguit
2531 970 2654 1026 qua:
2703 950 2945 1023 antiquis
2989 945 3328 1018 temporibus
3357 940 3504 997 inter
3534 936 3734 1004 Roma-

2156 1067 2284 1108 nam
2320 1048 2617 1112 Ecclesiam
2647 1055 2702 1101 et
2751 1052 2966 1115 gentem
2999 1048 3238 1102 vestram
3275 1033 3395 1100 fuit,
3429 1031 3487 1086 in
3522 1035 3734 1115 tantum

2155 1158 2186 1196 a
2220 1139 2401 1208 nobis,
2433 1138 2722 1210 plusquam
2759 1114 2947 1204 gentes
2980 1143 3102 1200 qua:
3133 1133 3261 1182 sunt
3289 1123 3346 1178 in
3377 1120 3486 1177 fine
3520 1114 3732 1179 mundi,

2154 1247 2254 1288 vos
2271 1209 2562 1288 extraneos
2587 1223 2814 1295 fecistis,
2845 1221 2992 1294 quod
3025 1217 3336 1275 Christiana
3370 1209 3568 1282 religio
3599 1209 3737 1277 inter

2155 1340 2254 1381 vos
2272 1324 2339 1381 ad
2357 1323 2656 1379 maximum
2674 1319 3060 1376 detrimentum
3077 1312 3312 1370 devenit.
3326 1307 3483 1365 Unde
3502 1304 3735 1362 multum

2155 1415 2309 1472 vobis
2343 1411 2714 1470 necessarium
2748 1417 2833 1474 est
2864 1415 2926 1473 ut
2955 1406 3024 1463 de
3061 1403 3237 1462 salute
3284 1400 3600 1456 animarum
3639 1410 3734 1451 ve-

2155 1513 2394 1580 strarum
2423 1501 2723 1559 studiosius
2773 1496 3065 1555 admodum
3115 1490 3384 1564 cogitetis,
3419 1497 3475 1546 et
3505 1494 3736 1580 matrem

2154 1578 2390 1654 vestram
2422 1592 2725 1650 Romanam
2757 1589 3056 1646 Ecclesiam
3087 1585 3232 1646 sicut
3253 1580 3482 1654 legitimi
3517 1578 3614 1633 lilii
3647 1587 3756 1642 τοτ’

2092 1671 2515 1760 .Bcognoscatis,
2541 1692 2598 1740 et
2630 1698 2752 1738 eam
2797 1679 3143 1737 devotionem
3187 1689 3354 1748 quam
3393 1669 3612 1741 antiqui
3640 1684 3737 1739 pa-

2149 1785 2332 1832 rentes
2365 1773 2532 1830 vestri
2567 1772 2673 1830 sibi
2701 1769 3102 1842 impenderunt,
3131 1781 3232 1822 vos
3269 1776 3494 1836 quoque
3521 1760 3733 1829 impen-

2149 1866 2310 1924 datis.
2348 1864 2534 1936 Nostri
2559 1872 2742 1920 antem
2767 1859 3022 1919 desiderii
3042 1867 3128 1915 est
3146 1872 3256 1915 non
3287 1855 3468 1912 solum
3503 1852 3575 1908 de
3604 1851 3736 1908 libee

2151 1959 2359 2016 ratione
2397 1958 2703 2014 animarum
2744 1964 3055 2010 vestrarum
3089 1963 3278 2020 curam
3321 1945 3460 2002 velle
3512 1943 3734 2012 habere,

2149 2051 2244 2107 sed
2276 2049 2442 2108 etiam
2471 2049 2539 2104 de
2563 2046 2864 2104 salvatione
2893 2042 3082 2115 patriae
3114 2048 3310 2097 vestrae
3333 2034 3628 2106 sollicitius
3654 2034 3738 2091 in-

2148 2141 2391 2213 vigilare,
2441 2137 2625 2205 Unde,
2665 2137 2712 2194 si
2749 2136 2914 2192 verba
2951 2143 3134 2198 nostra
3177 2131 3324 2198 sicut
3362 2129 3523 2194 decet
3555 2124 3739 2197 devoti

2149 2231 2464 2304 receperitis
2487 2272 2505 2307 ,
2545 2229 2773 2302 gloriam
2817 2235 2872 2282 et
2907 2227 3171 2280 honorem
3203 2223 3260 2278 in
3300 2218 3560 2293 praesenti
3598 2217 3738 2288 etin

2149 2325 2331 2380 futura
2375 2323 2488 2379 vita
2517 2319 2850 2378 obtinebitis.
2889 2316 3046 2386 Quod
3097 2315 3146 2372 si
3196 2314 3372 2381 aliter,
3425 2312 3576 2384 quod
3628 2325 3736 2374 non

2149 2431 2453 2487 speramus,
2485 2412 2742 2479 feceritis,
2771 2421 2825 2466 et
2859 2410 2926 2465 ad
2961 2423 3159 2464 sonum
3194 2403 3605 2462 exhortationis
3637 2417 3738 2457 no-

2148 2515 2276 2562 stra:
2333 2519 2523 2560 aurem
2571 2502 2766 2574 debitae
2807 2497 3128 2555 obedientize
3169 2509 3281 2554 non
3317 2491 3738 2568 inclinaveritis,

2148 2610 2260 2650 non
2294 2602 2498 2650 nostrae
2529 2591 2778 2656 incuriae,
2807 2587 2900 2644 sed
2921 2596 3118 2644 vestrae
3147 2585 3398 2658 poteritis
3431 2584 3612 2654 culpae
3631 2582 3738 2644 im:

2148 2693 2362 2756 putare,
2403 2684 2450 2739 si
2483 2681 2614 2754 quid
2651 2679 2879 2752 periculi
2931 2677 3120 2752 patriae
3174 2685 3370 2744 vestrae
3422 2673 3739 2746 contigerit,

2147 2777 2378 2845 Cretera,
2411 2760 2534 2846 quae
2563 2773 2631 2830 de
2663 2771 2840 2829 salute
2879 2778 2935 2827 et
2973 2769 3042 2826 de
3075 2769 3284 2825 honore
3314 2775 3500 2822 vestro
3531 2773 3736 2820 tracta-

2147 2882 2292 2933 mus,
2319 2880 2514 2936 magna
2559 2879 2628 2919 ex
2675 2869 2830 2933 parte
2861 2857 3124 2917 wnfratri
3156 2865 3350 2914 nostro
3369 2856 3736 2918 Constantino

2149 2956 2408 3013 Turrensi
2429 2953 2840 3026 archiepiscopo
2859 2952 3014 3014 vobis
3029 2949 3310 3007 referenda
3330 2947 3734 3020 commisimus,

2149 3049 2220 3118 At
2271 3062 2399 3110 cum
2440 3037 2654 3117 legatus
2702 3029 2910 3109 noster,
2947 3055 3139 3112 quem,
3177 3037 3290 3094 Deo
3329 3047 3638 3106 annuente,
3669 3035 3738 3092 de

2148 3140 2398 3211 proximo
2427 3139 2644 3196 mittere
2669 3133 3035 3207 disponimus,
3061 3132 3131 3207 ad
3155 3147 3255 3190 vos
3277 3130 3508 3206 venerit,
3533 3131 3733 3191 volun-1

2147 3236 2315 3284 tatem
2343 3237 2588 3284 nostram
2644 3225 2874 3298 pleniter
2917 3223 3072 3287 vobis
3109 3220 3466 3294 signiﬁcabit,
3498 3230 3558 3290 et
3585 3220 3736 3291 quod

2147 3317 2336 3392 gloria
2373 3325 2430 3388 et
2469 3317 2670 3377 honori
2723 3323 2910 3372 vestro
2963 3315 3224 3384 condecet
3271 3313 3516 3385 apertius
3567 3327 3734 3380 enat:

2146 3409 2308 3479 rabit.

2217 3498 2354 3554 Data
2381 3495 2582 3570 Capua:
2614 3497 2904 3555 undecimo
2937 3495 3066 3568 ldus
3088 3493 3340 3570 Octobris
3367 3537 3384 3562 ,
3433 3491 3702 3568 indictiott

2146 3588 2490 3647 duodecima.

2593 3698 2927 3768 EPISTOLA
2968 3659 3139 3754 xxxx
3179 3701 3278 3752 bis.

2218 3805 2432 3862 IlENRICI
2470 3803 2624 3844 REGIS
2661 3803 2984 3844 ROIIANOBUII
3022 3803 3089 3842 AD
3127 3801 3434 3852 ςῃεαοκιυιι
3470 3800 3667 3852 ΡΑΡΑἏ.

2165 3880 2170 3886 ’
2738 3880 2921 3952 (Anno
2943 3879 3127 3948 1075.)

2149 3971 2383 4046 Supplex
2412 3975 2616 4046 venient
2655 3974 2805 4044 petit,
2828 3973 2977 4046 quod
3009 3972 3260 4046 iugaserit
3289 3986 3370 4025 res
3401 3969 3728 4046 ecclesiasti:

2217 4040 2328 4111 cus,
2352 4054 2403 4098 et
2428 4040 2678 4099 ecclesias
2709 4040 3017 4114 vendiderit.
3045 4041 3214 4114 Roget
3250 4049 3308 4095 ut
3348 4057 3447 4114 sua
3473 4040 3730 4114 auctori:

2219 4109 2326 4170 tate
2349 4113 2709 4170 Simoniacam
2731 4113 2902 4168 labem
2929 4113 2994 4166 ab
3021 4109 3264 4166 omnibus
3299 4109 3555 4172 ecclesiis,
3597 4119 3650 4164 et
3675 4111 3728 4164 iu

2217 4186 2406 4256 primis
2439 4201 2472 4238 a
2508 4181 2916 4256 Mediolanensi,
2949 4183 3196 4256 extirpet;
3221 4197 3372 4254 seque
3403 4181 3648 4252 pontiﬁci
3673 4180 3729 4234 in

2217 4253 2458 4311 omnibus
2483 4253 2852 4324 obsecuturum
2875 4253 3158 4323 promittit.
3221 4298 3228 4302 .
3286 4253 3298 4271 ‘

467 4373 822 4434 missionibus
851 4378 959 4449 tuis
979 4381 1308 4450 accepimus,
1335 4385 1499 4450 certis
1521 4354 1704 4443 rcrtim
1731 4354 2040 4455 exsccdtio-

2215 4365 2645 4439 Vigilantissimo
2684 4374 2741 4422 et
2779 4363 3281 4426 desiderantissime
3330 4362 3726 4438 [desideratis-

467 4462 626 4518 nibus
649 4464 980 4535 implendum
1011 4468 1128 4524 fore
1155 4472 1466 4540 probemus.

463 4637 498 4697 ἀ
531 4549 666 4695 ginta
699 4553 900 4630 Capuae
923 4560 1086 4620 tertio
1115 4561 1242 4629 Idus
1271 4561 1539 4638 Octobris,
1573 4568 1867 4638 indictione
1897 4570 2037 4629 duo:

499 4655 529 4694 e
642 4657 694 4697 a.

499 4655 694 4698 ecmta.

970 4761 1305 4822 EPISTOLA
1342 4769 1532 4828 XXIX.

949 4868 1018 4923 an
1046 4870 1258 4914 JUDICES
1285 4875 1558 4938 sinemus,

1053 4945 1234 5016 (Anno
1269 4949 1450 5024 1075.)

461 5025 732 5118 {Iertetur
755 5040 813 5086 ut
841 5049 968 5118 erga
1003 5033 1293 5118 Romanam
1314 5039 1610 5118 Ecclesium
1641 5063 1822 5118 eorum
1842 5064 2034 5118 paren-

531 5107 645 5152 tum
665 5102 913 5172 exempla‘
937 5105 1105 5160 secuti
1134 5102 1796 5172 obedientes'se‘rsltibeant
1823 5102 2034 5172 {dicit-

498 5172 898 5308 εἵέῐίξαῖἐὲιέια
922 5173 1094 5246 legato
1124 5191 1275 5246 quem
1297 5181 1366 5245 ad
1399 5199 1516 5238 eum
1547 5187 1736 5260 mittit,
1763 5188 2036 5258 referenda

2141 4457 2328 4531 simo]
2369 4457 2572 4513 domno
2615 4455 2778 4529 Papa:
2805 4455 3080 4512 Gnsconto
3121 4455 3419 4527 apostolica
3463 4453 3727 4526 dignitate

2141 4548 2356 4605 caelitus
2393 4547 2653 4620 insignito
2689 4541 2960 4604 manicas
2991 4545 3365 4602 Romanorum
3407 4545 3504 4602 Dei
3551 4546 3725 4618 gratia

2129 4654 2236 4705 rex
2262 4637 2430 4694 debiti
2451 4635 2750 4694 famulatus
2773 4636 3147 4702 ﬁdelissimam
3176 4633 3591 4708 exhibitionem‘.

2209 4729 2348 4786 Cum
2368 4729 2511 4786 enim
2537 4743 2764 4800 regnum
2785 4735 2841 4784 et
2864 4727 3250 4795 sacerdotium,
3296 4733 3360 4782 ut
3401 4725 3458 4780 in
3499 4725 3720 4782 Christo

2141 4821 2242 4888 rite
2265 4819 2641 4879 administrata
2670 4818 2992 4887 subsistant,
3027 4807 3232 4889 vicaria
3264 4817 3349 4892 sui
3381 4831 3486 4889 ope
3509 4829 3722 4888 semper

2139 4913 2449 4984 indigeant,
2479 4919 2695 4983 oportet
2735 4909 2992 4966 nimirum
3020 4949 3040 4982 ,
3089 4908 3310 4965 domine
3352 4907 3430 4963 mi
3470 4915 3528 4962 et
3569 4915 3723 4978 pater

2137 5001 2532 5070 amantissime,
2563 5009 2834 5071 quatenus
2873 5001 2944 5055 ab
2983 4999 3214 5056 invicem
3257 4996 3486 5054 minime
3507 4997 3722 5054 dissen-

2136 5095 2296 5164 tiant,
2337 5106 2526 5148 verum
2555 5091 2737 5163 potius
2779 5089 2981 5152 Christi
3013 5087 3220 5160 glutino
3265 5085 3720 5158 coniunctissima

2137 5173 2584 5253 indissolubiliter
2619 5179 2727 5252 sibi
2756 5179 3084 5235 cohaereant.
3112 5176 3360 5248 Namque
3388 5177 3471 5237 sic
3510 5186 3569 5234 et
3609 5192 3718 5232 non

2059 5335 2065 5344 ,
2137 5273 2293 5330 aliter
2325 5267 2682 5330 conservatur
2722 5271 2778 5326 in
2818 5270 3038 5326 vinculo
3064 5269 3319 5340 perfecta:
3345 5269 3634 5326 charitatis
3665 5276 3722 5324 et
