3962 5348
161 371 252 443 ξιιδ

1228 370 1434 435 LIBER
1470 370 1750 429 animus.
1786 400 1858 414 ο·-
1894 370 2112 429 ΕΡΙΒΤ.
2152 371 2345 429 XXXI.

3298 372 3404 431 3H

163 502 258 545 non
283 483 634 542 exhibuimus
656 476 956 555 legitimum
982 500 996 538 :
1021 483 1223 555 quippe
1243 485 1404 545 nobis
1424 501 1455 548 β
1489 486 1603 542 Deo
1623 477 1725 544 da-~
1750 489 1798 545 Δ
1821 500 2097 553 eaet-ceu,
2124 493 2179 544 et
2198 485 2367 557 quod,
2392 474 2640 543 Romana
2666 484 2907 543 Ecclesia
2931 494 3185 551 testante.
3209 486 3278 543 de
3302 487 3401 543 im-

161 587 224 641 tre
247 576 527 647 potestatis
559 575 825 630 vindicem
846 590 958 630 non
982 575 1103 632 sine
1120 590 1288 639 causa
1312 576 1553 647 gladium
1590 591 1719 648 por-

160 667 395 731 tavimus,
422 680 523 727 nec
545 674 728 721 tamen
754 664 809 719 in
832 679 977 732 reos,
1008 674 1071 721 ut
1086 665 1299 736 justum
1330 664 1454 733 fuit,
1484 665 1720 735 judicia-

156 758 239 817 ria
275 758 416 811 illum
457 771 676 826 semper
715 771 945 812 censura
974 756 1402 827 evaginavimus.
1440 754 1598 811 Nunc
1621 771 1721 812 au-

159 858 282 914 tem,
301 848 474 902 divina
500 848 854 903 miseratione
871 848 1272 919 aliquantulum
1296 847 1630 918 compuncti,
1665 854 1722 905 et

155 942 216 1011 in
235 955 324 996 nos
354 939 578 1007 reversi,
613 948 835 1010 peccata
865 948 1054 995 nostra
1074 939 1289 1009 priores
1309 946 1507 994 vestrae
1541 937 1721 994 indul-

152 1031 466 1107 gentissime
503 1031 821 1102 paternitati
863 1046 966 1088 nos
1007 1031 1320 1087 accusando
1359 1030 1716 1097 confitemur;

146 1133 418 1195 sperantes
457 1123 525 1179 de
567 1124 723 1180 vobis
754 1124 807 1177 in
850 1123 1086 1179 Domino
1126 1131 1189 1178 ut
1215 1123 1517 1194 apostolica
1535 1131 1719 1178 vestra

152 1216 462 1273 auctoritate
491 1217 729 1273 absoluti
755 1217 1043 1287 justitlcari
1079 1232 1408 1272 mereamur.
1457 1215 1573 1272 Heu
1611 1217 1721 1272 cri-

152 1307 340 1376 minosi
378 1322 479 1361 nos
502 1315 561 1361 et
585 1305 859 1363 infelices!
892 1307 1092 1377 partim
1124 1306 1372 1376 pueritia:
1392 1305 1721 1363 blandientis

152 1396 506 1465 instinctipne,
529 1398 730 1467 partim
753 1398 1095 1469 potestativae
1114 1404 1318 1453 nostrae
1336 1405 1394 1451 et
1413 1395 1722 1467 imperiosa:

150 1488 387 1576 potentias
413 1488 687 1555 libertate,
711 1490 908 1560 partim
935 1488 1102 1543 etiam
1121 1504 1336 1555 eorum,
1357 1503 1594 1559 quorum
1635 1503 1721 1542 se-

150 1580 367 1637 ductiles
408 1580 749 1654 [seductilia]
776 1583 1009 1638 nimium
1035 1582 1208 1638 secuti
1251 1596 1444 1637 sumus
1469 1580 1719 1646 consilia,

149 1670 443 1726 seductoria
468 1671 790 1742 deceptione
829 1673 1178 1743 peccavimus
1218 1672 1274 1725 in
1321 1671 1521 1727 caelum
1550 1680 1606 1726 et
1628 1685 1721 1726 co-

150 1776 263 1818 ram
285 1762 455 1828 vobis,
483 1770 540 1816 et
557 1762 675 1833 jam
701 1763 850 1834 digni
874 1777 985 1818 non
1010 1777 1202 1818 sumus
1222 1761 1509 1816 vocatione
1528 1768 1722 1816 vestra:

150 1854 429 1910 ﬁliationis.
452 1851 576 1909 Non
601 1855 780 1912 solum
804 1855 949 1910 enim
974 1868 1078 1910 nos
1107 1870 1196 1909 res
1216 1851 1617 1909 ecclesiasticas
1640 1850 1724 1905 in-

1798 578 2090 634 munditia
2117 577 2443 634 clericorum
2469 579 2662 635 statuit
2684 622 2699 647 ,
2732 594 2908 651 neque
2950 581 3182 651 gratiam
3228 595 3405 651 neque

1819 668 2007 723 odium
2033 668 2285 739 alicujus,
2314 668 2589 723 constanti
2619 668 2944 724 auctoritate
2965 670 3019 723 in
3041 669 3283 726 Ecclesia
3313 678 3403 726 tua

1819 758 2165 831 pradicando
2216 773 2492 815 exerceas.
2536 758 2808 815 Caeterum
2852 776 2952 832 pro
2993 775 3180 816 amore
3228 767 3405 819 sancti

1821 852 1985 919 Petri,
2016 853 2175 923 cujus
2195 853 2386 911 limina
2408 855 2757 925 praesentium
2800 854 3036 925 portitor
3078 854 3365 925 requisivit
3388 896 3403 921 .

1821 946 2041 1002 studeat
2070 942 2262 1016 religio
2292 954 2385 1000 tua
2417 946 2629 1002 viscera
2665 946 2885 1017 pietatis
2918 945 3024 1002 sibi
3057 946 3268 1017 aperire
3292 987 3309 1015 ,
3348 947 3407 1001 in

1820 1046 2085 1108 quantum
2121 1053 2248 1093 cum
2283 1037 2459 1093 salute
2493 1038 2689 1093 animae
2722 1054 2835 1094 suae
2868 1038 3083 1094 videtur
3113 1038 3209 1094 tibi
3244 1053 3408 1109 posse

1823 1127 2100 1198 fragilitati
2136 1144 2250 1183 sua:
2278 1128 2750 1195 condescendere;
2774 1137 3046 1199 quatenus
3080 1144 3191 1184 non
3230 1128 3407 1198 paeni-

1822 1227 1935 1273 teat
1977 1234 2103 1273 eum
2140 1218 2276 1272 tanti
2311 1218 2522 1273 itineris
2556 1218 2799 1273 laborem
2838 1216 3072 1274 subiisse
3095 1258 3112 1283 ,
3145 1217 3239 1273 sed
3273 1231 3406 1287 gau-

1820 1309 1968 1376 deat,
2002 1307 2149 1379 quod
2184 1308 2277 1364 diu
2312 1308 2582 1379 quaesivit,
2621 1308 2829 1364 scilicet
2863 1308 3036 1363 sancti
3068 1307 3211 1362 Petri
3244 1307 3407 1362 mise-

1822 1398 2113 1453 ricordiam
2150 1414 2249 1468 per
2280 1413 2382 1454 nos
2407 1398 2563 1469 juxta
2600 1408 2787 1453 votum
2825 1413 2988 1452 suum
3028 1397 3370 1466 impetrasse.

1892 1489 2026 1545 Data
2055 1488 2254 1561 Capuae
2278 1491 2491 1547 decimo
2522 1491 2754 1561 septimo
2778 1489 3049 1559 Kalendas
3070 1489 3405 1556 Decembris,

1823 1582 2121 1638 indictione
2153 1582 2496 1639 duodecima.

2331 1681 2664 1739 EPISTOLA
2700 1680 2892 1739 XXXI.

1929 1788 1998 1827 AD
2036 1786 2381 1828 ιλκειιλκευιί
2414 1789 2828 1828 CANTUABIORUI
2862 1787 3337 1829 Αιαιιιεριειςοιιῦι.

2420 1864 2603 1937 (Anno
2631 1863 2813 1936 1073.)

149 1944 396 2009 vasimus,
422 1959 618 1998 verum
640 1959 858 2015 quoque
893 1944 1128 2015 indignis
1164 1942 1497 2013 quibuslibet
1538 1950 1594 1996 et
1636 1939 1722 1995 Si-

1837 1951 2171 2035 Reprehendit
2200 1953 2340 2035 quod
2363 1954 2604 2035 patiatur
2627 1950 3222 2035 Arfastumlfirfatum,
3248 1958 3298 2003 et
3332 1950 3409 2033 sic

152 2035 383 2104 moniaco
410 2033 536 2093 felle
570 2036 885 2093 amaricatis
909 2077 924 2103 ,
971 2044 1026 2091 et
1079 2051 1188 2091 non
1230 2051 1327 2107 per
1372 2034 1575 2091 ostium
1626 2034 1722 2091 sed
1742 2024 1803 2087 ιλ
1895 2022 2063 2107 intra]
2102 2022 2381 2107 quemdam
2408 2034 2629 2107 Δλεοεξινςτ
2674 2022 3408 2107 Αιςξαιξιξίἱηρνωάεςεεξςιήε

150 2125 352 2191 aliunde
392 2125 849 2198 ingredientibus,
890 2125 1164 2182 Ecclesias
1185 2127 1332 2196 ipsas
1357 2125 1719 2191 vendidimus,

150 2229 202 2275 et
226 2234 329 2274 non
357 2235 452 2276 eas
496 2228 560 2275 ut
601 2220 846 2291 Oportuit
871 2217 1234 2275 defendimus.
1281 2218 1550 2285 Atnune,
1591 2216 1721 2287 quia

150 2311 247 2368 soli
268 2312 467 2391 absque
489 2319 675 2368 vestra
695 2314 1019 2369 auctoritate
1032 2310 1303 2367 Ecclesias
1320 2311 1593 2381 corrigere
1610 2325 1722 2364 non

152 2416 447 2479 possumus,
492 2416 662 2471 super
701 2401 807 2469 bis,
837 2410 900 2456 ut
918 2401 1084 2461 etiam
1114 2402 1183 2456 de
1214 2400 1418 2457 nostris
1442 2400 1721 2481 omnibus,

151 2499 374 2546 vestrum
396 2503 508 2547 una
530 2500 586 2547 et
607 2492 900 2548 consilium
920 2500 976 2547 et
995 2491 1258 2546 auxilium
1290 2490 1490 2545 obnixe
1523 2489 1724 2560 quaeri-

154 2596 267 2645 inus
289 2600 302 2635 :
326 2591 573 2637 vestrum
587 2581 993 2637 studiosissime
1013 2589 1342 2653 praeceptum
1369 2579 1639 2636 servaturi
1664 2580 1721 2634 in

156 2673 408 2737 omnibus.
456 2672 528 2743 Et
573 2689 721 2729 nunc
750 2674 805 2728 in
834 2673 1027 2744 primis
1060 2687 1160 2744 pro
1190 2671 1431 2727 Ecclesia
1465 2669 1724 2727 Mediola-

155 2767 315 2833 uensi,
338 2782 458 2837 qua:
483 2775 676 2821 nostra
697 2767 856 2836 culpa
896 2773 982 2821 est
1018 2765 1075 2820 in
1114 2780 1322 2832 errore,
1367 2779 1628 2835 rogamus
1662 2771 1724 2820 ut

155 2868 318 2915 vestra
347 2859 649 2930 apostolica
671 2858 1014 2914 districtione
1033 2858 1298 2913 canonice
1317 2857 1645 2927 corrigatur,
1668 2863 1723 2911 et

156 2948 333 3005 exinde
374 2949 441 3001 ad
481 2956 715 3004 caeteras
759 2948 1111 3018 eorrigendas
1139 2946 1483 3002 auctoritatis
1526 2954 1722 3002 vestra:

157 3038 401 3105 sententia
424 3037 826 3109 progrediatur.
862 3035 975 3092 Nos
995 3051 1126 3107 ergo
1157 3037 1314 3092 vobis
1342 3036 1397 3091 in
1423 3036 1679 3092 omnibus
1698 3075 1718 3103 ,

1893 2091 1977 2147 sui
2013 2091 2221 2148 Jecreta
2269 2095 2440 2147 sancti
2486 2093 2791 2147 Eadmundi
2833 2093 3064 2147 abbatite
3114 2091 3409 2146 molestiam

1892 2164 2151 2218 exhibere.
2191 2162 2367 2218 Monet
2401 2173 2458 2217 ut
2492 2180 2589 2217 sua
2624 2165 2733 2218 rice
2767 2163 2883 2232 ejus
2928 2163 3235 2232 audaciam
3262 2177 3409 2232 com:

1893 2243 2100 2305 pescat,
2136 2243 2185 2288 et
2224 2251 2393 2305 regem
2429 2229 2981 2305 Quilielmnm'eaoret
3007 2274 3022 2299 ,
3061 2247 3124 2284 ne
3158 2229 3327 2284 ullum
3363 2229 3412 2282 ei

1894 2301 2400 2387 {aeoremhprtesteL
2446 2303 2600 2387 Quod
2633 2304 2690 2387 ,εἰ
2714 2301 2983 2387 ,ᾼγριειιιε
3014 2317 3222 2387 ,ηαξ-ενα
3281 2315 3409 2387 con-

1896 2370 2191 2444 tempserit,
2212 2374 2365 2444 jubet
2394 2390 2510 2427 eum
2539 2384 2589 2427 et
2627 2370 2950 2427 Baldut'num
2973 2371 3214 2444 abbatem
3237 2370 3413 2444 sedent

1894 2440 2244 2514 apostolicam
2297 2444 2367 2499 ad
2418 2460 2600 2500 eorum
2660 2444 3016 2498 contentiones
3084 2440 3413 2495 dirimendas

1892 2524 2083 2585 petere.

1893 2602 2203 2658 Caesonius
2222 2602 2532 2674 episcopus,
2566 2604 2757 2659 servus
2798 2617 3084 2658 servorum
3127 2597 3244 2666 Dei,
3274 2597 3415 2653 LAN-

1823 2707 2025 2748 rsmco
2049 2690 2472 2746 Cantuariorum
2506 2692 2561 2746 in
2592 2691 2785 2763 Anglia
2818 2691 3231 2763 archiepiscopo
3261 2688 3413 2744 salu-

1826 2790 1932 2836 tem
1967 2789 2023 2835 et
2051 2781 2408 2851 apostolicam
2434 2780 2891 2837 benedictionem.

1890 2869 2011 2926 Non
2062 2860 2290 2925 minima
2342 2871 2702 2926 admiratione
2736 2871 2963 2947 dignum
2996 2868 3250 2925 ducimus
3302 2880 3411 2938 qua

1822 2959 2021 3026 fronte,
2044 2956 2153 3030 qua
2185 2968 2365 3014 mente
2394 2959 2673 3015 Arfastum
2700 2959 2905 3014 dictum
2942 2959 3256 3028 episcopum
3282 2971 3400 3011 san-

1821 3060 1923 3107 ctaa
1956 3051 2220 3107 Romana:
2246 3050 2503 3106 Ecclesia:
2537 3038 2783 3117 illudere,
2830 3057 2885 3106 et
2923 3049 3097 3104 beata:
3130 3047 3411 3102 memoriae

157 3129 257 3199 Deo
274 3133 498 3197 voleme,
526 3146 643 3190 non
664 3129 1019 3197 defuerimus,
1050 3137 1306 3201 rogantes
1327 3128 1564 3203 idipsum
1590 3142 1722 3197 sup-

1837 3138 2191 3195 tlexandrum
2237 3140 2695 3211 praedecessorem
2738 3148 2991 3194 nostrum
3035 3138 3265 3209 ejusque
3314 3135 3410 3191 dc-

157 3222 348 3292 pliciter
363 3224 751 3294 paternitatem
791 3231 1026 3279 vestram
1047 3262 1063 3290 ,
1107 3230 1168 3279 ut
1200 3221 1361 3277 nobis
1385 3220 1584 3275 alacris
1617 3219 1717 3274 ad-

157 3311 519 3385 sit
540 3314 599 3368 in
622 3312 899 3368 omnibus.
926 3311 1159 3367 Litteras
1181 3319 1400 3367 nostras
1440 3324 1553 3365 non
1597 3316 1723 3380 post

158 3404 355 3475 longum
376 3415 597 3477 tempus
620 3420 749 3461 cum
782 3404 1115 3462 ﬁdelissimis
1158 3403 1364 3461 nostris
1406 3402 1717 3469 habebitis;

159 3508 215 3562 ξι
252 3496 442 3576 quibus
462 3504 680 3569 nostra,
710 3511 836 3567 qua}
855 3496 1035 3557 adhuc
1057 3496 1287 3560 dicenda
1328 3502 1578 3562 restant,
1607 3492 1721 3550 Deo

159 3583 321 3656 dante,
340 3587 554 3658 plepius
574 3586 828 3657 audietis.

652 3696 991 3755 EPISTULA
1027 3697 1195 3754 xxx.
1700 3782 1703 3785 _

161 3802 384 3859 passast!
434 3806 503 3847 an
551 3806 871 3847 cssoannuu
918 3806 1356 3851 suscenseas“
1407 3805 1717 3847 sptscoruu.

740 3881 920 3953 (Anno
942 3881 1125 3953 1073.)
1232 3886 1235 3891 ’

164 3969 328 4041 ᾼτσιιὶτ
351 3974 493 4044 quod
528 3972 750 4044 clericos
780 3990 883 4027 non
915 3979 1168 4028 coerceat.
1212 3972 1393 4044 Monet
1431 3979 1501 4025 ut:
1535 3971 1593 4025 id
1633 3971 1721 4042 fa-

357 4042 486 4109 ciat.
520 4042 866 4099 Commendat
887 4045 1225 4114 prmsentimn
1247 4042 1489 4098 latorem.

220 4132 520 4191 Caesonius
542 4134 855 4205 episcopus,
882 4150 1075 4191 servus
1102 4149 1388 4189 servorum
1409 4129 1725 4197 Dei,-Geno«

165 4238 282 4279 uno
304 4224 645 4298 [Cannaene]
675 4224 1062 4298 Salzburgensi
1105 4226 1364 4298 episcopo
1394 4224 1625 4280 salutem
1670 4230 1726 4277 et

165 4318 494 4386 apostolicam
518 4317 973 4375 benedictionem.
1380 4388 1383 4389 ν
1492 4318 1495 4319 ⁷

224 4405 275 4461 Si
298 4425 362 4465 ea
389 4409 445 4464 in
464 4409 666 4476 vobis,
710 4424 878 4480 quam
921 4424 1209 4479 speramus
1255 4405 1444 4479 [quam
1470 4405 1527 4461 in
1567 4405 1723 4461 vobis

1821 3229 1967 3287 creta
2002 3234 2354 3285 contemnere
2379 3229 2682 3301 patiamini.
2712 3228 3063 3284 Prudentiam
3091 3226 3291 3305 quippe
3314 3241 3411 3282 ve-

1821 3330 1990 3377 stram
2036 3321 2104 3376 ad
2136 3321 2355 3392 plenum
2402 3326 2737 3392 cognoscere
2782 3336 2886 3376 nos
2914 3335 3025 3375 non
3066 3319 3240 3386 latet,
3278 3334 3408 3374 san-

1819 3420 1963 3467 ctam
2001 3410 2305 3467 Romanam
2335 3409 2636 3467 Ecclesiam
2660 3410 2787 3481 jure
2817 3426 2849 3465 a
2879 3408 2993 3464 Deo
3021 3408 3152 3465 dato
3176 3406 3280 3464 sibi
3314 3407 3410 3463 de-

1821 3502 2041 3565 fendere
2054 3492 2444 3571 Ecclesiarum,
2471 3503 2840 3570 sacerdotum,
2863 3500 3248 3572 episcoporum
3277 3515 3413 3555 con-

1820 3597 2173 3664 secrationes;
2211 3603 2267 3652 et
2309 3611 2341 3651 a
2378 3595 2529 3650 nullo
2570 3604 2792 3666 sumpta
2844 3594 3066 3650 licentia
3113 3592 3311 3649 debere
3358 3600 3418 3647 et
3472 3650 3479 3655 ,

1820 3704 1983 3760 posse
2016 3689 2314 3755 celebrare,
2348 3686 2465 3743 suis
2487 3695 2543 3743 et
2563 3686 2887 3757 pmbuisse,
2909 3693 2965 3741 et
2990 3683 3103 3740 Deo
3135 3690 3417 3739 annuente

1820 3781 2169 3853 praebituram
2203 3778 2576 3835 firmissimam
2602 3777 2769 3834 etiam
2797 3778 2852 3832 in
2879 3777 2984 3832 hoc
3013 3774 3413 3837 defensionem,

1820 3871 1915 3943 qui
1936 3867 2182 3926 Romam
2216 3868 2489 3935 venerint,
2513 3876 2569 3923 et
2597 3867 2744 3924 sedis
2774 3864 3087 3938 apostolicae
3118 3861 3413 3918 consilium

1819 3969 1875 4017 et
1907 3961 2167 4015 auxilium
2197 3958 2472 4030 petierint.
2521 3956 2734 4025 Quibus
2778 3955 3030 4011 Arfastus
3064 3954 3247 4009 dictus
3295 3949 3415 4022 epi-

1820 4069 2019 4124 scopus
2045 4095 2060 4120 ,
2093 4067 2204 4123 qua
2256 4067 2399 4107 nova
2444 4050 2672 4105 audacia
2714 4048 2968 4114 resistat,
3017 4046 3125 4101 nisi
3178 4042 3415 4100 fortasse

1820 4146 1925 4200 ista
1956 4163 1970 4199 :
2008 4142 2215 4197 Ponam
2239 4142 2415 4196 sedem
2437 4157 2609 4195 meam
2634 4140 2703 4194 ad
2732 4139 3044 4210 Aquilonem
3070 4179 3085 4206 ,
3124 4145 3177 4191 et
3216 4151 3305 4190 ero
3336 4135 3417 4193 si-

1822 4235 1967 4290 milis
2003 4233 2284 4287 Altissimo
2326 4229 2515 4303 (Isaia:
2554 4229 2668 4300 xxv)
2696 4269 2711 4295 ,
2747 4229 3085 4298 ignoramus.
3137 4224 3219 4279 Ad
3265 4221 3415 4293 quod

1821 4328 1985 4383 etiam
2036 4323 2258 4380 dilectio
2309 4328 2491 4376 vestra
2528 4335 2694 4390 super
2731 4317 2817 4373 his
2851 4315 3051 4384 sileat,
3089 4331 3201 4369 non
3250 4311 3416 4367 mini-

1825 4434 1975 4474 mum
2018 4416 2307 4473 miramur.
2339 4411 2542 4468 Verum
2569 4452 2585 4478 ,
2618 4409 2746 4481 quia
2782 4409 2848 4463 de
2878 4407 3036 4464 vobis
3094 4419 3225 4459 non.
3257 4402 3417 4458 aliter

167 4498 563 4571 sperabamus],
586 4515 717 4571 erga
757 4515 859 4555 nos
885 4498 1104 4555 dilectio
1148 4497 1419 4570 flagraret,
1462 4495 1616 4567 prius
1655 4493 1722 4550 ad

1837 4523 1990 4580 quam
2037 4508 2104 4563 de
2152 4500 2331 4562 nobis
2357 4503 2692 4568 dubitamus,
2740 4497 3138 4555 fraternitatem
3171 4501 3415 4549 vestram

169 4601 252 4643 nos
268 4600 459 4647 vestrae
481 4606 649 4662 quam
667 4599 869 4647 nostra:
890 4592 957 4647 ad
980 4606 1079 4648 vos
1098 4590 1293 4647 litterae
1318 4588 1721 4661 pervenissent;

171 4692 274 4734 cum
310 4680 362 4736 id
393 4679 630 4738 faciendi
654 4680 868 4739 facilius
904 4682 1060 4740 vobis
1085 4698 1182 4755 per
1210 4680 1394 4754 plures
1434 4680 1502 4735 ad
1536 4678 1725 4735 limina

172 4773 517 4837 apostolorum
559 4773 861 4842 venientes,
892 4790 1059 4846 quam
1085 4773 1245 4830 nobis
1264 4788 1361 4843 per
1384 4788 1557 4828 unum
1598 4771 1728 4826 hinc

175 4857 229 4921 ad
246 4875 335 4917 vos
355 4862 790 4933 proficiscentem
814 4864 1035 4935 occasio
1055 4862 1387 4921 conferatur.
1410 4859 1522 4917 Nos
1544 4869 1727 4917 tamen

175 4947 426 5010 insalutati
469 4953 708 5010 ndicium
769 4954 1120 5013 salutationis
1173 4950 1575 5026 impendimus,
1627 4961 1684 5007 ει
1710 4992 1728 5019 ν

178 5055 315 5110 quam
337 5047 601 5113 solemus,
622 5046 935 5115 dilectionis
965 5046 1062 5102 tibi
1096 5046 1466 5103 sinceritatem
1507 5045 1731 5103 exhibe—

178 5145 297 5190 mus.
322 5136 428 5193 Sed
451 5146 538 5197 cst
572 5138 714 5194 unde
754 5137 1155 5207 fraternitatem
1200 5146 1351 5193 tuam
1395 5136 1732 5208 negligentiae

182 5225 348 5284 merito
370 5228 529 5301 argui
547 5239 821 5300 putamus,
847 5228 998 5302 quod
1021 5228 1088 5286 de
1110 5228 1362 5287 castitate
1384 5227 1728 5296 clericorum,

1826 4601 2164 4659 confidenter
2192 4598 2552 4669 deprecamur
2582 4586 2652 4650 ut
2684 4595 2805 4650 vice
2838 4599 3027 4647 nostra
3063 4586 3269 4643 Arfasti
3312 4599 3419 4639 nu-

1827 4709 1923 4765 gas
1952 4691 2170 4764 penitus
2192 4682 2576 4759 compescatis,
2601 4694 2658 4741 et
2690 4682 2862 4740 sancti
2899 4678 3205 4736 Eadmundi
3248 4675 3420 4731 abba-

1828 4764 1960 4840 tiam
2008 4792 2200 4839 contra
2238 4781 2521 4836 decretum
2567 4774 2874 4833 decessoris
2912 4771 3085 4828 nostri
3123 4764 3419 4840 inquietari
3488 4816 3492 4820 .

1829 4876 1981 4932 nullo
2023 4873 2188 4929 modo
2219 4872 2434 4928 sinatis.
2469 4867 2574 4936 Qui
2604 4868 2768 4923 etiam
2800 4879 2927 4920 cum
2953 4862 3204 4918 eumdem
3252 4858 3422 4914 abba-

1833 4977 1940 5024 tem
1964 4967 2020 5021 in
2043 4965 2426 5037 presbyterum
2450 4956 2695 5016 ordinari
2720 4955 2908 5011 Romae
2942 4954 3183 5019 fecisset,
3216 4951 3421 5022 ipsum,

1830 5067 1887 5114 et
1919 5054 2314 5113 monasterium
2349 5050 2441 5107 cui
2478 5055 2709 5119 praeest,
2745 5045 2802 5100 in
2839 5045 3067 5100 tutelam
3110 5037 3426 5113 apostolicae

1832 5149 1978 5206 sedis
2009 5145 2237 5216 accepit.
2270 5140 2428 5198 Unde
2458 5139 2691 5211 injurias
2721 5137 2868 5193 illius
2889 5137 2945 5192 in
2970 5152 3074 5193 nos
3094 5132 3425 5195 redundare,

1832 5235 2182 5296 dissimulare
2214 5247 2326 5289 non
2360 5237 2679 5303 possumus;
2716 5227 3021 5302 praesertim
3058 5238 3183 5284 cum
3228 5222 3297 5278 ad
3328 5220 3428 5277 de—
