3962 5348
518 310 627 367 5ῒὸ

1165 308 1220 361 s.
1262 303 1597 362 cnnconu
1630 306 1741 361 vn-
1759 272 1962 363 nam
1986 308 2104 364 om

2210 309 2283 364 ΞΜ
2318 308 2498 366 PARS
2531 309 2571 364 I.
2611 338 2681 350 —-
2720 309 3139 367 REGISTREM'.

3682 308 3806 363 316

516 422 699 477 dentia
730 437 895 493 supra
933 422 1152 477 modum
1182 419 1450 476 diminuta
1484 429 1540 475 et
1574 424 1856 477 contraeta
1887 422 1956 476 ab
1980 435 2100 477 om-
2129 426 2173 480 Α
2200 423 2325 478 dam
2367 423 2732 494 privilegium,
2776 424 2924 493 quod
2960 424 3129 478 beatae
3158 420 3553 477 recordationis
3578 420 3807 491 prede-

518 515 681 576 nibus
712 514 1080 587 cognoscitur.
1124 511 1178 566 Si
1202 526 1348 573 vero
1383 510 1602 566 Arfasto
1635 509 1934 583 [Arfastus]
1968 527 2102 567 con-

518 612 604 669 tra
631 604 746 660 base
775 603 1121 668 recalcitrare
1172 599 1372 659 abhinc
1423 599 1710 660 tentaverit
1733 640 1748 667 ,
1804 600 2101 671 apostolica

523 695 849 760 auctoritate
874 695 983 752 sibi
997 703 1049 751 et
1074 692 1340 752 Balduino
1359 692 1542 751 abbati
1556 691 1829 764 praecipite
1847 692 2101 749 utsedem

518 790 876 860 apostolicam
907 788 974 849 ad
998 789 1114 845 haec
1138 787 1550 846 determinanda
1572 796 1776 859 petant.

596 880 732 945 Data
762 870 830 937 ad
862 879 1125 939 Sanctum
1160 880 1516 947 Germanum,
1550 879 1889 937 duodecimo.
1906 879 2101 935 Kalenr

517 972 618 1028 das
647 970 993 1041 Decembris,
1011 971 1312 1028 indictione
1332 970 1675 1027 duodecima.
2046 960 2049 965 ’

1010 1102 1359 1171 EpisroLA
1395 1102 1610 1164 xxxu.

733 1206 806 1252 A5
838 1212 1091 1266 ληλωωι
1126 1206 1533 1255 (ΞΑΠΝΟΤΕΝΞΙῸΜ
1572 1209 1898 1265 Εριεςορυκε

864 1302 869 1305 ’
950 1304 953 1307 ·
1024 1312 1025 1317 π
1092 1287 1305 1355 '(‘Anno
1333 1284 1518 1357 1073,)

523 1376 593 1435 Ut
626 1378 693 1431 ad
720 1395 903 1433 curam
936 1394 1047 1434 sua!
1078 1379 1306 1439 abitalia:
1330 1421 1345 1446 ,
1378 1388 1578 1434 remoto
1603 1378 1723 1434 alio
1756 1380 1963 1433 intr-uso
2007 1378 2102 1432 ab-

589 1448 728 1514 bate,
756 1451 1001 1504 restituet
1023 1449 1711 1519 quemdamlsimbardum,
1743 1451 1792 1503 si
1815 1450 1967 1503 nulla
1987 1449 2101 1504 alia

590 1518 747 1590 culpa
791 1518 1170 1574 inveniatrnm
1202 1521 1467 1590 privatum
1488 1561 1503 1585 ,
1536 1520 1639 1573 nisi
1672 1520 1810 1590 quod
1849 1519 2103 1576 Hieroso-

588 1586 787 1658 lymam
820 1590 1111 1644 devotionis
1146 1586 1308 1645 causa
1337 1590 1602 1662 profectus
1635 1586 1815 1661 fuerit.

591 1697 900 1756 (insecutus
909 1701 1219 1772 episcopus,
1236 1715 1429 1759 servus
1444 1718 1731 1759 servorum
1751 1700 1869 1772 Dei,
1881 1701 2101 1760 Arbitrio

513 1786 821 1862 [Anmrnoj
858 1790 1279 1856 Carnotensium
1312 1794 1568 1866 episcopo
1603 1794 1835 1862 salutem
1874 1803 1929 1855 et
1966 1811 2099 1867 apo-

512 1880 1254 1947 stolicambenedictionem.

586 1969 943 2029 Praesentium
965 1979 1199 2045 portitor
1221 1976 1560 2035 Isimbardus
1587 1979 1756 2036 abbas
1780 1980 2102 2037 monasterii

518 2059 705 2116 Sancti
737 2062 1082 2120 Laodomarii
1116 2067 1510 2141 [Latmomaril
1544 2069 1738 2129 Mittin.
1778 2069 2102 2143 Audomari]

516 2150 586 2205 ad
628 2154 984 2224 apostolicam
1025 2158 1254 2221 veniens
1295 2160 1501 2227 sedem,
1534 2161 1748 2219 nostris.
1767 2171 1994 2232 questus
2021 2171 2106 2217 est

515 2242 745 2298 auribus
774 2259 833 2299 se
854 2245 1091 2316 prmfatte
1120 2248 1349 2305 abbatite
1377 2266 1567 2306 carere
1597 2251 1927 2318 obedientia,
1955 2252 2104 2307 nulla

519 2330 916 2397 interveniente
964 2336 1123 2407 culpa
1150 2344 1177 2408 ,'_
1210 2339 1315 2393 nisi
1366 2340 1513 2411 quia,
1564 2340 1751 2409 divino
1805 2359 2105 2413 succensus

512 2435 727 2491 amore,
751 2426 991 2494 perrexit
1012 2426 1465 2501 Hierosolymam;
1500 2448 1532 2488 a
1565 2450 1671 2504 qua
1704 2434 2059 2499 dumrediret
2087 2476 2104 2503 ,

520 2513 737 2584 invenit,
773 2519 1067 2586 quemdam
1112 2521 1364 2576 abbatem
1391 2524 1613 2580 nomine
1637 2524 1965 2593 Guidonem,
1992 2542 2106 2581 sua:

519 2604 808 2677 praelatum
840 2607 1091 2675 abbatize,
1125 2618 1191 2673 ut.
1214 2610 1543 2678 audivimus,
1581 2629 1692 2668 non
1724 2614 1888 2669 simili
1919 2615 2108 2686 praedi:

521 2701 637 2747 tum
655 2695 937 2765 religione,
961 2700 1341 2775 nequeabalio
1359 2700 1538 2773 [fortc,
1560 2703 1630 2759 ab
1645 2703 1762 2771 illo,
1776 2701 1974 2776 Ilium]
1991 2720 2108 2764 mo.-

521 2787 765 2852 nasterio
793 2790 1118 2860 regulariter
1152 2801 1452 2862 sumptum.
1487 2793 1825 2857 Fraternitas
1851 2806 2106 2867 ergotua

521 2880 739 2936 studeat
762 2881 858 2953 pia.
878 2882 1155 2955 inquirere
1184 2885 1554 2952 sollicitudine
1578 2928 1594 2952 ,
1637 2896 1692 2942 et
1726 2888 1884 2944 istius
1926 2904 2107 2945 remos-

520 2968 749 3040 tionem,
771 2981 828 3029 et
856 2974 1003 3031 illius
1033 2975 1455 3045 ordinationem;
1498 2988 1662 3048 atque
1699 2980 1747 3034 si
1788 2980 1843 3039 in
1880 2982 1984 3036 hoc
2009 2982 2107 3036 ali-

521 3075 629 3129 qua
663 3077 773 3131 non
821 3064 1100 3120 invenitur
1127 3067 1287 3137 culpa
1312 3110 1328 3135 ,
1366 3067 1473 3123 nisi
1508 3068 1774 3138 profectio
1807 3071 1875 3126 ad
1912 3069 2107 3126 Hiero-

522 3152 790 3223 solymam
836 3156 1005 3227 (quod
1049 3158 1271 3228 quidem
1315 3159 1568 3225 ducimus
1610 3161 1999 3233 tolerandum),
2044 3176 2109 3219 ac

520 3243 813 3305 sollicitius
837 3255 893 3304 et
917 3248 1226 3318 religiosius
1246 3264 1312 3304 eo
1333 3250 1479 3305 valet
1500 3251 1555 3305 in
1577 3252 1839 3322 regimine
1854 3249 2106 3319 fratrum,

524 3332 627 3389 iste
668 3336 858 3405 utique
903 3337 1261 3415 restituatur,
1308 3340 1399 3395 ille
1431 3356 1563 3397 vero
1596 3342 1904 3413 dejiciatur.
1952 3343 2109 3412 Quod

525 3422 579 3481 si
622 3432 678 3478 et
727 3425 833 3489 iste
885 3428 1047 3483 aliam
1102 3429 1380 3486 commisit
1434 3431 1650 3502 culpam
1709 3448 1832 3504 quat
1891 3449 2017 3489 eum
2078 3451 2110 3491 a

523 3511 790 3580 regimine
823 3513 977 3583 iuste
1011 3526 1309 3583 removeat,
1337 3527 1393 3574 et
1443 3519 1546 3576 ille.
1570 3521 1880 3592 religiosius
1909 3522 2018 3579 isto
2053 3525 2107 3579 in

524 3601 997 3662 administratione
1038 3608 1362 3679 pervigilat,
1403 3609 1784 3682 ordinatioque
1806 3611 1926 3683 ejus
1954 3629 2109 3685 repe—

525 3690 701 3747 riatur
734 3693 995 3765 legitima;
1025 3697 1173 3753 hunc
1197 3700 1419 3769 quidem
1445 3699 1807 3759 Isimbardum
1828 3704 1986 3760 nobis
2015 3714 2108 3761 tua

524 3776 839 3847 fraternitas
868 3800 993 3840 cum
1025 3786 1223 3853 litteris
1252 3790 1516 3859 remittat,
1552 3802 1608 3848 et
1638 3793 1732 3849 ille
1758 3794 1813 3848 in
1850 3811 1952 3851 suo
1985 3796 2107 3852 loco

524 3884 861 3942 permaneat.
897 3876 956 3934 Si
976 3895 1108 3935 vero
1133 3880 1281 3946 illius
1308 3885 1582 3954 promotio
1606 3885 1924 3944 Simoniaca
1948 3889 2108 3945 sorde

524 3960 802 4022 invenitur
832 3964 1055 4039 foedata,
1088 3978 1221 4027 tunc
1249 3973 1519 4046 siquidem
1554 3975 1645 4033 ille
1673 3976 1795 4035 sine
1826 3994 1979 4034 mora
2013 3980 2109 4035 de-

524 4064 764 4124 ponatur
787 4073 818 4114 a
847 4062 1109 4130 regimine
1130 4063 1383 4136 fratrum,
1414 4076 1469 4125 et
1510 4070 1648 4126 alter
1690 4071 1739 4126 ei
1787 4072 2109 4144 regulariter

520 4146 905 4207 Qubstituatur.
937 4150 1175 4225 Quiquid
1208 4167 1391 4214 autem
1424 4167 1517 4216 tua
1552 4161 1743 4233 religio
1773 4179 1939 4233 super
1971 4165 2107 4219 utri-

523 4256 699 4311 usque
728 4258 893 4300 causa
920 4247 1253 4319 expleverit,
1291 4252 1484 4317 litteris
1514 4254 1624 4314 tuis
1654 4256 1911 4312 innexum
1946 4258 2114 4317 nobis

521 4331 739 4387 studeat
761 4332 941 4391 facere
971 4347 1183 4394 notum.

2202 516 2439 571 cessaris
2472 516 2645 572 nostri
2676 516 2971 572 Alexandri
3006 515 3228 579 nomine
3265 515 3539 570 titulatum
3570 513 3800 569 inveni-
3826 560 3829 563 .

2203 622 2326 663 mus
2354 624 2369 662 :
2398 598 2547 678 quod
2592 608 2853 663 nimirum
2894 615 3074 661 ratum
3101 622 3211 662 non
3236 621 3357 663 esse
3399 603 3804 665 manifestissi-

2203 698 2309 754 mis
2353 698 2821 768 deprehendimus
2860 697 3096 765 indiciis,
3140 696 3493 775 corruptione
3536 695 3805 750 videlicet

2202 788 2533 855 Latinitatis,
2558 804 2660 845 nec
2683 804 2795 844 non
2824 798 2889 844 et-
2901 788 3216 845 diversitate
3238 788 3521 844 canonica:
3545 786 3806 842 auctori-

2202 880 2348 936 tatis.
2384 879 2718 950 Congruenti
2748 880 2915 952 igitur
2949 881 3180 947 ratione,
3218 894 3393 951 neque
3422 887 3583 934 vetus
3616 879 3800 934 robo-

2201 984 2325 1026 rare
2348 1010 2364 1038 ,
2416 985 2592 1041 neque
2626 978 2817 1029 nostro
2863 972 3088 1028 nomine
3118 987 3321 1027 novum
3366 971 3594 1043 dignum
3625 971 3801 1027 duxi-

2202 1076 2325 1116 mus
2358 1059 2847 1130 impraesentiarum
2895 1076 3225 1132 componere
3262 1081 3275 1114 :
3308 1062 3440 1133 quia
3490 1077 3615 1133 quae
3654 1069 3802 1117 sunt

2196 1152 2347 1223 insta
2366 1160 2433 1209 et.
2449 1154 2539 1224 pia
2568 1153 2809 1224 postulat
2829 1154 3193 1211 ecclesiastica
3225 1156 3432 1226 regula.
3466 1153 3606 1210 Sum
3634 1154 3817 1210 enim.

2203 1244 2573 1302 Dordonensis
2598 1244 2976 1317 [Dertonensis
3015 1247 3171 1301 et-sic
3203 1245 3373 1319 infra]
3396 1245 3657 1311 Ecclesia,
3682 1260 3796 1300 cu-

2197 1337 2290 1408 jus
2310 1338 2586 1412 parochias
2614 1338 2894 1409 adjacetis,
2922 1347 3183 1409 operante
3205 1355 3443 1410 superna
3473 1337 3795 1401 eictnentia,

2201 1431 2463 1486 canonice
2487 1430 2653 1486 fuerit
2674 1430 2943 1497 ordinata,
2981 1439 3114 1487 tunc
3153 1431 3393 1502 quidem,
3423 1430 3625 1485 comite
3650 1428 3791 1493 vita,

2198 1536 2268 1577 ex
2301 1537 2575 1581 consensu
2605 1522 2863 1592 ejusdem.
2881 1522 3026 1579 sedis
3053 1521 3316 1592 episcopi,
3348 1521 3610 1592 proficuae
3635 1518 3815 1573 utilia.

2180 1614 2330 1678 tatis
2379 1613 2721 1684 privilegium
2772 1621 2968 1668 vestra;
3019 1611 3332 1669 necessitati
3379 1610 3796 1682 providebimus

2202 1700 2467 1761 canonica
2509 1704 2837 1760 auctoritate
2876 1704 3178 1761 suﬂultum.
3224 1702 3380 1771 Quod
3422 1703 3508 1771 si,
3551 1700 3823 1774 peccatis.

2190 1797 2564 1868 exigentibus,
2588 1786 2789 1853 eadem
2825 1798 3053 1854 ecclesia
3078 1798 3342 1853 canonice
3368 1811 3480 1851 non
3506 1793 3673 1852 fuerit
3698 1809 3815 1849 οπο-

2203 1888 2410 1953 dinata,
2450 1896 2579 1943 tunc
2617 1888 2781 1942 etiam
2813 1887 3137 1954 muninime,
3161 1901 3271 1957 quo
3291 1885 3440 1956 juste
3462 1883 3795 1947 valebimus,

2203 1980 2361 2035 vobis
2382 1979 2612 2034 omnino
2634 1980 3031 2037 solatiabimur.
3057 1978 3196 2047 Quia
3220 1993 3350 2034 vero
3364 1992 3600 2049 persona
3622 1975 3795 2031 vestri

2203 2070 2381 2138 electi,
2423 2071 2550 2126 licet
2581 2071 2825 2127 honestis
2850 2071 3076 2141 praedita
3107 2070 3355 2127 videatur
3396 2068 3679 2136 moribus,
3721 2067 3819 2121 ad.

2205 2160 2418 2216 abbatis
2449 2168 2631 2217 tamen
2659 2160 2917 2228 ofﬁcium,
2959 2176 3087 2217 cum
3120 2168 3280 2216 :etate
3310 2168 3432 2215 tum
3460 2159 3628 2214 etiam
3669 2172 3797 2212 cor-

2203 2252 2355 2322 poris
2401 2251 2740 2321 infirmitate,
2789 2252 2949 2329 nobis
2993 2252 3114 2308 visa
3169 2260 3268 2307 est-
3305 2250 3545 2319 debilia,
3581 2257 3813 2321 utpote,_

2203 2356 2369 2413 quem
2394 2350 2630 2412 oportet
2670 2357 2772 2413 pro
2817 2342 3074 2398 omnibus
3118 2341 3539 2398 sollicitudinem
3582 2354 3813 2411 gerere”

2204 2434 2456 2489 eumdem
2485 2434 2716 2489 electum
2752 2434 3068 2491 monuimus
3101 2449 3133 2488 a
3159 2433 3476 2504 [tralatione
3503 2430 3815 2496 desistere,

2206 2526 2255 2583 si
2275 2541 2333 2583 se
2355 2526 2653 2597 invalidum
2676 2525 2906 2582 fratrum
2926 2526 3431 2598 opportunitatibus
3449 2521 3811 2596 perspexerit:

2207 2632 2317 2673 non
2342 2634 2505 2689 posse
2526 2617 2772 2675 sufﬁcere
2796 2619 2925 2676 :eui
2963 2627 3167 2687 tamen,
3197 2618 3377 2690 quoad
3404 2614 3708 2688 pratfuerit,
3733 2613 3795 2665 in

2206 2705 2452 2775 ejusdem
2484 2705 2764 2775 religionis
2801 2713 2991 2759 tenore
3013 2711 3441 2774 perseverantes,
3469 2701 3527 2754 in
3549 2715 3661 2770 qua
3694 2716 3807 2755 ve-.

2209 2802 2322 2850 ster
2348 2807 2449 2849 vos
2470 2792 2760 2848 defunctus
2782 2793 3021 2848 instituit
3049 2800 3224 2863 pater,
3257 2791 3495 2846 debitam
3536 2804 3796 2845 reveren-

2211 2885 2342 2939 tiam
2373 2883 2643 2939 exhibete.
2670 2881 2873 2939 Crateri
2903 2897 3123 2953 quoque
3165 2880 3422 2936 monachi
3448 2880 3620 2936 vestri
3661 2893 3796 2935 con-

2210 2973 2382 3041 socii,
2417 2988 2515 3044 per
2538 2973 2702 3029 cellas
2722 2973 2791 3028 ab
2815 2974 3004 3028 eodem
3027 2959 3180 3043 patre
3201 2979 3387 3027 vestro
3407 2978 3754 3026 constructas
3772 3009 3799 3035 ι

2135 3096 2176 3153 G
2210 3076 2271 3123 ut
2302 3067 2588 3123 vobiscum
2620 3066 2729 3120 sint
2757 3065 3063 3132 unanimes,
3090 3064 3374 3133 eidemque
3395 3068 3582 3117 vestro
3612 3059 3793 3116 abbati

2210 3167 2523 3215 reverenter
2547 3157 2821 3224 obediant,
2848 3156 3174 3212 auctoritate
3198 3153 3549 3225 praecipimus
3568 3160 3792 3223 apostoa

2207 3254 2332 3309 lica.
2378 3251 2516 3319 Quia
2554 3250 2845 3320 epistolare
2887 3247 3267 3319 compendium
3309 3246 3503 3311 multa,
3530 3260 3657 3316 qua:
3686 3242 3794 3298 fra-

2208 3345 2384 3401 tribus
2403 3343 2599 3399 vestris
2622 3338 3013 3417 intimavimus,
3039 3348 3233 3396 vestra:
3255 3336 3588 3393 fraternitati
3614 3335 3797 3391 notiti-

2208 3451 2334 3493 care
2356 3449 2465 3490 non
2489 3433 2711 3504 patitur,
2755 3448 2877 3504 qua:
2898 3431 3028 3488 huic
3050 3430 3293 3501 epistolae
3321 3428 3523 3484 desunt
3548 3424 3796 3498 praedicti

2208 3524 2405 3581 fratres
2425 3526 2653 3580 auribus
2672 3522 2871 3579 vestris
2892 3523 3014 3578 viva
3038 3536 3173 3576 voce
3200 3518 3527 3576 narrabunt.

2278 3616 2413 3672 Data
2443 3616 2725 3688 Argenteae
2740 3631 2800 3677 tv
2822 3612 3104 3678 Kalendas.
3127 3610 3465 3680 Decembris,
3490 3607 3805 3673 indictione

2180 3736 2183 3739 ·
2208 3708 2545 3774 duodecitna.

2688 3805 3025 3862 EPISTOLA
3059 3803 3299 3859 XXXIV.

2417 3918 2486 3957 ,ω
2510 3916 2784 3957 κεκεωυκ
2815 3914 3233 3956 ιιΝευιΝιι-ῖιςεειι
3260 3910 3576 3953 ενιεεορωι.

2792 3990 2975 4063 (Anno
3014 3988 3199 4060 1075.)

2205 4084 2363 4140 Arce!
2387 4082 2709 4137 homicidam
2738 4099 2771 4135 α
2795 4079 2936 4135 sacri
2968 4079 3158 4134 altaris
3188 4076 3481 4132 ministerio
3507 4091 3526 4131 :
3551 4076 3789 4131 concedit

2279 4166 2454 4209 tamen
2487 4153 2591 4218 illi,
2615 4154 2662 4205 si
2685 4152 3042 4221 pmnitentiam
3071 4149 3254 4220 egerit,
3285 4157 3343 4204 ut
3372 4147 3657 4219 stipendiis
3685 4145 3789 4199 Ec-

2276 4225 2450 4280 clesia:
2478 4223 2555 4278 ali
2583 4222 2748 4293 possit

2274 4345 2583 4403 Caesonius
2601 4343 2910 4414 episcopus,
2938 4356 3130 4398 servus
3157 4355 3440 4397 servorum
3463 4338 3585 4406 Dei,
3603 4338 3786 4394 Reus-

593 4419 727 4478 Data
746 4422 1030 4496 Argenteae
1050 4426 1394 4500 [Argentace,
1422 4446 1471 4489 et
1495 4436 1573 4491 sic
1596 4434 1769 4509 infra]
1790 4436 2113 4498 vKalendas.
2139 4442 2183 4498 D
2208 4456 2298 4497 mo
2324 4438 2672 4494 Lincolnensi
2708 4437 2765 4491 in
2788 4435 2983 4507 Anglia
3011 4435 3267 4506 episcopo
3301 4433 3534 4489 salutem
3570 4440 3629 4487 et
3660 4445 3789 4502 apo-

524 4511 859 4585 Decemhris,
897 4517 1201 4577 indictione
1222 4523 1563 4581 duodecima.

1007 4602 1345 4669 EPISTOLA
1370 4613 1609 4671 XXXIII.

737 4714 805 4759 ΑΒ
836 4714 1078 4760 ωτιιεε
1108 4719 1433 4762 υοκλετειιιι
1469 4724 1656 4770 REATE
1689 4727 1894 4772 ιιιιιιιιι,

1114 4795 1297 4865 (Anno
1333 4795 1515 4869 1075.)

525 4876 874 4963 Privilegium
915 4887 996 4941 sni
1017 4889 1456 4963 ‘prardecessoris,
1486 4893 1612 4963 quia
1636 4892 1833 4962 falsum
1853 4912 1965 4950 esse
1985 4912 2109 4949 cene

594 4950 741 5030 s'ebat
767 4993 782 5017 ,
816 4968 907 5030 nec
941 4950 1048 5011 vult
1079 4961 1393 5030 conﬁrmare
1416 4950 1560 5025 ,nec
1600 4950 1756 5018 ra'lind
1804 4967 2102 5020 concedere.

601 5017 785 5066 [nsum
817 5022 1035 5068 ριριτιωη
1063 5017 1302 5070 ηῘιῙιλΙρΜ
1364 5017 1463 5070 εἷλε
1497 5017 1738 5072 o'IInn‘sslm
1776 5017 2081 5074 "habitae;

2205 4533 2456 4590 stolicam
2481 4529 2934 4593 benedictionem.

2275 4624 2531 4679 Latorem
2556 4621 2929 4692 praesentium,
2953 4635 3116 4691 quem
3137 4617 3495 4674 fraternitatis
3517 4626 3629 4673 tua:
3649 4617 3788 4672 litte-

2205 4731 2281 4772 πε
2344 4713 2638 4769 homicidio
2693 4713 3025 4769 maculatum
3075 4711 3233 4766 nobis
3288 4710 3784 4773 denuntiaverunt,

2206 4804 2353 4862 nulla
2377 4811 2693 4860 sanctorum
2719 4801 2939 4857 Patrum
2963 4800 3262 4857 auctoritas
3284 4800 3537 4855 concedit
3560 4798 3787 4853 ulterius

2206 4898 2378 4955 sacris
2405 4882 2670 4952 altaribus
2703 4894 3034 4961 ministrare,
3074 4909 3175 4948 nec
3206 4908 3309 4947 nos
3336 4893 3492 4949 decet
3514 4891 3784 4948 constitu-

2204 4989 2342 5044 tioni
2367 4988 2534 5054 illius,
2548 4986 2692 5057 quod
2705 4985 2850 5040 abbit
2869 4987 2881 5039 !
2900 5000 3185 5040 assensum
3199 4983 3492 5055 praebendo
3513 4998 3782 5039 canonum
