3962 5348
140 411 229 469 Si?

1152 382 1370 458 Lmen
1404 398 1685 457 PRIMUS.
1719 432 1788 442 -
1823 399 2041 463 EPIST.
2083 401 2321 457 χχχιι.

3281 406 3390 467 518

142 521 441 581 solutionem
469 528 731 591 praeterea
768 523 1116 599 peccatorum
1154 525 1395 584 tuorum,
1429 517 1571 572 sicut
1605 532 1699 571 ro-
1729 502 1775 575 Α
1801 516 1973 585 cussi,
2022 517 2098 572 illi
2163 517 2392 573 ulterius
2442 518 2814 587 obtemperare
2853 521 3201 576 recusabant.
3258 521 3390 580 Haec

141 613 278 686 επεὶ,
310 611 639 666 auctoritate
682 607 999 678 principum
1030 607 1403 677 apostolorum
1450 606 1596 662 Petri
1647 615 1702 660 et
1804 608 1946 675 ideo,
1976 606 2144 663 frater
2168 608 2510 675 charissime,
2545 606 2838 678 vigilantia
2865 618 2971 665 tua:
3007 611 3259 667 intimare
3288 628 3391 671 cu-.

142 701 271 756 Pauli
299 698 441 765 fulti,
479 712 718 769 quorum
738 698 860 752 vice
883 696 1133 767 quamvis
1164 696 1373 768 indigni
1399 695 1696 767 fungimur,

249 790 457 857 mittere
490 788 718 860 dignum
744 788 1022 854 duximus,
1060 786 1107 841 si
1135 796 1319 841 tamen
1343 785 1502 841 bonis
1523 784 1701 856 operi-

141 884 227 937 bus
257 878 595 944 inhaerentis,
640 885 695 933 et
717 878 1046 933 commissos
1076 892 1337 933 excessus
1371 876 1698 948 plangendo,

139 980 372 1055 quantum
416 969 696 1036 valueris,
746 970 995 1055 corporis
1042 969 1120 1023 tui
1169 969 1540 1039 habitaculum
1589 965 1700 1022 Deo

139 1062 373 1117 mundum
405 1059 674 1129 templum
720 1059 1052 1115 exhibueris.
1086 1057 1243 1126 Quod
1284 1068 1465 1113 autem
1506 1072 1697 1129 preca-

139 1163 407 1207 tasesnos
438 1150 539 1204 tibi
562 1150 776 1220 jubere,
826 1162 1098 1221 quatenus
1144 1151 1324 1221 possis
1373 1149 1514 1204 scire
1555 1149 1699 1203 unde

141 1240 274 1295 nobis
311 1239 604 1294 serviendo
645 1228 911 1294 merearis
950 1240 1181 1310 placere,
1210 1240 1315 1294 hoc
1351 1240 1696 1310 potisSimum

141 1329 485 1401 pracipimus,
532 1329 645 1384 tuis
687 1329 940 1385 videlicet
980 1329 1161 1400 juvari
1213 1331 1586 1396 orationibus,
1639 1339 1701 1384 ut

142 1430 387 1492 compotes
425 1419 598 1477 simul
639 1434 950 1476 mereamur
973 1421 1184 1493 gaudiis
1214 1420 1420 1494 perfrui
1445 1420 1698 1500 perenni—

130 1512 245 1579 .bus.

198 1601 315 1690 Data
353 1601 669 1658 Terracinae
698 1619 753 1657 iv
779 1600 965 1661 Nonas
996 1596 1310 1660 Decembris
1338 1647 1353 1672 ,
1401 1603 1697 1659 indictione

146 1692 449 1748 duodecima.

600 1820 939 1876 EPISTOLA
974 1822 1198 1879 XXXV.

176 1929 227 1966 ιι)
249 1927 539 1967 ιιοοειιιειιιι
563 1910 893 1986 [ιιοςιιειςωι]
922 1931 1316 1971 cammarus“
1347 1931 1661 1983 Ertscoruu.

702 2003 882 2077 (Anno
918 2003 1102 2074 l075.)

154 2091 507 2174 lniPhilippuin
549 2091 889 2174 Francorum
926 2111 1095 2174 regem
1145 2096 1408 2174 inrehitu_r
1451 2095 1698 2174 ecclesia:

209 2179 306 2236 rant
334 2163 654 2236 venditorem
678 2171 727 2216 et
743 2163 1140 2236 dcstrurtJrem,
1159 2182 1311 2236 quem
1333 2167 1397 2219 ab
1421 2182 1478 2219 co
1507 2166 1698 2219 morcri

206 2232 299 2286 uult
323 2242 373 2286 ut
398 2234 655 2287 canonice
677 2235 948 2305 episcopos
976 2236 1101 2306 eligi
1129 2232 1428 2306 permittat.

206 2344 484 2401 Gucoaius
503 2346 821 2416 episcopus,
860 2361 1052 2402 servus
1076 2362 1358 2402 servorum
1381 2344 1496 2413 Dei,
1522 2344 1696 2401 Ποθε-

154 2452 248 2491 rnco
281 2435 571 2510 [Rectene]
620 2437 972 2494 Cabilonensi
1037 2439 1296 2510 episcopo
1349 2440 1584 2495 salutem
1645 2446 1701 2494 et

157 2529 463 2597 apostolicam
486 2529 954 2585 benedictionem.

210 2616 333 2674 Inter
352 2621 589 2675 caeteros
613 2620 791 2675 nostri
827 2620 993 2690 hujus
1024 2621 1286 2692 temporis
1311 2621 1585 2693 principes
1607 2620 1701 2693 qui

159 2708 407 2764 Eeclesiam
450 2709 570 2764 Dei
646 2725 902 2780 perversa
974 2711 1269 2780 cupiditate
1339 2712 1702 2768 venundando

160 2801 531 2871 dissipaverunt,
573 2806 628 2857 et
684 2802 914 2857 Matrem
961 2819 1142 2870 suam,
1198 2805 1288 2858 cui
1318 2820 1383 2859 ex
1415 2803 1702 2858 Dominico

161 2898 383 2961 praecepto
422 2893 696 2947 honorem
751 2901 805 2947 et
852 2894 1214 2950 reverentiam
1254 2894 1575 2961 debuerant,
1600 2912 1702 2949 an-

162 2980 300 3035 cillari
330 2981 663 3051 subiectione
686 2983 903 3053 penitus
937 2985 1349 3053 conculcarunt,
1393 2983 1701 3054 Philippum

162 3083 306 3138 regem
345 3071 684 3129 Francorum
737 3074 1050 3131 Gallicanas
1097 3076 1368 3133 Ecclesias
1404 3077 1458 3131 in
1491 3086 1704 3131 tantum

165 3163 449 3230 oppressisse
471 3175 627 3221 certa
654 3165 921 3223 relatione
935 3168 1246 3237 didicimus,
1267 3177 1327 3225 ut
1343 3170 1409 3224 ad
1427 3185 1702 3225 summum

164 3259 253 3305 tam
280 3253 567 3313 detestandi
593 3258 763 3339 hujus
797 3257 1059 3315 facinoris
1088 3261 1369 3315 cumulum
1392 3259 1704 3331 pervenisse

167 3339 385 3399 videatur.
429 3345 609 3412 Quam
644 3361 760 3402 rem
809 3348 876 3404 de
926 3364 1095 3420 regno
1121 3350 1214 3404 illo
1254 3357 1408 3406 tanto
1457 3348 1705 3420 profecto

169 3431 352 3490 tulimus
383 3438 689 3504 molestius,
705 3447 912 3509 quanto
936 3448 990 3494 et
1010 3430 1317 3509 prudentia,
1343 3447 1397 3495 et
1424 3440 1704 3511 religione,

170 3533 211 3576 et
236 3525 415 3615 viribus
430 3532 690 3607 noscitur
715 3531 887 3589 fuisse
926 3535 1224 3604 potentius,
1270 3543 1326 3590 et
1351 3550 1478 3609 erga
1506 3533 1708 3591 Roma-

173 3629 271 3668 nam
292 3615 570 3675 Eeclesiam
600 3622 780 3676 multo
829 3621 1099 3679 devotius.
1136 3622 1204 3679 Et
1224 3640 1326 3680 nos
1351 3625 1571 3695 quidem
1596 3633 1707 3680 tam

172 3710 394 3774 generalis
426 3721 630 3768 nostra!
659 3728 795 3769 cura
838 3714 1243 3782 sollicitudinis,
1275 3730 1439 3786 quam
1463 3714 1706 3785 ipsarum

173 3796 424 3857 dtstructio
453 3806 840 3873 ecclesiarum,
887 3808 1239 3863 vehementer
1283 3807 1606 3863 accenderat
1648 3816 1710 3863 ut

174 3885 215 3940 in
238 3892 580 3954 tam'audaces
611 3905 821 3952 sanctae
854 3898 1142 3970 religionis
1174 3913 1434 3953 excessus
1464 3898 1708 3953 severius

175 3980 548 4043 animadvertere
585 3989 931 4046 deberemus.
973 3989 1080 4045 Sed
1123 3989 1408 4060 quoniam,
1440 3995 1709 4045 anteactis

175 4069 343 4144 diebus,
368 4094 459 4148 per
492 4080 826 4137 familiarem
864 4097 1027 4138 suum
1065 4078 1484 4148 cubicularium,
1522 4080 1711 4135 videli-

177 4163 560 4238 t‘t‘lAlbericum,
607 4172 678 4227 ad
701 4172 879 4228 nostri
915 4188 1207 4229 censuram
1228 4171 1423 4243 judicii
1458 4178 1514 4226 et
1541 4172 1709 4236 vitam

178 4253 398 4325 corrigere
424 4268 477 4314 et
516 4260 795 4317 Ecclesias
836 4262 1094 4317 ordinare
1148 4262 1382 4317 ﬁrmiter
1435 4259 1594 4316 nobis
1624 4276 1712 4315 rc-

178 4344 373 4427 fpondit,
424 4350 664 4422 rigorem
727 4353 1119 4407 canonicorum
1174 4354 1395 4408 interim
1458 4367 1712 4407 exercere

181 4431 456 4497 distulimus.
491 4441 671 4512 Hujus
715 4459 846 4514 ergo
893 4444 1278 4514 promissionis
1322 4445 1481 4500 ﬁdem
1514 4444 1568 4498 in
1600 4442 1712 4497 Ma-

181 4524 425 4587 tisconensi
457 4533 705 4590 Ecclesia
737 4536 977 4604 pastoris
1008 4536 1274 4608 regimine
1316 4536 1411 4591 diu
1446 4536 1709 4603 desolata,
1744 4552 1788 4607 ι)

182 4618 292 4672 etad
313 4621 526 4679 nihilum
571 4641 713 4695 pene
753 4627 997 4693 redacta,
1029 4626 1086 4681 in
1122 4626 1314 4697 primis
1334 4627 1588 4683 volumus
1618 4642 1713 4681 cx-

184 4703 335 4773 periri;
356 4718 410 4764 ut
446 4713 656 4768 scilicet
680 4711 1237 4785 Augustodunensem
1265 4715 1713 4770 archidiaconum

186 4796 381 4853 unanimi
412 4802 539 4859 cleri
583 4811 640 4858 et
687 4805 877 4876 populi
911 4820 1207 4872 consensu,
1246 4805 1417 4875 ipsius
1442 4806 1629 4872 etiam,
1655 4814 1717 4861 ut

187 4886 455 4961 audivimus,
488 4896 634 4967 regis
663 4912 896 4952 assensu
935 4897 1188 4963 electum,
1222 4895 1539 4967 episcopatu
1571 4896 1716 4951 dono

190 4976 335 5045 gratis,
353 4991 409 5035 ut
437 4984 608 5052 decet,
632 4999 925 5050 concesso,
954 4982 1209 5047 Ecclesiae
1238 4984 1439 5054 praeﬁci
1456 4984 1712 5053 patiatur.

192 5062 311 5130 illud
334 5072 375 5127 si
405 5073 576 5140 facere
624 5077 892 5143 noluerit,
944 5076 1316 5134 indubitanter
1356 5077 1571 5132 noverit
1618 5094 1719 5134 nos

194 5155 301 5217 hanc
320 5162 550 5226 Ecclesia:
578 5171 805 5226 ruinam
837 5183 1187 5241 nequaquam
1216 5166 1422 5224 diutius
1459 5169 1721 5224 toleratu-

197 5262 264 5290 ΡΜ
299 5264 341 5290 nt
367 5273 423 5290 no
448 5277 492 5290 n-

496 5264 771 5290 IAOA—:“‘A
816 5261 1100 5290 ιιΛΛΙΛ-η-ηη
1157 5261 1530 5290 κκΑηοΛΙΛ-ιοννι
1578 5260 1718 5290 Dn“:

1801 698 2067 765 ravimus,
2117 706 2389 767 quatenus
2426 712 2490 752 ea
2522 698 2783 768 praedicto
2818 700 2931 771 regi
2986 700 3284 775 insinuare,
3329 711 3386 760 et

1801 789 2164 855 exhortando,
2222 797 2277 843 et
2311 788 2577 859 rogando,
2612 790 2898 860 modisque
2930 792 3186 848 omnibus
3208 792 3384 848 incul-

1801 892 1927 932 care
1949 878 2185 944 studeat,
2198 885 2330 934 utet
2342 876 2624 947 prmfatam
2650 877 3122 947 Matisconenscm,
3138 883 3384 952 aliasque

1802 966 2072 1024 Ecclesias
2119 967 2382 1023 canonice
2448 968 2711 1022 concedat
2762 968 3022 1024 ordinari.
3075 968 3195 1025 Tibi
3250 988 3387 1043 ergo

1801 1059 2036 1124 maxime
2073 1058 2191 1125 haec
2225 1056 2429 1113 idcirco
2470 1057 2826 1129 injungimus,
2878 1060 3005 1129 quia
3035 1061 3382 1130 prudentiam

1801 1160 1951 1205 tuam
1988 1166 2241 1221 magnam
2286 1164 2427 1216 esse,
2463 1156 2517 1204 et
2557 1150 2704 1220 regia
2755 1148 3120 1206 familiaritate
3157 1152 3234 1207 uti
3287 1169 3385 1210 cov.

1800 1241 2108 1313 gnovimus.
2144 1239 2201 1294 Si
2233 1255 2340 1311 qua
2365 1236 2695 1309 autemquae
2719 1224 2963 1294 dicenda.
2983 1249 3140 1295 erant
3165 1257 3196 1294 a
3223 1241 3381 1295 nobis

1800 1331 2159 1405 praetermissa
2185 1340 2331 1397 sunt,
2357 1331 2475 1386 hmo
2514 1330 2717 1401 ingenii
2748 1330 2828 1389 tui
2858 1345 3086 1385 acumen
3112 1331 3381 1401 injungat.

1799 1424 1987 1511 Itaque
2034 1426 2088 1480 in
2124 1425 2228 1479 hac
2256 1423 2638 1501 persecutione
2677 1423 2888 1489 labora,
2920 1431 2980 1485 ut
3023 1432 3078 1483 et
3134 1421 3229 1477 Dei
3260 1438 3383 1493 grta,—

1803 1516 1954 1583 tiam,
1979 1524 2035 1569 et
2060 1526 2304 1570 nostram
2338 1513 2769 1568 benevolentiam
2799 1513 3190 1584 promerearis.
3364 1510 3367 1513 ’

1870 1607 2001 1665 Data
2027 1607 2246 1679 Piperni
2274 1623 2312 1661 ιι
2337 1604 2520 1661 Nonas
2564 1604 2896 1674 Decembris,
2929 1604 3222 1660 indictione
3249 1600 3386 1666 duo-

1799 1698 2028 1758 decima.

2294 1850 2631 1907 EPISTOLA
2663 1849 2906 1905 XXXVI.

2002 1981 2068 2019 AD
2100 1979 2429 2020 HUIBERTU!
2460 1977 2839 2017 LUGDUNENSEH
2867 1976 3175 2018 EPISCOFUM.

2394 2074 2578 2147 (Anno
2606 2070 2788 2145 1075.)

1803 2190 2025 2255 Maudat
2053 2198 2109 2243 ut
2153 2188 2218 2242 ab
2252 2189 2365 2259 ipso
2392 2186 2469 2242 vel
2496 2187 2610 2256 ejus
2651 2185 3004 2259 stt/fragancis
3047 2184 3240 2259 electus
3268 2182 3388 2235 Ma-

1874 2260 2181 2315 tisconeusis
2204 2252 2363 2313 etiam
2383 2252 2564 2311 contra
2589 2252 3069 2326 regisroﬁmtatem
3092 2252 3385 2318 ordinetur,

1871 2340 1941 2400 et,
1979 2332 2026 2384 si
2056 2329 2285 2384 renuerit
2322 2328 2583 2393 ordinari,
2621 2334 2859 2397 cogatur.

1872 2464 2183 2521 Gnsconws
2213 2462 2524 2532 episcopus,
2565 2475 2756 2516 servus
2779 2474 3065 2514 servorum
3094 2456 3213 2523 Dei,
3238 2455 3389 2511 llch

1802 2560 1977 2616 nemo
1999 2556 2353 2630 Lugdunensi
2378 2553 2791 2624 archiepiscopo
2814 2552 3045 2609 salutem
3068 2557 3127 2606 et
3166 2558 3388 2619 apostor

1803 2654 1967 2708 licam
2001 2649 2460 2706 benedictionem.

1873 2767 2095 2820 Clamor
2138 2761 2621 2818 Matisconensium
2675 2759 2998 2815 clericorum
3043 2752 3289 2827 pervenit
3320 2754 3389 2808 ad

1804 2874 1928 2925 nos,
1956 2856 2256 2913 Eoclesiam
2298 2869 2478 2920 suam,
2505 2852 2619 2923 jam
2654 2851 2830 2905 multo
2878 2858 3121 2918 tempore
3170 2857 3391 2917 pastore

1802 2950 2103 3015 viduatam,
2165 2947 2557 3002 detrimentum
2610 2958 2720 2999 non
2773 2943 3049 2997 modicum
3094 2942 3385 2995 sustinere.

1806 3038 2005 3095 Dicunt
2045 3037 2191 3093 enim
2238 3050 2429 3107 regum
2477 3034 2813 3089 Francorum
2852 3032 3169 3087 electionem
3207 3030 3387 3102 Morte,

1806 3131 1948 3204 sine]
1989 3146 2090 3187 suo
2130 3143 2404 3185 consensu
2454 3128 2655 3182 factam
2684 3127 2822 3181 velle
2868 3124 3149 3195 impedire.
3212 3121 3388 3189 Unde,

1731 3214 1773 3270 C
1807 3201 2073 3295 quia-ipse
2105 3221 2161 3275 in
2195 3219 2452 3290 pmsenti
2495 3232 2641 3273 anno
2685 3232 2782 3287 per
2828 3216 3117 3287 quemdam
3161 3214 3389 3269 militem
3443 3201 3448 3206 ’

1806 3331 1991 3383 suum,
2044 3314 2269 3370 nomine
2318 3312 2605 3367 Albertum
2639 3309 2815 3382 [fort.,
2848 3308 3186 3374 Albericurn,
3233 3315 3292 3361 ut
3334 3307 3391 3361 in

1804 3408 2075 3478 superiore
2106 3405 2352 3477 epistola,
2387 3412 2438 3458 et
2473 3403 2550 3457 sic
2575 3404 2630 3456 in
2660 3400 2880 3472 Μκιὶη.]
2901 3441 2916 3466 ,
2950 3399 3253 3454 Romanam
3294 3412 3391 3452 ve-

1806 3501 2072 3566 nientem,
2129 3511 2191 3554 se
2224 3496 2459 3552 consilio
2506 3504 2698 3551 nostro
2761 3493 2988 3548 omnino
3045 3491 3393 3561 acquiescere

1796 3592 2099 3663 promisit;
2143 3588 2457 3645 studuimus
2493 3584 2970 3642 eonfratrinostro
3012 3581 3226 3638 Rodino
3259 3579 3395 3652 [llo-

1807 3680 1988 3753 cleno]
2017 3677 2371 3735 Cabilonensi
2415 3675 2677 3747 episcOpo
2717 3682 2939 3729 nostras
2976 3671 3213 3742 dirigere
3250 3670 3395 3724 litte—

1807 3788 1921 3839 ras,
1971 3779 2034 3826 ut
2084 3770 2222 3840 ipse,
2270 3775 2460 3824 nostra
2482 3765 2721 3821 lfunctus
2773 3762 3066 3834 legatione,
3102 3758 3393 3832 prmfatum

1807 3877 1992 3933 regem
2020 3859 2332 3925 conveniat,
2387 3864 2660 3928 quatenus
2702 3854 2821 3925 ipse
2858 3853 3053 3908 oblatae
3085 3851 3246 3906 nobis
3280 3865 3396 3905 me—

1809 3969 1933 4008 mor
1962 3949 2350 4022 promissionis
2375 3963 2510 4014 suae,
2546 3944 2871 4001 electionem
2906 3940 3393 3997 Matisconensium

1809 4060 1920 4099 non
1934 4043 2117 4098 solum
2128 4057 2241 4096 non
2259 4040 2538 4110 impediat,
2567 4037 2663 4095 sed
2687 4051 2816 4091 eum
2841 4046 3008 4106 quem
3025 4035 3187 4090 debet
3206 4046 3397 4087 assen-

1810 4149 1932 4189 sum
1956 4134 2215 4203 przebeat.
2243 4131 2351 4197 Qui
2371 4130 2441 4195 si,
2466 4128 2524 4182 in
2555 4126 2761 4182 duritia
2786 4142 2887 4181 sua
2908 4138 3255 4195 permanens,
3286 4137 3387 4176 ne-

1810 4241 1918 4295 que
1938 4222 2254 4280 necessitati
2276 4220 2370 4289 huj
2378 4237 2443 4276 us
2459 4218 2713 4274 Ecclesiae
2727 4217 2984 4286 compati,
3002 4230 3178 4287 neque
3197 4215 3396 4269 exhora

1813 4315 2006 4377 tationi
2038 4321 2243 4370 nostrae
2263 4326 2457 4381 parere
2482 4309 2716 4365 voluerit
2741 4326 2755 4373 ;
2800 4306 3148 4377 praecipimus
3175 4313 3396 4375 aposto-

1812 4406 1916 4460 lica
1955 4403 2281 4460 auctoritate
2325 4409 2386 4456 ut
2416 4399 2732 4455 fraternitas
2774 4407 2867 4452 tua
2905 4409 3084 4466 neque
3126 4409 3227 4465 pro
3269 4394 3397 4449 odio

1813 4509 1991 4566 neque
2015 4494 2191 4565 gratia
2234 4490 2466 4561 alicujus
2506 4488 2746 4544 dimittat
2791 4485 2926 4556 quin
2965 4484 3198 4539 electum
3225 4483 3298 4536 ab
3317 4481 3399 4537 eis

1814 4585 2368 4658 Augustodunensem
2408 4578 2739 4637 Landricum
2778 4575 3241 4632 archidiaconum
3284 4571 3400 4643 epi-

1815 4698 2044 4753 sc0pum
2078 4696 2175 4738 seu
2198 4694 2296 4751 per
2324 4686 2379 4735 te
2410 4692 2511 4734 seu
2556 4690 2653 4746 per
2686 4673 3061 4742 suﬂ‘ragancos
3100 4678 3227 4724 tuos
3252 4666 3401 4722 ordi-

1815 4790 1950 4835 nare
1973 4776 2210 4842 studeat,
2231 4774 2280 4829 si
2304 4782 2484 4829 tamen
2513 4767 2814 4824 auctoritas
2835 4761 3400 4820 sanetorumPatrum

1815 4868 2083 4939 probatur
2111 4864 2215 4921 sibi
2239 4878 2348 4917 non
2372 4859 2612 4916 obviare.
2649 4856 2706 4911 Si
2749 4870 2880 4911 vero
2927 4854 3043 4924 ipse
3082 4854 3229 4908 hunc
3254 4850 3405 4905 ordi-

1818 4976 1944 5015 ncm
1967 4959 2245 5029 suscipere
2270 4952 2534 5019 renuerit,
2559 4960 2615 5029 et
2649 4947 2996 5005 inflexibilem
3042 4963 3101 5003 se
3135 4945 3404 5002 exhibue-

1820 5051 1912 5116 rit,
1935 5027 2193 5104 volumus
2216 5053 2276 5101 ut
2310 5060 2437 5100 cum
2465 5027 2725 5113 episcopo
2769 5053 2872 5093 suo
2902 5038 3012 5092 vim
3039 5038 3145 5094 sibi
3177 5033 3405 5099 inferas,

1820 5158 2055 5214 eumque
2080 5141 2149 5196 ad
2189 5134 2562 5208 recipiendum
2600 5132 2967 5205 episc0palem
3002 5130 3249 5186 ordinem
3272 5124 3411 5194 vigi-

1820 5234 1957 5290 lanti
1979 5232 2161 5290 studio
2181 5236 2350 5290 atque
2368 5227 2632 5290 pastorali
2658 5225 2836 5290 rigere
2857 5223 3223 5290 eonstringas.
3251 5214 3411 5282 Quod
