3962 5348
185 172 288 227 315

1262 162 1466 218 LIBER
1494 161 1777 219 PRIMUS.
1808 191 1879 202 -—-
1916 160 2143 244 EPIST.
2175 161 2384 217 XLVII.

3345 166 3452 226 526

182 286 370 355 etipse
399 281 596 354 aliqua
630 278 1002 336 molestiarum
1037 276 1397 334 excusatione
1426 277 1773 347 praesentiam
1805 279 1847 339 Α
1875 274 2096 330 lluentia
2123 276 2431 332 dilectionis
2470 274 2714 332 Romana
2747 275 2984 335 Ecclesia
3024 279 3311 336 valcntiam
3360 299 3453 339 ve-

180 390 331 449 stiam
363 372 695 445 conspectui
720 380 908 426 nostro
930 369 1232 426 subtrahat.
1260 367 1641 438 Prxscriptum
1669 386 1764 423 ve-

180 482 240 522 ro
265 463 576 520 minam
605 463 870 517 adventus
903 460 1002 527 tui,
1038 469 1095 515 tu
1143 460 1260 531 ipso
1301 460 1376 515 ita
1409 471 1623 517 mature
1650 459 1763 515 fra-

179 558 241 613 tri
268 566 371 612 tuo
396 554 536 611 duci
584 554 825 609 indicare
868 560 1080 617 curato,
1118 562 1180 607 ut
1223 552 1595 608 Moravensem
1647 552 1763 622 epi-

180 661 398 719 scopum
428 654 491 700 et
518 660 656 702 suos
700 645 908 715 legatos
942 658 1053 698 una
1086 655 1264 698 tecum
1299 644 1367 700 ad
1402 644 1756 714 apostolicam

176 738 348 794 selem
371 736 619 806 dirigere
650 735 841 806 possit.

240 828 370 880 Data
405 825 608 880 Romae
629 824 867 882 secundo
887 823 1155 881 Kalendas
1175 824 1480 892 Februarii,
1506 824 1758 881 indictio-

177 934 236 973 ne
264 917 625 973 duodecim.

705 1040 1042 1098 EPISTOLA
1069 1040 1228 1098 XLV.

442 1160 451 1165 ‘
491 1143 566 1189 AD
592 1148 948 1190 mTlSLAUII
968 1149 1144 1190 DUCEI
1164 1148 1430 1191 801181ῐᾶ.

775 1225 956 1295 (Anno
985 1225 1166 1297 1074.)

180 1304 238 1372 Ut
263 1317 503 1371 redditus
530 1316 866 1387 episcopatus
889 1316 1049 1386 fratri
1071 1332 1167 1370 suo
1197 1317 1460 1370 restituat.
1490 1315 1757 1370 Hortatur

232 1398 282 1441 ut
324 1389 394 1441 ad
447 1389 633 1441 sedem
669 1387 1014 1456 apostolicam
1049 1387 1286 1453 accedat,
1319 1387 1398 1442 vel
1422 1387 1611 1441 saltem
1638 1387 1753 1457 ejus

237 1458 429 1529 legatos
458 1475 579 1511 arta
602 1474 724 1511 cum
749 1457 1046 1511 Horavensi
1067 1458 1307 1527 episcopo
1338 1457 1536 1513 mittat.

228 1570 539 1627 Caesonius
560 1569 874 1641 episcopus,
899 1586 1091 1629 servus
1123 1587 1408 1628 servorum
1432 1571 1548 1639 Dei,
1577 1571 1750 1628 Wu-

1872 374 2044 423 stram
2066 365 2391 434 jamdudum
2417 369 2639 437 recepit,
2661 378 2716 423 et
2742 384 2911 438 quam
2931 369 3152 446 speciali
3184 372 3452 429 charitate

1870 463 2107 511 vestram
2139 456 2564 513 familiaritatem
2595 458 2801 513 dilexit.
2834 457 3021 530 Neque
3047 462 3194 516 enim
3233 478 3292 519 se
3325 479 3454 520 con-

1865 544 2021 602 decet
2046 546 2290 602 oblivisci
2318 530 2696 619 promissionis
2719 566 2827 620 qua
2858 550 2965 606 Deo
2992 567 3070 619 se,
3102 562 3228 609 ante
3250 571 3473 626 corpus.

1866 638 2241 708 apostoiorum
2292 641 2552 709 principis
2607 639 2781 707 Petri,
2837 652 3102 712 praesente
3155 647 3451 701 venerabili

1864 738 2213 783 antecessorc
2247 740 2438 784 nostro
2477 728 2784 786 Aiexandro
2837 748 3011 802 papa,
3055 742 3111 788 et
3155 736 3448 806 episcopis,

1865 816 2153 875 abbatibus
2182 818 2453 888 plurimis,
2478 829 2641 891 atque
2667 820 3006 878 diversarum
3036 824 3279 894 gentium
3306 827 3449 881 mul-

1861 905 2095 964 titudine
2124 924 2356 979 quarum
2387 926 2497 965 non
2514 920 2602 967 est
2622 928 2902 980 numerus,
2923 916 3183 987 obligavit
3207 927 3287 985 ut,
3312 934 3449 989 qua-

1859 1012 2079 1070 cunque
2113 1001 2250 1056 hora
2288 1016 2510 1059 necesse
2552 1001 2769 1071 fuisset,
2806 1014 2987 1061 vestra
3017 1023 3214 1064 manus
3256 1010 3324 1065 ad
3357 1012 3446 1065 di-

1861 1092 2172 1147 micandum
2201 1107 2300 1164 pro
2344 1092 2666 1149 defensione
2708 1111 2894 1153 rerum
2939 1099 3112 1155 sancti
3149 1098 3296 1156 Petri
3334 1116 3445 1157 non

1858 1185 2091 1254 deesset,
2116 1188 2164 1244 si
2184 1188 2403 1259 quidem
2436 1188 2699 1259 requisita
2731 1190 2943 1246 fuisset.
2978 1189 3151 1260 Unde,
3175 1208 3446 1251 memores

1857 1281 2159 1338 nobilitatis
2174 1290 2371 1339 vestra:
2400 1282 2544 1349 ﬁdei,
2575 1298 2832 1355 regamus
2852 1293 2908 1339 et
2934 1285 3292 1343 admonemus
3308 1296 3448 1343 stre-

1856 1373 2088 1431 unitatis
2146 1384 2342 1430 vestra:
2406 1376 2751 1446 prudentiam
2808 1386 3082 1448 quatenus
3129 1381 3449 1448 pneparetis

1854 1474 2054 1523 vestra:
2092 1467 2298 1523 militiai
2340 1466 2719 1525 fortitudinem
2762 1470 2828 1524 ad
2863 1471 3296 1526 succurrendum
3337 1471 3447 1526 Ro-

1852 1570 2034 1614 manas
2066 1557 2345 1627 Ecclesiae,
2390 1560 2628 1615 libertati
2679 1560 2887 1616 scilicet
2923 1559 3100 1633 [forte
3132 1560 3222 1634 et]
3257 1562 3305 1618 si
3350 1578 3447 1618 ne-

180 1680 345 1721 “suo
368 1666 501 1720 duci
532 1663 906 1721 Bobemomm
933 1665 1167 1722 salutem
1191 1673 1246 1721 ει
1271 1666 1629 1737 apostolicam
1654 1667 1749 1722 be-
1783 1664 1827 1718 Β
1850 1663 2006 1707 cosse
2047 1648 2243 1719 fuerit,
2279 1652 2511 1732 veniatis
2543 1652 2653 1708 huc
2699 1668 2824 1707 cum
2870 1654 3115 1709 exercitu
3157 1665 3339 1711 vestro
3388 1656 3445 1711 in

180 1756 552 1811 nelictionem.

235 1846 415 1901 Frater
450 1855 587 1903 tuus
613 1846 920 1904 Jeromirus
948 1847 1241 1920 Bragensis
1286 1849 1579 1920 episcopus
1612 1863 1749 1905 con-

183 1938 404 2010 queritur
430 1953 492 1995 se
523 1940 895 2009 exspoliatum
922 1939 1181 1996 Ecclesia:
1210 1956 1324 1997 sua:
1358 1941 1541 2007 rebus,
1567 1940 1748 2010 inopia

181 2044 341 2083 rerum
381 2030 853 2097 necessariarum,
878 2045 981 2100 pro
1002 2030 1274 2087 reddenda
1301 2031 1514 2087 ratione
1553 2045 1749 2085 eorum

182 2137 284 2190 qua
309 2121 408 2176 sibi
434 2121 825 2189 intenduntur,
853 2124 923 2179 ad
962 2124 1317 2193 apostolicam
1354 2123 1535 2180 sedem
1558 2123 1747 2179 venire

180 2227 273 2267 non
300 2227 477 2283 posse.
533 2200 699 2280 Quod
734 2230 1053 2285 quanquam
1093 2216 1213 2285 ejus
1271 2216 1640 2271 inobedicntia
1692 2224 1746 2271 et

182 2302 529 2372 tergiversatio
558 2304 716 2359 valde
738 2306 1121 2376 promeruerit,
1156 2314 1338 2361 tamen
1377 2321 1446 2362 ne
1477 2307 1620 2361 lianc
1648 2306 1747 2361 ab—

181 2391 474 2448 sentationis
497 2408 622 2449 sua:
649 2396 992 2451 occasionem
1026 2398 1360 2466 praetendere
1394 2396 1590 2468 possit,
1643 2415 1743 2454 vo—

182 2482 338 2538 lumus
357 2492 521 2555 atque
554 2482 909 2558 praecipimus
941 2496 1002 2541 ut
1034 2488 1088 2542 in
1114 2488 1384 2559 integrum
1422 2490 1553 2545 sibi
1582 2490 1745 2546 resti-

186 2582 381 2630 tuantur
403 2593 759 2648 quzecunque
793 2595 824 2634 a
849 2579 1041 2650 legatis
1067 2581 1291 2648 nostris,
1344 2580 1622 2638 Bernardo
1656 2584 1740 2638 vi-

185 2665 351 2721 delicet
378 2676 430 2722 et
458 2668 754 2740 Gregorio,
804 2678 1000 2741 prieter
1042 2672 1349 2743 episcopale
1393 2673 1629 2729 olllcium
1658 2676 1743 2730 in-

185 2755 381 2811 terdicta
408 2767 561 2826 sunt,
600 2767 659 2813 et
686 2767 884 2830 praeter
906 2776 971 2815 ea
1000 2775 1102 2830 pro
1131 2762 1331 2832 quibus
1360 2761 1600 2820 Joannes
1620 2763 1741 2819 Mo-

186 2847 400 2901 ravensis
432 2863 606 2926 super
656 2864 787 2904 cum
841 2850 1044 2906 clamat
1082 2852 1392 2923 epiSCOpus.
1427 2854 1547 2921 Qua
1588 2854 1644 2909 in
1678 2872 1741 2912 re

180 2936 313 2992 tuam
330 2938 565 2995 maxime
600 2939 965 3007 admonemus
995 2930 1359 3010 prudentiam,
1396 2953 1457 2998 ut
1490 2944 1558 2998 de
1601 2960 1737 2999 con-

1853 1739 2081 1796 servitio
2103 1742 2283 1798 sancti
2311 1741 2455 1797 Petri
2487 1761 2501 1797 :
2539 1751 2595 1798 et
2618 1743 2724 1799 hoc
2746 1743 2889 1798 idem
2919 1759 3179 1815 rogamus
3202 1762 3297 1801 vos
3321 1761 3444 1800 mov

1851 1847 1984 1887 nere
2024 1832 2282 1887 comitem
2326 1832 2502 1889 sancti
2538 1832 2766 1905 Egidii,
2799 1842 2857 1888 et
2906 1848 3160 1889 socerum
3190 1834 3443 1890 Riccardi

1849 1919 2097 1994 Capuani
2158 1924 2423 1997 principis
2471 1934 2528 1980 et
2586 1925 2888 1982 Amedeum
2951 1926 3124 1983 ﬁlium
3182 1926 3445 1983 Adelettaa

1848 2013 2153 2086 [Adelietaa
2168 2015 2209 2088 ],
2243 2024 2583 2087 canorosque
2605 2032 2745 2087 quos
2779 2017 3114 2089 cognoscitis
3138 2020 3313 2074 sancti
3336 2018 3443 2072 Pe-

1849 2105 1920 2160 tri
1945 2121 2068 2162 esse
2106 2107 2311 2175 tideles,
2346 2116 2402 2164 et
2425 2107 2519 2178 qui
2559 2107 2817 2163 similiter
2844 2109 3101 2165 manibus
3137 2110 3205 2165 ad
3241 2110 3442 2165 cmlum

1844 2197 2091 2253 extensis
2112 2198 2432 2268 promisere.
2465 2196 2522 2252 Si
2544 2196 2678 2268 quid
2711 2212 2841 2254 vero
2871 2209 3036 2254 certa:
3065 2199 3445 2269 responsionis

1844 2288 2150 2357 prudentia:
2185 2298 2380 2345 vestrae
2427 2290 2587 2344 nobis
2627 2289 2805 2360 placet
2852 2290 3150 2358 remittere,
3183 2306 3279 2361 per
3313 2306 3439 2346 eum

1844 2378 2101 2434 nuntium
2150 2379 2310 2437 nobis
2341 2379 2619 2446 mandate,
2656 2380 2753 2450 qui
2808 2380 2986 2436 modis
3033 2381 3290 2436 omnibus
3336 2396 3443 2437 nos

1840 2469 2037 2525 reddat
2069 2470 2350 2538 indubios,
2380 2479 2437 2526 et
2477 2471 2620 2526 idem
2655 2480 2837 2527 vester
2865 2471 3091 2528 nuntius
3125 2472 3310 2527 veniat
3343 2489 3445 2543 per

1841 2559 2181 2616 comitissam
2224 2559 2853 2633 Beatricem,qu:egcum
2896 2561 3011 2617 lilia
3052 2570 3108 2618 et
3148 2578 3349 2635 genero
3382 2564 3440 2619 in

1841 2649 1948 2706 hoc
1987 2651 2207 2721 negotio
2229 2652 2480 2708 laborare
2510 2661 2786 2723 procuret.
2812 2651 2964 2708 Hanc
2995 2662 3178 2710 autem
3203 2655 3437 2711 militum

1840 2741 2251 2797 multitudinem
2291 2757 2401 2796 non
2434 2742 2557 2798 ideo
2590 2758 2922 2799 coacervare
2957 2760 3240 2814 curamus,
3272 2754 3332 2800 ut
3367 2748 3437 2805 ad

1839 2832 2164 2889 effusionem
2221 2834 2505 2906 sanguinis
2551 2833 2995 2891 Christianorum
3046 2836 3433 2903 intendamus,

1840 2923 1939 2979 sed
1973 2932 2033 2978 ut
2075 2923 2179 2993 ipsi
2214 2924 2463 2980 videntes
2504 2924 2925 2994 expeditionem,
2966 2926 3097 2981 dum
3141 2927 3437 2997 conﬂigere

188 3027 332 3083 suetis
357 3029 606 3095 decimis,
646 3030 730 3085 vel
766 3009 1064 3087 redditibus
1097 3031 1373 3100 Ecclesite,
1418 3034 1555 3089 nihil
1594 3036 1644 3091 ci
1680 3035 1735 3091 in

1851 3014 2155 3083 imuerint,
2186 3014 2419 3073 .facilius
2477 3017 2782 3072 subdantur
2836 3017 3084 3087 justitize.
3135 3016 3436 3088 Speramus

188 3128 260 3173 tua
296 3130 555 3190 potestate
586 3122 859 3193 denegare
908 3124 1153 3193 patiaris,
1187 3134 1281 3180 aut
1328 3126 1598 3194 subtrahi,
1636 3143 1739 3183 nec

188 3210 390 3280 aliquam
410 3213 512 3268 sibi
537 3213 989 3269 contrarietatem
1011 3211 1202 3281 facias,
1238 3230 1334 3286 per
1367 3231 1552 3288 quam,
1585 3226 1645 3272 ut
1670 3218 1737 3274 ad

189 3310 271 3353 nos
291 3302 463 3356 venire
517 3317 631 3357 non
686 3304 878 3373 possit,
912 3304 1297 3375 impedimenta
1337 3307 1442 3361 sibi
1474 3308 1740 3363 obsistere

185 3389 356 3447 iterum
379 3405 771 3467 conqueratur.
818 3395 896 3452 Eo
931 3409 1113 3454 autem
1160 3408 1403 3469 tempore
1440 3416 1551 3471 quo
1600 3401 1736 3472 ipse,

190 3481 305 3536 sicut
332 3499 422 3553 per
442 3487 738 3556 epistolam
781 3497 1025 3542 nostram
1065 3484 1434 3546 commonitus
1468 3498 1573 3558 est,
1605 3507 1739 3561 apo-

192 3571 401 3629 stolicam
428 3576 609 3632 sedem
658 3575 817 3632 adire
855 3578 1121 3646 debuerit,
1154 3589 1207 3635 te
1249 3594 1488 3652 quoque,
1524 3583 1570 3638 si
1621 3583 1738 3640 ﬁeri

192 3670 361 3731 posset,
390 3677 717 3736 praesentem
760 3667 876 3722 fore
907 3670 1143 3725 maxime
1191 3686 1534 3741 caperemus.
1580 3672 1738 3741 Quod

193 3753 227 3805 si
258 3770 416 3812 rerum
446 3767 541 3814 aut
571 3768 886 3829 temporum
923 3768 1151 3818 eventus
1190 3763 1553 3833 prohibuerit,
1581 3768 1741 3821 nobi-

191 3844 362 3901 litatem
380 3859 615 3906 vestram
653 3852 888 3906 multant
920 3853 1281 3912 admonemus
1311 3866 1374 3911 ut
1421 3857 1738 3929 episcopum

195 3932 523 3995 Moravensem
544 3942 899 4012 praesentiam
935 3958 1091 3999 suam
1127 3945 1285 4002 nobis
1305 3948 1564 4005 exhibere
1587 3952 1739 4005 com-

194 4031 460 4086 moneatis:
491 4042 549 4089 et
582 4043 848 4103 praeterea
885 4036 952 4090 de
983 4038 1181 4094 vestris
1209 4038 1461 4097 fidelibus
1492 4043 1628 4099 tales
1670 4046 1737 4099 ad

196 4128 275 4169 nos
298 4120 501 4176 nuntios
518 4120 800 4192 dirigatis,
826 4138 951 4177 cum
980 4124 1204 4196 quibus,
1258 4142 1446 4183 rerum
1509 4131 1738 4186 veritate

197 4204 348 4260 solerti
372 4208 713 4282 indagatione
734 4213 1038 4281 perquisita
1069 4223 1125 4269 et
1151 4214 1407 4286 undique
1434 4219 1734 4289 explorata,

197 4291 375 4353 favente
390 4301 569 4357 divina
595 4303 906 4371 clementia,
940 4320 1130 4361 omnes
1153 4307 1561 4366 dissensiondm
1600 4316 1733 4369 cau-

198 4397 271 4439 sas
289 4388 588 4448 abscindere
610 4435 626 4461 ,
667 4396 1010 4467 et'quidquid
1035 4413 1254 4470 aequum
1281 4398 1445 4457 fuerit
1471 4404 1732 4471 determi-

199 4485 299 4530 ιω
317 4485 570 4540 sententia
594 4492 837 4543 statuere
868 4487 1169 4547 valeamus.
1529 4499 1532 4503 “

252 4566 364 4626 Data
380 4573 563 4633 Roma:
597 4594 639 4633 ιι
677 4578 946 4636 Kalendas
981 4580 1287 4653 Februarii,
1314 4586 1613 4646 indictione
1637 4609 1733 4648 xu.

664 4699 1002 4758 EPISTULA
1039 4700 1223 4762 XLVI.
1528 4782 1531 4787 ι

396 4804 461 4843 ΔΙ)
493 4806 823 4848 θυῐιιεωίωί
856 4810 1097 4850 COHITI-Ill
1136 4814 1471 4857 BUIIGL'SDIE.

740 4886 923 4957 (Anno
960 4887 1145 4961 1074.)

210 4985 425 5085 IIem-tat
441 5014 550 5085 una
568 5017 689 5085 cum
710 5002 1173 5085 quibusdamglﬁs
1194 5008 1521 5085 principibus
1555 5016 1732 5085 (prout

216 5124 217 5127 η
258 5069 554 5153 pla-omiserat)
604 5069 858 5153 Ecclesiw
897 5072 1104 5153 uigilia
1142 5069 1344 5153 veniat,
1368 5069 1485 5153 '“ut,
1521 5069 1730 5153 pacatis

262 5128 579 5190 Νονηιαηηίέ-
621 5142 887 5190 auxilium
950 5128 1730 5190 (Ὶοηειιιηιὶηηηλιὸιηἷιὸἷτξξλίξ

1840 3105 2005 3161 etiam
2026 3106 2173 3177 quod
2198 3105 2430 3162 forsitan
2453 3105 2561 3163 alia
2589 3106 2714 3162 inde
2737 3107 2945 3163 utilitas
2970 3107 3201 3175 oriatur,
3225 3108 3438 3163 scilicet.

1840 3203 1922 3263 ut,
1956 3197 2166 3267 pacatis
2200 3195 2554 3263 Normannis,
2592 3203 2941 3253 transeamus
2968 3197 3435 3267 Constantinopo—

1839 3287 1935 3343 lim
1958 3288 2012 3342 in
2035 3287 2368 3359 adiutorium
2385 3286 2826 3343 ChriStianorum
2848 3305 2863 3354 ;
2883 3288 2975 3358 qui
2996 3287 3223 3343 nimium
3248 3287 3435 3343 alllicti

1837 3378 2190 3433 creberrimis
2220 3377 2498 3433 morsibus
2535 3374 2961 3445 Saracenorum,
2986 3377 3261 3434 inhianter
3284 3378 3436 3450 ﬂagi-

1839 3475 1981 3536 tant,
2016 3476 2079 3523 ut
2103 3468 2209 3524 sibi
2235 3483 2459 3522 manum
2496 3468 2662 3523 vestri
2689 3466 2780 3539 [[2,
2806 3467 3003 3536 nostri,
3032 3477 3082 3522 et
3103 3469 3189 3540 sic
3221 3469 3277 3522 in
3302 3468 3429 3523 Mu-

1841 3554 1979 3629 tin.]
2003 3556 2193 3612 auxilii
2222 3556 2589 3627 porrigamus.
2622 3555 2758 3612 Nam
2800 3567 2988 3613 contra
3024 3573 3121 3615 eos
3153 3556 3430 3613 Norman-

1839 3662 1943 3703 nos
1973 3647 2067 3718 qui
2102 3647 2262 3703 nobis
2286 3646 2518 3703 rebelles
2553 3656 2701 3715 sunt,
2746 3648 2880 3704 satis
2916 3646 3190 3706 subiciunt
3229 3651 3431 3706 milites

1840 3736 1932 3793 isti
1969 3737 2064 3809 qui
2106 3738 2393 3797 nobiscum
2425 3748 2573 3794 sunt.
2607 3738 2803 3794 Certus
2837 3739 2983 3794 enim
3009 3748 3128 3811 esto
3165 3741 3429 3810 quoniam

1841 3836 1913 3895 te,
1950 3834 2007 3883 et
2041 3845 2232 3886 omnes
2265 3830 2360 3901 qui
2393 3837 2574 3887 tecum
2614 3831 2671 3886 in
2710 3832 2815 3888 hac
2848 3833 3189 3903 expeditione
3224 3835 3431 3890 fuerint

1840 3917 2074 3991 fatigati,
2104 3921 2330 3992 duplici,
2371 3921 2485 3979 imo
2525 3922 2818 3993 multiplici
2867 3925 3327 3992 remuneratione,
3370 3934 3431 3980 ut

1840 4010 2361 4078 credimus,Petrus
2386 4022 2443 4068 et
2466 4011 2689 4070 Paulus
2736 4014 3014 4085 principes
3049 4017 3428 4087 apostolorum

1840 4102 2144 4158 donabunt.
2588 4143 2593 4147 .
2664 4168 2667 4169 ν
2915 4146 2920 4150 .
3101 4140 3109 4171 λ

1886 4230 1889 4233 -
1912 4192 2048 4249 Data
2075 4193 2249 4251 Roma
2277 4207 2334 4252 iv
2365 4194 2550 4252 Nonas
2572 4195 2878 4266 Februarii,
2901 4198 3198 4257 indictione
3218 4200 3421 4258 duode-

1837 4283 2000 4340 cima.
2358 4312 2361 4313 ν
2596 4308 2651 4315 -α
2924 4334 2927 4335 ν
3022 4340 3027 4343 _

2331 4379 2673 4438 EPISTOLA
2709 4383 2919 4441 XLVII.

2217 4488 2288 4527 AD
2325 4488 2648 4530 COIIITISSAI
2686 4491 3020 4547 lA'I‘lllLDEII.

2425 4565 2607 4637 (Anno
2650 4566 2833 4637 1074.)

1835 4649 2114 4728 ΠαιτιξιιινΔ
2131 4669 2249 4728 eam
2270 4654 2340 4707 ad
2367 4655 2665 4728 frequenter
2694 4660 3004 4713 sumendum
3027 4662 3424 4717 sanctissimum

1897 4723 2234 4806 eucharistia:
2274 4723 2716 4806 sacraiitentum,_
2740 4738 2789 4783 et
2833 4731 2903 4783 ad
2935 4730 3260 4787 devotionem
3296 4752 3424 4806 erga

1901 4794 2260 4848 beatissimam
2281 4796 2538 4869 virginem
2575 4796 2825 4853 Mariam.

1903 4885 2213 4943 Gnsconius
2248 4887 2802 4963 episcopus,servus
2834 4906 3118 4951 servorum
3170 4894 3290 4963 Dei,
3339 4897 3425 4951 di-

1833 4980 1986 5036 lecta:
2018 4980 2073 5034 in
2097 4980 2319 5037 Christo
2355 4986 2482 5042 lilia:
2516 4981 2789 5053 Maritum
2829 4985 3060 5043 salutem
3084 4998 3140 5046 et
3164 4990 3426 5058 apostoli-

1833 5090 1954 5131 cam
1987 5074 2447 5139 benedictionem.

1904 5164 2115 5190 nata-Is.“
2160 5165 2228 5190 ρ.ἶο
2262 5166 2396 5190 ..ιιξΙΑΞ
2436 5181 2557 5190 ---..Α
2633 5176 2937 5190 Διιααιιι--..ᾳ
2985 5168 3031 5190 ἐκ-
3055 5176 3323 5190 -----_‘-..
