3962 5348
543 269 647 324 527

1183 265 1241 320 s.
1282 260 1609 320 GREGORII
1648 260 1739 317 vu
1775 251 1980 320 ΡΑΡλε
2018 259 2120 319 0P1

2231 259 2301 316 1M
2339 248 2518 315 PARS
2550 258 2590 313 I.
2630 289 2701 301 —
2737 256 3161 316 REGISTRUM.
3228 312 3231 317 ι

3698 259 3825 316 328

542 381 703 450 tinui,
727 397 795 437 ne
826 381 948 436 illos
972 380 1274 446 deserercs,
1308 390 1367 433 ut
1393 386 1501 433 tua:
1532 377 1706 434 solius
1739 377 1935 433 animae
1963 376 2123 431 saluti
2155 378 2199 435 A
2226 384 2343 430 tum
2369 351 2619 429 aleresui
2646 373 2801 430 lactis
2828 372 3160 429 fecunditate
3187 371 3430 441 festinat,
3462 372 3546 431 sic
3574 383 3630 430 et
3656 371 3826 431 Chr-14

542 471 857 545 provideres
889 486 901 522 :
935 469 1181 525 Charitas
1221 468 1383 534 enim,
1408 475 1468 521 ut
1502 482 1645 538 saepe
1676 467 1809 532 dixi,
1840 475 1894 522 et
1929 468 2001 521 ita
2037 466 2122 523 di-

543 581 688 632 cam,
730 578 968 634 sequens
1011 561 1285 616 ctelestcm
1325 559 1531 627 tubam,
1566 576 1669 613 non
1714 576 1833 631 qum
1869 577 1968 614 sua
2002 568 2122 614 sunt

543 657 733 728 quam
764 654 818 723 (Ι
850 644 1147 724 Cor.xm).
1173 648 1298 722 Sed,
1326 652 1456 723 quia
1485 652 1627 707 inter
1662 660 1857 708 eretera
1884 668 2004 725 qua:
2026 651 2125 708 tibi

543 756 735 801 contra
756 745 1056 817 principem
1079 744 1266 798 mundi
1302 757 1479 811 arma,
1496 742 1609 798 Deo
1631 741 1866 811 favente,
1894 744 2125 811 contuli,

544 838 691 907 quod
717 834 1061 907 potissimum
1083 841 1187 896 est,
1210 843 1270 890 ut
1291 850 1491 907 corpus
1509 833 1853 890 Dominicum
1879 834 2126 906 frequen-‘-

545 938 629 982 ter
662 927 957 997 acciperes,
992 925 1223 981 iudicavi
1253 943 1266 980 :
1299 933 1354 980 et
1388 932 1449 980 ut
1482 931 1643 981 certe
1686 925 1896 981 ﬁducim
1934 925 2126 983 matris

543 1014 757 1069 Domini
788 1023 841 1070 te
876 1015 1102 1070 omnino
1128 1015 1498 1071 committeres
1536 1016 1798 1086 prtecepi;
1835 1016 1963 1087 quid
2000 1016 2125 1073 inde

543 1105 736 1160 beatus
777 1105 1122 1171 Ambrosius,
1168 1087 1420 1160 videlicet
1459 1104 1527 1160 de
1577 1105 1847 1162 sumendo
1897 1116 2125 1177 carpare

541 1192 781 1261 Domini,
807 1195 1058 1259 senserit,
1082 1195 1167 1250 his
1192 1195 1245 1249 in
1270 1195 1465 1251 litteris
1488 1196 1754 1252 intimavi.
1781 1198 1872 1253 Ait
1893 1198 2038 1253 enim
2067 1198 2121 1253 in

541 1282 684 1339 libro
702 1291 899 1353 quarto
926 1280 1002 1337 De
1024 1283 1381 1338 sacramentis
1404 1284 1545 1339 inter
1565 1293 1759 1339 caztera
1786 1300 1800 1337 :
1838 1305 1855 1338 ι
1896 1270 1953 1341 Si
1976 1302 2125 1342 mor-

542 1380 651 1427 tem
687 1372 903 1428 Domini
948 1373 1369 1443 annuntiamus,
1408 1376 1802 1432 annuntiamus
1835 1369 2121 1435 remissio-

542 1477 666 1517 nem
691 1472 1059 1532 peccatorum.
1105 1463 1162 1518 Si
1199 1465 1633 1537 quotiescunque
1672 1464 1965 1523 eﬁ'unditur
1995 1484 2123 1524 san-

542 1553 664 1625 guis
698 1553 937 1622 Domini,
968 1554 1022 1609 in
1054 1555 1435 1612 remissionem
1471 1566 1819 1628 peccatorum
1852 1557 2118 1627 funditur,

540 1645 711 1700 debeo
741 1646 893 1701 illum
933 1663 1148 1718 semper
1173 1649 1441 1720 accipere,
1478 1657 1541 1705 ut
1573 1667 1787 1724 semper
1819 1652 1954 1709 mihi
1990 1654 2129 1724 pec-'

2228 474 2347 522 stus
2377 481 2518 536 quos
2550 465 2667 536 ipse
2705 471 2990 535 rcgenerat
3027 478 3129 520 suo
3153 463 3420 535 sanguine
3446 479 3662 535 semper
3682 480 3828 522 enu-

2226 560 2340 616 trit.
2384 581 2402 612 »
2429 558 2665 627 Etenim,
2694 569 2756 613 ut
2788 558 2931 613 idem
2970 555 3210 613 Joannes
3238 556 3430 613 scribit
3458 557 3529 613 ad
3559 556 3824 613 Theodo-

2227 661 2351 706 rum
2382 649 2732 716 monachum,
2765 668 2784 700 ι
2820 647 3095 703 lubricum
3121 664 3294 720 genus
3321 655 3406 703 est
3446 654 3647 703 natura
3671 663 3827 703 mor-

2226 739 2351 795 talis
2383 757 2395 794 :
2422 738 2531 794 cito
2561 738 2779 810 quidem
2815 738 3037 804 labitur,
3072 738 3168 793 sed
3206 750 3316 793 non
3344 750 3471 793 sero
3504 736 3821 808 reparatur,

2226 841 2300 900 et,
2323 840 2385 886 ut
2410 830 2569 887 facile
2598 831 2763 896 cadit,
2788 830 2861 886 ita
2885 838 2940 886 et
2960 830 3219 887 velociter
3242 830 3438 903 surgit.
3471 848 3491 881 ι
3520 829 3819 899 Debemus,

2227 930 2262 978 o’
2295 925 2431 993 ﬁlia,
2455 923 2523 979 ad
2566 924 2671 979 hoc
2717 923 2996 996 singulare
3036 922 3332 994 confugere
3381 931 3819 992 sacramentum,

2194 1014 2503 1097 ‘singulare
2541 1018 2794 1091 appetere
2837 1014 3320 1070 medicamentum;
3352 1011 3480 1069 Haec
3515 1012 3659 1081 ideo,
3689 1014 3825 1069 cbas

2225 1105 2446 1161 rissima
2469 1104 2643 1181 beata-ﬁ
2663 1103 2813 1160 Petri
2835 1103 2965 1172 ﬁlia,
2991 1104 3232 1161 scribere
3253 1103 3566 1176 procuravi,
3591 1112 3652 1159 ut
3679 1103 3825 1160 ﬁdes

2226 1211 2289 1251 ac
2333 1194 2617 1251 ﬁducia'in
2646 1195 2964 1268 accipiendo
2994 1211 3195 1267 corpus
3241 1195 3460 1251 Domini
3495 1196 3673 1266 major
3712 1196 3819 1251 tibi

2226 1297 2525 1344 accrescat.
2547 1287 2733 1344 Talem
2760 1288 2980 1359 quidem
3007 1290 3351 1355 thesaurum,
3375 1288 3617 1359 taliaque
3644 1288 3822 1355 dona,

2226 1391 2335 1432 non
2353 1386 2570 1444 aurum,
2594 1388 2707 1433 ιιοιι
2737 1376 2945 1448 lapides
2973 1378 3268 1448 pretiosas,
3292 1375 3480 1434 arnore
3510 1376 3685 1449 patris
3710 1366 3817 1443 tui,-

2225 1466 2490 1521 cmlorum
2533 1467 2785 1523 videlicet
2816 1467 3099 1538 principis,
3128 1483 3158 1522 a
3189 1483 3277 1522 me
3307 1476 3400 1523 tua
3440 1467 3674 1538 requirit
3700 1470 3821 1523 ani.

2224 1574 2336 1625 ma,
2374 1559 2501 1615 licet
2535 1559 2604 1614 ab
2655 1558 2777 1615 aliis
2819 1559 3194 1615 sacerdotibus
3233 1559 3393 1633 longe
3440 1544 3670 1615 meliora
3711 1573 3821 1633 pro

2227 1651 2436 1707 meritis
2466 1650 2713 1721 accipere
2746 1651 2946 1721 possis.
2983 1648 3061 1705 De
3089 1650 3258 1705 Matre
3278 1666 3410 1705 vero
3444 1650 3690 1717 Domini,
3722 1653 3819 1708 cui

540 1750 661 1820 cata
700 1742 1061 1799 dimittantur.
1098 1743 1202 1811 Qui
1236 1762 1452 1817 semper
1484 1762 1671 1817 pecco,
1699 1762 1917 1820 semper
1952 1750 2123 1807 debeo
2155 1736 2198 1791 Β
2225 1752 2276 1799 te
2309 1744 2687 1816 principaliter;
2710 1743 2961 1800 commisi
3008 1751 3065 1798 et
3105 1742 3411 1809 committo,
3434 1751 3492 1799 et
3527 1750 3817 1814 nunquam

540 1834 741 1889 habere
779 1835 1125 1892 medicinam.
1161 1856 1178 1888 ι
1214 1836 1347 1892 Item
1388 1838 1505 1910 ipse
1539 1839 1861 1897 Ambrosius
1895 1841 1951 1897 in
1987 1842 2128 1898 libro

537 1924 730 1996 quinto
757 1924 824 1980 de
855 1927 1215 1983 sacramentis
1242 1946 1254 1982 :
1290 1946 1308 1979 ι
1350 1926 1407 1982 Si
1452 1929 1804 1999 quotidianus
1836 1939 1921 1986 est
1942 1931 2123 2002 panis,

536 2030 637 2070 cur
660 2025 785 2087 post
807 2033 1012 2073 annum
1048 2018 1203 2073 illum
1227 2035 1434 2084 sumas,
1462 2019 1925 2090 quemadmodum
1950 2018 2125 2078 Graeci

537 2107 594 2161 in
616 2105 835 2162 Oriente
863 2124 1195 2165 consuevere
1227 2108 1439 2164 facere?
1461 2108 1663 2181 Accipe
1686 2110 1951 2182 quotidie,
1977 2112 2126 2183 quod

537 2200 780 2272 quotidie
805 2200 901 2254 tibi
937 2202 1113 2272 prosit
1152 2219 1165 2257 :
1204 2200 1285 2257 sic
1321 2202 1462 2269 vive,
1494 2210 1557 2256 ut
1590 2202 1833 2274 quotidie
1863 2203 2125 2260 merearis

537 2289 805 2360 accipere.
845 2288 1077 2356 Quando
1109 2289 1214 2363 [f.,
1249 2289 1353 2357 Qui
1386 2305 1517 2359 non,
1550 2307 1615 2346 ea:
1648 2290 1892 2346 Ambros.
1928 2291 1966 2346 I.
1995 2308 2029 2347 ν
2060 2288 2125 2348 de

538 2391 678 2430 sacr.
724 2393 779 2431 ιι.
816 2376 927 2451 25]
958 2386 1200 2434 meretur
1224 2379 1469 2450 quotidie
1504 2380 1771 2452 accipere,
1806 2397 1917 2437 non
1946 2398 2122 2438 mere-

537 2471 628 2518 tur
649 2474 773 2535 post
795 2482 1001 2523 annum
1030 2468 1315 2539 accipere;
1340 2470 1616 2540 quomodo
1645 2468 1749 2525 Job
1773 2480 1997 2526 sanctus
2025 2486 2125 2543 pro

536 2552 664 2610 ﬁliis
719 2555 833 2611 suis
882 2557 1143 2614 oll'erebat
1185 2558 1429 2630 quotidie
1478 2560 1832 2629 sacriﬁcium,
1866 2576 1935 2617 ne
1983 2560 2126 2618 forte

535 2644 743 2715 aliquid
786 2648 871 2702 vel
925 2647 981 2703 in
1028 2649 1214 2714 corde,
1258 2649 1344 2705 vel
1387 2649 1442 2705 in
1486 2666 1741 2707 sermone
1781 2660 2121 2722 peccassent.

536 2731 680 2806 Ergo
714 2745 771 2791 tu
811 2738 970 2795 audis
1005 2741 1151 2810 quod
1182 2740 1618 2813 quotiescunque
1651 2740 1878 2796 ollertur
1910 2741 2122 2797 sacriﬁ-

542 2825 705 2894 cium,
734 2844 886 2884 mors
910 2828 1146 2891 Domini.
1164 2831 1493 2887 resurrectio
1519 2830 1739 2886 Domini
1765 2829 2121 2902 signiﬁcetur,

535 2926 593 2972 et
620 2920 876 2975 remissio
906 2930 1253 2992 peccatorum
1280 2940 1295 2989 ;
1321 2930 1377 2977 et
1397 2938 1594 2993 panem
1630 2922 1796 2977 istum
1825 2921 1952 2977 vita:
1980 2936 2122 2993 quo-

536 3008 802 3065 tidianum
837 3026 949 3066 non
1005 3013 1281 3068 assumis?
1304 3012 1408 3080 Qui
1443 3012 1641 3070 vulnus
1672 3013 1858 3081 habet,
1898 3013 2123 3071 medici-

536 3113 663 3156 nam
698 3100 946 3170 requirit.
973 3098 1185 3155 Vulnus
1210 3110 1315 3168 est,
1347 3100 1477 3172 quia
1515 3102 1620 3157 sub
1640 3109 1865 3171 peccato
1892 3116 2116 3168 sumus;
2146 3088 2190 3144 (ἶ

535 3188 804 3243 medicina
842 3197 926 3244 est
949 3190 1170 3245 cmlcste
1204 3199 1260 3244 et
1297 3189 1607 3245 venerabile
1635 3198 2061 3245 sacramentum.
2095 3209 2114 3242 ι

536 3278 666 3334 Item
699 3281 999 3351 Gregorius
1042 3298 1179 3352 papa
1214 3282 1271 3336 in
1296 3282 1436 3336 libro
1462 3298 1515 3337 Iv
1542 3281 1895 3353 Dialogorum
1930 3300 1943 3336 :
1976 3299 1994 3333 ι
2025 3280 2125 3336 De-

534 3372 728 3426 bemus
771 3372 953 3443 itaque
983 3389 1224 3443 praesens
1268 3374 1550 3441 saeculum,
1574 3375 1659 3429 vel
1682 3374 1811 3444 quia
1838 3374 1953 3444 jam
1987 3390 2123 3433 con-

535 3460 799 3530 Spicimus
833 3461 1142 3528 deﬂuxisse,
1176 3470 1288 3518 tota
1323 3472 1505 3519 mente
1544 3472 1914 3529 contemnere,
1942 3461 2125 3533 quoti~

534 3552 697 3606 diana
724 3549 836 3607 Deo
858 3551 1222 3631 laerymarum
1260 3553 1551 3620 sacriﬁcia,
1581 3552 1916 3624 quotidianis
1939 3552 2123 3608 carnis

533 3644 654 3713 ejus
692 3652 747 3698 et
788 3643 1072 3715 sanguinis
1114 3644 1322 3701 hostias
1363 3646 1666 3701 immolare.
1714 3643 1841 3701 Haec
1886 3659 2125 3716 namque

535 3735 883 3808 singulariter
902 3734 1124 3791 victima
1156 3737 1226 3791 ab
1258 3745 1463 3792 aaterno
1488 3735 1711 3791 interitu
1745 3736 1983 3792 animam
2011 3736 2121 3791 sal-

533 3832 644 3890 vat,
670 3839 793 3895 qute
834 3823 981 3880 illam
1024 3824 1187 3881 nobis
1213 3833 1445 3880 mortem
1487 3822 1755 3895 unigeniti
1793 3838 1891 3894 per
1920 3831 2122 3896 myste-

534 3914 678 3969 rium
713 3922 950 3983 reparat.
993 3911 1173 3981 Quod,
1208 3913 1339 3969 licet
1388 3928 1620 3985 surgens
1656 3928 1688 3968 a
1728 3913 1981 3979 mortuis,
2005 3911 2121 3983 jam

534 4018 643 4058 non
680 4004 934 4071 moritur,
966 4010 1022 4058 et
1045 4018 1196 4059 mors
1217 4002 1267 4058 ei
1304 4004 1448 4058 ultra
1475 4001 1585 4057 non
1620 4003 2014 4071 dominabitur,
2040 4011 2123 4058 ta-

534 4110 659 4150 men
705 4094 761 4150 in
824 4096 945 4167 ipso
992 4095 1378 4151 immortaliter
1420 4104 1584 4167 atque
1637 4095 2122 4167 incorruptibiliter

530 4185 743 4255 vivens,
791 4202 891 4259 pro
937 4187 1098 4243 nobis
1132 4187 1330 4242 iterum
1377 4187 1434 4242 in
1487 4187 1594 4244 hoc
1642 4188 1905 4261 mysterio
1951 4204 2121 4245 sacrm

2225 1835 2587 1902 committere,
2624 1849 2911 1905 quousque
2933 1833 3082 1888 illam
3106 1834 3413 1901 videamus,
3439 1841 3503 1888 ut
3533 1833 3813 1904 cupimus,

2224 1927 2493 1994 omittam,
2516 1926 2648 1997 quid
2676 1925 2775 1980 tibi
2798 1925 2999 1993 dicam,
3026 1940 3193 1996 quam
3216 1925 3417 1980 caelum
3447 1932 3503 1979 et
3533 1933 3681 1980 terra
3700 1926 3818 1979 lau-

2222 2017 2372 2085 dare,
2401 2019 2529 2073 licet
2554 2024 2618 2071 ut
2650 2023 2893 2072 meretur
2934 2023 3226 2086 nequeant,
3255 2028 3364 2070 non
3412 2015 3673 2070 cessant?
3698 2012 3820 2071 Hoc

2222 2116 2403 2162 tamen
2436 2106 2629 2179 procul
2657 2106 2824 2162 dubio
2858 2113 3065 2173 teneas,
3116 2106 3266 2176 quia,
3310 2112 3523 2177 quanto
3553 2105 3719 2161 altior
3758 2110 3817 2162 (ι

2223 2201 2419 2255 rneiior
2448 2216 2513 2256 ac
2548 2198 2792 2255 sanctior
2830 2208 2917 2255 est
2957 2199 3109 2254 omni
3142 2207 3341 2267 matre,
3380 2207 3536 2255 tanto
3569 2199 3814 2255 clemen-

2222 2294 2330 2349 tior
2353 2303 2409 2351 et
2441 2294 2657 2350 dulcior
2679 2293 2827 2350 circa
2858 2308 3157 2349 conversos
3189 2300 3507 2364 peccatores
3531 2302 3590 2349 et
3621 2306 3819 2364 peccao

2222 2386 2406 2443 t'rices.
2442 2385 2591 2443 Pone
2622 2386 2808 2458 itaque
2838 2385 3004 2440 ﬁnem
3043 2384 3099 2439 in
3130 2385 3410 2439 voluntate
3442 2384 3732 2455 peccandi,
3759 2385 3819 2439 et

2222 2488 2493 2551 prostrata
2516 2494 2703 2535 coram
2729 2479 2819 2533 illa
2852 2493 2919 2533 ex
2949 2477 3114 2533 corde
3151 2477 3408 2532 contritio
3440 2485 3497 2531 et
3523 2476 3813 2533 humiliato

2224 2572 2493 2644 lacrymas
2520 2570 2756 2627 eﬂ‘unde.
2787 2568 3036 2625 Invenies
3070 2569 3241 2636 illam,
3285 2568 3665 2624 indubitanter
3692 2584 3818 2639 ιιι-οι

2223 2660 2400 2727 mitto,
2432 2660 2825 2732 promptiorem
2870 2658 3081 2715 carnali
3122 2666 3318 2726 matre,
3352 2673 3418 2713 ae
3447 2657 3729 2714 mitiorem
3753 2659 3815 2714 in

2226 2750 2303 2805 tui
2336 2750 2646 2807 dilectione.

2291 2836 2426 2893 Data
2459 2837 2647 2895 Romae
2670 2839 2884 2895 decimo
2905 2847 3102 2910 quarto
3133 2839 3405 2896 Kalendas
3426 2836 3553 2896 Maii
3584 2839 3815 2915 (Martii,

2222 2938 2272 2984 ct
2293 2931 2370 2985 sic
2393 2931 2450 2985 in
2480 2929 2743 3005 Mutua],
2764 2931 3079 2985 inductione
3100 2931 3444 2987 duodecima.

2709 3034 3047 3096 EPISTOLA
3079 3041 3311 3097 XLVIII.

2471 3168 2540 3209 AD
2575 3168 2865 3209 KUBERTUI
2902 3170 3211 3209 GENlil-ZNSBI
3250 3169 3568 3211 ειμιδεορυι

2812 3242 2998 3314 (Anno
3031 3242 3215 3312 1074.)

2224 3330 2481 3402 Praecipit
2505 3348 2724 3387 mrem
2744 3332 3022 3402 cujusdam
3049 3333 3276 3389 Ansaldi
3301 3335 3558 3390 adulterii
3596 3354 3817 3393 accusan

2291 3411 2401 3454 tam
2435 3402 2517 3478 ad.
2534 3403 2901 3475 purgationem
2937 3403 3686 3478 admitti,Aexcommuutcans
3714 3427 3813 3478 pa-

2294 3480 2425 3523 trem
2466 3471 2602 3541 ejus,
2638 3471 2696 3549 'et
2734 3489 3089 3545 quemcunque
3134 3475 3303 3529 alium
3335 3477 3426 3547 qui
3468 3476 3525 3530 id
3558 3471 3813 3549 impedire

2291 3545 2704 3613 prtesumpscrt't.
3343 3576 3350 3585 -

2293 3651 2603 3711 (ἓιιειιοιιιυε
2647 3655 2966 3725 episcopus,
3012 3668 3207 3711 servits
3243 3669 3527 3713 servorum
3561 3653 3682 3726 Dei,
3711 3658 3817 3717 Hc-

2221 3759 2396 3801 ιιειιτο
2413 3744 2687 3801 Genuensi
2710 3746 2989 3816 episcopo,
3012 3757 3063 3801 el
3084 3748 3340 3803 universo
3365 3749 3467 3805 loci
3492 3749 3644 3806 illius
3665 3752 3813 3808 clero

2220 3849 2285 3889 ac
2307 3834 2529 3905 populo,
2558 3835 2788 3889 salutem
2814 3843 2867 3890 et
2899 3838 3257 3907 apostolicam
3291 3839 3752 3897 benedictionem.

2289 3926 2653 3999 Intelligentes
2678 3944 2923 3986 errorem
2959 3941 3225 4000 vestrum,
3253 3932 3319 3988 de
3356 3933 3605 4004 periculo
3626 3945 3814 3992 vestro

2218 4020 2376 4075 valde
2412 4020 2688 4106 timemus,
2723 4023 2986 4092 quoniam
3020 4036 3364 4081 sacramenta
3391 4030 3811 4085 consortiicon-

2214 4111 2437 4183 jugalis,
2477 4111 2677 4167 divinis
2725 4116 2937 4173 sancita
2981 4120 3265 4187 praeceptis
3307 4129 3361 4173 et
3404 4120 3637 4191 legibus,
3670 4122 3815 4177 inter

2217 4216 2317 4257 vos
2367 4202 2621 4272 malignis
2670 4201 2867 4259 foedari
2913 4206 3111 4263 studiis
3149 4209 3480 4265 audivimus.
3529 4211 3805 4285 Scriptum

531 4279 822 4372 oblationis
853 4281 1202 4372 immolatur;
1233 4281 1365 4372 ejus,
1384 4281 1587 4352 quippe
1623 4281 1696 4337 ibi
1719 4298 1921 4354 corpus
1944 4283 2119 4337 sumi-
2219 4292 2419 4363 quippe
2443 4292 2614 4347 estde
2635 4295 2913 4367 coniugali
2936 4297 3156 4353 vinculo
3184 4315 3196 4351 ε
3224 4298 3381 4364 Quod
3416 4299 3560 4355 Dea;
3587 4279 3810 4372 σοίιίιη.

532 4376 643 4435 tur,
676 4370 796 4461 ejus
826 4385 957 4424 caro
993 4370 1047 4425 in
1079 4372 1264 4461 populi
1290 4371 1467 4426 salute
1497 4372 1724 4443 patitur,
1751 4373 1871 4443 ejus
1893 4372 2119 4441 sanguis
2149 4445 2191 4461 ﬁ
2217 4384 2320 4450 εει,
2344 4382 2497 4437 homo
2532 4399 2635 4437 non
2666 4397 2873 4456 separet
2899 4387 3118 4460 (Matth.
3144 4395 3260 4456 xlv,
3299 4390 3469 4453 Marc.
3508 4408 3568 4461 ι,
3608 4370 3804 4447 Matth.

533 4476 642 4514 non
670 4460 783 4530 jam
828 4460 882 4514 in
925 4475 1123 4514 manus
1167 4460 1488 4528 inﬁdelium,
1520 4463 1614 4518 sed
1649 4464 1703 4518 in
1744 4478 1840 4518 ora
1875 4462 2113 4518 ﬁdelium

2231 4474 2319 4542 rx),
2378 4482 2433 4528 et
2482 4473 2701 4534 Veritas
2753 4480 2979 4537 omnino
3020 4483 3275 4553 prohibet
3323 4500 3391 4539 ne
3438 4485 3524 4541 vir
3574 4504 3804 4544 uxorem

532 4546 978 4649 funditttr.mll_inc
1013 4563 1143 4619 ergo
1177 4564 1469 4649 pensemus
1505 4553 1665 4649 quale
1698 4550 1770 4608 sit
1813 4567 1913 4623 pro
1955 4552 2112 4606 nobis
2218 4578 2395 4631 suam,
2426 4564 2532 4619 nisi
2564 4565 2707 4624 τονιε
2744 4585 2910 4626 causa
2942 4546 3344 4642 for-uicatiouis’
3377 4577 3671 4649 relinquat.
3697 4578 3806 4635 ΝΟ,

533 4638 638 4738 ιι.οε
667 4640 1212 4738 εθοτίίίίξίυιηριίιξφξξ,
1245 4657 1345 4711 PFO
1380 4643 1724 4700 abSOIUliODC
1769 4654 1955 4699 ηοεῑιέι
1993 4661 2111 4716 Ρίὶεσ
2216 4653 2301 4710 bis
2332 4662 2511 4710 autem
2552 4658 2785 4715 relatum
2819 4671 2903 4717 est
2937 4664 3239 4720 Ansaldum
3282 4638 3599 4738 quemdam,
3623 4672 3804 4727 concio

530 4726 744 4823 sionem
782 4728 1047 4801 unigeniti
1092 4729 1215 4786 Filii
1248 4746 1462 4802 semper
1506 4733 1766 4790 imitatur.
1806 4734 1942 4803 Quis
1962 4733 2108 4789 enim
2214 4761 2336 4801 νεηι
2358 4756 2625 4817 vestrum,
2656 4766 2687 4806 θ
2717 4762 2872 4823 patre
2901 4769 3003 4810 suo
3032 4726 3438 4815 edactunl'essc
3482 4769 3543 4815 ιιι
3573 4726 3801 4819 {norem

532 4816 772 4872 ﬁdelium
809 4818 1010 4875 habere
1031 4819 1258 4875 dubium
1291 4821 1464 4891 possit
1494 4822 1547 4878 in
1573 4824 1687 4895 ipsa
1720 4822 2111 4880 immolationis

533 4906 669 4962 hora
717 4909 785 4963 ad
839 4911 1141 4967 sacerdotis
1178 4926 1365 4968 vocem
1414 4915 1583 4987 caelos
1625 4918 1823 4987 aperiri
1862 4936 1875 4972 :
1921 4918 1975 4971 in
2018 4916 2113 4970 illo

529 4994 661 5051 Jesu
710 4997 916 5053 Christi
960 5000 1222 5072 mysterio
1266 5003 1582 5075 angelorum
1635 5008 1835 5063 choros
1868 5008 2105 5062 adesse:

564 5097 760 5108 --“ω;-
821 5097 920 5110 ;_--
998 5097 1188 5112 -....:-..;
1237 5110 1244 5111 γ
1288 5101 1487 5114 ι--....-..μ
1552 5097 1853 5118 --ξι-κιη...-
1907 5097 2054 5120 2--....2

2215 4839 2515 4909 propriam,
2551 4842 2620 4899 de
2639 4843 3002 4903 fornicatione
3033 4847 3171 4906 falso
3201 4851 3573 4921 criminatum,
3600 4871 3705 4912 nec
3726 4859 3805 4912 ul—

2216 4927 2385 4983 terius
2427 4928 2649 4993 habeat.
2700 4950 2802 4989 nec
2843 4935 3111 5006 judicium
3163 4942 3510 5012 purgationis
3561 4944 3706 5015 ejus,
3748 4947 3799 5003 id

2214 5018 2357 5120 quod
2382 5018 2505 5120 ipsa
2527 5024 2699 5120 Avaldc
2727 5026 3023 5096 desiderat,
3058 5046 3158 5100 pro
3193 5033 3537 5091 discutienda
3570 5039 3807 5095 veritate
