3962 5348
126 156 234 224 39.9

1256 140 1458 209 LIBER
1490 146 1769 207 PRIMUS.
1799 177 1874 191 -
1901 134 2119 205 EPIST.
2161 146 2244 202 LI.

3288 136 3395 197 330

125 277 307 351 parari
338 285 372 332 'a
403 275 527 330 viro
556 274 656 331 suo
676 258 1001 329 nullatenus
1039 268 1345 341 patiamini.
1382 266 1453 322 At
1482 266 1527 323 si
1558 274 1713 337 pater
1739 267 1786 323 Δ
1813 276 1959 318 rami
1984 268 2040 319 et
2064 259 2338 317 Mummi
2362 257 2617 331 gloriosis
2639 262 2711 312 ac’
2726 248 3067 312 charissimis
3093 253 3149 310 in
3173 253 3396 311 Christo

128 367 337 441 praefati
362 364 594 421 Ansaldi
616 366 885 434 haec,'qme
907 360 1089 417 divina
1113 356 1707 424 auctoritatediximus,

128 460 240 514 imo
271 456 317 511 si
347 454 478 526 quis
519 452 832 509 mortalium
875 451 992 506 haec
1024 448 1287 519 impedire
1323 462 1386 502 ac
1420 446 1711 517 prohibere

129 546 564 619 praesumpserit,
600 553 767 608 tuam,
800 542 1042 613 epicope,
1080 539 1475 595 fraternitatem
1497 546 1714 608 aposto-

128 641 229 695 lica
261 639 596 694 auctoritate
629 649 915 691 monemus
936 644 1018 699 ut,
1055 631 1207 688 omni
1236 639 1485 701 respectu
1524 622 1712 701 gratim

129 726 434 802 personalis
475 725 714 795 abiecto,
754 738 880 779 reos
919 720 1284 778 anathematis
1313 719 1494 790 gladio
1526 718 1709 785 ferire,

128 834 183 882 et
200 841 231 880 a
256 838 487 894 corpore
510 818 768 877 Ecclesiae
787 820 1062 876 dissecare
1082 832 1191 872 non
1217 816 1455 880 desinas,
1480 825 1532 870 et
1552 815 1712 870 nobis

130 925 431 972 extremam
473 926 703 968 manum
747 907 1086 982 imposituris
1124 923 1222 979 per
1249 906 1459 963 litteras
1492 916 1614 962 tuas
1658 902 1713 960 id

129 1003 458 1078 quantocius
490 1002 737 1057 indicare
760 1017 868 1056 non
901 999 1303 1072 praetermittas.
1331 997 1601 1052 Praeterea
1625 1011 1714 1051 vo-

132 1094 313 1151 lumus
344 1105 425 1161 ut,
458 1089 631 1166 quam
654 1094 816 1150 citius
844 1093 1046 1165 possis,
1078 1091 1423 1163 praesentiam
1447 1099 1597 1146 tuam
1622 1105 1715 1145 no-

134 1188 214 1244 bis
235 1188 497 1242 exhibere
522 1187 763 1242 studeas.

200 1280 335 1336 Data
373 1279 671 1335 Lateranis
698 1288 894 1350 quarto
936 1276 1207 1332 Kalendas
1237 1273 1361 1330 Maii
1409 1274 1633 1348 [Martii,
1663 1283 1717 1329 et

129 1374 200 1427 sic
231 1374 291 1427 in
326 1368 576 1445 latim],
616 1370 909 1425 indictione
933 1369 1275 1425 duodecima.

646 1456 982 1515 EPISTULA
1019 1458 1206 1513 XLIX.

587 1569 657 1610 ΔΙ)
692 1570 862 1609 ΟΙΙΧΕΒ
894 1567 1258 1608 ειιῑιιετιλκοδ.

728 1643 908 1714 (Anno
948 1640 1130 1713 1074.)
1174 1698 1184 1714 ,

140 1730 309 1792 "aut
341 1746 396 1791 ut
422 1732 1031 1806 Constantinopolitanis
1054 1749 1201 1805 apem
1228 1730 1421 1806 ferant,
1447 1731 1537 1804 qui
1558 1749 1589 1787 a
1613 1728 1717 1789 Sa-

272 1809 481 1862 racenis
518 1806 707 1860 multis
738 1804 1137 1861 calamitatibus
1172 1804 1564 1874 efﬁciebantur.

203 1896 515 1955 Caesonius
541 1898 858 1968 episcopus,
885 1912 1077 1951 servus
1103 1910 1386 1951 servorum
1405 1893 1716 1963 Dei,omni-

138 1982 235 2046 bus
256 1987 632 2046 Christianam
657 1987 816 2042 ﬁdem
837 1984 1128 2043 defendere
1148 1984 1457 2043 volentibus
1487 1986 1717 2041 salutem

139 2089 191 2136 et
215 2080 573 2151 apostolicam
608 2078 1063 2135 benedictionem.

202 2169 400 2227 Notum
424 2171 588 2226 vobis
617 2184 743 2225 esse
775 2168 1048 2236 volumus,
1097 2168 1245 2224 hunc
1266 2167 1446 2223 virum
1487 2181 1720 2239 praesen-

140 2262 272 2317 tium
298 2262 652 2333 portitnrem,
677 2260 810 2316 dum
839 2261 907 2316 de
929 2258 1308 2316 ultramarinis
1338 2273 1513 2330 nuper
1535 2272 1719 2315 rever-

142 2363 339 2410 teretur
356 2354 630 2426 partibus,
644 2352 1020 2424 apostolorum
1042 2353 1232 2408 limina
1245 2359 1302 2409 et
1322 2361 1564 2409 nostram
1588 2368 1722 2423 prae-

140 2446 363 2500 sentiam
395 2445 673 2500 visitasse.
703 2445 749 2498 A
771 2458 902 2514 quo,
926 2444 1073 2505 sicut
1098 2458 1131 2500 a
1161 2443 1434 2515 plerisque
1460 2444 1601 2511 aliis,
1625 2460 1719 2500 co—

142 2535 426 2608 gnovimus
457 2545 677 2607 gentem
723 2550 1063 2607 paganorum
1115 2546 1307 2592 contra
1346 2535 1719 2594 Christianum

143 2627 349 2684 fortiter
369 2618 669 2684 invaluisse
698 2627 1010 2698 imperium,
1046 2636 1102 2684 et
1143 2628 1451 2685 miseranda
1482 2629 1719 2684 crudeli-

142 2728 246 2776 tate
262 2720 382 2790 jam
414 2720 530 2776 fere
568 2735 749 2791 usque
779 2720 848 2775 ad
893 2733 1084 2774 muros
1106 2718 1723 2789 Constantinopolitana:

142 2810 376 2866 civitatis
406 2810 593 2865 omnia
614 2810 932 2865 devastasse
953 2815 1009 2863 et
1029 2808 1313 2880 tyrannica
1334 2808 1593 2863 violentia
1622 2822 1719 2863 oc-

1808 353 2026 410 ﬁliabus
2052 353 2284 409 salutem
2318 358 2376 407 et
2408 350 2762 421 apostolicam
2798 348 3250 406 benedictionem.

1881 444 2000 499 Non
2027 445 2262 499 miretur
2283 450 2465 499 vestra
2500 442 2757 497 nobilitas
2783 454 2950 512 super
2984 438 3072 496 his
3096 452 3220 510 quae
3238 435 3396 496 vobis

1810 533 1878 589 de
1910 548 2076 588 causa
2119 529 2362 587 Dodonis
2397 529 2671 585 Rosellani
2715 528 2958 601 episcopi
3006 529 3223 599 scripsi,
3265 529 3396 600 quia

1812 623 2185 680 inhumanitas
2226 622 2524 687 videretur,
2558 621 2603 677 si
2632 636 2819 692 preces
2865 629 2920 676 et
2960 636 3212 676 murmur
3245 617 3398 692 Ugu-

1810 717 1907 773 lini
1953 712 2244 790 [Ugolini]
2293 711 2510 769 comitis
2563 712 3029 784 parvipendercm.
3080 710 3397 782 Importune

1810 804 2033 883 quidem
2084 822 2228 882 saepe
2259 824 2348 863 me
2394 806 2606 879 rogavit
2633 814 2696 861 ut
2729 820 2951 861 causam
2997 803 3171 876 ipsius
3203 812 3393 860 contra

1813 900 2164 958 Rosellanum
2190 898 2509 971 episcopum
2532 894 2679 968 iuste
2699 897 3068 962 decernerem,
3084 903 3140 951 et
3160 903 3221 950 ut
3251 894 3396 950 idem

1811 992 2102 1064 episcopus
2151 990 2256 1046 sibi
2307 988 2578 1059 justitiam
2624 984 2834 1041 faceret
2874 998 3249 1056 procurarem.
3282 981 3399 1055 Ego

1811 1099 1963 1151 vero,
2007 1082 2076 1138 de
2126 1081 2285 1138 vobis
2328 1078 2680 1151 singulariter
2708 1077 2850 1134 inter
2896 1090 3088 1132 omnes
3122 1075 3400 1146 principes

1814 1173 2047 1231 Romani
2096 1171 2312 1243 imperii
2358 1169 2661 1235 confidens,
2694 1166 2884 1240 rogavi
2918 1174 2980 1221 ut
3007 1166 3076 1221 ad
3105 1172 3317 1222 certum
3344 1173 3404 1219 et

1809 1267 2021 1339 justum
2068 1279 2135 1320 ac
2160 1262 2447 1334 pacificum
2492 1259 2657 1316 finem
2695 1273 2797 1330 per
2820 1273 2917 1313 vos
2937 1272 3104 1313 causa
3133 1256 3275 1313 inter
3304 1271 3402 1312 eos

1814 1353 2127 1421 duceretur,
2174 1365 2286 1424 quo
2331 1352 2423 1407 ille
2453 1350 2547 1422 qui
2578 1349 2764 1421 justus
2809 1347 2985 1420 judex
3020 1354 3126 1414 est,
3159 1362 3191 1402 a
3218 1355 3404 1402 vestro

1815 1447 1999 1504 studio
2027 1452 2319 1517 vestraque
2350 1444 2574 1516 pietate,
2611 1456 2701 1499 me
2747 1441 3012 1508 instante,
3045 1438 3399 1512 gloriﬁcetur.

1819 1536 1938 1595 Scit
1959 1537 2108 1594 enim
2137 1536 2378 1593 charitas
2418 1541 2623 1600 vestra,
2657 1539 2713 1589 et
2745 1531 2992 1597 omnino,
3035 1538 3098 1586 ut
3142 1543 3289 1595 reor,
3317 1529 3404 1584 in-
3442 1548 3447 1553 ο

1748 1626 1793 1683 Β
1817 1627 2011 1698 telligit
2038 1625 2187 1697 quod
2232 1625 2288 1680 in
2337 1622 2596 1681 omnibus
2643 1621 2857 1678 actibus
2889 1620 3088 1676 vestris
3134 1619 3402 1675 honorem

1820 1708 1917 1774 Dei
1944 1724 2293 1787 vestramque
2316 1714 2547 1771 salutem
2582 1712 2825 1784 requiro.
2856 1710 2925 1766 Et
2950 1711 3075 1767 ideo
3102 1725 3230 1768 cum
3268 1726 3400 1781 pro-

1816 1811 1980 1881 pheta
2005 1809 2128 1865 dico
2155 1827 2167 1863 :
2197 1806 2513 1879 Sacriﬁcate
2552 1806 2883 1876 sacriﬁcium
2907 1806 3160 1878 justitiae,
3196 1814 3246 1860 et
3280 1821 3399 1878 spe-

1819 1911 1932 1958 rate
1954 1904 2010 1957 in
2035 1900 2262 1956 Domino
2308 1899 2485 1973 (Psal.
2526 1898 2623 1970 tv).
2657 1897 2726 1954 Et
2753 1899 2952 1954 iterum
2982 1919 2994 1953 :
3022 1897 3271 1952 Judicate
3299 1914 3387 1969 pu-

1816 1992 1967 2064 pillo,
2017 1999 2069 2047 et
2113 1988 2378 2055 defendite
2406 1989 2612 2057 viduas,
2645 1996 2697 2045 et
2723 1990 2909 2056 venite,
2951 1997 3002 2044 et
3046 1989 3251 2060 arguite
3297 2005 3401 2056 me,

1816 2083 1950 2139 dicit
1971 2081 2233 2138 Dominus
2262 2080 2399 2153 (ha.
2436 2078 2499 2153 ι).
2526 2080 2604 2136 Ex
2630 2096 2818 2137 amore
2854 2079 3074 2151 quidem
3092 2078 3189 2135 Dei
3215 2079 3402 2150 proni:

1818 2188 1973 2229 mum
1996 2173 2273 2245 diligendo
2307 2172 2587 2243 adjuvare,
2624 2172 2843 2229 miseris
2885 2179 2942 2227 et
2967 2170 3245 2243 oppressis
3266 2170 3404 2228 sub-

1816 2262 2025 2329 venire,
2058 2243 2421 2328 orationibus,
2442 2260 2688 2334 jejuniis,
2711 2258 2932 2335 vigiliis,
2968 2268 3026 2317 et
3059 2258 3180 2318 aliis
3204 2277 3402 2334 quam-
3446 2243 3460 2256 ’

1818 2352 2067 2425 pluribus
2124 2355 2287 2410 bonis
2351 2353 2611 2424 operibus
2670 2370 2951 2426 praepono,
3021 2356 3151 2426 quia
3216 2370 3405 2410 veram

1818 2446 2141 2503 charitatem
2164 2447 2377 2502 cunctis
2396 2444 2691 2503 virtutibus
2718 2446 2974 2517 prmferre
2993 2462 3118 2503 cum
3142 2447 3407 2518 Apostolo

1818 2553 1931 2599 non
1957 2539 2148 2594 dubito
2178 2537 2234 2608 (1
2260 2537 2384 2595 Cor.
2413 2539 2558 2610 xm).
2576 2536 2712 2593 Nam
2734 2538 2780 2594 si
2806 2539 2923 2594 haec
2948 2546 3125 2594 mater
3154 2539 3405 2594 omnium

1818 2630 2107 2695 virtutum,
2133 2645 2257 2701 qua;
2285 2628 2457 2685 Deum
2494 2630 2562 2686 de
2584 2629 2725 2686 cmlo
2750 2630 2805 2683 in
2832 2638 3034 2686 terram
3059 2637 3121 2684 ut
3154 2638 3405 2685 nostram

1821 2718 2097 2775 miseriam
2120 2716 2288 2775 ferret
2323 2719 2588 2790 compulit
2610 2719 2818 2785 venire,
2834 2735 2923 2775 me
2945 2736 3057 2775 non
3081 2720 3402 2785 instrueret,

1820 2819 1879 2866 et
1907 2819 2057 2868 esset
2097 2811 2193 2882 qui
2236 2811 2458 2867 miseris
2505 2817 2563 2866 et
2603 2809 2883 2881 oppressis
2918 2809 3176 2866 Ecclesiis
3221 2818 3405 2866 vestra

142 2917 391 2974 cupasse,
419 2910 475 2956 et
494 2901 667 2957 multa
698 2899 870 2956 millia
898 2896 1340 2955 Christianorum
1374 2898 1532 2969 quasi
1564 2913 1723 2969 pecu—
1762 2970 1787 2974 _
1822 2903 1940 2958 vice
1962 2902 2299 2967 subveniret,
2337 2916 2401 2957 ac
2434 2898 2730 2957 universali
2788 2898 3047 2957 Ecclesia;
3080 2900 3404 2963 deserviret,

142 2970 234 3051 des
279 2995 570 3051 occidisse.
604 2994 725 3062 Qua
773 2992 841 3050 de
883 3009 964 3060 re,
1017 2993 1065 3050 si
1102 2990 1276 3048 Deum
1320 2992 1621 3063 diligimus,
1666 2998 1723 3047 et
1747 2970 1789 3028 (ί
1821 3003 1884 3051 ut
1910 2996 2169 3051 saaculum
2204 2994 2603 3065 relinqueretis,
2641 3009 2767 3050 cum
2797 2995 3055 3052 omnibus
3080 2994 3201 3065 ejus
3228 2996 3402 3061 curis,

142 3084 484 3140 Christianos
518 3099 622 3156 nos
668 3098 792 3140 esse
834 3081 1242 3155 cognoscimus,
1274 3096 1375 3153 pro
1412 3079 1721 3137 miseranda
1821 3100 2045 3141 monere
2086 3099 2460 3156 procurarem.
2511 3082 2618 3140 Sed
2660 3086 2789 3156 quia
2833 3085 2904 3141 de
2945 3093 3128 3141 vestra
3163 3085 3310 3152 aula,
3347 3094 3408 3141 ut

144 3174 357 3232 fortuna
390 3175 531 3231 tanti
556 3173 773 3246 imperii
805 3182 860 3231 et
906 3183 1057 3230 tanta
1089 3172 1529 3229 Christianorum
1570 3170 1727 3228 clade
1820 3175 1978 3231 multi
2002 3175 2298 3246 principes,
2325 3173 2499 3231 Deum
2529 3188 2640 3231 non
2683 3175 2943 3246 abjicitis,
2992 3177 3106 3232 imo
3130 3176 3407 3233 sacrificio

145 3269 294 3325 nobis
322 3266 484 3324 valde
514 3268 811 3324 dolendum
844 3275 929 3323 est
955 3285 969 3323 :
1004 3274 1062 3322 et
1084 3280 1196 3323 non
1225 3264 1404 3322 solum
1428 3265 1612 3321 dolere
1635 3279 1724 3321 su-
1816 3265 2043 3337 iustitiae
2077 3265 2145 3321 ad
2168 3281 2288 3321 eam
2325 3266 2513 3323 venire
2537 3267 2802 3333 invitatis,
2828 3282 3090 3339 rogamus
3122 3282 3241 3335 vos,
3269 3276 3324 3324 et
3345 3276 3410 3323 ut

144 3376 233 3431 per
260 3362 365 3418 hac
406 3376 468 3417 re
504 3360 703 3416 debitae
747 3357 1097 3415 sollicitudini
1145 3364 1347 3414 nostra;
1382 3355 1598 3425 sufﬁcit,
1626 3355 1722 3412 sed
1822 3355 2177 3413 charissimas
2201 3356 2340 3413 filias
2370 3357 2974 3423 admonemus,bonum
2989 3358 3136 3430 quod
3160 3356 3408 3430 coepistis

146 3452 348 3506 animas
377 3463 482 3521 pro
512 3448 839 3504 liberatione
878 3446 1108 3503 fratrum
1155 3461 1379 3518 ponere,
1414 3446 1723 3517 exemplum
1824 3446 1891 3503 ad
1945 3446 2246 3517 perfectum
2293 3446 2455 3503 finem
2486 3447 2821 3520 perducatis.
2859 3446 2979 3504 Non
3026 3447 3182 3504 favor
3207 3448 3407 3504 huma—

148 3538 521 3612 Iledemptoris
553 3538 750 3604 nostri,
782 3544 839 3593 et
872 3538 1115 3593 debitum
1154 3535 1410 3593 fraternae
1441 3534 1725 3591 cbaritatis

147 3632 354 3689 anubis
379 3631 555 3704 exigit
585 3649 597 3685 ε
630 3632 785 3702 quia,
826 3629 971 3687 sicut
1012 3630 1131 3701 ipse
1159 3644 1260 3702 pro
1301 3629 1461 3686 nobis
1485 3629 1726 3685 animam

148 3738 295 3779 suam
318 3722 531 3794 posuit,
556 3730 614 3778 et
653 3736 760 3777 nos
787 3720 1051 3777 debemus
1092 3733 1193 3791 pro
1220 3718 1481 3776 fratribus
1523 3718 1727 3776 nostris

149 3819 355 3875 animas
373 3834 600 3890 ponere.
645 3816 855 3875 Scitote
888 3818 1054 3892 igitur
1088 3833 1212 3885 nos,
1258 3816 1315 3874 in
1353 3816 1728 3875 misericordia

150 3907 239 3965 Dei
280 3919 337 3966 et
369 3911 427 3964 in
462 3910 706 3981 potentia
737 3911 958 3967 virtutis
1010 3910 1133 3981 ejus
1179 3909 1439 3976 confisos,
1473 3909 1730 3965 omnibus

151 4004 322 4060 modis
342 4003 399 4060 id
414 4018 574 4075 agere
595 4011 762 4074 atque
787 4016 981 4072 parare
1001 4002 1400 4073 utadjutorium
1414 3998 1731 4056 Christiano

153 4092 377 4163 imperio
397 4109 565 4164 quam
605 4092 796 4157 citius,
829 4091 941 4147 Deo
966 4091 1215 4162 iuvante,
1257 4088 1546 4146 faciamus.
1575 4085 1732 4143 Unde

155 4200 244 4241 vos
287 4201 389 4256 per
422 4185 604 4251 ﬁdem,
642 4185 699 4240 in
728 4199 838 4255 qua
863 4200 962 4255 per
986 4184 1269 4240 Christum
1303 4182 1358 4237 in
1384 4181 1732 4251 adoptionem

156 4275 390 4337 ﬁliorum
416 4274 510 4333 Dei
541 4275 683 4333 uniti
724 4276 882 4342 estis,
926 4277 1301 4340 obsecramus,
1329 4283 1385 4329 et
1407 4271 1734 4329 auctoritate

155 4367 292 4425 beati
322 4368 472 4425 Petri
499 4370 873 4441 apostolorum
900 4368 1164 4440 principis
1192 4367 1571 4433 admonemus,
1595 4373 1657 4420 ut
1676 4374 1731 4421 et

155 4475 249 4518 vos
270 4462 498 4517 vulnera
518 4470 574 4518 et
592 4461 819 4534 sanguis
845 4460 1100 4527 fratrum,
1123 4466 1180 4515 et
1200 4457 1501 4529 periculum
1523 4451 1734 4528 pmfati
1758 4500 1763 4509 .

160 4550 364 4622 imperii
393 4551 555 4623 digna
583 4552 970 4623 compassione
1000 4558 1237 4617 moveat,
1260 4559 1316 4606 et
1346 4557 1530 4606 vestra
1562 4550 1734 4605 virtus

161 4657 251 4710 pro
279 4640 486 4698 Christi
531 4643 753 4699 nomine
802 4657 913 4698 non
968 4641 1195 4696 invitam
1246 4638 1619 4711 fatigationem
1665 4637 1735 4693 ad

163 4730 373 4788 ferenda
418 4731 680 4791 fratribus
720 4733 926 4789 auxilia
974 4732 1185 4787 subeat.
1231 4729 1507 4801 Quidquid
1553 4738 1735 4785 autem

164 4835 323 4891 super
350 4821 453 4877 hac
485 4837 545 4878 re
576 4823 761 4879 divina
787 4823 967 4894 pietas
997 4820 1196 4878 vestris
1229 4822 1430 4877 animis
1459 4819 1735 4887 indiderit,

164 4910 277 4966 sine
300 4928 451 4967 mra
476 4913 642 4970 certis
670 4912 1042 4986 legationibus
1085 4912 1243 4967 nobis
1277 4911 1596 4969 renuntiare
1622 4920 1729 4967 stu-

169 5002 299 5058 dcte.

230 5091 363 5151 Data
416 5095 603 5152 Romae
637 5095 750 5155 Kal.
799 5094 1013 5158 Martii,
1062 5092 1357 5153 indictione
1388 5092 1734 5151 duodecima.

715 5182 1070 5244 EPISTULA
1098 5180 1159 5237 L.

336 5272 402 5313 AD
424 5271 717 5316 BEATRICEI
748 5277 819 5316 ET
853 5269 1175 5313 κλτιιιιυει
1199 5272 1322 5313 EJUS
1346 5269 1550 5312 FILIAH-

1825 3553 1961 3603 nus,
2007 3550 2117 3593 non
2171 3551 2329 3592 amor
2374 3536 2639 3608 pecuniae,
2699 3552 2809 3594 non
2863 3537 3197 3594 desiderium
3253 3553 3411 3595 vanae

1826 3628 2012 3701 gloriae
2053 3636 2298 3685 vestrum
2357 3627 2688 3687 sacrificium
2724 3630 2903 3701 possit
2956 3630 3243 3689 oti‘uscare.
3302 3629 3411 3687 Vili

1825 3723 1973 3780 enim
1999 3724 2178 3795 pretio
2199 3738 2453 3794 magnam
2483 3738 2603 3780 rem
2621 3724 2829 3791 vendit,
2852 3724 2951 3796 qui
2974 3724 3141 3796 hujus
3171 3725 3299 3780 vitae
3320 3724 3411 3780 in-

1828 3814 1970 3869 tuitu
2007 3811 2118 3869 Deo
2164 3812 2350 3869 servit.
2379 3812 2536 3882 Quod
2582 3814 2762 3881 vobis,
2798 3830 2939 3886 quas
2981 3814 3201 3873 sincero
3245 3813 3414 3873 corde

1828 3908 2015 3979 diligo,
2049 3920 2244 3979 parum
2299 3908 2502 3973 scribo,
2554 3908 2704 3979 gravi
2752 3924 2886 3964 cura
2942 3924 3032 3964 me
3086 3909 3413 3979 implicitum

1829 4014 1953 4056 esse
1983 3997 2297 4055 manifesto.
2334 3996 2503 4053 Vobis
2533 3998 2680 4053 enim
2719 3998 2773 4052 in
2810 3997 3012 4053 talibus
3039 4013 3150 4053 non
3171 3998 3414 4068 aliquem

1830 4088 2097 4145 vicarium
2125 4087 2182 4144 in
2204 4087 2507 4144 dictitando
2531 4087 2778 4159 acquiro,
2805 4088 2901 4144 sed
2922 4088 3192 4159 meipsum
3215 4088 3412 4152 labori,

1831 4180 1961 4235 licet
2006 4179 2289 4235 rusticano
2338 4176 2501 4249 stylo,
2554 4192 2828 4248 suppono,
2878 4177 3024 4249 quia,
3048 4177 3096 4235 si
3128 4176 3325 4248 diligor
3354 4184 3418 4231 ut

1834 4271 2021 4343 diligo,
2052 4270 2263 4325 nullum
2295 4268 2611 4324 mortalium
2645 4268 2781 4325 mihi
2811 4269 3055 4339 praeponi
3085 4284 3117 4324 a
3136 4267 3293 4324 vobis
3320 4282 3416 4322 co-

1833 4376 2056 4433 gnosco.
2082 4358 2440 4431 Omnipotens
2463 4358 2607 4416 Deus
2628 4359 2838 4416 meritis
2859 4374 3130 4431 supremae
3148 4358 3414 4424 Domina),

1833 4468 1932 4523 per
1965 4452 2349 4508 auctoritatem
2375 4450 2521 4507 beati
2550 4447 2699 4507 Petri
2723 4459 2780 4506 et
2807 4448 2984 4517 Pauli,
3020 4465 3051 4505 a
3082 4450 3297 4507 cunctis
3318 4465 3423 4505 vos

1834 4544 2075 4614 peccatis
2105 4543 2372 4606 absolvat,
2409 4551 2466 4598 et
2488 4543 2556 4598 ad
2579 4543 2847 4615 gremium
2873 4541 3201 4600 universalis
3225 4543 3420 4597 matris

1836 4640 2032 4688 vestrae
2059 4645 2180 4686 cum
2205 4629 2404 4702 gaudio
2427 4631 2712 4701 perducat.

1911 4722 2047 4777 Data
2073 4719 2264 4780 Romae
2296 4729 2498 4792 quarto
2519 4719 2708 4781 Nonas
2732 4720 2932 4788 Martii,
2959 4721 3260 4781 indictione
3281 4720 3424 4776 duo-

1837 4811 2069 4869 decima.

2405 4920 2748 4982 EPISTOLA
2775 4922 2858 4979 LI.

2074 5049 2142 5089 AD
2174 5047 2457 5090 ΑιιΝΑιυωι
2481 5050 2731 5097 ΑΒΒΔΤΕΙ
2761 5051 2946 5093 ελκῦτι
2981 5054 3188 5097 SEVERI.

2427 5144 2613 5205 (Anno
2648 5150 2831 5210 1074.)

1844 5277 2034 5348 Arguit
2054 5276 2195 5348 quod
2220 5278 2291 5331 ad
2319 5276 2582 5345 synodum
2610 5293 2826 5342 vocatus
2848 5297 2953 5336 non
2974 5286 3193 5348 venerit,
3227 5283 3435 5348 semen-
