3962 5348
489 341 591 400 $5!

1128 341 1186 391 δ.
1223 327 1552 391 GREGORII
1589 327 1681 387 VII
1715 329 1920 389 PAPE
1953 330 2240 390 OPERUM
2273 329 2456 389 PARS
2487 330 2529 387 1.
2566 361 2639 372 —-
2671 330 3092 424 REGIS’I‘RUM.

3659 334 3759 393 3'51

473 469 665 513 anno
694 450 880 512 abbati
913 447 1103 508 Sancti
1131 447 1320 504 Severi
1363 446 1596 503 salutem
1627 454 1684 502 et
1716 448 2076 519 apostolicam
2103 455 2154 518 Α
2180 461 2322 505 onus
2342 455 2406 504 ut
2425 455 2689 518 utrasque
2713 447 2964 505 abbatias
2989 447 3532 520 rcgeret,Metenscm
3558 451 3762 508 scilicet

491 545 952 603 benedictionem.

563 635 686 694 Non
706 634 1002 693 mediocris
1023 641 1080 690 te
1100 629 1485 689 inobedientiae
1508 644 1742 702 arguere
1761 645 2079 702 possumus,

491 727 644 800 quod
681 734 808 798 post
849 725 1055 784 multas
1099 722 1478 796 querimonias
1522 721 1591 778 de
1635 730 1690 778 te
1723 721 1780 778 in
1815 721 2082 780 Romanis

494 817 747 874 conciliis
799 815 993 882 factas,
1037 813 1437 871 monasterium
1495 811 1716 870 Sanctae
1767 813 1964 871 Crucis
2015 814 2085 870 de

493 909 726 966 ecclesia
773 906 991 964 Sanctae
1032 905 1240 974 Mariae,
1273 907 1482 962 nullam
1507 905 1688 962 adhuc
1709 905 1981 978 justitiam
2011 906 2088 964 sit

472 1018 483 1042 ι’
496 1010 878 1059 consecutum.
947 997 1101 1055 Licet
1157 1013 1390 1054 examen
1441 997 1810 1070 exquirenda
1840 997 2087 1056 veritatis

501 1095 668 1166 hujus
687 1092 894 1166 negotii
925 1091 1138 1148 frivolis
1179 1089 1630 1147 excusationibus
1659 1090 1775 1161 jam
1813 1105 1882 1146 ex
1923 1090 2086 1162 longo

499 1197 746 1260 tempore
773 1186 1013 1242 evitasse
1035 1183 1296 1250 videaris,
1323 1181 1582 1254 praesenti
1604 1191 1790 1239 tamen
1819 1196 1966 1237 anno
1985 1196 2088 1252 pro

497 1280 806 1339 deﬁnienda
840 1279 938 1337 lite
967 1285 1161 1334 nostra
1191 1293 1223 1333 a
1253 1279 1436 1349 legato
1475 1287 1666 1334 nostro
1707 1278 1932 1334 Giraldo
1953 1278 2086 1352 [Ge-

501 1372 692 1448 rardo]
713 1370 956 1430 Ostiensi
983 1369 1244 1450 episcopo
1273 1371 1343 1425 ad
1375 1369 1646 1442 synodum
1671 1379 1922 1438 vocatus,
1960 1369 2088 1426 nul-

501 1465 614 1521 lam
636 1463 754 1521 Deo
783 1469 843 1518 et
867 1470 1064 1519 sancto
1105 1459 1271 1516 Petro
1297 1461 1500 1517 diceris
1531 1461 1893 1517 reverentiam
1935 1460 2092 1517 exhi-

503 1556 715 1624 buisse,
768 1555 908 1612 adeo
948 1561 1033 1623 ut,
1062 1561 1375 1624 contempta
1408 1552 1736 1609 auctoritate
1777 1553 2094 1625 apostolicae

504 1647 672 1716 sedis,
697 1661 879 1718 neque
910 1653 973 1702 tu
1000 1645 1210 1712 venire,
1239 1656 1418 1714 neque
1445 1643 1584 1700 alios
1615 1643 1763 1714 juste
1788 1653 1842 1700 te
1861 1659 2094 1701 excusa—

505 1746 662 1796 turos
683 1735 968 1804 studueris
993 1735 1229 1792 mittere.
1269 1731 1448 1802 Unde,
1493 1733 1626 1804 quia
1659 1733 1968 1790 abs'cntatio
1998 1742 2091 1790 tua

503 1827 767 1887 indicium
793 1824 1082 1898 iniustitia:
1117 1831 1228 1880 tua:
1258 1821 1626 1882 clarissimum
1663 1823 1874 1891 tribuit,
1897 1822 2092 1878 diﬂini-
2123 1827 2168 1882 Β

473 1961 478 1964 -
503 1927 621 1977 tum
641 1925 732 1976 est
747 1916 808 1974 in
825 1915 1018 1974 eadem
1034 1912 1272 1986 synodo,
1296 1910 1635 1968 monasterio
1657 1909 1874 1970 Sanctae
1898 1909 2094 1968 Crucis

504 2011 777 2082 praedictae
798 2007 1045 2065 ecclesia:
1065 2004 1284 2061 Sancte
1299 2002 1488 2059 Maria:
1503 2002 1593 2074 jus
1615 2009 1670 2059 et
1689 2003 2094 2074 possessionem

503 2099 906 2160 restituendam
927 2111 1073 2154 esse.
1099 2095 1279 2163 Quam
1303 2093 1568 2153 nimirum
1587 2093 1970 2150 ditiinitionem
1993 2107 2097 2150 nos

507 2191 898 2264 approbantes,
930 2187 1286 2261 praecipimus
1312 2186 1414 2242 tibi
1435 2185 1744 2258 apostolica
1769 2185 2098 2242 auctoritate

503 2294 576 2346 ut
589 2282 876 2358 prunam
895 2280 1299 2338 monasterium
1321 2279 1540 2336 Sancta:
1564 2279 1780 2348 Crucis,
1809 2279 2096 2338 sieut‘sta-

503 2381 688 2430 tutum
711 2379 820 2441 est,
843 2370 1031 2443 quiete
1047 2377 1242 2426 tenere
1261 2368 1569 2440 permittas.
1591 2364 1758 2436 Quod
1779 2369 1828 2425 si
1857 2376 1912 2425 te
1925 2369 2096 2440 justi-

461 2508 471 2520 .
508 2468 640 2524 tiam
682 2465 890 2524 habere
917 2462 1175 2529 conﬁdis,
1225 2462 1358 2518 hinc
1401 2475 1580 2534 usque
1623 2463 1694 2518 ad
1747 2458 2098 2519 festivitatem

500 2554 756 2612 martium
797 2561 1119 2611 sanctorum
1153 2551 1225 2608 ad
1267 2566 1376 2608 nos
1417 2552 1608 2608 venire
1640 2551 1904 2620 studeas,
1933 2559 2098 2624 teque

455 2661 472 2694 ς
507 2645 768 2718 pradicto
791 2643 982 2701 abbati
1005 2641 1473 2700 eodemtermino
1495 2650 1796 2702 venturum
1815 2643 2094 2712 notiﬂces;

461 2769 464 2774 -
509 2745 786 2810 quatenus
817 2735 1128 2808 utriusque»
1159 2735 1338 2807 partis
1387 2733 1708 2807 perquisitis
1763 2735 2096 2805 rationibus,

511 2839 727 2888 certum
757 2845 944 2888 caussa
970 2837 1170 2887 vestrae
1196 2830 1383 2898 ﬁnem,
1417 2829 1532 2887 Deo
1569 2831 1892 2902 auxiliante,
1920 2832 2098 2904 impo-

467 2975 470 2980 .
511 2937 734 2980 namus.

465 3048 470 3056 ~
580 3013 724 3071 Data
766 3013 956 3070 Romae.
983 3013 1044 3069 in
1075 3014 1311 3086 synodo,
1349 3011 1596 3070 secundo
1621 3011 1752 3070 ldus
1774 3011 1976 3083 Martii,
2011 3013 2098 3072 in-

509 3106 751 3164 dictione
768 3104 1118 3162 duodecima.
1293 3123 1298 3130 ε

1068 3193 1409 3252 EPISTOLA
1439 3194 1550 3252 LII.

708 3300 1080 3344 animus“
1105 3298 1562 3343 ARCBIBPISCOPUI
1585 3301 1886 3346 RIIENSEI.

1106 3377 1289 3450 (Anno
1311 3378 1498 3450 lost.)

512 3469 726 3526 laudat
745 3485 868 3524 eam
895 3469 1036 3540 quod
1409 3467 1600 3524 Sancti
1625 3468 1857 3540 Reatigii
1883 3469 2101 3540 religio-

583 3557 702 3611 sum
724 3539 967 3611 abbatem
989 3539 1307 3611 prefecerit,
1332 3541 1420 3594 cui
1440 3548 1752 3611 potestatem
1776 3539 1908 3611 facit
1933 3539 2102 3596 alium

584 3609 856 3664 abbatiam
877 3609 1314 3680 administrandi,
1361 3611 1408 3680 si
1441 3609 1660 3664 tantum
1689 3626 1821 3680 onus
1847 3610 1986 3680 ferre
2005 3626 2102 3667 να-

584 3679 692 3734 leat
711 3679 898 3752 {quod
921 3679 975 3752 si
1009 3693 1110 3733 non
1141 3681 1331 3752 possit,
1346 3677 1497 3750 jubet
1519 3681 1692 3751 ipsum
1714 3677 2100 3752 dare'operam,

511 3776 515 3782 -
584 3759 644 3804 at
664 3749 812 3804 alia:
842 3749 1006 3804 abbas
1027 3749 1376 3824 prtem-istst.
1507 3749 1549 3786 Γ
1637 3773 1642 3778 -

589 3840 902 3898 Gnsuonrus
945 3841 1259 3914 episcopus,
1289 3856 1484 3900 servus
1513 3855 1802 3899 servorum
1831 3842 1952 3910 Der,
1989 3843 2103 3898 ΜΑ-

510 3945 690 3989 rtassat
701 3931 960 3988 Rernensi
973 3931 1392 4004 archiepiscopo
1415 3933 1647 3990 salutem
1657 3943 1728 3991 et
1745 3932 2101 4006 apostolicam

515 4023 978 4082 benedictionem.
1966 4031 1970 4036 λ

587 4115 838 4173 Romana
881 4113 1126 4174 Ecclesia
1170 4116 1494 4190 jamdudum
1520 4115 1914 4175 fraternitatem
1949 4127 2101 4175 tuam

518 4206 671 4264 ulnis
695 4215 960 4264 maternae
983 4201 1302 4266 dilectionis
1331 4210 1688 4280 amplectens,
1709 4205 1932 4282 speciali
1957 4222 2102 4280 quo-

469 4291 474 4296 ’
513 4301 808 4358 dummodo
841 4291 1360 4369 charitate-diiexit,
1395 4309 1452 4358 et
1491 4301 1945 4374 praestantissima
1968 4285 2101 4357 cura

513 4390 836 4448 dulcissime
859 4390 1026 4459 fovit;
1059 4392 1369 4462 praesertim
1399 4407 1508 4449 nos
1551 4393 1688 4448 adeo
1719 4400 1829 4448 tuae
1874 4407 2100 4463 promo-

516 4481 654 4538 tioni
682 4480 926 4537 favimus
943 4488 1013 4537 et
1048 4482 1458 4548 consensimus,
1481 4489 1548 4538 ut
1563 4497 1902 4553 nequeamus
1927 4473 2112 4536 vitare:

517 4585 682 4642 grave
705 4568 1033 4640 periculum,
1064 4570 1112 4626 si
1145 4585 1212 4625 ea
1255 4570 1450 4628 ieceris
1478 4588 1602 4642 quae
1647 4581 1804 4628 tuum
1851 4573 2101 4628 ordinem

517 4659 902 4724 dehonestent,
933 4667 1050 4714 aut
1098 4667 1260 4714 tuam-
1301 4675 1415 4715 non
1467 4662 1704 4718 deceant
1747 4663 2098 4734 dignitatem.

520 4751 679 4809 Unde
699 4752 746 4808 si
772 4751 994 4824 quando
1034 4765 1102 4809 ea
1139 4753 1208 4808 de
1237 4761 1290 4808 te
1321 4754 1632 4811 audivimus
1653 4764 1777 4826 quae
1800 4763 1896 4810 tuo
1921 4755 2103 4810 ordini

517 4857 632 4899 non
662 4849 994 4914 congruunt,
1034 4841 1277 4899 maximo
1317 4831 1564 4900 mturare.
1598 4843 2006 4911 confundimur,
2039 4859 2105 4902 ac

518 4931 751 5005 proinde
798 4931 994 4987 leviter
1041 4931 1393 4988 dissimulare
1437 4947 1548 4989 non
1591 4947 1908 5006 mssumus.
1955 4933 2105 4990 Inter

520 5030 751 5108 caeteras
767 5020 992 5092 quidem
1015 5021 1390 5092 querimonias
1409 5037 1534 5093 quae
1551 5023 1621 5080 de
1643 5031 1696 5079 te
1715 5023 1921 5080 nostris
1949 5023 2103 5079 auri-

519 5114 626 5170 bus
656 5121 788 5170 sunt
825 5111 1040 5180 delatae,
1071 5113 1415 5182 querimonia
1448 5115 1768 5170 monasterii
1793 5115 1968 5171 saneti
1991 5113 2101 5170 Re—

2181 550 2237 597 et
2261 540 2610 607 Remensem,
2633 541 2942 598 laudassem
2974 557 3075 613 pro
3094 557 3182 609 eo,
3219 542 3349 612 quia
3371 544 3458 598 vir
3477 552 3534 598 et
3553 545 3765 616 religio-

2183 647 2281 688 sus
2307 640 2364 688 et
2383 632 2605 703 sapiens
2629 639 2734 688 est.
2763 631 3036 704 Alioquin.
3056 633 3105 689 si
3145 633 3362 704 pondus
3407 643 3767 706 utrarumque

2181 723 2466 796 regiminis
2495 738 2662 794 super
2688 738 2853 795 posse
2893 723 3002 780 sibi
3023 732 3140 794 est,
3172 734 3234 780 ut
3284 725 3400 796 ipse
3445 725 3674 792 fatetur,
3704 739 3768 783 ne

2183 814 2352 872 nimia
2377 815 2670 888 gravedine
2710 831 2936 888 pressus
2974 819 3318 887 succumbat,
3349 834 3616 891 rogamus
3641 837 3776 892 ραι-τ

2181 906 2426 963 dentiam
2452 915 2626 974 tuam,
2647 906 2770 963 imo.
2795 907 3095 978 apostolica
3117 909 3443 966 auctoritate
3483 924 3772 967 monemus

2185 1005 2459 1070 quatenus
2504 1011 2608 1054 suo
2642 997 2876 1054 consilio
2905 1007 2962 1056 et
2989 1015 3289 1068 consensu,
3329 1016 3430 1072 per
3448 1000 3768 1057 electionem

2185 1089 2631 1162 congregationis
2666 1089 2968 1146 secundum
2996 1091 3238 1164 regulam
3267 1079 3446 1147 sancti
3471 1091 3774 1157 Benedicti,

2185 1183 2445 1242 idoneum
2480 1184 2558 1239 ibi
2593 1191 2886 1252 rectorem,
2913 1183 3026 1240 Deo
3055 1183 3410 1252 concedente,
3445 1181 3768 1242 constituas.

2185 1275 2295 1332 Pro
2317 1285 2470 1334 certo
2491 1276 2638 1334 enim
2653 1277 2875 1334 noveris
2895 1277 3158 1348 quoniam
3179 1278 3256 1333 ita
3283 1277 3453 1336 chara
3481 1277 3592 1335 erit
3619 1275 3776 1334 nobis

2187 1369 2337 1427 illius
2369 1369 2694 1426 monasterii
2727 1369 2958 1428 honesta
2998 1377 3055 1425 et
3075 1370 3346 1442 regularis
3375 1370 3666 1442 regiminis
3683 1383 3772 1424 or-

2187 1459 2418 1528 dinatio,
2442 1477 2508 1518 ac
2529 1461 2573 1519 si
2601 1470 2751 1520 esset
2778 1461 2836 1518 in
2871 1463 3212 1520 monasterio
3244 1463 3418 1520 sancti
3457 1463 3635 1518 Pauli.

2262 1554 2396 1610 Data
2453 1554 2642 1612 Romae
2693 1555 2750 1611 in
2801 1556 3040 1628 synodo,
3099 1557 3341 1614 secundo
3389 1556 3520 1614 ldus
3565 1557 3774 1624 Martii,

2191 1645 2490 1704 indictione
2511 1647 2855 1705 duodecima.
3621 1667 3630 1674 ο
3703 1655 3707 1660 '

2723 1803 3064 1862 EPISTOLA
3112 1805 3244 1866 LIII.

2428 1932 2496 1971 ΑΙ)
2518 1931 2865 1974 HEBIIANNUI
2900 1933 3184 1974 IETENBEI
3220 1933 3529 1974 EPISCOPUII.

2784 2031 2968 2102 (Anno
2999 2029 3184 2112 1074.)

2194 2137 2364 2215 Suum
2413 2157 2540 2215 erga
2570 2141 2726 2215 illum
2755 2125 3003 2215 antorem
3033 2150 3280 2215 testatur.
3307 2141 3454 2215 Petit
3482 2124 3553 2204 ut
3586 2159 3683 2215 pro
3723 2161 3781 2215 se

2247 2211 2549 2284 ,Dﬁomimirn
2583 2213 2906 2284 deprecetur.
2934 2211 3226 2284 Signiﬁcat
3277 2213 3520 2284 abbatem
3574 2211 3777 2284 Amul-

2263 2283 2424 2366 pfzum
2446 2282 2576 2337 velte
2608 2281 2852 2366 Remensi
2885 2281 3115 2340 abbdtice
3137 2281 3460 2351 renuntiare,
3491 2291 3545 2339 et
3575 2281 3780 2340 Meten-

2261 2362 2338 2408 eis
2371 2366 2484 2408 esse
2517 2362 2840 2410 contentum.
3457 2385 3460 2388 ~
3653 2387 3666 2395 ι
3720 2371 3740 2399 ξ

2263 2464 2572 2522 Caesonius
2591 2464 2906 2536 episcOpus,
2933 2479 3126 2524 servus
3149 2477 3435 2523 servorum
3457 2463 3582 2534 Dei,
3615 2463 3782 2524 Hari—

2197 2573 2372 2644 aanno
2417 2555 2783 2631 [Hermanno]
2829 2557 3058 2614 Metcnsi
3113 2559 3372 2631 episcopo
3433 2559 3673 2615 salutem
3727 2567 3783 2616 et

2195 2651 2551 2722 apostolicam
2583 2651 3040 2706 benedictionem.
3245 2661 3248 2668 ‘
3715 2667 3719 2672 '

2267 2739 2504 2796 Litteras
2523 2739 2834 2796 dilectionis
2855 2747 2964 2795 tua:
2991 2745 3270 2812 gratanter
3291 2737 3633 2810 accepimus,
3655 2733 3784 2823 quia

2195 2831 2253 2886 in
2281 2831 2362 2888 eis
2396 2830 2788 2888 abundantiam
2811 2829 3120 2887 devotionis
3152 2838 3262 2886 tua:
3285 2839 3550 2902 erga'nos
3567 2827 3785 2885 exube-

2194 2935 2321 2981 rare
2375 2924 2751 2997 cognovimus.
2799 2921 2912 2980 Nos
2963 2923 3184 2994 quidem
3223 2921 3494 3002 Vomnibus
3537 2921 3784 2978 debitum

2197 3017 2580 3076 sollicitudinis
2607 3027 2811 3075 nostrae
2850 3017 3110 3074 exhibere
3138 3017 3392 3074 volumus
3409 3020 3468 3072 et
3498 3015 3784 3080 debemus,

2103 3122 2108 3128 '
2144 3181 2151 3182 ί
2197 3111 2462 3182 quoniam
2504 3109 2750 3166 omnium
2795 3117 2986 3168 curam
3033 3109 3398 3181 suscepimus,
3449 3098 3508 3164 ei
3535 3106 3784 3164 omnium

2127 3181 2169 3242 (ἶ
2201 3181 2432 3259 salutem
2476 3199 2730 3272 cupimus
2783 3209 2841 3256 et
2891 3207 3148 3271 optamus
3175 3215 3190 3256 :
3215 3199 3345 3272 quia
3395 3198 3528 3256 licet
3573 3195 3784 3268 indigni

2201 3293 2414 3350 meritis
2443 3293 2687 3365 regimen
2722 3291 3046 3349 universalis
3065 3275 3324 3349 Ecclesiae
3351 3290 3656 3363 regendum
3690 3303 3784 3346 ac-

2199 3387 2464 3457 cepimus,
2487 3393 2542 3442 et
2563 3379 2926 3441 ministerium
2953 3381 3433 3456 evangelizandum
3449 3381 3784 3452 accepimus,

2199 3491 2282 3533 va:
2307 3477 2466 3534 nobis
2487 3477 2535 3534 si
2563 3491 2672 3532 non
2693 3473 3268 3548 evangelizaverimus.
3284 3471 3352 3528 Et
3371 3472 3504 3528 licet
3527 3469 3786 3527 omnibus

2199 3568 2474 3626 debitores
2515 3581 2730 3635 sumus,
2765 3567 3036 3638 praecipue
3080 3565 3260 3624 tamen
3295 3561 3619 3642 domesticis
3663 3563 3786 3620 ﬁdei

2200 3677 2392 3718 curam
2441 3669 2646 3716 nostrae
2695 3657 3081 3716 sollicitudinis
3125 3651 3384 3713 exhibere
3425 3653 3693 3712 condecet
3734 3661 3790 3708 ct

2200 3753 2447 3825 oportet;
2482 3749 2640 3806 Unde
2680 3749 2896 3804 noverit
2944 3745 3262 3806 fraEczaitas
3302 3755 3486 3802 vestra
3521 3745 3786 3817 quoniam

2199 3845 2268 3900 de
2289 3843 2446 3900 vobis
2480 3841 2808 3914 propensior
2832 3847 2918 3896 est
2948 3839 3107 3895 nobis
3135 3853 3269 3894 cura
3309 3848 3367 3893 et
3413 3839 3470 3892 in
3501 3837 3672 3894 vobis
3701 3852 3786 3892 ar-

2199 3933 2418 3988 dentior
2437 3941 2611 3997 amur,
2643 3945 2745 4000 pro
2775 3945 2842 3985 eo
2863 3926 3072 3984 scilicet
3092 3927 3239 3998 quod
3262 3925 3444 3996 dignae
3461 3939 3787 3997 recompen-

2201 4021 2434 4082 sationis
2476 4037 2680 4077 munus
2733 4023 2774 4076 a‘
2821 4028 3019 4075 vestrae
3068 4017 3376 4074 sanctitatis
3442 4015 3786 4071 orationibus

2202 4111 2603 4186 exspectamus.
2631 4111 2808 4169 Grave
2835 4110 2980 4166 enim
3015 4109 3230 4182 pondus
3267 4107 3567 4182 gerendum
3599 4119 3785 4164 susce-

2201 4209 2405 4280 pimus,
2427 4216 2504 4275 et,
2533 4207 2642 4263 nisi
2672 4205 2875 4263 vestris
2905 4213 2961 4262 et
2983 4203 3152 4262 totius
3193 4202 3632 4260 Christianitatis
3655 4201 3786 4258 ﬁde-

2201 4301 2350 4356 lium
2375 4299 2724 4356 orationibus
2757 4297 3072 4365 fulciamur,
3131 4295 3274 4353 ferre
3307 4295 3626 4351 nullatenus
3656 4308 3786 4366 pos:

2202 4407 2415 4449 sumus.
2485 4389 2830 4461 Quapropter
2907 4401 3170 4460 rogamus
3192 4429 3209 4455 ,
3268 4395 3332 4443 ut
3383 4393 3591 4443 sanctae
3657 4401 3790 4442 con-

2203 4482 2534 4556 gregationis
2589 4489 2786 4537 vestrae
2843 4481 3085 4537 assiduis
3140 4479 3482 4536 orationibus
3511 4475 3789 4535 sublevari

2203 4569 2669 4630 mereamur.'Non
2683 4571 2863 4626 solum
2874 4570 3026 4626 enim
3040 4579 3154 4626 tam
3178 4559 3384 4626 sancta
3406 4569 3791 4642 congregatio-

2203 4662 2291 4720 nis
2311 4662 2588 4719 orationes
2605 4661 2862 4718 ardenter
2885 4662 3176 4734 exigimus,
3189 4677 3380 4718 verum
3401 4662 3574 4718 totius
3602 4661 3792 4734 populi

2202 4756 2504 4826 quaerimus
2525 4763 2584 4809 et
2603 4759 2878 4823 optamus.
2890 4752 3161 4810 Praeterea
3181 4753 3352 4809 abbas
3373 4748 3563 4808 Sancti
3583 4752 3793 4808 Arnol-

2201 4847 2318 4918 pbi,
2345 4847 2430 4901 vir
2459 4847 2543 4916 (ut
2578 4843 2742 4900 nobis
2771 4844 3009 4916 videtur)
3039 4845 3328 4916 religiosus
3371 4852 3428 4900 et
3460 4844 3561 4924 tibi
3589 4845 3794 4924 ﬁdelis,

2203 4938 2364 4994 nobis
2393 4935 2654 5004 innotuit,
2689 4936 2838 5007 quod
2877 4933 3124 5008 velit{f.,
3166 4933 3346 5008 malit]
3385 4935 3490 4992 sub
3516 4922 3618 4990 tuo
3645 4922 3793 5006 regi—4

2204 5027 2354 5084 mine
2399 5039 2608 5100 pauper
2651 5025 2858 5093 vivere,
2900 5041 3067 5097 quam
3117 5025 3247 5082 alibi
3277 5025 3430 5082 dives
3472 5031 3529 5080 et
3564 5033 3788 5096 potens.

2205 5118 2336 5175 Vult
2353 5119 2502 5177 enim
2526 5115 2596 5191 (si
2619 5117 2720 5174 tibi
2740 5117 2978 5190 videtur)
3003 5117 3321 5173 renuntiare
3341 5113 3576 5174 abbatis:
3599 5114 3788 5171 Sancti
