3962 5348
1308 265 1510 322 LIBER
1545 261 1824 319 PRIMUS.
1868 292 1932 302 —-
1971 259 2187 318 EPIST.
2229 259 2386 317 LVII.

3379 266 3498 326 δα.

287 371 424 444 Data
461 403 520 442 in
554 387 778 460 synodo,
812 384 1050 440 secundo
1096 383 1224 439 ldus
1260 383 1461 448 Martii,
1501 379 1798 435 indictione
1829 379 1873 435 A
1899 378 2214 447 apostolicae
2263 377 2606 434 auctoritatis
2642 393 2742 434 vos
2785 377 2854 434 ad
2895 379 3262 437 obedientiam
3318 382 3501 439 ﬂexit.-

219 469 567 537 duodecima.

757 587 1094 646 EPISTOLA
1128 589 1238 643 LIV
1250 629 1264 644 .

575 699 643 738 ΑΒ
684 697 970 737 CANONICOS
1002 697 1188 736 SANC'I'I
1225 695 1449 734 HILLI’JI.

819 772 1002 844 (Anno
1029 771 1212 842 107.5.)

234 861 376 921 ’κύει
417 864 819 920 Pictavensium
870 863 1244 918 canenicorum
1293 860 1722 915 consuetudinem
1753 876 1807 912 ιη

292 937 584 1019 festivitate
633 934 803 989 sancti
860 929 1061 988 Hilarii
1111 941 1160 986 et
1223 931 1457 986 Omnium
1505 939 1808 985 sanctorum

292 1020 519 1062 δέηεαη.

293 1122 609 1176 Cernentes
622 1114 929 1190 cpiscopus,
947 1131 1137 1172 servus
1149 1128 1432 1171 servorum
1453 1113 1567 1181 Dei,
1581 1111 1811 1169 ‘canoni-

229 1213 304 1266 eis
321 1212 379 1266 S.
414 1211 858 1266 Hilariisalutem
886 1217 939 1264 et
964 1205 1324 1274 apostolicam
1356 1204 1809 1260 benedictionem.

297 1303 500 1357 Notum
540 1301 698 1356 vobis
732 1315 852 1356 esse
885 1299 1139 1353 volumus
1183 1297 1329 1368 quod
1358 1295 1607 1352 canonici
1631 1295 1814 1350 Picta—

231 1411 423 1452 venses
449 1394 506 1448 in
533 1393 742 1466 synodo
787 1399 977 1472 nostra
1004 1391 1289 1462 conquesti
1335 1398 1485 1457 sunt,
1518 1404 1618 1445 vos
1646 1391 1816 1445 dene-

234 1505 361 1561 gare
398 1495 456 1543 et
486 1486 867 1544 contradicere
916 1485 1026 1541 illis
1057 1485 1533 1552 consuetudinem,
1560 1499 1726 1556 quam
1761 1483 1816 1538 in

233 1581 460 1635 ecclesia
505 1578 698 1634 Sancti
741 1576 929 1632 Hilarii
962 1577 1086 1648 jure
1124 1577 1326 1633 habere
1363 1577 1584 1644 debent,
1624 1575 1817 1630 videli-

233 1681 333 1745 cet,
368 1679 433 1725 ut
479 1671 536 1724 iu
569 1668 860 1726 festivitate
891 1669 1137 1724 omnium
1181 1679 1520 1734 sanctorum,
1557 1675 1612 1722 et
1646 1664 1820 1720 sancti

234 1762 445 1828 Ililarii,
467 1779 594 1818 cum
616 1762 745 1818 illuc
775 1777 842 1817 ex
872 1776 1026 1817 more
1049 1775 1174 1816 cum
1199 1761 1552 1832 processione
1571 1758 1818 1826 veniunt,

234 1854 278 1911 si
311 1853 604 1924 episc0pus
639 1852 832 1920 aderit,
858 1852 974 1923 ipse
999 1851 1224 1908 missam
1249 1851 1512 1907 celebret:
1528 1850 1612 1905 sin
1637 1859 1818 1905 autem

236 1961 341 2000 non
363 1943 512 2000 adsit
533 1943 847 2014 episcopus,
883 1943 1147 2008 decanus,
1179 1949 1275 1998 aut
1315 1940 1516 2012 aliquis
1544 1940 1611 1996 de
1645 1939 1820 2010 majo—

234 2034 385 2090 ribus
418 2032 705 2089 canonicis
745 2030 1083 2087 Pictavensis
1125 2029 1404 2096 Ecclesize,
1442 2029 1676 2085 ollicium
1704 2029 1821 2084 vice

234 2115 476 2193 episcopi
513 2128 773 2192 peragere
814 2120 1027 2175 debeat.
1087 2109 1245 2186 Quod
1289 2133 1414 2174 cum
1455 2117 1601 2187 apud
1632 2129 1735 2172 nos
1764 2116 1821 2170 in

235 2211 453 2283 publico
479 2211 718 2267 concilio
753 2210 1077 2266 ventilatum
1109 2207 1292 2276 fuerit,
1319 2207 1583 2264 Gozelino
1623 2204 1821 2261 Burdi-

237 2301 444 2376 galensi
471 2302 888 2372 archiepiscOpo
913 2315 1137 2356 causam
1163 2309 1400 2356 vestram
1443 2313 1570 2356 cum
1604 2298 1826 2371 quibus-

239 2397 360 2451 dam
386 2395 512 2451 aliis
543 2385 886 2459 defendente,
921 2391 1156 2448 scientes
1181 2391 1342 2446 talem
1370 2390 1824 2447 consuetudinem

240 2488 293 2543 in
321 2488 573 2546 Romana
618 2485 863 2542 Ecclesia
899 2499 994 2557 per
1021 2483 1267 2557 singulas
1313 2486 1602 2551 stationes,
1629 2493 1684 2540 et
1713 2483 1828 2540 fere

240 2596 333 2651 per
354 2579 679 2633 universum
705 2577 891 2633 orbem
929 2575 984 2630 in
1007 2575 1132 2631 aliis
1163 2572 1420 2631 Ecclesiis
1454 2574 1555 2629 rite
1578 2582 1633 2628 et
1659 2573 1828 2629 ratio-

241 2670 495 2725 nabiliter
540 2667 737 2734 teneri,
789 2666 1122 2738 dijudicante
1164 2665 1421 2732 concilio,
1466 2664 1674 2737 justam
1731 2676 1828 2719 eos

241 2761 524 2832 requirere
569 2774 796 2815 causam
850 2757 1351 2828 comprobavimus,
1397 2763 1454 2812 et
1507 2755 1828 2827 pmdictum

242 2867 401 2906 usum
455 2865 554 2905 eos
607 2849 856 2904 obtinere
910 2849 1107 2904 debere
1153 2847 1454 2919 apostolica
1505 2847 1832 2903 auctoritate

241 2941 578 2996 censuimus.
630 2937 836 2994 Verum
886 2947 947 2992 ut
991 2937 1149 2993 vobis
1197 2935 1568 2992 abundantius
1611 2933 1833 2991 satisfa-

242 3032 436 3088 ciendo
466 3046 690 3087 omnem
717 3028 1051 3084 reclamandi
1087 3027 1430 3083 occasionem
1465 3026 1828 3092 demeremus,

244 3134 302 3179 ut
325 3123 678 3180 Pictavenses
707 3121 912 3188 clerici,
943 3120 1038 3192 qui
1083 3127 1382 3191 praesentes
1417 3118 1664 3183 aderant,
1701 3132 1831 3189 par-

246 3226 352 3271 tem
377 3227 540 3272 suam
575 3215 745 3287 (sicut
792 3213 1113 3284 approbatio
1148 3211 1330 3284 agenti
1363 3226 1580 3281 semper
1616 3210 1831 3266 incum-

246 3306 340 3376 bit)
407 3311 760 3360 sacramento
821 3303 1106 3357 ﬁrmarent
1163 3299 1604 3371 dijudicavimus.
1674 3298 1833 3366 Quod

247 3397 463 3468 quidem
490 3397 616 3467 ipSi,
643 3393 1300 3466 praesenteBurdigalensi
1323 3392 1757 3463 archiepiscopo,
1779 3399 1836 3446 et

247 3489 478 3554 ueteris,
502 3487 681 3544 facere
703 3485 1044 3557 paratissimi
1068 3494 1246 3552 erant,
1281 3494 1448 3556 atque
1486 3483 1630 3541 idem
1653 3482 1836 3539 archi-

248 3568 542 3650 episcopus
566 3595 598 3634 a
627 3579 792 3634 nobis
823 3577 1194 3633 commonitus
1213 3577 1589 3648 juramentum
1612 3590 1671 3631 se
1697 3575 1837 3631 reci—

251 3687 376 3741 pere
397 3667 681 3740 professus
703 3675 809 3723 est.
837 3666 1181 3738 Quapropter
1206 3665 1507 3736 apostolica
1526 3679 1627 3720 vos
1647 3672 1837 3718 aucto-'

257 3763 412 3816 ritate
446 3774 738 3815 monemus
769 3766 936 3828 atque
979 3755 1328 3828 praecipimus
1360 3762 1441 3820 ut,
1491 3753 1642 3810 omni
1695 3753 1838 3808 inter

254 3867 346 3907 vos
377 3860 434 3907 et
466 3849 820 3907 Pictavenses
850 3846 1148 3904 canonicos
1172 3847 1268 3902 lite
1302 3845 1501 3916 sopita,
1535 3852 1837 3902 consuetu-

251 3944 444 3999 dinem,
488 3951 545 3998 et
583 3941 859 4012 justitiam
896 3954 1075 4005 suam,
1108 3937 1251 3994 sicut
1285 3935 1539 4008 superius
1590 3935 1839 4008 synodali

248 4036 458 4107 judicio
495 4035 778 4090 decretum
829 4047 950 4088 esse
983 4030 1339 4103 cognoscitis,
1376 4030 1496 4086 sine
1525 4029 1677 4085 omni
1707 4043 1839 4085 con-

253 4126 578 4181 tradictione
600 4125 860 4194 deinceps
895 4122 1095 4177 habere
1117 4122 1466 4192 permittatis.

319 4219 459 4273 Data
486 4217 674 4273 Romae
707 4219 763 4271 in
808 4215 1038 4288 synodo,
1070 4215 1284 4270 decimo
1311 4224 1507 4270 octavo
1530 4211 1692 4287 [xvii]
1728 4212 1838 4268 Ka-

253 4308 447 4367 lendas
467 4310 691 4380 Aprilis,
720 4307 1019 4364 indictione
1041 4307 1398 4388 (duodecima.

811 4422 1152 4480 EPISTOLA
1196 4421 1308 4480 LV.

473 4537 541 4576 ΑΙ)
577 4532 981 4576 ειτι-τιιλῦυιιεοε
1008 4533 1308 4574 AUSCIENSIS
1343 4531 1628 4574 Εεειιεειε.

853 4611 1034 4684 (Anno
1075 4610 1258 4681 1074.)

260 4704 517 4778 Prcecipit
573 4714 632 4759 ut
664 4717 872 4778 Aieorum
907 4703 1321 4778 archiepiscopo,
1369 4703 1509 4778 sicut
1542 4705 1849 4774 apostolica:

581 4776 722 4830 sedis
745 4774 947 4846 legatus
963 4774 1220 4845 jusserat,
1235 4774 1240 4775 7
1253 4776 1519 4830 obediaut.

327 4870 642 4924 Gusoonms
672 4865 984 4936 episcopus,
1040 4880 1231 4921 servus
1277 4881 1561 4922 servorum
1603 4865 1722 4932 Dei,
1756 4863 1848 4919 Bi-

261 4961 510 5032 goritano
541 4959 826 5030 episcopo,
857 4965 912 5012 et
940 4957 1152 5013 caeteris
1185 4957 1546 5038 suﬂ‘raganeis
1579 4958 1849 5014 Auscien—

263 5055 339 5110 sis
371 5050 746 5128 [Auxitensis]
797 5050 1074 5118 Ecclesiae,
1127 5052 1356 5108 salutem
1391 5059 1450 5107 et
1494 5053 1850 5123 apostolicam

261 5148 726 5204 benedictionem.

333 5239 571 5310 Legatus
603 5241 809 5292 sanctae
839 5234 1104 5290 Romana:
1133 5233 1412 5303 Ecclesize,
1447 5235 1696 5294 videlicet
1722 5250 1856 5291 con-

567 5339 649 5348 .___
677 5327 820 5348 [πε-.-ι
845 5328 925 5348 Ι.--
958 5324 1183 5348 10----)
1214 5328 1277 5348 Δ,Ἰ
1317 5327 1586 5348 Π-Α2-..-Ξ-

1873 4417 1920 4476 D

1903 467 2063 532 Quod
2122 484 2439 538 quanquam
2501 485 2611 524 non
2674 486 2871 540 parum
2925 474 3372 543 praesumptionis
3430 479 3503 530 δι’

1905 557 2230 614 damnanda:
2257 561 2616 616 contumaciae
2642 561 2860 628 habeat,
2885 564 3068 619 adhuc
3115 574 3321 633 tamen,
3346 565 3494 624 facta

1907 657 2088 704 vestra
2119 650 2419 719 apostolica
2442 651 2858 706 mansuetudine
2878 653 3312 721 dissimulantes,
3335 671 3495 712 man—

1906 743 2102 797 damus
2133 743 2287 815 vobis
2305 752 2363 800 et
2383 744 2682 814 apostolica
2703 745 3028 802 auctoritate
3051 747 3398 822 pmdphnus
3432 755 3498 802 ιιι

1909 829 2218 890 nullatenus
2249 832 2298 890 ei
2331 836 2595 891 honorem
2643 834 3003 907 subjectionis
3030 837 3229 894 debitae
3265 839 3494 898 subtra-r

1911 923 2073 979 hatis.
2111 917 2170 980 Si
2224 926 2357 996 quid
2405 934 2591 982 autem
2634 927 2898 984 adversus
2949 942 3077 984 eum
3113 929 3351 996 habetis,
3383 944 3498 985 una

1909 1033 2095 1074 secum
2125 1019 2270 1075 adite
2305 1029 2552 1076 nostram
2581 1022 2952 1090 praesentiam,
2971 1032 3028 1078 et
3055 1024 3102 1079 si
3127 1023 3261 1094 quid
3283 1023 3499 1080 discus-

1911 1110 2066 1166 sione
2096 1111 2322 1182 dignum
2365 1111 2731 1182 protuleritis,
2774 1113 3067 1183 adjuvante
3095 1115 3230 1183 Deo,
3262 1115 3501 1172 sollicita

1913 1200 2261 1272 indagatione
2291 1201 2664 1258 examinatum
2717 1204 3048 1275 competenti
3097 1206 3372 1262 sententia
3399 1207 3500 1264 de».

1916 1295 2353 1354 terminabimus.
3325 1343 3331 1354 .
3387 1316 3394 1338 λ

1988 1387 2124 1454 Data
2176 1386 2366 1444 Romae
2413 1388 2629 1446 decimo
2673 1388 2910 1459 septimo
2957 1388 3231 1448 Kalendas
3279 1389 3503 1462 Aprilis,

1916 1476 2214 1534 indictione
2234 1477 2580 1534 duodecima.

2449 1573 2789 1657 seis'rom
2838 1601 2973 1656 LVI.

2110 1707 2177 1746 AD
2210 1706 2480 1748 ROGBRIUI
2511 1708 2967 1748 CATALAUNENSEI
2998 1707 3310 1749 EPISCOPUU.

2519 1786 2703 1856 (Anno
2731 1783 2918 1856 1074.)

1923 1870 2178 1944 Praecipit
2214 1884 2272 1928 ut
2296 1876 2536 1946 prwstita
2557 1876 2643 1948 die
2664 1875 2736 1948 ad
2751 1891 2820 1948 se
2841 1875 3066 1948 Romam
3091 1875 3286 1943 veniat,
3313 1885 3374 1930 ut
3395 1876 3514 1948 ejus

2401 1963 2565 2001 causa
2595 1947 2810 2016 deﬁniri
2843 1945 3030 2017 possit.

1993 2035 2300 2092 Caesonius
2320 2037 2634 2108 episcopus,
2662 2052 2854 2093 servus
2867 2052 3154 2093 servorum
3182 2036 3301 2106 Det,
3355 2053 3514 2094 ,θεε-

1921 2143 2014 2184 nio
2038 2128 2186 2184 dicto
2211 2128 2605 2185 Catalaunensi
2627 2128 2906 2199 episcopo.
3352 2151 3354 2154 τ
3425 2145 3457 2180 ·.

1994 2217 2280 2291 Philippus
2311 2235 2411 2276 rex
2443 2218 2808 2286 Francorum,
2845 2230 2959 2273 non
2991 2217 3208 2275 modica
3247 2218 3346 2275 tibi
3374 2218 3518 2276 dile-

1923 2311 2106 2367 ctione
2143 2310 2424 2378 astrictus,
2479 2309 2715 2365 multum
2759 2323 2862 2365 nos
2905 2315 2969 2363 ut
3008 2298 3516 2377 teabsolveremus,

1925 2410 2043 2458 tum
2071 2414 2170 2474 per
2193 2399 2405 2458 litteras
2435 2410 2554 2458 tum
2583 2417 2682 2473 per
2710 2401 3017 2473 legatorum
3061 2402 3250 2466 verba,
3282 2402 3518 2471 rogavit.

1925 2491 2084 2561 Quod
2107 2493 2328 2564 quidem
2353 2492 2502 2549 salva
2519 2491 2737 2562 justitia
2754 2502 3106 2562 nequaquam
3125 2489 3286 2545 nobis
3307 2487 3520 2545 facien-

1926 2583 2059 2640 dum
2100 2598 2222 2639 esse
2251 2581 2610 2654 pervidimus,
2636 2580 2768 2636 dum
2789 2579 2950 2650 juxta
2970 2579 3216 2650 vigorem
3240 2577 3525 2636 canonica

1927 2673 2252 2745 discipline,
2299 2673 2475 2730 multo
2525 2672 2753 2745 gravius
2798 2671 2859 2727 in
2891 2678 2945 2728 te
2973 2671 3525 2728 animadvertendum

1927 2781 2051 2824 esse
2075 2780 2557 2838 cognosceremus.
2590 2761 2697 2820 Sed
2723 2762 2905 2820 adhuc
2931 2761 3231 2834 apostolica
3259 2777 3527 2818 malisne-

1932 2858 2120 2914 tudine
2155 2857 2425 2929 judicium
2457 2857 2515 2912 in
2546 2864 2601 2912 te
2628 2853 2856 2910 ultionis
2886 2854 3082 2911 debitae
3103 2855 3525 2926 suspendentes,

1915 2948 2189 3024 praesenti
2224 2947 2552 3004 auctoritate
2581 2946 2682 3002 tibi
2708 2945 3057 3016 pmipimus
3083 2954 3146 3001 ut
3173 2945 3524 3016 praesentiam

1857 3067 1900 3130 α
1933 3044 2083 3130 tuam
2131 3038 2201 3094 ab
2244 3037 2374 3094 hinc
2441 3051 2618 3108 usque
2679 3036 2748 3093 ad
2811 3036 3122 3130 proximam
3173 3035 3536 3092 festivitatem

1931 3129 2179 3184 omnium
2206 3136 2523 3184 sanctorum
2561 3127 2880 3197 conspectui
2916 3134 3107 3182 nostro
3131 3134 3529 3197 repraesentem

1931 3218 2084 3274 nullo
2135 3219 2300 3274 modo
2333 3219 2722 3290 praetermittas
2756 3236 2769 3272 ε
2804 3226 3078 3289 quatenus
3127 3220 3423 3276 adversum
3473 3230 3530 3276 te

1931 3309 2095 3366 toties
2128 3310 2378 3365 iteratam
2428 3309 2915 3381 proclamationem
2967 3309 3390 3368 Catalaunensis
3421 3312 3528 3368 Ee-

1932 3401 2113 3458 clesiie
2155 3402 2308 3474 justo
2341 3403 2470 3470 ﬁne,
2521 3402 2636 3458 Deo
2664 3400 2988 3469 auxiliante,
3034 3403 3354 3459 decidamus
3384 3421 3404 3460 :
3427 3405 3529 3460 ad-

1932 3504 2221 3551 monentes
2267 3494 2523 3565 equidem
2566 3509 2636 3550 ne
2687 3494 2926 3561 interim,
2974 3495 3032 3548 in
3076 3504 3395 3565 contemptu
3442 3495 3528 3550 ve'

1934 3583 2377 3657 transgressione
2406 3585 2521 3657 jam
2554 3595 2681 3642 ante
2712 3587 2854 3644 data:
2887 3588 3191 3654 sententiae,
3218 3589 3527 3658 periculum

1935 3669 2034 3732 tibi
2055 3685 2116 3732 tu
2139 3677 2255 3747 ipse
2275 3677 2497 3748 gravius
2521 3675 2760 3748 ingeras.
2783 3676 2996 3744 Quibus
3018 3677 3075 3732 in
3107 3679 3273 3734 rebus
3297 3680 3344 3734 si
3369 3679 3531 3735 nobis

1936 3767 2258 3824 inobediens
2301 3767 2494 3835 fueris,
2539 3777 2596 3824 et
2627 3769 2812 3840 aliqua
2845 3768 3298 3840 tergiversatione
3348 3778 3400 3826 te
3428 3787 3530 3826 ex-

1937 3872 2141 3918 cusans
2159 3859 2304 3915 infra
2323 3861 2666 3930 praalibatum
2688 3859 2985 3917 terminum
3008 3860 3312 3931 praesentiae
3330 3871 3534 3919 nostrai

1941 3957 1992 4005 te
2016 3966 2128 4006 non
2152 3950 2492 4018 exhibueris,
2535 3953 2604 4007 de
2648 3960 2738 4007 tua
2772 3951 3128 4010 damnatione
3148 3961 3204 4007 et
3224 3952 3535 4010 incommu-

1940 4041 2098 4097 tabili
2128 4041 2471 4112 depositione
2491 4042 2724 4099 ulterius
2749 4055 2860 4098 non
2898 4042 3197 4098 dubitabis.

2012 4132 2147 4189 Data
2181 4132 2370 4188 Romae
2412 4133 2470 4188 in
2511 4133 2744 4205 synodo,
2792 4132 3012 4192 decimo
3055 4141 3216 4189 sexto
3261 4131 3537 4189 Kalendas

1941 4223 2165 4295 Aprilis,
2198 4221 2496 4280 indictione
2521 4220 2871 4280 duodecima.

2473 4329 2814 4388 EPISTOLA
2843 4329 3002 4386 LVII.

2184 4441 2253 4481 AD
2289 4438 2618 4482 ῦσιιιιιιιιυιι
2651 4433 2943 4477 PAPIBNSEI
2977 4435 3284 4478 ειηκονυιι.

2546 4513 2731 4585 (Anno
2764 4511 2951 4581 1074.)

1957 4607 2131 4662 Monet
2155 4615 2215 4661 ut
2236 4621 2356 4660 cum
2378 4604 2556 4660 Azone
2581 4603 2886 4658 marchione
2916 4601 2983 4656 de
2999 4609 3297 4656 meettuosa
3323 4601 3542 4672 copula-

2023 4680 2164 4732 tione
2214 4693 2334 4731 cum
2372 4677 2550 4748 lipsius
2594 4675 2826 4748 episcopi
2851 4688 3057 4748 ‘sorore
3097 4681 3348 4727 accusata
3382 4673 3452 4725 ad
3489 4689 3545 4726 se

2022 4750 2219 4816 veniat,
2254 4757 2310 4801 ut
2331 4741 2446 4818 ejus
2479 4741 2643 4801 causa
2665 4741 2862 4799 discuti
2886 4744 3072 4812 passit.

2025 4861 2334 4919 Caesonius
2361 4862 2671 4934 episcopus,
2722 4873 2915 4915 servus
2953 4871 3238 4912 servorum
3268 4855 3397 4920 Dei,
3417 4854 3552 4909 Gni-

1956 4966 2153 5008 ιιειιιθ
2200 4949 2453 5022 Papiensi
2492 4949 2752 5021 episcopo
2800 4947 3033 5004 salutem
3085 4955 3142 5004 et
3193 4944 3552 5018 apostolicam

1957 5041 2415 5101 benedictionem.

2034 5131 2468 5203 Signiﬁcandum
2520 5133 2616 5191 tibi
2678 5133 2937 5190 duximus
2994 5133 3372 5190 marehionem
3414 5126 3558 5179 Azo-

1961 5240 2088 5282 nem
2121 5225 2177 5279 in
2228 5225 2479 5287 Romana
2509 5225 2720 5298 synodo
2753 5241 2916 5297 super
2958 5224 3170 5282 incesta
3211 5216 3561 5291 copulatione

1964 5316 2171 5348 nni-An:n
2214 5327 2336 5348 Ouum.
2371 5327 2687 5348 ----.nnluum
2743 5334 2861 5348 ηιμ-θη
2887 5335 2898 5348 ι
2955 5332 3060 5348 nun
3094 5318 3162 5348 An
3191 5331 3252 5348 Μ
3304 5312 3416 5348 incn
3465 5320 3562 5348 “Pr
