3962 5348
382 376 489 434 555
504 378 505 381 “

1021 365 1078 422 S.
1119 358 1448 422 GREGORII
1484 355 1578 413 VII
1611 350 1812 410 ΡΔΡᾸΞ
1846 348 2133 409 OPERUM
2169 343 2350 401 PARS
2387 341 2429 398 I.
2466 372 2535 384 ——
2572 333 2995 397 REGISTRUM.

3542 327 3641 384 536

379 483 558 563 possis
587 486 911 550 instructus,
946 495 1073 537 cum
1123 476 1316 534 eodem
1370 470 1689 528 marchione
1737 468 1806 523 ad
1863 480 1964 519 nos
1993 471 2040 527 Α
2133 460 2272 514 Data
2327 458 2514 512 Roma:
2566 454 2622 509 in
2644 452 2881 526 synodo,
2933 448 3146 506 decimo
3178 451 3332 503 sexto
3378 441 3648 498 Kalendas

380 556 566 636 venire
597 577 748 634 nullo
787 574 952 630 modo
977 566 1382 642 praetermittas,
1418 571 1601 619 certus
1646 568 1699 615 te
1743 574 1775 613 a
1807 556 1967 612 nobis

379 670 680 728 honoriﬁce
716 665 1087 737 recipiendum
1112 666 1168 716 et
1206 654 1650 727 relinquendum.
1678 648 1839 716 Nam,
1862 646 1969 703 etsi

372 759 740 825 fraternitatis
780 766 890 814 tuae
921 754 1124 812 auxilia
1156 753 1213 808 in
1239 751 1362 807 aliis
1391 748 1639 805 minime
1662 743 1820 802 nobis
1873 754 1972 796 ne—

375 851 620 907 cessaria
649 848 900 914 luissem,
946 853 1133 900 tamen
1168 844 1275 897 hac
1304 841 1371 896 de
1404 854 1570 895 causa
1622 832 1969 907 praesentiam

380 956 532 1002 tuam
582 943 748 1000 nobis
805 940 1050 997 exhiberi
1074 924 1318 1009 Iopertet,
1373 942 1436 989 ut
1481 940 1704 989 exortas
1759 918 1971 1000 praefati

380 1034 619 1107 conjugii
670 1028 1003 1105 quaestiones
1047 1024 1292 1099 diligenti
1350 1021 1754 1104 examinatione
1788 1018 1972 1074 discu-

382 1101 604 1192 tiamus,
670 1101 727 1179 et
781 1121 1051 1193 justitiam
1114 1117 1272 1189 legali
1333 1114 1541 1186 judicio
1595 1101 1968 1167 decernentes,

381 1216 674 1288 adjuvante
707 1212 959 1279 Domino,
1010 1210 1054 1266 si
1107 1208 1239 1280 quid
1276 1205 1659 1277 periculosum
1701 1214 1970 1271 apparue-

381 1306 454 1361 rit
495 1313 863 1376 amputemus,
912 1309 968 1356 et
1014 1299 1161 1370 quod
1207 1296 1393 1353 officio
1419 1303 1610 1350 nostro
1653 1299 1710 1347 et
1752 1291 1969 1345 illorum

382 1394 545 1451 saluti
598 1392 855 1464 congruit
904 1398 1230 1446 statuamus.

453 1484 589 1541 Data
623 1481 812 1538 Romze
852 1482 907 1536 in
950 1480 1159 1552 synodo
1193 1478 1359 1552 [deest
1392 1478 1448 1533 in
1476 1474 1711 1548 synodo]
1755 1473 1970 1531 decimo

383 1585 539 1632 sexto
567 1573 837 1629 Kalendas
865 1571 1089 1642 Aprilis,
1116 1560 1414 1626 indictione
1446 1584 1543 1623 xu.
1630 1586 1635 1589 τ

895 1678 1235 1740 EPISTOLA
1272 1681 1456 1737 LVIII.

713 1793 782 1832 ΔΙ)
802 1789 1018 1832 ’ὓΒῐὶῧΑΙ
1051 1790 1226 1830 DUCEI
1253 1788 1611 1829 HUNGARORUI

977 1865 1161 1935 (Anno
1189 1862 1374 1934 ωτι.)

385 1975 733 2055 Commendat
773 1974 887 2046 ejus
942 1973 1329 2030 observantiam
1373 1988 1499 2055 erga
1540 1970 1714 2054 eadem
1761 1974 1973 2055 arceto:

456 2048 639 2114 licam,
674 2037 899 2102 testatur
925 2062 1078 2101 suam
1104 2061 1228 2115 erga
1250 2060 1369 2099 eum
1392 2037 1749 2096 dilectionem.
1777 2037 1976 2115 scribit

442 2128 514 2176 at
561 2106 654 2189 per
704 2118 939 2172 Azonem
994 2106 1351 2170 march'ionem
1393 2126 1712 2185 quaecunque
1753 2106 1978 2164 voluerit

458 2189 560 2245 sibi
586 2190 866 2260 signiﬁcet.

454 2304 765 2363 Gucoaws
781 2304 1090 2374 episcOpus,
1118 2316 1307 2358 servus
1327 2313 1609 2357 servorum
1630 2295 1748 2364 Dei,
1783 2292 1978 2349 Gauss

386 2398 514 2455 duci
569 2396 958 2469 Iiungarorum
1003 2397 1237 2453 salutem
1267 2403 1324 2451 et
1369 2392 1728 2465 apostolicam
1757 2387 1979 2446 benedi-

386 2491 645 2545 ctionem.

457 2577 605 2635 Visis
658 2577 860 2633 litteris
915 2576 1029 2632 tuis
1054 2618 1070 2644 ,
1124 2575 1458 2632 laudabilem
1504 2571 1814 2630 devotionis
1873 2577 1981 2625 tuae

385 2666 785 2739 professionem
823 2668 1205 2739 cognovimus,
1252 2667 1309 2721 in
1351 2680 1461 2737 qua
1506 2680 1603 2721 cor
1645 2671 1701 2719 et
1733 2662 1979 2717 animum

387 2766 545 2814 tuum
568 2772 698 2828 erga
739 2758 1101 2813 reverentiam
1137 2757 1453 2828 apostolicae
1477 2755 1624 2812 sedis
1648 2754 1772 2826 igne
1796 2752 1982 2809 divino

389 2849 789 2905 inﬂammatum
857 2865 980 2907 esse
1025 2850 1412 2906 intelleximus.
1471 2847 1590 2916 Qua
1632 2848 1701 2903 de
1759 2861 1821 2901 re
1869 2859 1981 2899 non

388 2937 596 2998 incerta
644 2955 770 3011 spes
806 2948 917 2997 tute
962 2941 1155 2998 salutis
1199 2940 1545 3007 ostenditur;
1591 2946 1647 2995 et
1694 2952 1804 2993 non
1856 2950 1983 3007 par-

391 3046 519 3086 vum
557 3031 718 3088 nobis
751 3040 1006 3088 exortum
1030 3040 1116 3088 est
1140 3032 1401 3103 gaudium
1429 3051 1443 3087 :
1476 3030 1735 3103 quoniam
1761 3028 1855 3101 qui
1887 3029 1982 3084 de-

389 3122 503 3179 bita
563 3122 670 3179 ﬁde
706 3132 763 3179 et
811 3125 1098 3181 devotione
1146 3125 1458 3197 apostolicae
1493 3125 1809 3181 reverentiae
1854 3130 1981 3179 vota

389 3213 726 3285 concipiunt,
773 3230 1123 3287 nequaquam
1175 3216 1343 3272 dubia
1395 3216 1465 3272 ab
1509 3216 1590 3271 eis
1631 3214 1884 3286 prtasidia
1928 3221 1984 3268 ct
2010 3209 2052 3266 ο

391 3303 653 3361 beneﬁcia
701 3307 1107 3376 praestolamur.
1168 3306 1324 3363 Unde
1370 3308 1537 3362 etiam
1591 3314 1742 3361 tuam
1785 3319 1980 3360 mone-

395 3413 520 3453 mus
558 3398 927 3464 dilectionem,
953 3406 1014 3453 ut
1035 3398 1213 3454 studia
1251 3406 1344 3454 tua
1384 3413 1514 3470 erga
1545 3398 1813 3453 honorem
1844 3411 1980 3466 apo-

392 3488 662 3543 stolorum
688 3503 904 3558 semper
942 3497 1286 3555 excrescant,
1330 3497 1385 3543 et
1425 3496 1633 3558 quanto
1661 3494 1714 3542 te
1741 3485 1984 3557 quotidie

392 3577 798 3633 ex~necessario
827 3577 935 3633 fine
976 3578 1105 3632 vitae
1133 3586 1243 3632 tum
1260 3577 1481 3648 judiciis
1521 3577 1739 3632 illorum
1786 3590 1984 3645 appro-

392 3668 659 3739 pinquare
678 3666 985 3739 cognoscis,
1029 3676 1182 3723 tanto
1219 3667 1544 3738 propensius
1573 3683 1669 3724 eos
1711 3666 1984 3735 debitores

395 3758 492 3815 tibi
523 3757 741 3814 efﬁcere
765 3759 991 3815 studeas
1020 3776 1034 3813 :
1077 3754 1351 3829 quatenus
1404 3773 1503 3827 per
1549 3756 1982 3814 misericordiam

395 3849 516 3916 Dei,
552 3849 660 3905 illis
690 3848 1138 3921 suffragantibus,
1167 3855 1515 3919 peccatorum
1549 3856 1770 3903 tuorum
1799 3847 1981 3902 indul-

396 3941 635 4015 gentiam
676 3950 734 3999 et
764 3951 982 3999 aeternae
1015 3941 1368 3998 beatitudinis
1391 3942 1617 4013 gloriam
1662 3950 1715 3997 te
1757 3940 1990 4011 adipisci

397 4033 658 4105 gaudeas.
718 4031 799 4090 De
838 4041 1026 4089 nostra
1062 4046 1193 4088 vero
1243 4032 1513 4088 charitate
1560 4031 1872 4087 nullatenus
1930 4038 1983 4085 te

397 4123 649 4181 dubitare
669 4124 964 4192 volumus;
1023 4123 1120 4179 sed
1152 4121 1342 4180 effusis
1385 4123 1443 4178 in
1484 4131 1536 4179 te
1572 4121 1780 4177 intimis
1813 4128 1868 4176 et
1887 4135 1985 4191 pa-

397 4216 917 4284 ternisaﬁ'ectibus,
972 4216 1156 4273 locum
1197 4216 1341 4287 apud
1372 4232 1473 4272 nos
1502 4215 1695 4288 agendi
1727 4223 1784 4270 et
1810 4215 1984 4285 impe—

399 4310 581 4367 trandi
608 4326 731 4381 qua:
768 4309 933 4366 saluti
971 4317 1029 4364 et
1069 4308 1268 4365 honori
1314 4316 1415 4364 tuo
1452 4309 1612 4381 digne
1646 4316 1982 4378 competunt,

397 4408 452 4455 te
486 4401 707 4468 habere,
753 4407 962 4457 remota
994 4400 1147 4455 anni
1186 4399 1552 4466 dubitatione,
1588 4399 1981 4471 promittimus.

2070 552 2290 627 Aprilis,
2317 549 2616 606 indictione
2636 544 2977 601 duodecima.

2604 654 2943 712 EPISTOLA
2980 649 3116 707 LIX.

2281 782 2348 821 AD
2384 778 2634 821 OTTOKEII
2667 777 2738 815 ET
2767 770 3121 815 CIIUONRADUH
3155 767 3418 808 FRATRES.

2657 838 2838 909 (Anno
2876 832 3064 904 1074.)

2195 922 2277 979 Ne
2303 920 2637 979 Olomucensi
2672 916 2924 971 Ecclesiae
2947 912 3242 968 molestiam
3272 909 3526 980 inferant.

2143 1034 2450 1092 GREGORIUS
2483 1031 2789 1102 episcopus,
2833 1041 3022 1083 servus
3070 1036 3353 1079 servorum
3383 1018 3503 1086 Dei,
3547 1016 3663 1073 Οτ-

2074 1136 2199 1184 rom‘
2220 1135 2275 1182 et
2294 1127 2619 1181 CIIUONRADO
2657 1119 2920 1175 fratribus
2974 1112 3257 1169 Wratislai
3288 1109 3446 1165 ducis
3480 1107 3663 1162 Bche-

2071 1233 2288 1274 morum
2321 1216 2572 1280 salutem,
2604 1220 2659 1267 et
2693 1208 3050 1280 apostolicam
3087 1201 3548 1259 benedictionem.

2141 1307 2455 1363 Meminisse
2497 1303 2660 1360 debet
2695 1300 2953 1356 nobilitas
2984 1304 3167 1374 vestra
3205 1291 3353 1362 quod
3395 1289 3463 1344 de
3492 1302 3665 1343 causa

2069 1396 2451 1457 Olomucensis
2492 1392 2752 1450 Ecclesiae
2787 1391 2900 1460 jam
2945 1395 3072 1443 ante
3106 1381 3407 1455 apostolica
3448 1375 3665 1433 monita

2069 1482 2377 1555 accepistis,
2395 1476 2462 1537 ne
2478 1476 2748 1551 justitiam
2770 1474 2891 1545 ejus
2913 1470 3095 1541 aliqua
3117 1465 3411 1524 occasione
3442 1460 3667 1515 minue-

2070 1578 2223 1644 retis,
2282 1588 2461 1645 neque
2513 1565 2932 1626 molestantibus
2986 1576 3111 1617 eam
3159 1559 3383 1629 aliquod
3446 1555 3669 1627 adjuto-

2071 1668 2213 1725 rium
2248 1656 2770 1738 praebcxctis.'Nunc
2812 1672 2911 1712 vos
2956 1654 3312 1709 admonemus
3355 1657 3411 1704 et
3434 1654 3667 1719 paterna

2071 1760 2337 1817 cbaritate
2360 1771 2621 1828 rogamus
2650 1768 2718 1808 ne
2740 1751 2976 1821 aliquam
3001 1745 3445 1801 contrarietatem
3485 1740 3669 1796 eidem

2002 1842 2046 1897 Β
2072 1851 2327 1909 Ecclesiae
2348 1847 2582 1915 faciatis,
2609 1845 2703 1901 sed
2723 1856 2825 1914 pro
2851 1836 3153 1895 reverentia
3174 1841 3377 1891 sanctae
3401 1831 3676 1888 Romana:-

2076 1944 2352 2012 Ecclesiai,
2386 1942 2545 2012 cujus
2585 1934 2898 2010 apostolicis
2948 1929 3247 2003 privilegiis
3293 1926 3509 1983 munita
3562 1934 3674 1989 est,

2076 2052 2320 2094 amorem
2365 2042 2421 2090 et
2468 2033 2572 2104 piae
2605 2026 2913 2086 devotionis
2962 2021 3142 2079 studia
3173 2035 3302 2092 erga
3330 2018 3483 2074 illam
3514 2015 3673 2070 exhi—

2076 2130 2273 2196 beatis,
2297 2136 2374 2194 et,
2409 2133 2674 2198 quantum
2724 2126 2921 2175 vestrae
2957 2113 3247 2187 potestatis
3286 2118 3393 2177 est,
3434 2109 3565 2179 jura
3615 2115 3675 2160 et

2017 2215 2021 2221 ’
2076 2220 2435 2294 pertinentias
2459 2204 2589 2287 ejus
2607 2230 2643 2269 a
2677 2210 2840 2267 vobis
2856 2216 2912 2265 et
2932 2207 3129 2263 vestris
3153 2203 3413 2259 inviolata
3438 2216 3675 2257 conser-

2077 2292 2196 2371 vari
2228 2309 2515 2369 studeatis.
2553 2306 2681 2362 Haec
2700 2303 2849 2360 enim
2885 2307 2971 2356 est
3003 2306 3190 2364 causa,
3231 2294 3287 2349 in
3311 2309 3420 2366 qua
3447 2302 3501 2348 et
3531 2292 3672 2348 divi-

2079 2419 2165 2460 nte
2185 2396 2644 2458 remunerationis
2684 2392 2935 2466 gloriam,
2978 2396 3035 2444 et
3080 2382 3477 2457 apostolorum,
3520 2390 3673 2437 certa

2077 2493 2350 2566 praesidia,
2400 2507 2465 2546 ac
2500 2496 2703 2545 nostrae
2746 2481 3054 2540 dilectionis
3084 2478 3477 2551 plenitudinem
3515 2473 3680 2529 vobis

2079 2584 2285 2640 lucrari
2316 2593 2372 2639 et
2400 2580 2680 2652 aptissime
2718 2574 2942 2647 possitis
2985 2572 3326 2642 astringere:
3378 2567 3465 2623 sin
3485 2574 3679 2623 autem

2082 2676 2252 2748 (quod
2302 2691 2413 2730 non
2455 2669 2733 2747 optamus)
2774 2668 2931 2723 aliter
2951 2664 3209 2730 feceritis,
3256 2662 3450 2733 procul
3503 2659 3680 2716 dubio

2082 2767 2197 2822 haec
2217 2766 2406 2821 eadem
2427 2763 2582 2818 vobis
2598 2772 2970 2829 corrumpere,
2992 2765 3049 2812 et
3069 2756 3124 2810 in
3146 2754 3508 2818 contrarium,
3524 2751 3681 2822 quod

2082 2856 2245 2923 absit,
2270 2864 2484 2912 vertere
2505 2850 2775 2924 poteritis.

2153 2948 2290 3004 Data
2310 2945 2499 3001 Romae
2527 2943 2741 2999 decimo
2773 2948 2969 3011 quinto
2990 2937 3260 2994 Kalendas
3284 2934 3509 3008 Aprilis,
3534 2933 3685 2988 indi-

2083 3042 2266 3100 ctione
2297 3037 2640 3096 duodecima.

2633 3100 2973 3158 EPISTOLA
3008 3099 3121 3155 LX.

2297 3216 2364 3255 AD
2403 3211 2723 3254 SIGIFBEDUM
2764 3208 3112 3249 MOGCNTINUM
3147 3205 3456 3247 EPISCOPUI.

2679 3284 2860 3358 (Anno
2895 3282 3077 3352 1074.)

2081 3383 2279 3452 Arguit
2319 3378 2458 3452 qugd
2485 3393 2723 3452 causam,
2757 3391 2875 3445 qua:
2915 3374 3055 3427 inter
3081 3372 3403 3452 Ieremirum
3434 3371 3682 3452 Bragen-

2151 3444 2260 3505 ἔθνη
2293 3444 2342 3505 εἰ
2376 3448 2638 3502 Joannem
2666 3444 3024 3500 Moravensem
3057 3444 3324 3514 episcopos
3356 3446 3686 3508 vertebatur,

2153 3522 2223 3575 ad
2264 3520 2611 3591 apostolicam
2659 3517 2835 3591 sedem
2865 3515 2984 3586 jam
3034 3531 3171 3585 saepe
3211 3514 3467 3581 delatam,
3519 3514 3591 3569 ad
3627 3530 3687 3567 se

2153 3587 2446 3647 convertere
2466 3587 2885 3661 praesumpserit.

2153 3682 2463 3740 Caesonius
2495 3680 2808 3751 episcopus,
2836 3693 3035 3734 servus
3062 3690 3346 3732 servorum
3383 3675 3502 3741 Dei,
3543 3674 3691 3731 Sict-

2081 3790 2253 3832 rasno
2285 3772 2607 3845 Moguntina
2637 3769 3048 3840 archiepiscopo
3093 3767 3327 3823 salutem
3372 3776 3430 3824 et
3455 3774 3691 3837 aposto-

2082 3870 2245 3925 licam
2282 3864 2745 3927 benedictionem.
3684 3862 3689 3868 '

2150 3958 2408 4015 Pervenit
2436 3957 2502 4012 ad
2546 3970 2709 4010 aures
2751 3961 2973 4011 nostras
3001 3953 3249 4023 quaedam
3275 3953 3343 4008 de
3376 3960 3431 4007 te
3455 3952 3691 4023 indigna

2081 4049 2302 4115 relatio,
2343 4047 2434 4103 cui
2474 4060 2823 4116 nequaquam
2866 4044 3029 4098 ﬁdem
3072 4043 3537 4116 adhibuissemus,
3575 4043 3691 4096 nisi.

2081 4141 2229 4214 quod
2256 4141 2310 4195 in
2336 4139 2532 4194 litteris
2557 4137 2663 4193 tuis
2687 4151 2826 4208 quas
2866 4135 2934 4191 de
2965 4151 3132 4191 causa
3162 4133 3415 4190 Jeromiri
3442 4133 3689 4205 Brageno

2084 4234 2161 4289 sis
2187 4240 2242 4287 et
2264 4230 2495 4285 Joannis
2511 4226 2850 4284 Moravensis
2878 4225 3263 4296 episcoporum
3287 4224 3447 4280 nobis
3477 4224 3688 4280 direxi-

2085 4324 2344 4403 sti,_idcm
2383 4320 2436 4375 in
2463 4320 2707 4375 animum
2757 4326 2915 4373 tuum
2981 4325 3035 4372 te
3098 4315 3381 4383 induxisse
3414 4315 3691 4385 intellexi-

2084 4432 2230 4481 mus,
2261 4414 2531 4479 videlicet,
2555 4420 2615 4466 ut
2648 4411 2927 4483 negotium
2959 4410 3106 4481 quod
3141 4410 3242 4480 ipsi
3271 4411 3477 4465 habent
3508 4408 3686 4465 adin-

400 4491 469 4549 Et
507 4494 556 4550 si
599 4492 1103 4595 quisinimicorum
1148 4500 1369 4548 tuorum
1425 4492 1632 4563 aliquid
1691 4493 1979 4548 adversum

2094 4509 2282 4573 vicem,
2307 4506 2421 4577 jam
2468 4504 2635 4558 toties
2661 4502 2727 4557 ad
2774 4501 3137 4572 apostolicam
3176 4502 3419 4557 delatum
3454 4500 3693 4557 audien-

401 4590 456 4638 te
513 4584 707 4639 molire
768 4597 933 4652 prave
984 4581 1273 4636 tentaverit
1299 4622 1316 4647 ,
1394 4582 1588 4651 procul
1639 4580 1810 4636 dubio
1876 4596 1979 4636 non

2094 4597 2247 4662 tiam,
2279 4611 2310 4649 a
2345 4601 2536 4649 nostro
2557 4591 2764 4663 judicio
2795 4591 2863 4646 ad
2883 4606 3121 4646 examen,
3144 4592 3225 4646 tui
3258 4591 3473 4646 arbitrii
3498 4600 3689 4646 trans-

401 4670 582 4727 solum
612 4679 803 4727 nostra
835 4670 1046 4727 carebit
1072 4669 1370 4738 audientia,
1425 4671 1522 4726 sed
1552 4670 1984 4742 indignationem

403 4764 716 4834 apostolicae
767 4764 956 4835 gratiae
1007 4763 1062 4818 in
1108 4778 1234 4819 eum
1279 4764 1591 4834 exasperari
1633 4763 1847 4819 sentiet.
1904 4762 1986 4817 Tu

404 4861 588 4909 uitem
643 4853 691 4910 si
736 4854 866 4923 quid
911 4855 1185 4911 interdum
1226 4863 1322 4910 aut
1370 4854 1441 4910 de
1478 4854 1591 4910 tuis
1629 4854 1849 4923 causis,
1894 4861 1992 4910 aut

403 4944 555 5015 quod
625 4943 850 5000 servitio
917 4946 1232 5016 apostolica:
1296 4945 1612 5001 reverentiae
1677 4945 1987 5016 pertineat,

403 5034 612 5086 munis
660 5034 896 5086 auribus.
938 5036 1195 5086 intimare
1245 5038 1453 5086 minias-
1498 5036 1667 5086 habes
1710 5034 1987 5086 egregium

2093 4687 2346 4743 ferretur.
2411 4683 2531 4751 Qua
2580 4684 2636 4739 in
2682 4699 2772 4752 re,
2828 4683 3088 4753 quoniam
3127 4682 3404 4739 evidenter
3459 4690 3689 4753 apparet

2093 4793 2257 4850 quam
2281 4793 2477 4848 parum
2499 4775 2849 4832 consultores
2863 4773 2942 4828 tui
2960 4771 3090 4843 jura
3107 4772 3422 4843 apostolicae
3444 4758 3694 4829 auctori-

2090 4870 2221 4926 tatis
2267 4866 2572 4939 intelligant
2619 4866 2705 4921 vel
2746 4865 3044 4929 attendant,
3087 4862 3487 4927 fraternitatem
3531 4872 3686 4919 tuam

2093 4967 2157 5014 ut
2199 4958 2486 5014 nobiscum
2515 4955 2810 5012 canonicas
2844 4955 3163 5010 traditiones
3193 4963 3250 5010 et
3286 4956 3513 5011 decreta
3558 4971 3691 5010 san-

2092 5060 2302 5086 ntnrnm
2362 5048 2583 5086 patrum
2639 5055 2918 5086 narnnrrnf
2975 5047 3267 5086 invitnmnc
3345 5048 3401 5086 in
3458 5048 3662 5086 nnihnc
