  <div class='ocr_page' id='page_1' title='image "/cluster/home/n/w/nwhite01/storage/ocr_20150623/148/hvd.32044015471840/172.png"; bbox 0 0 3962 5348; ppageno 0'>
   <div class='ocr_carea' id='block_1_1' title="bbox 257 308 371 371">
    <p class='ocr_par' dir='ltr' id='par_1_1' title="bbox 257 308 371 371">
     <span class='ocr_line' id='line_1_1' title="bbox 257 308 371 371; baseline -0.026 0"><span class='ocrx_word' id='word_1_1' title='bbox 257 308 371 371; x_wconf 75' lang='lat'><strong>537</strong></span> 
     </span>
    </p>
   </div>
   <div class='ocr_carea' id='block_1_2' title="bbox 1354 275 2405 351">
    <p class='ocr_par' dir='ltr' id='par_1_2' title="bbox 1354 275 2405 351">
     <span class='ocr_line' id='line_1_2' title="bbox 1354 275 2405 351; baseline -0.021 1"><span class='ocrx_word' id='word_1_2' title='bbox 1354 294 1563 351; x_wconf 81' lang='lat' dir='ltr'><strong>LIBER</strong></span> <span class='ocrx_word' id='word_1_3' title='bbox 1596 286 1873 347; x_wconf 75' lang='lat' dir='ltr'><strong>PRIMUS.</strong></span> <span class='ocrx_word' id='word_1_4' title='bbox 1910 314 1980 326; x_wconf 91' lang='lat'>—</span> <span class='ocrx_word' id='word_1_5' title='bbox 2016 280 2233 337; x_wconf 78' lang='lat' dir='ltr'><strong>EPIST.</strong></span> <span class='ocrx_word' id='word_1_6' title='bbox 2268 275 2405 333; x_wconf 73' lang='lat' dir='ltr'><strong>LXII</strong></span> 
     </span>
    </p>
   </div>
   <div class='ocr_carea' id='block_1_3' title="bbox 3411 255 3522 314">
    <p class='ocr_par' dir='ltr' id='par_1_3' title="bbox 3411 255 3522 314">
     <span class='ocr_line' id='line_1_3' title="bbox 3411 255 3522 314; baseline 0.036 -4"><span class='ocrx_word' id='word_1_7' title='bbox 3411 255 3522 314; x_wconf 73' lang='lat'><strong>538</strong></span> 
     </span>
    </p>
   </div>
   <div class='ocr_carea' id='block_1_4' title="bbox 250 366 3503 495">
    <p class='ocr_par' dir='ltr' id='par_1_4' title="bbox 250 366 3503 495">
     <span class='ocr_line' id='line_1_4' title="bbox 250 366 3503 495; baseline -0.02 -8"><span class='ocrx_word' id='word_1_8' title='bbox 250 392 569 495; x_wconf 73' lang='lat' dir='ltr'><strong>suscepisse</strong></span> <span class='ocrx_word' id='word_1_9' title='bbox 591 418 945 493; x_wconf 77' lang='lat' dir='ltr'><strong>dignoscitur.</strong></span> <span class='ocrx_word' id='word_1_10' title='bbox 993 414 1192 469; x_wconf 79' lang='lat' dir='ltr'><strong>Verum</strong></span> <span class='ocrx_word' id='word_1_11' title='bbox 1224 418 1513 483; x_wconf 74' lang='lat' dir='ltr'><strong>postquam</strong></span> <span class='ocrx_word' id='word_1_12' title='bbox 1546 405 1842 476; x_wconf 79' lang='lat' dir='ltr'><strong>apostolica</strong></span> <span class='ocrx_word' id='word_1_13' title='bbox 1870 399 1916 455; x_wconf 79' lang='grc' dir='ltr'>Α</span> <span class='ocrx_word' id='word_1_14' title='bbox 1942 410 2037 495; x_wconf 74' lang='lat' dir='ltr'><strong>per</strong></span> <span class='ocrx_word' id='word_1_15' title='bbox 2061 392 2346 490; x_wconf 54' lang='lat' dir='ltr'><strong>epistolam</strong></span> <span class='ocrx_word' id='word_1_16' title='bbox 2389 392 2634 495; x_wconf 47' lang='lat' dir='ltr'><strong>uestram</strong></span> <span class='ocrx_word' id='word_1_17' title='bbox 2665 379 2875 495; x_wconf 57' lang='lat' dir='ltr'><strong>duriter</strong></span> <span class='ocrx_word' id='word_1_18' title='bbox 2903 370 3325 495; x_wconf 55' lang='lat' dir='ltr'><strong>increpavimus,</strong></span> 
     </span>
    </p>
   </div>
   <div class='ocr_carea' id='block_1_5' title="bbox 249 494 1844 581">
    <p class='ocr_par' dir='ltr' id='par_1_5' title="bbox 249 494 1844 581">
     <span class='ocr_line' id='line_1_5' title="bbox 249 494 1844 581; baseline -0.016 -10"><span class='ocrx_word' id='word_1_19' title='bbox 249 515 439 578; x_wconf 79' lang='lat' dir='ltr'><strong>sedes,</strong></span> <span class='ocrx_word' id='word_1_20' title='bbox 495 517 714 581; x_wconf 87' lang='lat' dir='ltr'><strong>accepta</strong></span> <span class='ocrx_word' id='word_1_21' title='bbox 758 504 971 578; x_wconf 61' lang='lat' dir='ltr'><strong>praafati</strong></span> <span class='ocrx_word' id='word_1_22' title='bbox 1012 499 1252 573; x_wconf 75' lang='lat' dir='ltr'><strong>episcopi</strong></span> <span class='ocrx_word' id='word_1_23' title='bbox 1284 494 1651 569; x_wconf 77' lang='lat' dir='ltr'><strong>querimonia,</strong></span> <span class='ocrx_word' id='word_1_24' title='bbox 1701 507 1844 562; x_wconf 62' lang='lat' dir='ltr'><strong>saape</strong></span> 
     </span>
    </p>
   </div>
   <div class='ocr_carea' id='block_1_6' title="bbox 249 589 1845 675">
    <p class='ocr_par' dir='ltr' id='par_1_6' title="bbox 249 589 1845 675">
     <span class='ocr_line' id='line_1_6' title="bbox 249 589 1845 675; baseline -0.013 -16"><span class='ocrx_word' id='word_1_25' title='bbox 249 619 355 675; x_wconf 85' lang='lat' dir='ltr'><strong>per</strong></span> <span class='ocrx_word' id='word_1_26' title='bbox 383 601 667 672; x_wconf 72' lang='lat' dir='ltr'><strong>epistolas,</strong></span> <span class='ocrx_word' id='word_1_27' title='bbox 713 596 1002 668; x_wconf 79' lang='lat' dir='ltr'><strong>aliquoties</strong></span> <span class='ocrx_word' id='word_1_28' title='bbox 1040 593 1206 649; x_wconf 89' lang='lat' dir='ltr'><strong>etiam</strong></span> <span class='ocrx_word' id='word_1_29' title='bbox 1243 606 1341 661; x_wconf 87' lang='lat' dir='ltr'><strong>per</strong></span> <span class='ocrx_word' id='word_1_30' title='bbox 1372 589 1579 659; x_wconf 86' lang='lat' dir='ltr'><strong>legatos</strong></span> <span class='ocrx_word' id='word_1_31' title='bbox 1620 599 1845 642; x_wconf 79' lang='lat' dir='ltr'><strong>causam</strong></span> 
     </span>
    </p>
   </div>
   <div class='ocr_carea' id='block_1_7' title="bbox 242 675 1847 763">
    <p class='ocr_par' dir='ltr' id='par_1_7' title="bbox 242 675 1847 763">
     <span class='ocr_line' id='line_1_7' title="bbox 242 675 1847 763; baseline -0.012 -15"><span class='ocrx_word' id='word_1_32' title='bbox 242 692 405 763; x_wconf 72' lang='lat' dir='ltr'><strong>justo</strong></span> <span class='ocrx_word' id='word_1_33' title='bbox 431 690 539 745; x_wconf 79' lang='lat' dir='ltr'><strong>ﬁne</strong></span> <span class='ocrx_word' id='word_1_34' title='bbox 559 688 922 744; x_wconf 84' lang='lat' dir='ltr'><strong>determinare</strong></span> <span class='ocrx_word' id='word_1_35' title='bbox 954 691 1010 741; x_wconf 88' lang='lat' dir='ltr'><strong>et</strong></span> <span class='ocrx_word' id='word_1_36' title='bbox 1048 683 1199 737; x_wconf 91' lang='lat' dir='ltr'><strong>litem</strong></span> <span class='ocrx_word' id='word_1_37' title='bbox 1235 692 1581 751; x_wconf 80' lang='lat' dir='ltr'><strong>compescere</strong></span> <span class='ocrx_word' id='word_1_38' title='bbox 1613 675 1847 731; x_wconf 88' lang='lat' dir='ltr'><strong>desuda-</strong></span> 
     </span>
    </p>
   </div>
   <div class='ocr_carea' id='block_1_8' title="bbox 244 765 1846 848">
    <p class='ocr_par' dir='ltr' id='par_1_8' title="bbox 244 765 1846 848">
     <span class='ocr_line' id='line_1_8' title="bbox 244 765 1846 848; baseline -0.013 -8"><span class='ocrx_word' id='word_1_39' title='bbox 244 791 448 848; x_wconf 71' lang='lat' dir='ltr'><strong>verat;</strong></span> <span class='ocrx_word' id='word_1_40' title='bbox 475 789 612 837; x_wconf 86' lang='lat' dir='ltr'><strong>tunc</strong></span> <span class='ocrx_word' id='word_1_41' title='bbox 639 780 859 836; x_wconf 90' lang='lat' dir='ltr'><strong>demum</strong></span> <span class='ocrx_word' id='word_1_42' title='bbox 890 775 1152 847; x_wconf 83' lang='lat' dir='ltr'><strong>evigilans</strong></span> <span class='ocrx_word' id='word_1_43' title='bbox 1175 770 1399 829; x_wconf 80' lang='lat' dir='ltr'><strong>solertia</strong></span> <span class='ocrx_word' id='word_1_44' title='bbox 1440 778 1534 824; x_wconf 87' lang='lat' dir='ltr'><strong>tua</strong></span> <span class='ocrx_word' id='word_1_45' title='bbox 1568 765 1846 838; x_wconf 88' lang='lat' dir='ltr'><strong>negotium</strong></span> 
     </span>
    </p>
   </div>
   <div class='ocr_carea' id='block_1_9' title="bbox 248 854 1848 937">
    <p class='ocr_par' dir='ltr' id='par_1_9' title="bbox 248 854 1848 937">
     <span class='ocr_line' id='line_1_9' title="bbox 248 854 1848 937; baseline -0.011 -9"><span class='ocrx_word' id='word_1_46' title='bbox 248 871 665 937; x_wconf 79' lang='lat' dir='ltr'><strong>animadvertit,</strong></span> <span class='ocrx_word' id='word_1_47' title='bbox 701 869 818 926; x_wconf 82' lang='lat' dir='ltr'><strong>suis</strong></span> <span class='ocrx_word' id='word_1_48' title='bbox 858 869 967 924; x_wconf 85' lang='lat' dir='ltr'><strong>hoc</strong></span> <span class='ocrx_word' id='word_1_49' title='bbox 1019 860 1454 921; x_wconf 86' lang='lat' dir='ltr'><strong>discussionibus</strong></span> <span class='ocrx_word' id='word_1_50' title='bbox 1502 854 1848 913; x_wconf 80' lang='lat' dir='ltr'><strong>referendum</strong></span> 
     </span>
    </p>
   </div>
   <div class='ocr_carea' id='block_1_10' title="bbox 247 942 1849 1032">
    <p class='ocr_par' dir='ltr' id='par_1_10' title="bbox 247 942 1849 1032">
     <span class='ocr_line' id='line_1_10' title="bbox 247 942 1849 1032; baseline -0.014 -12"><span class='ocrx_word' id='word_1_51' title='bbox 247 979 379 1018; x_wconf 86' lang='lat' dir='ltr'><strong>esse</strong></span> <span class='ocrx_word' id='word_1_52' title='bbox 397 962 668 1032; x_wconf 80' lang='lat' dir='ltr'><strong>judicavit</strong></span> <span class='ocrx_word' id='word_1_53' title='bbox 703 968 758 1015; x_wconf 91' lang='lat' dir='ltr'><strong>et</strong></span> <span class='ocrx_word' id='word_1_54' title='bbox 777 958 999 1014; x_wconf 76' lang='lat' dir='ltr'><strong>fratrem</strong></span> <span class='ocrx_word' id='word_1_55' title='bbox 1026 969 1125 1024; x_wconf 88' lang='lat' dir='ltr'><strong>per</strong></span> <span class='ocrx_word' id='word_1_56' title='bbox 1147 949 1448 1023; x_wconf 88' lang='lat' dir='ltr'><strong>apostolica</strong></span> <span class='ocrx_word' id='word_1_57' title='bbox 1489 943 1748 1017; x_wconf 75' lang='lat' dir='ltr'><strong>suﬂragia</strong></span> <span class='ocrx_word' id='word_1_58' title='bbox 1780 942 1849 998; x_wconf 84' lang='lat' dir='ltr'><strong>ad</strong></span> 
     </span>
    </p>
   </div>
   <div class='ocr_carea' id='block_1_11' title="bbox 247 1035 1849 1125">
    <p class='ocr_par' dir='ltr' id='par_1_11' title="bbox 247 1035 1849 1125">
     <span class='ocr_line' id='line_1_11' title="bbox 247 1035 1849 1125; baseline -0.014 -14"><span class='ocrx_word' id='word_1_59' title='bbox 247 1063 481 1125; x_wconf 80' lang='lat' dir='ltr'><strong>portum</strong></span> <span class='ocrx_word' id='word_1_60' title='bbox 497 1053 729 1124; x_wconf 68' lang='lat' dir='ltr'><strong>iustitia:</strong></span> <span class='ocrx_word' id='word_1_61' title='bbox 748 1058 805 1107; x_wconf 89' lang='lat' dir='ltr'><strong>et</strong></span> <span class='ocrx_word' id='word_1_62' title='bbox 824 1047 1026 1121; x_wconf 86' lang='lat' dir='ltr'><strong>quietis</strong></span> <span class='ocrx_word' id='word_1_63' title='bbox 1056 1050 1372 1102; x_wconf 89' lang='lat' dir='ltr'><strong>euatantem</strong></span> <span class='ocrx_word' id='word_1_64' title='bbox 1422 1039 1477 1093; x_wconf 89' lang='lat' dir='ltr'><strong>in</strong></span> <span class='ocrx_word' id='word_1_65' title='bbox 1518 1035 1849 1108; x_wconf 89' lang='lat' dir='ltr'><strong>profundum</strong></span> 
     </span>
    </p>
   </div>
   <div class='ocr_carea' id='block_1_12' title="bbox 249 1131 1849 1216">
    <p class='ocr_par' dir='ltr' id='par_1_12' title="bbox 249 1131 1849 1216">
     <span class='ocr_line' id='line_1_12' title="bbox 249 1131 1849 1216; baseline -0.014 -14"><span class='ocrx_word' id='word_1_66' title='bbox 249 1144 469 1216; x_wconf 82' lang='lat' dir='ltr'><strong>(credo)</strong></span> <span class='ocrx_word' id='word_1_67' title='bbox 518 1141 849 1199; x_wconf 67' lang='lat' dir='ltr'><strong>renovanda:</strong></span> <span class='ocrx_word' id='word_1_68' title='bbox 888 1134 1258 1195; x_wconf 89' lang='lat' dir='ltr'><strong>contentionis</strong></span> <span class='ocrx_word' id='word_1_69' title='bbox 1286 1140 1344 1188; x_wconf 92' lang='lat' dir='ltr'><strong>et</strong></span> <span class='ocrx_word' id='word_1_70' title='bbox 1376 1131 1626 1187; x_wconf 89' lang='lat' dir='ltr'><strong>laborum</strong></span> <span class='ocrx_word' id='word_1_71' title='bbox 1672 1135 1849 1182; x_wconf 89' lang='lat' dir='ltr'><strong>retra-</strong></span> 
     </span>
    </p>
   </div>
   <div class='ocr_carea' id='block_1_13' title="bbox 246 1218 1853 1303">
    <p class='ocr_par' dir='ltr' id='par_1_13' title="bbox 246 1218 1853 1303">
     <span class='ocr_line' id='line_1_13' title="bbox 246 1218 1853 1303; baseline -0.014 -10"><span class='ocrx_word' id='word_1_72' title='bbox 246 1238 387 1292; x_wconf 85' lang='lat' dir='ltr'><strong>here</strong></span> <span class='ocrx_word' id='word_1_73' title='bbox 412 1234 664 1291; x_wconf 84' lang='lat' dir='ltr'><strong>voluisti.</strong></span> <span class='ocrx_word' id='word_1_74' title='bbox 692 1232 1018 1303; x_wconf 82' lang='lat' dir='ltr'><strong>Quanquam</strong></span> <span class='ocrx_word' id='word_1_75' title='bbox 1047 1227 1214 1299; x_wconf 79' lang='lat' dir='ltr'><strong>igitur</strong></span> <span class='ocrx_word' id='word_1_76' title='bbox 1234 1224 1364 1280; x_wconf 86' lang='lat' dir='ltr'><strong>hinc</strong></span> <span class='ocrx_word' id='word_1_77' title='bbox 1398 1219 1560 1278; x_wconf 72' lang='lat' dir='ltr'><strong>otﬁcii</strong></span> <span class='ocrx_word' id='word_1_78' title='bbox 1593 1218 1675 1275; x_wconf 90' lang='lat' dir='ltr'><strong>tui</strong></span> <span class='ocrx_word' id='word_1_79' title='bbox 1696 1218 1853 1273; x_wconf 88' lang='lat' dir='ltr'><strong>incu-</strong></span> 
     </span>
    </p>
   </div>
   <div class='ocr_carea' id='block_1_14' title="bbox 245 1306 1848 1393">
    <p class='ocr_par' dir='ltr' id='par_1_14' title="bbox 245 1306 1848 1393">
     <span class='ocr_line' id='line_1_14' title="bbox 245 1306 1848 1393; baseline -0.013 -12"><span class='ocrx_word' id='word_1_80' title='bbox 245 1329 358 1391; x_wconf 84' lang='lat' dir='ltr'><strong>ria,</strong></span> <span class='ocrx_word' id='word_1_81' title='bbox 410 1325 569 1382; x_wconf 88' lang='lat' dir='ltr'><strong>illine</strong></span> <span class='ocrx_word' id='word_1_82' title='bbox 622 1330 878 1393; x_wconf 84' lang='lat' dir='ltr'><strong>suscepta</strong></span> <span class='ocrx_word' id='word_1_83' title='bbox 927 1319 1193 1376; x_wconf 87' lang='lat' dir='ltr'><strong>adversus</strong></span> <span class='ocrx_word' id='word_1_84' title='bbox 1245 1310 1601 1384; x_wconf 74' lang='lat' dir='ltr'><strong>apostolicam</strong></span> <span class='ocrx_word' id='word_1_85' title='bbox 1645 1306 1848 1372; x_wconf 88' lang='lat' dir='ltr'><strong>sedem,</strong></span> 
     </span>
    </p>
   </div>
   <div class='ocr_carea' id='block_1_15' title="bbox 242 1396 1851 1484">
    <p class='ocr_par' dir='ltr' id='par_1_15' title="bbox 242 1396 1851 1484">
     <span class='ocr_line' id='line_1_15' title="bbox 242 1396 1851 1484; baseline -0.009 -15"><span class='ocrx_word' id='word_1_86' title='bbox 242 1423 558 1472; x_wconf 81' lang='lat' dir='ltr'><strong>accusante</strong></span> <span class='ocrx_word' id='word_1_87' title='bbox 595 1422 674 1482; x_wconf 89' lang='lat' dir='ltr'><strong>te,</strong></span> <span class='ocrx_word' id='word_1_88' title='bbox 716 1410 1032 1484; x_wconf 75' lang='lat' dir='ltr'><strong>arrogantia</strong></span> <span class='ocrx_word' id='word_1_89' title='bbox 1072 1406 1270 1463; x_wconf 87' lang='lat' dir='ltr'><strong>merito</strong></span> <span class='ocrx_word' id='word_1_90' title='bbox 1322 1402 1380 1458; x_wconf 91' lang='lat' dir='ltr'><strong>in</strong></span> <span class='ocrx_word' id='word_1_91' title='bbox 1423 1410 1479 1460; x_wconf 87' lang='lat' dir='ltr'><strong>te</strong></span> <span class='ocrx_word' id='word_1_92' title='bbox 1519 1396 1851 1457; x_wconf 78' lang='lat' dir='ltr'><strong>commoveri</strong></span> 
     </span>
    </p>
   </div>
   <div class='ocr_carea' id='block_1_16' title="bbox 244 1491 1855 1575">
    <p class='ocr_par' dir='ltr' id='par_1_16' title="bbox 244 1491 1855 1575">
     <span class='ocr_line' id='line_1_16' title="bbox 244 1491 1855 1575; baseline -0.011 -11"><span class='ocrx_word' id='word_1_93' title='bbox 244 1508 614 1575; x_wconf 80' lang='lat' dir='ltr'><strong>deberemus;</strong></span> <span class='ocrx_word' id='word_1_94' title='bbox 646 1502 863 1562; x_wconf 85' lang='lat' dir='ltr'><strong>utentes</strong></span> <span class='ocrx_word' id='word_1_95' title='bbox 886 1513 1068 1559; x_wconf 87' lang='lat' dir='ltr'><strong>tamen</strong></span> <span class='ocrx_word' id='word_1_96' title='bbox 1089 1498 1389 1572; x_wconf 88' lang='lat' dir='ltr'><strong>apostolica</strong></span> <span class='ocrx_word' id='word_1_97' title='bbox 1412 1491 1855 1561; x_wconf 79' lang='lat' dir='ltr'><strong>mansuetudine,</strong></span> 
     </span>
    </p>
   </div>
   <div class='ocr_carea' id='block_1_17' title="bbox 246 1586 1853 1670">
    <p class='ocr_par' dir='ltr' id='par_1_17' title="bbox 246 1586 1853 1670">
     <span class='ocr_line' id='line_1_17' title="bbox 246 1586 1853 1670; baseline -0.011 -15"><span class='ocrx_word' id='word_1_98' title='bbox 246 1599 474 1670; x_wconf 88' lang='lat' dir='ltr'><strong>placido</strong></span> <span class='ocrx_word' id='word_1_99' title='bbox 530 1607 587 1655; x_wconf 90' lang='lat' dir='ltr'><strong>te</strong></span> <span class='ocrx_word' id='word_1_100' title='bbox 646 1598 1007 1653; x_wconf 83' lang='lat' dir='ltr'><strong>admonemus</strong></span> <span class='ocrx_word' id='word_1_101' title='bbox 1061 1592 1258 1649; x_wconf 74' lang='lat' dir='ltr'><strong>affectu</strong></span> <span class='ocrx_word' id='word_1_102' title='bbox 1321 1604 1391 1646; x_wconf 86' lang='lat' dir='ltr'><strong>ne</strong></span> <span class='ocrx_word' id='word_1_103' title='bbox 1452 1586 1681 1644; x_wconf 79' lang='lat' dir='ltr'><strong>ulterius</strong></span> <span class='ocrx_word' id='word_1_104' title='bbox 1734 1592 1853 1639; x_wconf 77' lang='lat' dir='ltr'><strong>tam</strong></span> 
     </span>
    </p>
   </div>
   <div class='ocr_carea' id='block_1_18' title="bbox 246 1676 1853 1759">
    <p class='ocr_par' dir='ltr' id='par_1_18' title="bbox 246 1676 1853 1759">
     <span class='ocr_line' id='line_1_18' title="bbox 246 1676 1853 1759; baseline -0.009 -14"><span class='ocrx_word' id='word_1_105' title='bbox 246 1691 722 1759; x_wconf 80' lang='lat' dir='ltr'><strong>inordinata,tam</strong></span> <span class='ocrx_word' id='word_1_106' title='bbox 734 1688 1045 1749; x_wconf 80' lang='lat' dir='ltr'><strong>inconsulta</strong></span> <span class='ocrx_word' id='word_1_107' title='bbox 1065 1690 1392 1757; x_wconf 65' lang='lat' dir='ltr'><strong>prsesumas,</strong></span> <span class='ocrx_word' id='word_1_108' title='bbox 1412 1679 1544 1754; x_wconf 68' lang='lat' dir='ltr'><strong>[ne]</strong></span> <span class='ocrx_word' id='word_1_109' title='bbox 1554 1676 1853 1750; x_wconf 86' lang='lat' dir='ltr'><strong>apostolica</strong></span> 
     </span>
    </p>
   </div>
   <div class='ocr_carea' id='block_1_19' title="bbox 244 1758 1927 1854">
    <p class='ocr_par' dir='ltr' id='par_1_19' title="bbox 244 1758 1927 1854">
     <span class='ocr_line' id='line_1_19' title="bbox 244 1758 1927 1854; baseline -0.01 -18"><span class='ocrx_word' id='word_1_110' title='bbox 244 1782 463 1854; x_wconf 78' lang='lat' dir='ltr'><strong>judicia</strong></span> <span class='ocrx_word' id='word_1_111' title='bbox 492 1758 606 1839; x_wconf 87' lang='lat' dir='ltr'><strong>non</strong></span> <span class='ocrx_word' id='word_1_112' title='bbox 648 1781 796 1849; x_wconf 82' lang='lat' dir='ltr'><strong>dico,</strong></span> <span class='ocrx_word' id='word_1_113' title='bbox 838 1779 959 1846; x_wconf 86' lang='lat' dir='ltr'><strong>tibi,</strong></span> <span class='ocrx_word' id='word_1_114' title='bbox 992 1776 1086 1834; x_wconf 81' lang='lat' dir='ltr'><strong>sed</strong></span> <span class='ocrx_word' id='word_1_115' title='bbox 1130 1790 1233 1831; x_wconf 90' lang='lat' dir='ltr'><strong>nec</strong></span> <span class='ocrx_word' id='word_1_116' title='bbox 1262 1774 1359 1831; x_wconf 86' lang='lat' dir='ltr'><strong>ulli</strong></span> <span class='ocrx_word' id='word_1_117' title='bbox 1386 1769 1846 1843; x_wconf 83' lang='lat' dir='ltr'><strong>patriarcharum,</strong></span> <span class='ocrx_word' id='word_1_118' title='bbox 1883 1758 1927 1814; x_wconf 80' lang='grc' dir='ltr'><strong>Β</strong></span> 
     </span>
    </p>
   </div>
   <div class='ocr_carea' id='block_1_20' title="bbox 243 1857 1844 1943">
    <p class='ocr_par' dir='ltr' id='par_1_20' title="bbox 243 1857 1844 1943">
     <span class='ocr_line' id='line_1_20' title="bbox 243 1857 1844 1943; baseline -0.011 -15"><span class='ocrx_word' id='word_1_119' title='bbox 243 1884 347 1928; x_wconf 84' lang='lat' dir='ltr'><strong>aut</strong></span> <span class='ocrx_word' id='word_1_120' title='bbox 379 1873 684 1943; x_wconf 85' lang='lat' dir='ltr'><strong>primatum</strong></span> <span class='ocrx_word' id='word_1_121' title='bbox 720 1866 1051 1927; x_wconf 86' lang='lat' dir='ltr'><strong>retractandi</strong></span> <span class='ocrx_word' id='word_1_122' title='bbox 1082 1864 1359 1921; x_wconf 85' lang='lat' dir='ltr'><strong>licentiam</strong></span> <span class='ocrx_word' id='word_1_123' title='bbox 1396 1860 1515 1917; x_wconf 86' lang='lat' dir='ltr'><strong>fore</strong></span> <span class='ocrx_word' id='word_1_124' title='bbox 1544 1857 1844 1923; x_wconf 81' lang='lat' dir='ltr'><strong>existimes,</strong></span> 
     </span>
    </p>
   </div>
   <div class='ocr_carea' id='block_1_21' title="bbox 250 1951 1849 2024">
    <p class='ocr_par' dir='ltr' id='par_1_21' title="bbox 250 1951 1849 2024">
     <span class='ocr_line' id='line_1_21' title="bbox 250 1951 1849 2024; baseline -0.011 -2"><span class='ocrx_word' id='word_1_125' title='bbox 250 1982 319 2021; x_wconf 90' lang='lat' dir='ltr'><strong>ne</strong></span> <span class='ocrx_word' id='word_1_126' title='bbox 350 1974 554 2021; x_wconf 87' lang='lat' dir='ltr'><strong>contra</strong></span> <span class='ocrx_word' id='word_1_127' title='bbox 599 1971 848 2020; x_wconf 88' lang='lat' dir='ltr'><strong>sanctam</strong></span> <span class='ocrx_word' id='word_1_128' title='bbox 873 1962 1178 2017; x_wconf 79' lang='lat' dir='ltr'><strong>Romanam</strong></span> <span class='ocrx_word' id='word_1_129' title='bbox 1208 1955 1506 2013; x_wconf 88' lang='lat' dir='ltr'><strong>Ecclesiam</strong></span> <span class='ocrx_word' id='word_1_130' title='bbox 1550 1951 1849 2024; x_wconf 87' lang='lat' dir='ltr'><strong>quidquam</strong></span> 
     </span>
    </p>
   </div>
   <div class='ocr_carea' id='block_1_22' title="bbox 251 2040 1850 2119">
    <p class='ocr_par' dir='ltr' id='par_1_22' title="bbox 251 2040 1850 2119">
     <span class='ocr_line' id='line_1_22' title="bbox 251 2040 1850 2119; baseline -0.011 -8"><span class='ocrx_word' id='word_1_131' title='bbox 251 2054 350 2111; x_wconf 87' lang='lat' dir='ltr'><strong>tibi</strong></span> <span class='ocrx_word' id='word_1_132' title='bbox 407 2054 713 2109; x_wconf 87' lang='lat' dir='ltr'><strong>attribuere</strong></span> <span class='ocrx_word' id='word_1_133' title='bbox 751 2052 836 2109; x_wconf 85' lang='lat' dir='ltr'><strong>vel</strong></span> <span class='ocrx_word' id='word_1_134' title='bbox 880 2049 1061 2106; x_wconf 89' lang='lat' dir='ltr'><strong>moliri</strong></span> <span class='ocrx_word' id='word_1_135' title='bbox 1084 2047 1313 2119; x_wconf 76' lang='lat' dir='ltr'><strong>cogites,</strong></span> <span class='ocrx_word' id='word_1_136' title='bbox 1340 2044 1460 2100; x_wconf 90' lang='lat' dir='ltr'><strong>sine</strong></span> <span class='ocrx_word' id='word_1_137' title='bbox 1492 2041 1651 2112; x_wconf 88' lang='lat' dir='ltr'><strong>cujus</strong></span> <span class='ocrx_word' id='word_1_138' title='bbox 1676 2040 1850 2096; x_wconf 85' lang='lat' dir='ltr'><strong>abun-</strong></span> 
     </span>
    </p>
   </div>
   <div class='ocr_carea' id='block_1_23' title="bbox 246 2135 1850 2211">
    <p class='ocr_par' dir='ltr' id='par_1_23' title="bbox 246 2135 1850 2211">
     <span class='ocr_line' id='line_1_23' title="bbox 246 2135 1850 2211; baseline -0.011 -9"><span class='ocrx_word' id='word_1_139' title='bbox 246 2144 411 2201; x_wconf 85' lang='lat' dir='ltr'><strong>danti</strong></span> <span class='ocrx_word' id='word_1_140' title='bbox 467 2144 780 2211; x_wconf 85' lang='lat' dir='ltr'><strong>clementia,</strong></span> <span class='ocrx_word' id='word_1_141' title='bbox 842 2156 945 2197; x_wconf 89' lang='lat' dir='ltr'><strong>nec</strong></span> <span class='ocrx_word' id='word_1_142' title='bbox 992 2140 1050 2194; x_wconf 90' lang='lat' dir='ltr'><strong>in</strong></span> <span class='ocrx_word' id='word_1_143' title='bbox 1109 2139 1232 2194; x_wconf 92' lang='lat' dir='ltr'><strong>loco</strong></span> <span class='ocrx_word' id='word_1_144' title='bbox 1280 2135 1503 2206; x_wconf 83' lang='lat' dir='ltr'><strong>quidem</strong></span> <span class='ocrx_word' id='word_1_145' title='bbox 1547 2136 1665 2199; x_wconf 85' lang='lat' dir='ltr'><strong>t‘uo,</strong></span> <span class='ocrx_word' id='word_1_146' title='bbox 1704 2137 1767 2185; x_wconf 92' lang='lat' dir='ltr'><strong>ut</strong></span> <span class='ocrx_word' id='word_1_147' title='bbox 1790 2139 1850 2186; x_wconf 86' lang='lat' dir='ltr'><strong>tu</strong></span> 
     </span>
    </p>
   </div>
   <div class='ocr_carea' id='block_1_24' title="bbox 251 2224 1853 2308">
    <p class='ocr_par' dir='ltr' id='par_1_24' title="bbox 251 2224 1853 2308">
     <span class='ocr_line' id='line_1_24' title="bbox 251 2224 1853 2308; baseline -0.009 -17"><span class='ocrx_word' id='word_1_148' title='bbox 251 2238 370 2308; x_wconf 87' lang='lat' dir='ltr'><strong>ipse</strong></span> <span class='ocrx_word' id='word_1_149' title='bbox 401 2235 572 2303; x_wconf 87' lang='lat' dir='ltr'><strong>nosti,</strong></span> <span class='ocrx_word' id='word_1_150' title='bbox 620 2233 919 2290; x_wconf 85' lang='lat' dir='ltr'><strong>subsistere</strong></span> <span class='ocrx_word' id='word_1_151' title='bbox 940 2240 1115 2303; x_wconf 82' lang='lat' dir='ltr'><strong>petes.</strong></span> <span class='ocrx_word' id='word_1_152' title='bbox 1148 2227 1261 2284; x_wconf 85' lang='lat' dir='ltr'><strong>Nos</strong></span> <span class='ocrx_word' id='word_1_153' title='bbox 1291 2226 1516 2292; x_wconf 86' lang='lat' dir='ltr'><strong>etenim,</strong></span> <span class='ocrx_word' id='word_1_154' title='bbox 1560 2224 1853 2295; x_wconf 72' lang='lat' dir='ltr'><strong>adiuvante</strong></span> 
     </span>
    </p>
   </div>
   <div class='ocr_carea' id='block_1_25' title="bbox 254 2313 1852 2397">
    <p class='ocr_par' dir='ltr' id='par_1_25' title="bbox 254 2313 1852 2397">
     <span class='ocr_line' id='line_1_25' title="bbox 254 2313 1852 2397; baseline -0.009 -14"><span class='ocrx_word' id='word_1_155' title='bbox 254 2329 391 2396; x_wconf 83' lang='lat' dir='ltr'><strong>Deo,</strong></span> <span class='ocrx_word' id='word_1_156' title='bbox 433 2343 533 2397; x_wconf 90' lang='lat' dir='ltr'><strong>per</strong></span> <span class='ocrx_word' id='word_1_157' title='bbox 564 2325 946 2382; x_wconf 84' lang='lat' dir='ltr'><strong>auctoritatem</strong></span> <span class='ocrx_word' id='word_1_158' title='bbox 996 2320 1138 2377; x_wconf 85' lang='lat' dir='ltr'><strong>beati</strong></span> <span class='ocrx_word' id='word_1_159' title='bbox 1187 2318 1356 2385; x_wconf 89' lang='lat' dir='ltr'><strong>Petri,</strong></span> <span class='ocrx_word' id='word_1_160' title='bbox 1410 2317 1553 2374; x_wconf 90' lang='lat' dir='ltr'><strong>sicut</strong></span> <span class='ocrx_word' id='word_1_161' title='bbox 1602 2316 1716 2386; x_wconf 85' lang='lat' dir='ltr'><strong>jam</strong></span> <span class='ocrx_word' id='word_1_162' title='bbox 1757 2313 1852 2370; x_wconf 90' lang='lat' dir='ltr'><strong>diu</strong></span> 
     </span>
    </p>
   </div>
   <div class='ocr_carea' id='block_1_26' title="bbox 255 2403 1853 2486">
    <p class='ocr_par' dir='ltr' id='par_1_26' title="bbox 255 2403 1853 2486">
     <span class='ocr_line' id='line_1_26' title="bbox 255 2403 1853 2486; baseline -0.007 -16"><span class='ocrx_word' id='word_1_163' title='bbox 255 2418 311 2471; x_wconf 86' lang='lat' dir='ltr'><strong>in</strong></span> <span class='ocrx_word' id='word_1_164' title='bbox 358 2416 671 2486; x_wconf 86' lang='lat' dir='ltr'><strong>apostolica</strong></span> <span class='ocrx_word' id='word_1_165' title='bbox 727 2414 858 2471; x_wconf 86' lang='lat' dir='ltr'><strong>sede</strong></span> <span class='ocrx_word' id='word_1_166' title='bbox 911 2413 1191 2468; x_wconf 87' lang='lat' dir='ltr'><strong>decretum</strong></span> <span class='ocrx_word' id='word_1_167' title='bbox 1243 2417 1349 2476; x_wconf 90' lang='lat' dir='ltr'><strong>est,</strong></span> <span class='ocrx_word' id='word_1_168' title='bbox 1405 2407 1547 2462; x_wconf 87' lang='lat' dir='ltr'><strong>inter</strong></span> <span class='ocrx_word' id='word_1_169' title='bbox 1598 2403 1853 2476; x_wconf 69' lang='lat' dir='ltr'><strong>praefatos</strong></span> 
     </span>
    </p>
   </div>
   <div class='ocr_carea' id='block_1_27' title="bbox 255 2494 1854 2578">
    <p class='ocr_par' dir='ltr' id='par_1_27' title="bbox 255 2494 1854 2578">
     <span class='ocr_line' id='line_1_27' title="bbox 255 2494 1854 2578; baseline -0.01 -15"><span class='ocrx_word' id='word_1_170' title='bbox 255 2508 555 2578; x_wconf 84' lang='lat' dir='ltr'><strong>episcopos</strong></span> <span class='ocrx_word' id='word_1_171' title='bbox 619 2506 769 2560; x_wconf 87' lang='lat' dir='ltr'><strong>litem</strong></span> <span class='ocrx_word' id='word_1_172' title='bbox 837 2503 986 2574; x_wconf 83' lang='lat' dir='ltr'><strong>juste</strong></span> <span class='ocrx_word' id='word_1_173' title='bbox 1041 2501 1290 2557; x_wconf 83' lang='lat' dir='ltr'><strong>decidere</strong></span> <span class='ocrx_word' id='word_1_174' title='bbox 1317 2539 1335 2566; x_wconf 95' lang='lat'><strong>,</strong></span> <span class='ocrx_word' id='word_1_175' title='bbox 1412 2506 1468 2552; x_wconf 91' lang='lat' dir='ltr'><strong>et</strong></span> <span class='ocrx_word' id='word_1_176' title='bbox 1548 2494 1854 2550; x_wconf 77' lang='lat' dir='ltr'><strong>Moravensi</strong></span> 
     </span>
    </p>
   </div>
   <div class='ocr_carea' id='block_1_28' title="bbox 256 2586 1855 2666">
    <p class='ocr_par' dir='ltr' id='par_1_28' title="bbox 256 2586 1855 2666">
     <span class='ocr_line' id='line_1_28' title="bbox 256 2586 1855 2666; baseline -0.006 -16"><span class='ocrx_word' id='word_1_177' title='bbox 256 2596 521 2653; x_wconf 66' lang='lat' dir='ltr'><strong>Ecclesia:</strong></span> <span class='ocrx_word' id='word_1_178' title='bbox 541 2612 666 2666; x_wconf 73' lang='lat' dir='ltr'><strong>qua:</strong></span> <span class='ocrx_word' id='word_1_179' title='bbox 693 2596 779 2651; x_wconf 92' lang='lat' dir='ltr'><strong>sui</strong></span> <span class='ocrx_word' id='word_1_180' title='bbox 797 2593 939 2666; x_wconf 86' lang='lat' dir='ltr'><strong>juris</strong></span> <span class='ocrx_word' id='word_1_181' title='bbox 965 2600 1095 2648; x_wconf 92' lang='lat' dir='ltr'><strong>sunt</strong></span> <span class='ocrx_word' id='word_1_182' title='bbox 1114 2591 1407 2647; x_wconf 88' lang='lat' dir='ltr'><strong>decernere</strong></span> <span class='ocrx_word' id='word_1_183' title='bbox 1423 2596 1479 2645; x_wconf 87' lang='lat' dir='ltr'><strong>et</strong></span> <span class='ocrx_word' id='word_1_184' title='bbox 1498 2586 1855 2644; x_wconf 86' lang='lat' dir='ltr'><strong>corroborare</strong></span> 
     </span>
    </p>
   </div>
   <div class='ocr_carea' id='block_1_29' title="bbox 262 2688 712 2758">
    <p class='ocr_par' dir='ltr' id='par_1_29' title="bbox 262 2688 712 2758">
     <span class='ocr_line' id='line_1_29' title="bbox 262 2688 712 2758; baseline 0 -16"><span class='ocrx_word' id='word_1_185' title='bbox 262 2688 712 2758; x_wconf 87' lang='lat' dir='ltr'><strong>procurabimus.</strong></span> 
     </span>
    </p>
   </div>
   <div class='ocr_carea' id='block_1_30' title="bbox 327 2768 1854 2848">
    <p class='ocr_par' dir='ltr' id='par_1_30' title="bbox 327 2768 1854 2848">
     <span class='ocr_line' id='line_1_30' title="bbox 327 2768 1854 2848; baseline -0.007 -15"><span class='ocrx_word' id='word_1_186' title='bbox 327 2780 471 2835; x_wconf 86' lang='lat' dir='ltr'><strong>Data</strong></span> <span class='ocrx_word' id='word_1_187' title='bbox 517 2780 705 2835; x_wconf 70' lang='lat' dir='ltr'><strong>Romae</strong></span> <span class='ocrx_word' id='word_1_188' title='bbox 732 2778 944 2835; x_wconf 86' lang='lat' dir='ltr'><strong>decimo</strong></span> <span class='ocrx_word' id='word_1_189' title='bbox 990 2776 1182 2848; x_wconf 87' lang='lat' dir='ltr'><strong>quinto</strong></span> <span class='ocrx_word' id='word_1_190' title='bbox 1212 2773 1484 2830; x_wconf 82' lang='lat' dir='ltr'><strong>Kalendas</strong></span> <span class='ocrx_word' id='word_1_191' title='bbox 1520 2769 1743 2842; x_wconf 81' lang='lat' dir='ltr'><strong>Aprilis,</strong></span> <span class='ocrx_word' id='word_1_192' title='bbox 1766 2768 1854 2823; x_wconf 92' lang='lat' dir='ltr'><strong>in-</strong></span> 
     </span>
    </p>
   </div>
   <div class='ocr_carea' id='block_1_31' title="bbox 254 2869 866 2931">
    <p class='ocr_par' dir='ltr' id='par_1_31' title="bbox 254 2869 866 2931">
     <span class='ocr_line' id='line_1_31' title="bbox 254 2869 866 2931; baseline -0.015 0"><span class='ocrx_word' id='word_1_193' title='bbox 254 2870 501 2931; x_wconf 66' lang='lat' dir='ltr'><strong>dictione</strong></span> <span class='ocrx_word' id='word_1_194' title='bbox 521 2869 866 2926; x_wconf 88' lang='lat' dir='ltr'><strong>duodecima.</strong></span> 
     </span>
    </p>
   </div>
   <div class='ocr_carea' id='block_1_32' title="bbox 812 2974 1321 3041">
    <p class='ocr_par' dir='ltr' id='par_1_32' title="bbox 812 2974 1321 3041">
     <span class='ocr_line' id='line_1_32' title="bbox 812 2974 1321 3041; baseline -0.026 1"><span class='ocrx_word' id='word_1_195' title='bbox 812 2974 1151 3041; x_wconf 61' lang='grc' dir='ltr'><strong>ΕΠΞΙῸῙΛ</strong></span> <span class='ocrx_word' id='word_1_196' title='bbox 1186 2976 1321 3031; x_wconf 79' lang='lat' dir='ltr'><strong>LXI.</strong></span> 
     </span>
    </p>
   </div>
   <div class='ocr_carea' id='block_1_33' title="bbox 571 3081 1551 3135">
    <p class='ocr_par' dir='ltr' id='par_1_33' title="bbox 571 3081 1551 3135">
     <span class='ocr_line' id='line_1_33' title="bbox 571 3081 1551 3135; baseline -0.019 0"><span class='ocrx_word' id='word_1_197' title='bbox 571 3096 637 3135; x_wconf 73' lang='lat' dir='ltr'><strong>AD</strong></span> <span class='ocrx_word' id='word_1_198' title='bbox 672 3093 1026 3134; x_wconf 72' lang='lat' dir='ltr'><strong>WMTISLAUM</strong></span> <span class='ocrx_word' id='word_1_199' title='bbox 1064 3084 1236 3131; x_wconf 63' lang='lat' dir='ltr'><strong>DUCE&#39;dl</strong></span> <span class='ocrx_word' id='word_1_200' title='bbox 1265 3081 1551 3130; x_wconf 51' lang='lat' dir='ltr'><strong>mill”</strong></span> 
     </span>
    </p>
   </div>
   <div class='ocr_carea' id='block_1_34' title="bbox 868 3164 1263 3240">
    <p class='ocr_par' dir='ltr' id='par_1_34' title="bbox 868 3164 1263 3240">
     <span class='ocr_line' id='line_1_34' title="bbox 868 3164 1263 3240; baseline -0.01 -18"><span class='ocrx_word' id='word_1_201' title='bbox 868 3168 1047 3240; x_wconf 82' lang='lat' dir='ltr'><strong>(Anno</strong></span> <span class='ocrx_word' id='word_1_202' title='bbox 1078 3164 1263 3235; x_wconf 69' lang='lat'><strong>1074.)</strong></span> 
     </span>
    </p>
   </div>
   <div class='ocr_carea' id='block_1_35' title="bbox 262 3248 1846 3327">
    <p class='ocr_par' dir='ltr' id='par_1_35' title="bbox 262 3248 1846 3327">
     <span class='ocr_line' id='line_1_35' title="bbox 262 3248 1846 3327; baseline -0.013 -8"><span class='ocrx_word' id='word_1_203' title='bbox 262 3261 529 3320; x_wconf 70' lang='lat' dir='ltr'><strong>Hortatur</strong></span> <span class='ocrx_word' id='word_1_204' title='bbox 579 3270 642 3314; x_wconf 77' lang='lat' dir='ltr'><strong>ut</strong></span> <span class='ocrx_word' id='word_1_205' title='bbox 693 3260 751 3314; x_wconf 83' lang='lat' dir='ltr'><strong>in</strong></span> <span class='ocrx_word' id='word_1_206' title='bbox 807 3260 918 3313; x_wconf 81' lang='lat' dir='ltr'><strong>dies</strong></span> <span class='ocrx_word' id='word_1_207' title='bbox 967 3258 1192 3327; x_wconf 77' lang='lat' dir='ltr'><strong>majores</strong></span> <span class='ocrx_word' id='word_1_208' title='bbox 1245 3267 1548 3327; x_wconf 56' lang='lat' dir='ltr'><strong>progressus</strong></span> <span class='ocrx_word' id='word_1_209' title='bbox 1591 3250 1757 3327; x_wconf 52' lang='lat' dir='ltr'><strong>faciat</strong></span> <span class='ocrx_word' id='word_1_210' title='bbox 1788 3248 1846 3300; x_wconf 77' lang='lat' dir='ltr'><strong>in</strong></span> 
     </span>
    </p>
   </div>
   <div class='ocr_carea' id='block_1_36' title="bbox 329 3318 1845 3411">
    <p class='ocr_par' dir='ltr' id='par_1_36' title="bbox 329 3318 1845 3411">
     <span class='ocr_line' id='line_1_36' title="bbox 329 3318 1845 3411; baseline -0.011 -23"><span class='ocrx_word' id='word_1_211' title='bbox 329 3334 682 3411; x_wconf 51' lang='lat' dir='ltr'><strong>observantia</strong></span> <span class='ocrx_word' id='word_1_212' title='bbox 705 3346 854 3411; x_wconf 45' lang='lat' dir='ltr'><strong>.erga</strong></span> <span class='ocrx_word' id='word_1_213' title='bbox 906 3318 1599 3411; x_wconf 42' lang='lat' dir='ltr'><strong>Rongnam‘jcclesiarzn</strong></span> <span class='ocrx_word' id='word_1_214' title='bbox 1652 3318 1845 3374; x_wconf 73' lang='lat' dir='ltr'><strong>Osten-</strong></span> 
     </span>
    </p>
   </div>
   <div class='ocr_carea' id='block_1_37' title="bbox 328 3392 1846 3470">
    <p class='ocr_par' dir='ltr' id='par_1_37' title="bbox 328 3392 1846 3470">
     <span class='ocr_line' id='line_1_37' title="bbox 328 3392 1846 3470; baseline -0.011 -12"><span class='ocrx_word' id='word_1_215' title='bbox 328 3403 413 3458; x_wconf 80' lang='lat' dir='ltr'><strong>dit</strong></span> <span class='ocrx_word' id='word_1_216' title='bbox 466 3418 523 3457; x_wconf 76' lang='lat' dir='ltr'><strong>se</strong></span> <span class='ocrx_word' id='word_1_217' title='bbox 565 3392 958 3470; x_wconf 61' lang='lat' dir='ltr'><strong>archiepiscopo</strong></span> <span class='ocrx_word' id='word_1_218' title='bbox 1009 3395 1319 3470; x_wconf 62' lang='lat' dir='ltr'><strong>Moguntina</strong></span> <span class='ocrx_word' id='word_1_219' title='bbox 1372 3392 1728 3470; x_wconf 60' lang='lat' dir='ltr'><strong>signiﬁcasse,</strong></span> <span class='ocrx_word' id='word_1_220' title='bbox 1783 3404 1846 3442; x_wconf 82' lang='lat' dir='ltr'><strong>ne</strong></span> 
     </span>
    </p>
   </div>
   <div class='ocr_carea' id='block_1_38' title="bbox 333 3460 1844 3541">
    <p class='ocr_par' dir='ltr' id='par_1_38' title="bbox 333 3460 1844 3541">
     <span class='ocr_line' id='line_1_38' title="bbox 333 3460 1844 3541; baseline -0.01 -15"><span class='ocrx_word' id='word_1_221' title='bbox 333 3473 392 3527; x_wconf 85' lang='lat' dir='ltr'><strong>in</strong></span> <span class='ocrx_word' id='word_1_222' title='bbox 442 3481 611 3526; x_wconf 74' lang='lat' dir='ltr'><strong>(ausa</strong></span> <span class='ocrx_word' id='word_1_223' title='bbox 660 3460 946 3541; x_wconf 56' lang='lat' dir='ltr'><strong>Bragena&#39;ia</strong></span> <span class='ocrx_word' id='word_1_224' title='bbox 981 3460 1210 3541; x_wconf 67' lang='lat' dir='ltr'><strong>episcopi</strong></span> <span class='ocrx_word' id='word_1_225' title='bbox 1258 3460 1485 3541; x_wconf 40' lang='lat' dir='ltr'><strong>longius.</strong></span> <span class='ocrx_word' id='word_1_226' title='bbox 1508 3460 1844 3541; x_wconf 64' lang='lat' dir='ltr'><strong>progredere-</strong></span> 
     </span>
    </p>
   </div>
   <div class='ocr_carea' id='block_1_39' title="bbox 324 3529 1847 3664">
    <p class='ocr_par' dir='ltr' id='par_1_39' title="bbox 324 3529 1847 3664">
     <span class='ocr_line' id='line_1_39' title="bbox 324 3529 1847 3664; baseline -0.01 -68"><span class='ocrx_word' id='word_1_227' title='bbox 324 3553 478 3664; x_wconf 42' lang='grc' dir='ltr'><strong>ἔπη-,ε</strong></span> <span class='ocrx_word' id='word_1_228' title='bbox 528 3557 695 3612; x_wconf 79' lang='lat' dir='ltr'><strong>quare</strong></span> <span class='ocrx_word' id='word_1_229' title='bbox 736 3529 855 3596; x_wconf 77' lang='grc' dir='ltr'><strong>σῖιιε</strong></span> <span class='ocrx_word' id='word_1_230' title='bbox 904 3529 1089 3593; x_wconf 71' lang='lat' dir='ltr'><strong>contra</strong></span> <span class='ocrx_word' id='word_1_231' title='bbox 1132 3529 1305 3606; x_wconf 69' lang='lat' dir='ltr'><strong>ipsum</strong></span> <span class='ocrx_word' id='word_1_232' title='bbox 1348 3529 1516 3604; x_wconf 65' lang='lat' dir='ltr'><strong>Egerit</strong></span> <span class='ocrx_word' id='word_1_233' title='bbox 1560 3529 1709 3584; x_wconf 70' lang='lat' dir='ltr'><strong>nulla</strong></span> <span class='ocrx_word' id='word_1_234' title='bbox 1737 3543 1847 3584; x_wconf 76' lang='lat' dir='ltr'><strong>esse</strong></span> 
     </span>
     <span class='ocr_line' id='line_1_40' title="bbox 368 3620 589 3664; baseline 0 0"><span class='ocrx_word' id='word_1_235' title='bbox 368 3620 589 3664; x_wconf 68' lang='lat' dir='ltr'><strong>celarat.</strong></span> 
     </span>
    </p>
   </div>
   <div class='ocr_carea' id='block_1_40' title="bbox 368 3620 589 3667">
    <p class='ocr_par' dir='ltr' id='par_1_40' title="bbox 368 3620 589 3667">
     <span class='ocr_line' id='line_1_41' title="bbox 368 3620 589 3667; baseline -0.005 0"><span class='ocrx_word' id='word_1_236' title='bbox 368 3620 589 3667; x_wconf 77' lang='lat' dir='ltr'><strong>eciarat.</strong></span> 
     </span>
    </p>
   </div>
   <div class='ocr_carea' id='block_1_41' title="bbox 331 3687 1848 3771">
    <p class='ocr_par' dir='ltr' id='par_1_41' title="bbox 331 3687 1848 3771">
     <span class='ocr_line' id='line_1_42' title="bbox 331 3687 1848 3771; baseline -0.013 -11"><span class='ocrx_word' id='word_1_237' title='bbox 331 3704 646 3759; x_wconf 76' lang='lat' dir='ltr'><strong>GIEGOBIUS</strong></span> <span class='ocrx_word' id='word_1_238' title='bbox 705 3701 995 3771; x_wconf 88' lang='lat' dir='ltr'><strong>episcopus</strong></span> <span class='ocrx_word' id='word_1_239' title='bbox 1020 3741 1035 3766; x_wconf 92' lang='lat'><strong>,</strong></span> <span class='ocrx_word' id='word_1_240' title='bbox 1108 3711 1298 3753; x_wconf 89' lang='lat' dir='ltr'><strong>servus</strong></span> <span class='ocrx_word' id='word_1_241' title='bbox 1358 3706 1643 3749; x_wconf 87' lang='lat' dir='ltr'><strong>servorum</strong></span> <span class='ocrx_word' id='word_1_242' title='bbox 1710 3687 1848 3755; x_wconf 89' lang='lat' dir='ltr'><strong>Dei,</strong></span> 
     </span>
    </p>
   </div>
   <div class='ocr_carea' id='block_1_42' title="bbox 263 3780 1850 3854">
    <p class='ocr_par' dir='ltr' id='par_1_42' title="bbox 263 3780 1850 3854">
     <span class='ocr_line' id='line_1_43' title="bbox 263 3780 1850 3854; baseline -0.008 -7"><span class='ocrx_word' id='word_1_243' title='bbox 263 3794 599 3851; x_wconf 71' lang='lat' dir='ltr'><strong>erisuo</strong></span> <span class='ocrx_word' id='word_1_244' title='bbox 636 3793 766 3849; x_wconf 85' lang='lat' dir='ltr'><strong>duci</strong></span> <span class='ocrx_word' id='word_1_245' title='bbox 794 3791 1069 3848; x_wconf 70' lang='lat' dir='ltr'><strong>Bohemite</strong></span> <span class='ocrx_word' id='word_1_246' title='bbox 1115 3789 1344 3846; x_wconf 85' lang='lat' dir='ltr'><strong>salutem</strong></span> <span class='ocrx_word' id='word_1_247' title='bbox 1393 3792 1449 3840; x_wconf 90' lang='lat' dir='ltr'><strong>et</strong></span> <span class='ocrx_word' id='word_1_248' title='bbox 1495 3780 1850 3854; x_wconf 86' lang='lat' dir='ltr'><strong>apostolicam</strong></span> 
     </span>
    </p>
   </div>
   <div class='ocr_carea' id='block_1_43' title="bbox 264 3886 725 3943">
    <p class='ocr_par' dir='ltr' id='par_1_43' title="bbox 264 3886 725 3943">
     <span class='ocr_line' id='line_1_44' title="bbox 264 3886 725 3943; baseline -0.009 -1"><span class='ocrx_word' id='word_1_249' title='bbox 264 3886 725 3943; x_wconf 81' lang='lat' dir='ltr'><strong>benedictionem.</strong></span> 
     </span>
    </p>
   </div>
   <div class='ocr_carea' id='block_1_44' title="bbox 276 3960 1854 4045">
    <p class='ocr_par' dir='ltr' id='par_1_44' title="bbox 276 3960 1854 4045">
     <span class='ocr_line' id='line_1_45' title="bbox 276 3960 1854 4045; baseline -0.011 -13"><span class='ocrx_word' id='word_1_250' title='bbox 276 3988 279 3991; x_wconf 87' lang='lat'>&#39;</span> <span class='ocrx_word' id='word_1_251' title='bbox 331 3976 607 4045; x_wconf 81' lang='lat' dir='ltr'><strong>Quoniam</strong></span> <span class='ocrx_word' id='word_1_252' title='bbox 643 3974 861 4030; x_wconf 76' lang='lat' dir='ltr'><strong>afﬂatus</strong></span> <span class='ocrx_word' id='word_1_253' title='bbox 908 3973 1034 4044; x_wconf 90' lang='lat' dir='ltr'><strong>igne</strong></span> <span class='ocrx_word' id='word_1_254' title='bbox 1081 3971 1268 4028; x_wconf 88' lang='lat' dir='ltr'><strong>divino</strong></span> <span class='ocrx_word' id='word_1_255' title='bbox 1317 3967 1494 4023; x_wconf 88' lang='lat' dir='ltr'><strong>studia</strong></span> <span class='ocrx_word' id='word_1_256' title='bbox 1548 3960 1854 4021; x_wconf 84' lang='lat' dir='ltr'><strong>devotionis</strong></span> 
     </span>
    </p>
   </div>
   <div class='ocr_carea' id='block_1_45' title="bbox 264 4053 1856 4137">
    <p class='ocr_par' dir='ltr' id='par_1_45' title="bbox 264 4053 1856 4137">
     <span class='ocr_line' id='line_1_46' title="bbox 264 4053 1856 4137; baseline -0.01 -15"><span class='ocrx_word' id='word_1_257' title='bbox 264 4078 393 4137; x_wconf 85' lang='lat' dir='ltr'><strong>erga</strong></span> <span class='ocrx_word' id='word_1_258' title='bbox 446 4074 703 4121; x_wconf 84' lang='lat' dir='ltr'><strong>sanctam</strong></span> <span class='ocrx_word' id='word_1_259' title='bbox 761 4071 818 4118; x_wconf 90' lang='lat' dir='ltr'><strong>et</strong></span> <span class='ocrx_word' id='word_1_260' title='bbox 871 4061 1227 4133; x_wconf 85' lang='lat' dir='ltr'><strong>apostolicam</strong></span> <span class='ocrx_word' id='word_1_261' title='bbox 1300 4055 1600 4114; x_wconf 89' lang='lat' dir='ltr'><strong>Ecclesiam</strong></span> <span class='ocrx_word' id='word_1_262' title='bbox 1654 4053 1856 4108; x_wconf 88' lang='lat' dir='ltr'><strong>habere</strong></span> 
     </span>
    </p>
   </div>
   <div class='ocr_carea' id='block_1_46' title="bbox 266 4143 1857 4226">
    <p class='ocr_par' dir='ltr' id='par_1_46' title="bbox 266 4143 1857 4226">
     <span class='ocr_line' id='line_1_47' title="bbox 266 4143 1857 4226; baseline -0.011 -11"><span class='ocrx_word' id='word_1_263' title='bbox 266 4156 502 4226; x_wconf 68' lang='lat' dir='ltr'><strong>coepisti,</strong></span> <span class='ocrx_word' id='word_1_264' title='bbox 531 4155 697 4212; x_wconf 89' lang='lat' dir='ltr'><strong>silere</strong></span> <span class='ocrx_word' id='word_1_265' title='bbox 726 4169 831 4209; x_wconf 91' lang='lat' dir='ltr'><strong>nos</strong></span> <span class='ocrx_word' id='word_1_266' title='bbox 865 4153 1107 4209; x_wconf 87' lang='lat' dir='ltr'><strong>charitas</strong></span> <span class='ocrx_word' id='word_1_267' title='bbox 1151 4152 1206 4207; x_wconf 93' lang='lat' dir='ltr'><strong>in</strong></span> <span class='ocrx_word' id='word_1_268' title='bbox 1229 4160 1283 4207; x_wconf 92' lang='lat' dir='ltr'><strong>te</strong></span> <span class='ocrx_word' id='word_1_269' title='bbox 1316 4149 1512 4206; x_wconf 80' lang='lat' dir='ltr'><strong>diﬂ&#39;usa</strong></span> <span class='ocrx_word' id='word_1_270' title='bbox 1556 4161 1668 4201; x_wconf 91' lang='lat' dir='ltr'><strong>non</strong></span> <span class='ocrx_word' id='word_1_271' title='bbox 1716 4143 1857 4215; x_wconf 87' lang='lat' dir='ltr'><strong>pati-</strong></span> 
     </span>
    </p>
   </div>
   <div class='ocr_carea' id='block_1_47' title="bbox 267 4236 1855 4316">
    <p class='ocr_par' dir='ltr' id='par_1_47' title="bbox 267 4236 1855 4316">
     <span class='ocr_line' id='line_1_48' title="bbox 267 4236 1855 4316; baseline -0.006 -16"><span class='ocrx_word' id='word_1_272' title='bbox 267 4253 378 4312; x_wconf 81' lang='lat' dir='ltr'><strong>tur,</strong></span> <span class='ocrx_word' id='word_1_273' title='bbox 413 4246 544 4316; x_wconf 86' lang='lat' dir='ltr'><strong>quin</strong></span> <span class='ocrx_word' id='word_1_274' title='bbox 577 4245 834 4301; x_wconf 90' lang='lat' dir='ltr'><strong>ardorem</strong></span> <span class='ocrx_word' id='word_1_275' title='bbox 862 4244 1059 4301; x_wconf 83' lang='lat' dir='ltr'><strong>divinae</strong></span> <span class='ocrx_word' id='word_1_276' title='bbox 1087 4241 1366 4300; x_wconf 87' lang='lat' dir='ltr'><strong>servitutis</strong></span> <span class='ocrx_word' id='word_1_277' title='bbox 1391 4241 1459 4296; x_wconf 90' lang='lat' dir='ltr'><strong>de</strong></span> <span class='ocrx_word' id='word_1_278' title='bbox 1486 4238 1574 4295; x_wconf 87' lang='lat' dir='ltr'><strong>die</strong></span> <span class='ocrx_word' id='word_1_279' title='bbox 1607 4238 1665 4292; x_wconf 88' lang='lat' dir='ltr'><strong>in</strong></span> <span class='ocrx_word' id='word_1_280' title='bbox 1710 4236 1855 4293; x_wconf 84' lang='lat' dir='ltr'><strong>diem</strong></span> 
     </span>
    </p>
   </div>
   <div class='ocr_carea' id='block_1_48' title="bbox 267 4332 1859 4409">
    <p class='ocr_par' dir='ltr' id='par_1_48' title="bbox 267 4332 1859 4409">
     <span class='ocr_line' id='line_1_49' title="bbox 267 4332 1859 4409; baseline -0.006 -15"><span class='ocrx_word' id='word_1_281' title='bbox 267 4340 563 4396; x_wconf 79' lang='lat' dir='ltr'><strong>ferventius</strong></span> <span class='ocrx_word' id='word_1_282' title='bbox 586 4348 649 4395; x_wconf 82' lang='lat' dir='ltr'><strong>te</strong></span> <span class='ocrx_word' id='word_1_283' title='bbox 681 4340 970 4409; x_wconf 86' lang='lat' dir='ltr'><strong>concipere</strong></span> <span class='ocrx_word' id='word_1_284' title='bbox 1004 4337 1277 4409; x_wconf 82' lang='lat' dir='ltr'><strong>frequenti</strong></span> <span class='ocrx_word' id='word_1_285' title='bbox 1326 4332 1709 4392; x_wconf 83' lang='lat' dir='ltr'><strong>exhortatione</strong></span> <span class='ocrx_word' id='word_1_286' title='bbox 1742 4345 1859 4385; x_wconf 89' lang='lat' dir='ltr'><strong>mo-</strong></span> 
     </span>
    </p>
   </div>
   <div class='ocr_carea' id='block_1_49' title="bbox 268 4425 1859 4501">
    <p class='ocr_par' dir='ltr' id='par_1_49' title="bbox 268 4425 1859 4501">
     <span class='ocr_line' id='line_1_50' title="bbox 268 4425 1859 4501; baseline -0.006 -15"><span class='ocrx_word' id='word_1_287' title='bbox 268 4438 520 4488; x_wconf 84' lang='lat' dir='ltr'><strong>neamus.</strong></span> <span class='ocrx_word' id='word_1_288' title='bbox 548 4431 643 4487; x_wconf 89' lang='lat' dir='ltr'><strong>Illa</strong></span> <span class='ocrx_word' id='word_1_289' title='bbox 665 4432 872 4487; x_wconf 81' lang='lat' dir='ltr'><strong>etenim</strong></span> <span class='ocrx_word' id='word_1_290' title='bbox 897 4439 1022 4487; x_wconf 85' lang='lat' dir='ltr'><strong>vota</strong></span> <span class='ocrx_word' id='word_1_291' title='bbox 1046 4430 1192 4501; x_wconf 90' lang='lat' dir='ltr'><strong>apud</strong></span> <span class='ocrx_word' id='word_1_292' title='bbox 1212 4429 1383 4485; x_wconf 87' lang='lat' dir='ltr'><strong>Deum</strong></span> <span class='ocrx_word' id='word_1_293' title='bbox 1410 4425 1632 4498; x_wconf 68' lang='lat' dir='ltr'><strong>praemia</strong></span> <span class='ocrx_word' id='word_1_294' title='bbox 1644 4438 1859 4480; x_wconf 88' lang='lat' dir='ltr'><strong>meren-</strong></span> 
     </span>
    </p>
   </div>
   <div class='ocr_carea' id='block_1_50' title="bbox 272 4520 1856 4594">
    <p class='ocr_par' dir='ltr' id='par_1_50' title="bbox 272 4520 1856 4594">
     <span class='ocr_line' id='line_1_51' title="bbox 272 4520 1856 4594; baseline -0.005 -17"><span class='ocrx_word' id='word_1_295' title='bbox 272 4531 361 4577; x_wconf 90' lang='lat' dir='ltr'><strong>tur</strong></span> <span class='ocrx_word' id='word_1_296' title='bbox 380 4532 437 4579; x_wconf 88' lang='lat' dir='ltr'><strong>et</strong></span> <span class='ocrx_word' id='word_1_297' title='bbox 469 4522 723 4594; x_wconf 85' lang='lat' dir='ltr'><strong>gloriam,</strong></span> <span class='ocrx_word' id='word_1_298' title='bbox 759 4538 883 4592; x_wconf 74' lang='lat' dir='ltr'><strong>quae</strong></span> <span class='ocrx_word' id='word_1_299' title='bbox 923 4538 1023 4593; x_wconf 86' lang='lat' dir='ltr'><strong>per</strong></span> <span class='ocrx_word' id='word_1_300' title='bbox 1054 4520 1255 4594; x_wconf 88' lang='lat' dir='ltr'><strong>gradus</strong></span> <span class='ocrx_word' id='word_1_301' title='bbox 1299 4521 1572 4575; x_wconf 90' lang='lat' dir='ltr'><strong>bonorum</strong></span> <span class='ocrx_word' id='word_1_302' title='bbox 1627 4530 1856 4587; x_wconf 90' lang='lat' dir='ltr'><strong>operum</strong></span> 
     </span>
    </p>
   </div>
   <div class='ocr_carea' id='block_1_51' title="bbox 270 4608 1859 4686">
    <p class='ocr_par' dir='ltr' id='par_1_51' title="bbox 270 4608 1859 4686">
     <span class='ocr_line' id='line_1_52' title="bbox 270 4608 1859 4686; baseline -0.006 -16"><span class='ocrx_word' id='word_1_303' title='bbox 270 4616 341 4671; x_wconf 90' lang='lat' dir='ltr'><strong>ad</strong></span> <span class='ocrx_word' id='word_1_304' title='bbox 359 4630 623 4672; x_wconf 89' lang='lat' dir='ltr'><strong>cacumen</strong></span> <span class='ocrx_word' id='word_1_305' title='bbox 657 4614 1012 4686; x_wconf 88' lang='lat' dir='ltr'><strong>plenitudinis</strong></span> <span class='ocrx_word' id='word_1_306' title='bbox 1034 4615 1282 4679; x_wconf 82' lang='lat' dir='ltr'><strong>tendunt,</strong></span> <span class='ocrx_word' id='word_1_307' title='bbox 1307 4622 1363 4668; x_wconf 91' lang='lat' dir='ltr'><strong>et</strong></span> <span class='ocrx_word' id='word_1_308' title='bbox 1391 4625 1606 4681; x_wconf 89' lang='lat' dir='ltr'><strong>semper</strong></span> <span class='ocrx_word' id='word_1_309' title='bbox 1629 4608 1684 4663; x_wconf 92' lang='lat' dir='ltr'><strong>in</strong></span> <span class='ocrx_word' id='word_1_310' title='bbox 1714 4608 1859 4663; x_wconf 86' lang='lat' dir='ltr'><strong>bona</strong></span> 
     </span>
    </p>
   </div>
   <div class='ocr_carea' id='block_1_52' title="bbox 269 4700 1860 4778">
    <p class='ocr_par' dir='ltr' id='par_1_52' title="bbox 269 4700 1860 4778">
     <span class='ocr_line' id='line_1_53' title="bbox 269 4700 1860 4778; baseline -0.008 -12"><span class='ocrx_word' id='word_1_311' title='bbox 269 4707 543 4766; x_wconf 84' lang='lat' dir='ltr'><strong>desideria</strong></span> <span class='ocrx_word' id='word_1_312' title='bbox 581 4707 850 4778; x_wconf 88' lang='lat' dir='ltr'><strong>ampliora</strong></span> <span class='ocrx_word' id='word_1_313' title='bbox 875 4706 1212 4777; x_wconf 89' lang='lat' dir='ltr'><strong>concipiunt.</strong></span> <span class='ocrx_word' id='word_1_314' title='bbox 1254 4704 1616 4774; x_wconf 84' lang='lat' dir='ltr'><strong>Quapropter,</strong></span> <span class='ocrx_word' id='word_1_315' title='bbox 1649 4700 1860 4757; x_wconf 85' lang='lat' dir='ltr'><strong>charis-</strong></span> 
     </span>
    </p>
   </div>
   <div class='ocr_carea' id='block_1_53' title="bbox 271 4788 1855 4863">
    <p class='ocr_par' dir='ltr' id='par_1_53' title="bbox 271 4788 1855 4863">
     <span class='ocr_line' id='line_1_54' title="bbox 271 4788 1855 4863; baseline -0.007 -8"><span class='ocrx_word' id='word_1_316' title='bbox 271 4800 410 4855; x_wconf 80' lang='lat' dir='ltr'><strong>sime</strong></span> <span class='ocrx_word' id='word_1_317' title='bbox 452 4795 533 4854; x_wconf 86' lang='lat' dir='ltr'><strong>till</strong></span> <span class='ocrx_word' id='word_1_318' title='bbox 581 4795 639 4850; x_wconf 93' lang='lat' dir='ltr'><strong>in</strong></span> <span class='ocrx_word' id='word_1_319' title='bbox 692 4794 939 4862; x_wconf 85' lang='lat' dir='ltr'><strong>Christo,</strong></span> <span class='ocrx_word' id='word_1_320' title='bbox 988 4794 1135 4851; x_wconf 88' lang='lat' dir='ltr'><strong>bona</strong></span> <span class='ocrx_word' id='word_1_321' title='bbox 1185 4808 1326 4863; x_wconf 72' lang='lat' dir='ltr'><strong>quae,</strong></span> <span class='ocrx_word' id='word_1_322' title='bbox 1377 4791 1491 4847; x_wconf 81' lang='lat' dir='ltr'><strong>Deo</strong></span> <span class='ocrx_word' id='word_1_323' title='bbox 1534 4788 1855 4860; x_wconf 86' lang='lat' dir='ltr'><strong>inspirante,</strong></span> 
     </span>
    </p>
   </div>
   <div class='ocr_carea' id='block_1_54' title="bbox 272 4876 1859 4955">
    <p class='ocr_par' dir='ltr' id='par_1_54' title="bbox 272 4876 1859 4955">
     <span class='ocr_line' id='line_1_55' title="bbox 272 4876 1859 4955; baseline -0.006 -13"><span class='ocrx_word' id='word_1_324' title='bbox 272 4902 427 4943; x_wconf 90' lang='lat' dir='ltr'><strong>mens</strong></span> <span class='ocrx_word' id='word_1_325' title='bbox 460 4896 517 4944; x_wconf 89' lang='lat' dir='ltr'><strong>et</strong></span> <span class='ocrx_word' id='word_1_326' title='bbox 550 4884 772 4944; x_wconf 75' lang='lat' dir='ltr'><strong>devotio</strong></span> <span class='ocrx_word' id='word_1_327' title='bbox 808 4892 902 4938; x_wconf 90' lang='lat' dir='ltr'><strong>tua</strong></span> <span class='ocrx_word' id='word_1_328' title='bbox 948 4882 1255 4955; x_wconf 88' lang='lat' dir='ltr'><strong>proposuit,</strong></span> <span class='ocrx_word' id='word_1_329' title='bbox 1290 4881 1359 4937; x_wconf 88' lang='lat' dir='ltr'><strong>ad</strong></span> <span class='ocrx_word' id='word_1_330' title='bbox 1395 4878 1648 4936; x_wconf 83' lang='lat' dir='ltr'><strong>eti‘ectum</strong></span> <span class='ocrx_word' id='word_1_331' title='bbox 1680 4876 1859 4949; x_wconf 87' lang='lat' dir='ltr'><strong>perfe-</strong></span> 
     </span>
    </p>
   </div>
   <div class='ocr_carea' id='block_1_55' title="bbox 273 4968 1859 5042">
    <p class='ocr_par' dir='ltr' id='par_1_55' title="bbox 273 4968 1859 5042">
     <span class='ocr_line' id='line_1_56' title="bbox 273 4968 1859 5042; baseline -0.005 -11"><span class='ocrx_word' id='word_1_332' title='bbox 273 4978 473 5033; x_wconf 84' lang='lat' dir='ltr'><strong>ctionis</strong></span> <span class='ocrx_word' id='word_1_333' title='bbox 499 4978 792 5039; x_wconf 77' lang='lat' dir='ltr'><strong>extendere</strong></span> <span class='ocrx_word' id='word_1_334' title='bbox 818 4974 977 5032; x_wconf 67' lang='lat' dir='ltr'><strong>Stude</strong></span> <span class='ocrx_word' id='word_1_335' title='bbox 1002 4991 1015 5028; x_wconf 92' lang='lat'>:</span> <span class='ocrx_word' id='word_1_336' title='bbox 1064 4979 1334 5042; x_wconf 88' lang='lat' dir='ltr'><strong>quatenus</strong></span> <span class='ocrx_word' id='word_1_337' title='bbox 1358 4968 1658 5038; x_wconf 87' lang='lat' dir='ltr'><strong>apostolica</strong></span> <span class='ocrx_word' id='word_1_338' title='bbox 1694 4969 1859 5023; x_wconf 86' lang='lat' dir='ltr'><strong>bene-</strong></span> 
     </span>
    </p>
   </div>
   <div class='ocr_carea' id='block_1_56' title="bbox 274 5055 1861 5134">
    <p class='ocr_par' dir='ltr' id='par_1_56' title="bbox 274 5055 1861 5134">
     <span class='ocr_line' id='line_1_57' title="bbox 274 5055 1861 5134; baseline -0.006 -15"><span class='ocrx_word' id='word_1_339' title='bbox 274 5065 532 5134; x_wconf 79' lang='lat' dir='ltr'><strong>volentia,</strong></span> <span class='ocrx_word' id='word_1_340' title='bbox 558 5065 705 5120; x_wconf 90' lang='lat' dir='ltr'><strong>nulla</strong></span> <span class='ocrx_word' id='word_1_341' title='bbox 737 5064 834 5120; x_wconf 88' lang='lat' dir='ltr'><strong>tibi</strong></span> <span class='ocrx_word' id='word_1_342' title='bbox 867 5061 1194 5119; x_wconf 75' lang='lat' dir='ltr'><strong>labefactata</strong></span> <span class='ocrx_word' id='word_1_343' title='bbox 1226 5058 1474 5131; x_wconf 87' lang='lat' dir='ltr'><strong>segnitie,</strong></span> <span class='ocrx_word' id='word_1_344' title='bbox 1501 5073 1601 5129; x_wconf 89' lang='lat' dir='ltr'><strong>pro</strong></span> <span class='ocrx_word' id='word_1_345' title='bbox 1646 5055 1861 5114; x_wconf 87' lang='lat' dir='ltr'><strong>meritis</strong></span> 
     </span>
    </p>
   </div>
   <div class='ocr_carea' id='block_1_57' title="bbox 276 5147 1856 5225">
    <p class='ocr_par' dir='ltr' id='par_1_57' title="bbox 276 5147 1856 5225">
     <span class='ocr_line' id='line_1_58' title="bbox 276 5147 1856 5225; baseline -0.006 -17"><span class='ocrx_word' id='word_1_346' title='bbox 276 5154 384 5211; x_wconf 90' lang='lat' dir='ltr'><strong>tuis</strong></span> <span class='ocrx_word' id='word_1_347' title='bbox 423 5155 678 5225; x_wconf 85' lang='lat' dir='ltr'><strong>ampliori</strong></span> <span class='ocrx_word' id='word_1_348' title='bbox 739 5170 955 5224; x_wconf 89' lang='lat' dir='ltr'><strong>semper</strong></span> <span class='ocrx_word' id='word_1_349' title='bbox 988 5161 1043 5207; x_wconf 89' lang='lat' dir='ltr'><strong>te</strong></span> <span class='ocrx_word' id='word_1_350' title='bbox 1078 5150 1365 5210; x_wconf 69' lang='lat' dir='ltr'><strong>dilectione</strong></span> <span class='ocrx_word' id='word_1_351' title='bbox 1411 5147 1856 5218; x_wconf 88' lang='lat' dir='ltr'><strong>comprehendat.</strong></span> 
     </span>
    </p>
   </div>
   <div class='ocr_carea' id='block_1_58' title="bbox 1948 456 3527 539">
    <p class='ocr_par' dir='ltr' id='par_1_58' title="bbox 1948 456 3527 539">
     <span class='ocr_line' id='line_1_59' title="bbox 1948 456 3527 539; baseline -0.018 0"><span class='ocrx_word' id='word_1_352' title='bbox 1948 456 2193 539; x_wconf 76' lang='lat' dir='ltr'><strong>dicentes</strong></span> <span class='ocrx_word' id='word_1_353' title='bbox 2212 479 2264 533; x_wconf 89' lang='lat' dir='ltr'><strong>ei</strong></span> <span class='ocrx_word' id='word_1_354' title='bbox 2298 494 2367 533; x_wconf 86' lang='lat' dir='ltr'><strong>ne</strong></span> <span class='ocrx_word' id='word_1_355' title='bbox 2394 473 2623 533; x_wconf 86' lang='lat' dir='ltr'><strong>ulterius</strong></span> <span class='ocrx_word' id='word_1_356' title='bbox 2666 486 2728 526; x_wconf 87' lang='lat' dir='ltr'><strong>se</strong></span> <span class='ocrx_word' id='word_1_357' title='bbox 2760 464 3076 538; x_wconf 74' lang='lat' dir='ltr'><strong>huiusmodi</strong></span> <span class='ocrx_word' id='word_1_358' title='bbox 3124 459 3319 519; x_wconf 86' lang='lat' dir='ltr'><strong>inertia</strong></span> <span class='ocrx_word' id='word_1_359' title='bbox 3364 456 3527 530; x_wconf 71' lang='grc' dir='ltr'><strong>υοτει</strong></span> 
     </span>
    </p>
   </div>
   <div class='ocr_carea' id='block_1_59' title="bbox 1948 543 3528 638">
    <p class='ocr_par' dir='ltr' id='par_1_59' title="bbox 1948 543 3528 638">
     <span class='ocr_line' id='line_1_60' title="bbox 1948 543 3528 638; baseline -0.019 -9"><span class='ocrx_word' id='word_1_360' title='bbox 1948 570 2200 638; x_wconf 82' lang='lat' dir='ltr'><strong>audacia]</strong></span> <span class='ocrx_word' id='word_1_361' title='bbox 2227 578 2283 624; x_wconf 89' lang='lat' dir='ltr'><strong>et</strong></span> <span class='ocrx_word' id='word_1_362' title='bbox 2312 565 2561 622; x_wconf 87' lang='lat' dir='ltr'><strong>fatuitate</strong></span> <span class='ocrx_word' id='word_1_363' title='bbox 2598 554 3146 629; x_wconf 78' lang='lat' dir='ltr'><strong>occupareincipiat.</strong></span> <span class='ocrx_word' id='word_1_364' title='bbox 3192 548 3446 604; x_wconf 80' lang='lat' dir='ltr'><strong>Attamen</strong></span> <span class='ocrx_word' id='word_1_365' title='bbox 3479 543 3528 604; x_wconf 90' lang='lat' dir='ltr'><strong>si</strong></span> 
     </span>
    </p>
   </div>
   <div class='ocr_carea' id='block_1_60' title="bbox 1947 641 3530 735">
    <p class='ocr_par' dir='ltr' id='par_1_60' title="bbox 1947 641 3530 735">
     <span class='ocr_line' id='line_1_61' title="bbox 1947 641 3530 735; baseline -0.019 -15"><span class='ocrx_word' id='word_1_366' title='bbox 1947 663 2079 735; x_wconf 88' lang='lat' dir='ltr'><strong>quid</strong></span> <span class='ocrx_word' id='word_1_367' title='bbox 2103 662 2392 718; x_wconf 89' lang='lat' dir='ltr'><strong>adversum</strong></span> <span class='ocrx_word' id='word_1_368' title='bbox 2413 664 2465 711; x_wconf 92' lang='lat' dir='ltr'><strong>te</strong></span> <span class='ocrx_word' id='word_1_369' title='bbox 2486 651 2777 711; x_wconf 82' lang='lat' dir='ltr'><strong>temerario</strong></span> <span class='ocrx_word' id='word_1_370' title='bbox 2792 647 2999 720; x_wconf 79' lang='lat' dir='ltr'><strong>judicio</strong></span> <span class='ocrx_word' id='word_1_371' title='bbox 3020 641 3229 708; x_wconf 84' lang='lat' dir='ltr'><strong>fecerit,</strong></span> <span class='ocrx_word' id='word_1_372' title='bbox 3252 644 3530 709; x_wconf 68' lang='lat' dir='ltr'><strong>pracventu</strong></span> 
     </span>
    </p>
   </div>
   <div class='ocr_carea' id='block_1_61' title="bbox 1949 726 3531 825">
    <p class='ocr_par' dir='ltr' id='par_1_61' title="bbox 1949 726 3531 825">
     <span class='ocr_line' id='line_1_62' title="bbox 1949 726 3531 825; baseline -0.02 -15"><span class='ocrx_word' id='word_1_373' title='bbox 1949 726 2263 825; x_wconf 63' lang='lat' dir='ltr'><strong>apostolica</strong></span> <span class='ocrx_word' id='word_1_374' title='bbox 2292 742 2636 804; x_wconf 84' lang='lat' dir='ltr'><strong>auctoritatis</strong></span> <span class='ocrx_word' id='word_1_375' title='bbox 2662 748 2812 796; x_wconf 89' lang='lat' dir='ltr'><strong>tutus</strong></span> <span class='ocrx_word' id='word_1_376' title='bbox 2842 746 3005 807; x_wconf 87' lang='lat' dir='ltr'><strong>atque</strong></span> <span class='ocrx_word' id='word_1_377' title='bbox 3043 730 3322 797; x_wconf 87' lang='lat' dir='ltr'><strong>defensus,</strong></span> <span class='ocrx_word' id='word_1_378' title='bbox 3355 726 3531 782; x_wconf 88' lang='lat' dir='ltr'><strong>donec</strong></span> 
     </span>
    </p>
   </div>
   <div class='ocr_carea' id='block_1_62' title="bbox 1948 816 3530 904">
    <p class='ocr_par' dir='ltr' id='par_1_62' title="bbox 1948 816 3530 904">
     <span class='ocr_line' id='line_1_63' title="bbox 1948 816 3530 904; baseline -0.02 -3"><span class='ocrx_word' id='word_1_379' title='bbox 1948 816 2147 901; x_wconf 63' lang='lat' dir='ltr'><strong>iterum</strong></span> <span class='ocrx_word' id='word_1_380' title='bbox 2188 841 2263 897; x_wconf 83' lang='lat' dir='ltr'><strong>ad</strong></span> <span class='ocrx_word' id='word_1_381' title='bbox 2294 848 2348 895; x_wconf 89' lang='lat' dir='ltr'><strong>te</strong></span> <span class='ocrx_word' id='word_1_382' title='bbox 2391 843 2577 896; x_wconf 71' lang='lat' dir='ltr'><strong>neatra</strong></span> <span class='ocrx_word' id='word_1_383' title='bbox 2604 830 2805 904; x_wconf 82' lang='lat' dir='ltr'><strong>legatio</strong></span> <span class='ocrx_word' id='word_1_384' title='bbox 2844 826 3169 901; x_wconf 85' lang='lat' dir='ltr'><strong>perferatur,</strong></span> <span class='ocrx_word' id='word_1_385' title='bbox 3212 834 3314 892; x_wconf 88' lang='lat' dir='ltr'><strong>pro</strong></span> <span class='ocrx_word' id='word_1_386' title='bbox 3356 816 3530 873; x_wconf 82' lang='lat' dir='ltr'><strong>nihilo</strong></span> 
     </span>
    </p>
   </div>
   <div class='ocr_carea' id='block_1_63' title="bbox 1949 908 3531 1004">
    <p class='ocr_par' dir='ltr' id='par_1_63' title="bbox 1949 908 3531 1004">
     <span class='ocr_line' id='line_1_64' title="bbox 1949 908 3531 1004; baseline -0.021 -11"><span class='ocrx_word' id='word_1_387' title='bbox 1949 939 2141 1002; x_wconf 88' lang='lat' dir='ltr'><strong>ducas,</strong></span> <span class='ocrx_word' id='word_1_388' title='bbox 2170 931 2454 1004; x_wconf 87' lang='lat' dir='ltr'><strong>magisque</strong></span> <span class='ocrx_word' id='word_1_389' title='bbox 2481 926 2584 984; x_wconf 87' lang='lat' dir='ltr'><strong>sibi</strong></span> <span class='ocrx_word' id='word_1_390' title='bbox 2615 924 2685 980; x_wconf 88' lang='lat' dir='ltr'><strong>ad</strong></span> <span class='ocrx_word' id='word_1_391' title='bbox 2704 921 3030 994; x_wconf 89' lang='lat' dir='ltr'><strong>periculum,</strong></span> <span class='ocrx_word' id='word_1_392' title='bbox 3060 931 3227 988; x_wconf 85' lang='lat' dir='ltr'><strong>quam</strong></span> <span class='ocrx_word' id='word_1_393' title='bbox 3254 909 3356 968; x_wconf 89' lang='lat' dir='ltr'><strong>tibi</strong></span> <span class='ocrx_word' id='word_1_394' title='bbox 3374 908 3531 965; x_wconf 77' lang='lat' dir='ltr'><strong>futu-</strong></span> 
     </span>
    </p>
   </div>
   <div class='ocr_carea' id='block_1_64' title="bbox 1952 1004 3532 1090">
    <p class='ocr_par' dir='ltr' id='par_1_64' title="bbox 1952 1004 3532 1090">
     <span class='ocr_line' id='line_1_65' title="bbox 1952 1004 3532 1090; baseline -0.018 -5"><span class='ocrx_word' id='word_1_395' title='bbox 1952 1044 2075 1084; x_wconf 91' lang='lat' dir='ltr'><strong>rum</strong></span> <span class='ocrx_word' id='word_1_396' title='bbox 2103 1040 2226 1083; x_wconf 88' lang='lat' dir='ltr'><strong>esse</strong></span> <span class='ocrx_word' id='word_1_397' title='bbox 2255 1039 2366 1079; x_wconf 90' lang='lat' dir='ltr'><strong>non</strong></span> <span class='ocrx_word' id='word_1_398' title='bbox 2399 1020 2665 1090; x_wconf 87' lang='lat' dir='ltr'><strong>ambigas.</strong></span> <span class='ocrx_word' id='word_1_399' title='bbox 2697 1015 2774 1071; x_wconf 86' lang='lat' dir='ltr'><strong>De</strong></span> <span class='ocrx_word' id='word_1_400' title='bbox 2793 1021 2993 1071; x_wconf 62' lang='lat' dir='ltr'><strong>cetero</strong></span> <span class='ocrx_word' id='word_1_401' title='bbox 3023 1005 3338 1081; x_wconf 83' lang='lat' dir='ltr'><strong>apostolicis</strong></span> <span class='ocrx_word' id='word_1_402' title='bbox 3361 1004 3532 1059; x_wconf 85' lang='lat' dir='ltr'><strong>bene-</strong></span> 
     </span>
    </p>
   </div>
   <div class='ocr_carea' id='block_1_65' title="bbox 1948 1098 3322 1183">
    <p class='ocr_par' dir='ltr' id='par_1_65' title="bbox 1948 1098 3322 1183">
     <span class='ocr_line' id='line_1_66' title="bbox 1948 1098 3322 1183; baseline -0.019 -7"><span class='ocrx_word' id='word_1_403' title='bbox 1948 1116 2281 1175; x_wconf 86' lang='lat' dir='ltr'><strong>dictionibus</strong></span> <span class='ocrx_word' id='word_1_404' title='bbox 2300 1127 2516 1183; x_wconf 89' lang='lat' dir='ltr'><strong>semper</strong></span> <span class='ocrx_word' id='word_1_405' title='bbox 2542 1119 2593 1166; x_wconf 90' lang='lat' dir='ltr'><strong>te</strong></span> <span class='ocrx_word' id='word_1_406' title='bbox 2619 1106 2890 1163; x_wconf 88' lang='lat' dir='ltr'><strong>munitum</strong></span> <span class='ocrx_word' id='word_1_407' title='bbox 2921 1117 3045 1159; x_wconf 89' lang='lat' dir='ltr'><strong>esse</strong></span> <span class='ocrx_word' id='word_1_408' title='bbox 3058 1098 3322 1171; x_wconf 83' lang='lat' dir='ltr'><strong>gaudeas.</strong></span> 
     </span>
    </p>
   </div>
   <div class='ocr_carea' id='block_1_66' title="bbox 2022 1182 3536 1269">
    <p class='ocr_par' dir='ltr' id='par_1_66' title="bbox 2022 1182 3536 1269">
     <span class='ocr_line' id='line_1_67' title="bbox 2022 1182 3536 1269; baseline -0.017 -7"><span class='ocrx_word' id='word_1_409' title='bbox 2022 1207 2158 1262; x_wconf 87' lang='lat' dir='ltr'><strong>Data</strong></span> <span class='ocrx_word' id='word_1_410' title='bbox 2180 1203 2368 1259; x_wconf 66' lang='lat' dir='ltr'><strong>Romae</strong></span> <span class='ocrx_word' id='word_1_411' title='bbox 2387 1182 2601 1257; x_wconf 83' lang='lat' dir='ltr'><strong>decimo</strong></span> <span class='ocrx_word' id='word_1_412' title='bbox 2620 1194 2815 1269; x_wconf 91' lang='lat' dir='ltr'><strong>quinto</strong></span> <span class='ocrx_word' id='word_1_413' title='bbox 2856 1191 3123 1248; x_wconf 77' lang='lat' dir='ltr'><strong>Kalendas</strong></span> <span class='ocrx_word' id='word_1_414' title='bbox 3152 1185 3372 1259; x_wconf 83' lang='lat' dir='ltr'><strong>Aprilis,</strong></span> <span class='ocrx_word' id='word_1_415' title='bbox 3396 1182 3536 1238; x_wconf 86' lang='lat' dir='ltr'><strong>indi-</strong></span> 
     </span>
    </p>
   </div>
   <div class='ocr_carea' id='block_1_67' title="bbox 1951 1295 2501 1356">
    <p class='ocr_par' dir='ltr' id='par_1_67' title="bbox 1951 1295 2501 1356">
     <span class='ocr_line' id='line_1_68' title="bbox 1951 1295 2501 1356; baseline -0.016 0"><span class='ocrx_word' id='word_1_416' title='bbox 1951 1298 2129 1356; x_wconf 89' lang='lat' dir='ltr'><strong>ctione</strong></span> <span class='ocrx_word' id='word_1_417' title='bbox 2161 1295 2501 1353; x_wconf 89' lang='lat' dir='ltr'><strong>duodecima.</strong></span> 
     </span>
    </p>
   </div>
   <div class='ocr_carea' id='block_1_68' title="bbox 2471 1374 2989 1439">
    <p class='ocr_par' dir='ltr' id='par_1_68' title="bbox 2471 1374 2989 1439">
     <span class='ocr_line' id='line_1_69' title="bbox 2471 1374 2989 1439; baseline -0.019 0"><span class='ocrx_word' id='word_1_418' title='bbox 2471 1378 2809 1439; x_wconf 80' lang='lat' dir='ltr'><strong>EPISTOLA</strong></span> <span class='ocrx_word' id='word_1_419' title='bbox 2851 1374 2989 1432; x_wconf 79' lang='lat' dir='ltr'><strong>LXII</strong></span> 
     </span>
    </p>
   </div>
   <div class='ocr_carea' id='block_1_69' title="bbox 2208 1476 3271 1534">
    <p class='ocr_par' dir='ltr' id='par_1_69' title="bbox 2208 1476 3271 1534">
     <span class='ocr_line' id='line_1_70' title="bbox 2208 1476 3271 1534; baseline -0.016 1"><span class='ocrx_word' id='word_1_420' title='bbox 2208 1493 2277 1534; x_wconf 76' lang='grc' dir='ltr'>ω</span> <span class='ocrx_word' id='word_1_421' title='bbox 2311 1490 2558 1533; x_wconf 63' lang='grc' dir='ltr'><strong>Βυϐοω</strong></span> <span class='ocrx_word' id='word_1_422' title='bbox 2593 1486 2838 1528; x_wconf 75' lang='grc' dir='ltr'><strong>ΔΒΒΔΤΕΙΙ</strong></span> <span class='ocrx_word' id='word_1_423' title='bbox 2874 1476 3271 1524; x_wconf 62' lang='grc' dir='ltr'><strong>οιυκιλεεκεει</strong></span> 
     </span>
    </p>
   </div>
   <div class='ocr_carea' id='block_1_70' title="bbox 2543 1558 2943 1633">
    <p class='ocr_par' dir='ltr' id='par_1_70' title="bbox 2543 1558 2943 1633">
     <span class='ocr_line' id='line_1_71' title="bbox 2543 1558 2943 1633; baseline -0.013 -16"><span class='ocrx_word' id='word_1_424' title='bbox 2543 1562 2724 1633; x_wconf 81' lang='lat' dir='ltr'><strong>(Anno</strong></span> <span class='ocrx_word' id='word_1_425' title='bbox 2763 1558 2943 1629; x_wconf 77' lang='grc'><strong>1074.)</strong></span> 
     </span>
    </p>
   </div>
   <div class='ocr_carea' id='block_1_71' title="bbox 1956 1640 3537 1719">
    <p class='ocr_par' dir='ltr' id='par_1_71' title="bbox 1956 1640 3537 1719">
     <span class='ocr_line' id='line_1_72' title="bbox 1956 1640 3537 1719; baseline -0.016 -5"><span class='ocrx_word' id='word_1_426' title='bbox 1956 1660 2191 1717; x_wconf 81' lang='lat' dir='ltr'><strong>Miratur</strong></span> <span class='ocrx_word' id='word_1_427' title='bbox 2213 1672 2330 1711; x_wconf 84' lang='lat' dir='ltr'><strong>eum</strong></span> <span class='ocrx_word' id='word_1_428' title='bbox 2370 1654 2440 1710; x_wconf 80' lang='lat' dir='ltr'><strong>ad</strong></span> <span class='ocrx_word' id='word_1_429' title='bbox 2471 1651 2792 1708; x_wconf 76' lang='lat' dir='ltr'><strong>uisitandum</strong></span> <span class='ocrx_word' id='word_1_430' title='bbox 2834 1644 3175 1719; x_wconf 77' lang='lat' dir='ltr'><strong>apostolicam</strong></span> <span class='ocrx_word' id='word_1_431' title='bbox 3217 1640 3390 1707; x_wconf 71' lang='lat' dir='ltr'><strong>sedent</strong></span> <span class='ocrx_word' id='word_1_432' title='bbox 3435 1652 3537 1691; x_wconf 84' lang='lat' dir='ltr'><strong>non</strong></span> 
     </span>
    </p>
   </div>
   <div class='ocr_carea' id='block_1_72' title="bbox 2034 1718 3537 1792">
    <p class='ocr_par' dir='ltr' id='par_1_72' title="bbox 2034 1718 3537 1792">
     <span class='ocr_line' id='line_1_73' title="bbox 2034 1718 3537 1792; baseline -0.016 -9"><span class='ocrx_word' id='word_1_433' title='bbox 2034 1728 2332 1783; x_wconf 77' lang='lat' dir='ltr'><strong>accessisse.</strong></span> <span class='ocrx_word' id='word_1_434' title='bbox 2366 1724 2541 1778; x_wconf 77' lang='lat' dir='ltr'><strong>Monet</strong></span> <span class='ocrx_word' id='word_1_435' title='bbox 2566 1723 2622 1777; x_wconf 80' lang='lat' dir='ltr'><strong>id</strong></span> <span class='ocrx_word' id='word_1_436' title='bbox 2666 1722 2835 1792; x_wconf 81' lang='lat' dir='ltr'><strong>faciat</strong></span> <span class='ocrx_word' id='word_1_437' title='bbox 2889 1727 2938 1772; x_wconf 84' lang='lat' dir='ltr'><strong>et</strong></span> <span class='ocrx_word' id='word_1_438' title='bbox 2964 1718 3155 1787; x_wconf 76' lang='lat' dir='ltr'><strong>fratres</strong></span> <span class='ocrx_word' id='word_1_439' title='bbox 3197 1727 3319 1765; x_wconf 75' lang='lat' dir='ltr'><strong>suos</strong></span> <span class='ocrx_word' id='word_1_440' title='bbox 3362 1723 3537 1779; x_wconf 72' lang='lat' dir='ltr'><strong>preces</strong></span> 
     </span>
    </p>
   </div>
   <div class='ocr_carea' id='block_1_73' title="bbox 2030 1796 2655 1870">
    <p class='ocr_par' dir='ltr' id='par_1_73' title="bbox 2030 1796 2655 1870">
     <span class='ocr_line' id='line_1_74' title="bbox 2030 1796 2655 1870; baseline -0.013 -17"><span class='ocrx_word' id='word_1_441' title='bbox 2030 1815 2125 1870; x_wconf 85' lang='lat' dir='ltr'><strong>pro</strong></span> <span class='ocrx_word' id='word_1_442' title='bbox 2160 1814 2214 1852; x_wconf 76' lang='lat' dir='ltr'><strong>se</strong></span> <span class='ocrx_word' id='word_1_443' title='bbox 2246 1796 2462 1867; x_wconf 78' lang='lat' dir='ltr'><strong>{undere</strong></span> <span class='ocrx_word' id='word_1_444' title='bbox 2490 1801 2655 1847; x_wconf 84' lang='lat' dir='ltr'><strong>curet.</strong></span> 
     </span>
    </p>
   </div>
   <div class='ocr_carea' id='block_1_74' title="bbox 2021 1884 3535 1958">
    <p class='ocr_par' dir='ltr' id='par_1_74' title="bbox 2021 1884 3535 1958">
     <span class='ocr_line' id='line_1_75' title="bbox 2021 1884 3535 1958; baseline -0.016 -12"><span class='ocrx_word' id='word_1_445' title='bbox 2021 1890 2330 1946; x_wconf 74' lang='lat' dir='ltr'><strong>Gnrcomus</strong></span> <span class='ocrx_word' id='word_1_446' title='bbox 2343 1886 2651 1958; x_wconf 85' lang='lat' dir='ltr'><strong>episcopus,</strong></span> <span class='ocrx_word' id='word_1_447' title='bbox 2675 1896 2868 1940; x_wconf 88' lang='lat' dir='ltr'><strong>servus</strong></span> <span class='ocrx_word' id='word_1_448' title='bbox 2892 1890 3173 1935; x_wconf 86' lang='lat' dir='ltr'><strong>servorum</strong></span> <span class='ocrx_word' id='word_1_449' title='bbox 3215 1888 3312 1939; x_wconf 76' lang='lat' dir='ltr'><strong>JCl,</strong></span> <span class='ocrx_word' id='word_1_450' title='bbox 3329 1884 3535 1926; x_wconf 66' lang='lat' dir='ltr'><strong>auem:</strong></span> 
     </span>
    </p>
   </div>
   <div class='ocr_carea' id='block_1_75' title="bbox 1952 1960 3538 2039">
    <p class='ocr_par' dir='ltr' id='par_1_75' title="bbox 1952 1960 3538 2039">
     <span class='ocr_line' id='line_1_76' title="bbox 1952 1960 3538 2039; baseline -0.013 -4"><span class='ocrx_word' id='word_1_451' title='bbox 1952 1978 2137 2035; x_wconf 90' lang='lat' dir='ltr'><strong>abbati</strong></span> <span class='ocrx_word' id='word_1_452' title='bbox 2169 1975 2518 2033; x_wconf 85' lang='lat' dir='ltr'><strong>Cluniacensi</strong></span> <span class='ocrx_word' id='word_1_453' title='bbox 2567 1974 2797 2030; x_wconf 84' lang='lat' dir='ltr'><strong>salutem</strong></span> <span class='ocrx_word' id='word_1_454' title='bbox 2844 1979 2900 2027; x_wconf 89' lang='lat' dir='ltr'><strong>et</strong></span> <span class='ocrx_word' id='word_1_455' title='bbox 2933 1964 3287 2039; x_wconf 87' lang='lat' dir='ltr'><strong>apostolicam</strong></span> <span class='ocrx_word' id='word_1_456' title='bbox 3318 1960 3538 2018; x_wconf 86' lang='lat' dir='ltr'><strong>benedi-</strong></span> 
     </span>
    </p>
   </div>
   <div class='ocr_carea' id='block_1_76' title="bbox 1951 2057 3493 2126">
    <p class='ocr_par' dir='ltr' id='par_1_76' title="bbox 1951 2057 3493 2126">
     <span class='ocr_line' id='line_1_77' title="bbox 1951 2057 3493 2126; baseline -0.016 0"><span class='ocrx_word' id='word_1_457' title='bbox 1951 2069 2210 2126; x_wconf 88' lang='lat' dir='ltr'><strong>ctionem.</strong></span> <span class='ocrx_word' id='word_1_458' title='bbox 3486 2057 3493 2061; x_wconf 73' lang='lat'>’</span> 
     </span>
    </p>
   </div>
   <div class='ocr_carea' id='block_1_77' title="bbox 2016 2143 3541 2216">
    <p class='ocr_par' dir='ltr' id='par_1_77' title="bbox 2016 2143 3541 2216">
     <span class='ocr_line' id='line_1_78' title="bbox 2016 2143 3541 2216; baseline -0.011 0"><span class='ocrx_word' id='word_1_459' title='bbox 2016 2160 2185 2216; x_wconf 81' lang='lat' dir='ltr'><strong>Grata</strong></span> <span class='ocrx_word' id='word_1_460' title='bbox 2208 2157 2367 2214; x_wconf 90' lang='lat' dir='ltr'><strong>nobis</strong></span> <span class='ocrx_word' id='word_1_461' title='bbox 2391 2164 2447 2214; x_wconf 91' lang='lat' dir='ltr'><strong>et</strong></span> <span class='ocrx_word' id='word_1_462' title='bbox 2467 2155 2646 2212; x_wconf 88' lang='lat' dir='ltr'><strong>dulcia</strong></span> <span class='ocrx_word' id='word_1_463' title='bbox 2671 2163 2801 2210; x_wconf 92' lang='lat' dir='ltr'><strong>sunt</strong></span> <span class='ocrx_word' id='word_1_464' title='bbox 2821 2152 2990 2209; x_wconf 87' lang='lat' dir='ltr'><strong>verba</strong></span> <span class='ocrx_word' id='word_1_465' title='bbox 3010 2152 3213 2211; x_wconf 80' lang='lat' dir='ltr'><strong>vestra,</strong></span> <span class='ocrx_word' id='word_1_466' title='bbox 3247 2152 3339 2202; x_wconf 88' lang='lat' dir='ltr'><strong>sed</strong></span> <span class='ocrx_word' id='word_1_467' title='bbox 3365 2143 3541 2199; x_wconf 90' lang='lat' dir='ltr'><strong>multo</strong></span> 
     </span>
    </p>
   </div>
   <div class='ocr_carea' id='block_1_78' title="bbox 1953 2233 3536 2314">
    <p class='ocr_par' dir='ltr' id='par_1_78' title="bbox 1953 2233 3536 2314">
     <span class='ocr_line' id='line_1_79' title="bbox 1953 2233 3536 2314; baseline -0.013 -6"><span class='ocrx_word' id='word_1_468' title='bbox 1953 2249 2192 2308; x_wconf 86' lang='lat' dir='ltr'><strong>uberiori</strong></span> <span class='ocrx_word' id='word_1_469' title='bbox 2215 2247 2574 2306; x_wconf 88' lang='lat' dir='ltr'><strong>delectatione</strong></span> <span class='ocrx_word' id='word_1_470' title='bbox 2600 2260 2703 2300; x_wconf 91' lang='lat' dir='ltr'><strong>nos</strong></span> <span class='ocrx_word' id='word_1_471' title='bbox 2723 2249 3000 2314; x_wconf 82' lang='lat' dir='ltr'><strong>caperent,</strong></span> <span class='ocrx_word' id='word_1_472' title='bbox 3023 2239 3069 2295; x_wconf 89' lang='lat' dir='ltr'><strong>si</strong></span> <span class='ocrx_word' id='word_1_473' title='bbox 3094 2244 3272 2293; x_wconf 86' lang='lat' dir='ltr'><strong>vestra</strong></span> <span class='ocrx_word' id='word_1_474' title='bbox 3296 2233 3536 2290; x_wconf 74' lang='lat' dir='ltr'><strong>Charitas</strong></span> 
     </span>
    </p>
   </div>
   <div class='ocr_carea' id='block_1_79' title="bbox 1953 2320 3541 2411">
    <p class='ocr_par' dir='ltr' id='par_1_79' title="bbox 1953 2320 3541 2411">
     <span class='ocr_line' id='line_1_80' title="bbox 1953 2320 3541 2411; baseline -0.013 -13"><span class='ocrx_word' id='word_1_475' title='bbox 1953 2341 2231 2398; x_wconf 89' lang='lat' dir='ltr'><strong>ardentius</strong></span> <span class='ocrx_word' id='word_1_476' title='bbox 2284 2355 2411 2411; x_wconf 88' lang='lat' dir='ltr'><strong>erga</strong></span> <span class='ocrx_word' id='word_1_477' title='bbox 2464 2338 2765 2393; x_wconf 84' lang='lat' dir='ltr'><strong>Romanam</strong></span> <span class='ocrx_word' id='word_1_478' title='bbox 2820 2334 3057 2389; x_wconf 79' lang='lat' dir='ltr'><strong>ferveret</strong></span> <span class='ocrx_word' id='word_1_479' title='bbox 3106 2320 3424 2384; x_wconf 78' lang='lat' dir='ltr'><strong>Ecclesiam.</strong></span> <span class='ocrx_word' id='word_1_480' title='bbox 3480 2323 3541 2378; x_wconf 84' lang='lat' dir='ltr'><strong>In</strong></span> 
     </span>
    </p>
   </div>
   <div class='ocr_carea' id='block_1_80' title="bbox 1955 2418 3542 2503">
    <p class='ocr_par' dir='ltr' id='par_1_80' title="bbox 1955 2418 3542 2503">
     <span class='ocr_line' id='line_1_81' title="bbox 1955 2418 3542 2503; baseline -0.012 -14"><span class='ocrx_word' id='word_1_481' title='bbox 1955 2434 2058 2489; x_wconf 85' lang='lat' dir='ltr'><strong>hoc</strong></span> <span class='ocrx_word' id='word_1_482' title='bbox 2071 2431 2538 2503; x_wconf 84' lang='lat' dir='ltr'><strong>enim,dilectionis</strong></span> <span class='ocrx_word' id='word_1_483' title='bbox 2561 2437 2757 2485; x_wconf 71' lang='lat' dir='ltr'><strong>vestrm</strong></span> <span class='ocrx_word' id='word_1_484' title='bbox 2782 2427 3061 2482; x_wconf 76' lang='lat' dir='ltr'><strong>flammam</strong></span> <span class='ocrx_word' id='word_1_485' title='bbox 3088 2420 3325 2476; x_wconf 89' lang='lat' dir='ltr'><strong>residere</strong></span> <span class='ocrx_word' id='word_1_486' title='bbox 3348 2418 3542 2488; x_wconf 75' lang='lat' dir='ltr'><strong>depre-</strong></span> 
     </span>
    </p>
   </div>
   <div class='ocr_carea' id='block_1_81' title="bbox 1956 2496 3544 2593">
    <p class='ocr_par' dir='ltr' id='par_1_81' title="bbox 1956 2496 3544 2593">
     <span class='ocr_line' id='line_1_82' title="bbox 1956 2496 3544 2593; baseline -0.01 -14"><span class='ocrx_word' id='word_1_487' title='bbox 1956 2525 2273 2589; x_wconf 85' lang='lat' dir='ltr'><strong>hendimus,</strong></span> <span class='ocrx_word' id='word_1_488' title='bbox 2320 2523 2467 2593; x_wconf 87' lang='lat' dir='ltr'><strong>quod</strong></span> <span class='ocrx_word' id='word_1_489' title='bbox 2509 2521 2937 2578; x_wconf 88' lang='lat' dir='ltr'><strong>consolationem</strong></span> <span class='ocrx_word' id='word_1_490' title='bbox 2983 2522 3179 2570; x_wconf 81' lang='lat' dir='ltr'><strong>vestrae</strong></span> <span class='ocrx_word' id='word_1_491' title='bbox 3212 2496 3544 2566; x_wconf 78' lang='lat' dir='ltr'><strong>visitationis</strong></span> 
     </span>
    </p>
   </div>
   <div class='ocr_carea' id='block_1_82' title="bbox 1951 2599 3533 2679">
    <p class='ocr_par' dir='ltr' id='par_1_82' title="bbox 1951 2599 3533 2679">
     <span class='ocr_line' id='line_1_83' title="bbox 1951 2599 3533 2679; baseline -0.006 -14"><span class='ocrx_word' id='word_1_492' title='bbox 1951 2609 2116 2665; x_wconf 85' lang='lat' dir='ltr'><strong>toties</strong></span> <span class='ocrx_word' id='word_1_493' title='bbox 2142 2607 2424 2679; x_wconf 62' lang='lat' dir='ltr'><strong>quasitam</strong></span> <span class='ocrx_word' id='word_1_494' title='bbox 2460 2607 2705 2662; x_wconf 80' lang='lat' dir='ltr'><strong>invenire</strong></span> <span class='ocrx_word' id='word_1_495' title='bbox 2745 2619 2854 2659; x_wconf 90' lang='lat' dir='ltr'><strong>non</strong></span> <span class='ocrx_word' id='word_1_496' title='bbox 2886 2618 3200 2674; x_wconf 89' lang='lat' dir='ltr'><strong>possumus.</strong></span> <span class='ocrx_word' id='word_1_497' title='bbox 3233 2599 3291 2657; x_wconf 86' lang='lat' dir='ltr'><strong>1d</strong></span> <span class='ocrx_word' id='word_1_498' title='bbox 3314 2601 3533 2672; x_wconf 87' lang='lat' dir='ltr'><strong>quidem</strong></span> 
     </span>
    </p>
   </div>
   <div class='ocr_carea' id='block_1_83' title="bbox 1955 2693 3538 2768">
    <p class='ocr_par' dir='ltr' id='par_1_83' title="bbox 1955 2693 3538 2768">
     <span class='ocr_line' id='line_1_84' title="bbox 1955 2693 3538 2768; baseline -0.006 -13"><span class='ocrx_word' id='word_1_499' title='bbox 1955 2714 2064 2755; x_wconf 91' lang='lat' dir='ltr'><strong>non</strong></span> <span class='ocrx_word' id='word_1_500' title='bbox 2112 2699 2238 2755; x_wconf 88' lang='lat' dir='ltr'><strong>aliis</strong></span> <span class='ocrx_word' id='word_1_501' title='bbox 2262 2696 2713 2768; x_wconf 85' lang='lat' dir='ltr'><strong>occupationibus</strong></span> <span class='ocrx_word' id='word_1_502' title='bbox 2757 2695 2950 2750; x_wconf 84' lang='lat' dir='ltr'><strong>vestris</strong></span> <span class='ocrx_word' id='word_1_503' title='bbox 3006 2693 3383 2764; x_wconf 85' lang='lat' dir='ltr'><strong>imputandum</strong></span> <span class='ocrx_word' id='word_1_504' title='bbox 3414 2706 3538 2748; x_wconf 84' lang='lat' dir='ltr'><strong>esse</strong></span> 
     </span>
    </p>
   </div>
   <div class='ocr_carea' id='block_1_84' title="bbox 1954 2778 3538 2858">
    <p class='ocr_par' dir='ltr' id='par_1_84' title="bbox 1954 2778 3538 2858">
     <span class='ocr_line' id='line_1_85' title="bbox 1954 2778 3538 2858; baseline -0.007 -12"><span class='ocrx_word' id='word_1_505' title='bbox 1954 2778 2250 2857; x_wconf 82' lang='lat' dir='ltr'><strong>credimus,</strong></span> <span class='ocrx_word' id='word_1_506' title='bbox 2314 2788 2420 2843; x_wconf 90' lang='lat' dir='ltr'><strong>nisi</strong></span> <span class='ocrx_word' id='word_1_507' title='bbox 2462 2787 2609 2858; x_wconf 87' lang='lat' dir='ltr'><strong>quod</strong></span> <span class='ocrx_word' id='word_1_508' title='bbox 2658 2785 2999 2841; x_wconf 86' lang='lat' dir='ltr'><strong>sanctitatem</strong></span> <span class='ocrx_word' id='word_1_509' title='bbox 3042 2790 3278 2837; x_wconf 87' lang='lat' dir='ltr'><strong>vestram</strong></span> <span class='ocrx_word' id='word_1_510' title='bbox 3325 2781 3538 2836; x_wconf 81' lang='lat' dir='ltr'><strong>labores</strong></span> 
     </span>
    </p>
   </div>
   <div class='ocr_carea' id='block_1_85' title="bbox 1956 2860 3539 2953">
    <p class='ocr_par' dir='ltr' id='par_1_85' title="bbox 1956 2860 3539 2953">
     <span class='ocr_line' id='line_1_86' title="bbox 1956 2860 3539 2953; baseline -0.009 -17"><span class='ocrx_word' id='word_1_511' title='bbox 1956 2880 2163 2953; x_wconf 85' lang='lat' dir='ltr'><strong>fugere,</strong></span> <span class='ocrx_word' id='word_1_512' title='bbox 2199 2889 2253 2935; x_wconf 89' lang='lat' dir='ltr'><strong>et</strong></span> <span class='ocrx_word' id='word_1_513' title='bbox 2285 2879 2564 2949; x_wconf 88' lang='lat' dir='ltr'><strong>aliquanto</strong></span> <span class='ocrx_word' id='word_1_514' title='bbox 2598 2860 2852 2947; x_wconf 67' lang='lat' dir='ltr'><strong>graviora</strong></span> <span class='ocrx_word' id='word_1_515' title='bbox 2906 2873 3140 2945; x_wconf 89' lang='lat' dir='ltr'><strong>negotia,</strong></span> <span class='ocrx_word' id='word_1_516' title='bbox 3167 2871 3325 2941; x_wconf 86' lang='lat' dir='ltr'><strong>quasi</strong></span> <span class='ocrx_word' id='word_1_517' title='bbox 3371 2870 3539 2940; x_wconf 50' lang='lat' dir='ltr'><strong>pigri:</strong></span> 
     </span>
    </p>
   </div>
   <div class='ocr_carea' id='block_1_86' title="bbox 1954 2959 3537 3047">
    <p class='ocr_par' dir='ltr' id='par_1_86' title="bbox 1954 2959 3537 3047">
     <span class='ocr_line' id='line_1_87' title="bbox 1954 2959 3537 3047; baseline -0.011 -17"><span class='ocrx_word' id='word_1_518' title='bbox 1954 2983 2123 3029; x_wconf 84' lang='lat' dir='ltr'><strong>tatem</strong></span> <span class='ocrx_word' id='word_1_519' title='bbox 2162 2972 2231 3047; x_wconf 65' lang='lat' dir='ltr'><strong>Lf.</strong></span> <span class='ocrx_word' id='word_1_520' title='bbox 2264 2967 2559 3043; x_wconf 88' lang='lat' dir='ltr'><strong>pigritate],</strong></span> <span class='ocrx_word' id='word_1_521' title='bbox 2594 2967 2921 3039; x_wconf 88' lang='lat' dir='ltr'><strong>quibusdam</strong></span> <span class='ocrx_word' id='word_1_522' title='bbox 2949 2962 3337 3021; x_wconf 86' lang='lat' dir='ltr'><strong>occasionibus</strong></span> <span class='ocrx_word' id='word_1_523' title='bbox 3369 2959 3537 3016; x_wconf 70' lang='lat' dir='ltr'><strong>decli~</strong></span> 
     </span>
    </p>
   </div>
   <div class='ocr_carea' id='block_1_87' title="bbox 1878 3050 3577 3159">
    <p class='ocr_par' dir='ltr' id='par_1_87' title="bbox 1878 3050 3577 3159">
     <span class='ocr_line' id='line_1_88' title="bbox 1878 3050 3577 3159; baseline -0.012 -36"><span class='ocrx_word' id='word_1_524' title='bbox 1878 3102 1920 3159; x_wconf 65' lang='grc' dir='ltr'>ο</span> <span class='ocrx_word' id='word_1_525' title='bbox 1958 3080 2089 3122; x_wconf 87' lang='lat' dir='ltr'><strong>nare</strong></span> <span class='ocrx_word' id='word_1_526' title='bbox 2114 3061 2626 3120; x_wconf 86' lang='lat' dir='ltr'><strong>videmus.Proinde</strong></span> <span class='ocrx_word' id='word_1_527' title='bbox 2650 3065 2841 3114; x_wconf 91' lang='lat' dir='ltr'><strong>noscat</strong></span> <span class='ocrx_word' id='word_1_528' title='bbox 2863 3055 3055 3128; x_wconf 88' lang='lat' dir='ltr'><strong>religio</strong></span> <span class='ocrx_word' id='word_1_529' title='bbox 3077 3061 3260 3109; x_wconf 86' lang='lat' dir='ltr'><strong>vestra</strong></span> <span class='ocrx_word' id='word_1_530' title='bbox 3276 3050 3539 3122; x_wconf 86' lang='lat' dir='ltr'><strong>quoniam</strong></span> <span class='ocrx_word' id='word_1_531' title='bbox 3570 3050 3577 3055; x_wconf 80' lang='grc'><strong>“</strong></span> 
     </span>
    </p>
   </div>
   <div class='ocr_carea' id='block_1_88' title="bbox 1957 3142 3540 3228">
    <p class='ocr_par' dir='ltr' id='par_1_88' title="bbox 1957 3142 3540 3228">
     <span class='ocr_line' id='line_1_89' title="bbox 1957 3142 3540 3228; baseline -0.009 -16"><span class='ocrx_word' id='word_1_532' title='bbox 1957 3157 2051 3228; x_wconf 90' lang='lat' dir='ltr'><strong>qui</strong></span> <span class='ocrx_word' id='word_1_533' title='bbox 2085 3157 2404 3225; x_wconf 86' lang='lat' dir='ltr'><strong>denegatam</strong></span> <span class='ocrx_word' id='word_1_534' title='bbox 2435 3151 2593 3207; x_wconf 89' lang='lat' dir='ltr'><strong>nobis</strong></span> <span class='ocrx_word' id='word_1_535' title='bbox 2619 3148 2963 3220; x_wconf 80' lang='lat' dir='ltr'><strong>praesentiam</strong></span> <span class='ocrx_word' id='word_1_536' title='bbox 2997 3153 3233 3201; x_wconf 85' lang='lat' dir='ltr'><strong>vestram</strong></span> <span class='ocrx_word' id='word_1_537' title='bbox 3276 3142 3540 3197; x_wconf 81' lang='lat' dir='ltr'><strong>hactenus</strong></span> 
     </span>
    </p>
   </div>
   <div class='ocr_carea' id='block_1_89' title="bbox 1957 3231 3541 3305">
    <p class='ocr_par' dir='ltr' id='par_1_89' title="bbox 1957 3231 3541 3305">
     <span class='ocr_line' id='line_1_90' title="bbox 1957 3231 3541 3305; baseline -0.012 -1"><span class='ocrx_word' id='word_1_538' title='bbox 1957 3266 2083 3305; x_wconf 90' lang='lat' dir='ltr'><strong>cum</strong></span> <span class='ocrx_word' id='word_1_539' title='bbox 2113 3246 2471 3303; x_wconf 87' lang='lat' dir='ltr'><strong>admiratione</strong></span> <span class='ocrx_word' id='word_1_540' title='bbox 2500 3241 2880 3305; x_wconf 86' lang='lat' dir='ltr'><strong>sustinuimus,</strong></span> <span class='ocrx_word' id='word_1_541' title='bbox 2907 3236 3162 3305; x_wconf 87' lang='lat' dir='ltr'><strong>deinceps</strong></span> <span class='ocrx_word' id='word_1_542' title='bbox 3214 3233 3332 3289; x_wconf 89' lang='lat' dir='ltr'><strong>sine</strong></span> <span class='ocrx_word' id='word_1_543' title='bbox 3370 3231 3541 3287; x_wconf 79' lang='lat' dir='ltr'><strong>multa</strong></span> 
     </span>
    </p>
   </div>
   <div class='ocr_carea' id='block_1_90' title="bbox 1958 3326 3541 3403">
    <p class='ocr_par' dir='ltr' id='par_1_90' title="bbox 1958 3326 3541 3403">
     <span class='ocr_line' id='line_1_91' title="bbox 1958 3326 3541 3403; baseline -0.012 -8"><span class='ocrx_word' id='word_1_544' title='bbox 1958 3340 2233 3396; x_wconf 77' lang='lat' dir='ltr'><strong>anxietate</strong></span> <span class='ocrx_word' id='word_1_545' title='bbox 2260 3345 2316 3393; x_wconf 89' lang='lat' dir='ltr'><strong>et</strong></span> <span class='ocrx_word' id='word_1_546' title='bbox 2343 3336 2541 3399; x_wconf 83' lang='lat' dir='ltr'><strong>mentis</strong></span> <span class='ocrx_word' id='word_1_547' title='bbox 2591 3330 2998 3403; x_wconf 85' lang='lat' dir='ltr'><strong>perturbatione</strong></span> <span class='ocrx_word' id='word_1_548' title='bbox 3026 3326 3169 3382; x_wconf 89' lang='lat' dir='ltr'><strong>ferre</strong></span> <span class='ocrx_word' id='word_1_549' title='bbox 3195 3340 3306 3380; x_wconf 91' lang='lat' dir='ltr'><strong>non</strong></span> <span class='ocrx_word' id='word_1_550' title='bbox 3344 3336 3541 3395; x_wconf 77' lang='lat' dir='ltr'><strong>possu-</strong></span> 
     </span>
    </p>
   </div>
   <div class='ocr_carea' id='block_1_91' title="bbox 1958 3420 3542 3491">
    <p class='ocr_par' dir='ltr' id='par_1_91' title="bbox 1958 3420 3542 3491">
     <span class='ocr_line' id='line_1_92' title="bbox 1958 3420 3542 3491; baseline -0.012 -4"><span class='ocrx_word' id='word_1_551' title='bbox 1958 3449 2102 3489; x_wconf 90' lang='lat' dir='ltr'><strong>mus.</strong></span> <span class='ocrx_word' id='word_1_552' title='bbox 2143 3430 2454 3486; x_wconf 81' lang='lat' dir='ltr'><strong>Meminisse</strong></span> <span class='ocrx_word' id='word_1_553' title='bbox 2504 3427 2649 3482; x_wconf 91' lang='lat' dir='ltr'><strong>enim</strong></span> <span class='ocrx_word' id='word_1_554' title='bbox 2681 3422 2888 3480; x_wconf 88' lang='lat' dir='ltr'><strong>debetis</strong></span> <span class='ocrx_word' id='word_1_555' title='bbox 2926 3420 3072 3491; x_wconf 86' lang='lat' dir='ltr'><strong>quotl</strong></span> <span class='ocrx_word' id='word_1_556' title='bbox 3098 3427 3154 3473; x_wconf 80' lang='lat' dir='ltr'><strong>et</strong></span> <span class='ocrx_word' id='word_1_557' title='bbox 3198 3424 3403 3488; x_wconf 83' lang='lat' dir='ltr'><strong>quanta</strong></span> <span class='ocrx_word' id='word_1_558' title='bbox 3439 3429 3542 3469; x_wconf 80' lang='lat' dir='ltr'><strong>ne-</strong></span> 
     </span>
    </p>
   </div>
   <div class='ocr_carea' id='block_1_92' title="bbox 1959 3494 3579 3597">
    <p class='ocr_par' dir='ltr' id='par_1_92' title="bbox 1959 3494 3579 3597">
     <span class='ocr_line' id='line_1_93' title="bbox 1959 3494 3579 3597; baseline -0.014 -16"><span class='ocrx_word' id='word_1_559' title='bbox 1959 3526 2103 3597; x_wconf 89' lang='lat' dir='ltr'><strong>gotia</strong></span> <span class='ocrx_word' id='word_1_560' title='bbox 2138 3524 2195 3578; x_wconf 91' lang='lat' dir='ltr'><strong>in</strong></span> <span class='ocrx_word' id='word_1_561' title='bbox 2249 3531 2433 3577; x_wconf 89' lang='lat' dir='ltr'><strong>vestra</strong></span> <span class='ocrx_word' id='word_1_562' title='bbox 2479 3535 2667 3584; x_wconf 89' lang='lat' dir='ltr'><strong>manu,</strong></span> <span class='ocrx_word' id='word_1_563' title='bbox 2720 3525 2775 3571; x_wconf 91' lang='lat' dir='ltr'><strong>et</strong></span> <span class='ocrx_word' id='word_1_564' title='bbox 2798 3511 3092 3569; x_wconf 87' lang='lat' dir='ltr'><strong>confratris</strong></span> <span class='ocrx_word' id='word_1_565' title='bbox 3134 3508 3310 3565; x_wconf 85' lang='lat' dir='ltr'><strong>nostri</strong></span> <span class='ocrx_word' id='word_1_566' title='bbox 3336 3494 3579 3562; x_wconf 60' lang='lat' dir='ltr'><strong>Giraldi&#39;</strong></span> 
     </span>
    </p>
   </div>
   <div class='ocr_carea' id='block_1_93' title="bbox 1963 3604 3581 3692">
    <p class='ocr_par' dir='ltr' id='par_1_93' title="bbox 1963 3604 3581 3692">
     <span class='ocr_line' id='line_1_94' title="bbox 1963 3604 3581 3692; baseline -0.035 -15"><span class='ocrx_word' id='word_1_567' title='bbox 1963 3614 2234 3692; x_wconf 87' lang='lat' dir='ltr'><strong>[Gerardi]</strong></span> <span class='ocrx_word' id='word_1_568' title='bbox 2261 3614 2533 3672; x_wconf 87' lang='lat' dir='ltr'><strong>Ostiensis</strong></span> <span class='ocrx_word' id='word_1_569' title='bbox 2557 3609 2797 3681; x_wconf 88' lang='lat' dir='ltr'><strong>episcopi</strong></span> <span class='ocrx_word' id='word_1_570' title='bbox 2843 3605 3211 3677; x_wconf 62' lang='lat' dir='ltr'><strong>posuerimus,</strong></span> <span class='ocrx_word' id='word_1_571' title='bbox 3257 3610 3380 3673; x_wconf 55' lang='lat' dir='ltr'><strong>qua,</strong></span> <span class='ocrx_word' id='word_1_572' title='bbox 3411 3604 3544 3679; x_wconf 52' lang='lat' dir='ltr'><strong>mw,</strong></span> <span class='ocrx_word' id='word_1_573' title='bbox 3576 3610 3581 3617; x_wconf 95' lang='lat'><strong>.</strong></span> 
     </span>
    </p>
   </div>
   <div class='ocr_carea' id='block_1_94' title="bbox 1965 3676 3546 3782">
    <p class='ocr_par' dir='ltr' id='par_1_94' title="bbox 1965 3676 3546 3782">
     <span class='ocr_line' id='line_1_95' title="bbox 1965 3676 3546 3782; baseline -0.016 -16"><span class='ocrx_word' id='word_1_574' title='bbox 1965 3676 2085 3782; x_wconf 51' lang='lat' dir='ltr'><strong>pter</strong></span> <span class='ocrx_word' id='word_1_575' title='bbox 2115 3676 2417 3763; x_wconf 73' lang='lat' dir='ltr'><strong>absentiam</strong></span> <span class='ocrx_word' id='word_1_576' title='bbox 2463 3676 2698 3758; x_wconf 75' lang='lat' dir='ltr'><strong>vestram</strong></span> <span class='ocrx_word' id='word_1_577' title='bbox 2747 3676 2859 3753; x_wconf 76' lang='lat' dir='ltr'><strong>aut</strong></span> <span class='ocrx_word' id='word_1_578' title='bbox 2876 3696 3116 3765; x_wconf 75' lang='lat' dir='ltr'><strong>neglecta</strong></span> <span class='ocrx_word' id='word_1_579' title='bbox 3150 3699 3398 3760; x_wconf 84' lang='lat' dir='ltr'><strong>pereunt,</strong></span> <span class='ocrx_word' id='word_1_580' title='bbox 3450 3676 3546 3742; x_wconf 75' lang='lat' dir='ltr'><strong>aut</strong></span> 
     </span>
    </p>
   </div>
   <div class='ocr_carea' id='block_1_95' title="bbox 1949 3780 3541 3872">
    <p class='ocr_par' dir='ltr' id='par_1_95' title="bbox 1949 3780 3541 3872">
     <span class='ocr_line' id='line_1_96' title="bbox 1949 3780 3541 3872; baseline -0.017 -13"><span class='ocrx_word' id='word_1_581' title='bbox 1949 3780 2344 3872; x_wconf 83' lang='lat' dir='ltr'><strong>competentem</strong></span> <span class='ocrx_word' id='word_1_582' title='bbox 2376 3796 2538 3851; x_wconf 82' lang='lat' dir='ltr'><strong>tinem</strong></span> <span class='ocrx_word' id='word_1_583' title='bbox 2575 3786 2778 3848; x_wconf 57' lang='lat' dir='ltr'><strong>habere</strong></span> <span class='ocrx_word' id='word_1_584' title='bbox 2813 3796 2921 3837; x_wconf 75' lang='lat' dir='ltr'><strong>non</strong></span> <span class='ocrx_word' id='word_1_585' title='bbox 2955 3785 3206 3872; x_wconf 59' lang='lat' dir='ltr'><strong>possunt.</strong></span> <span class='ocrx_word' id='word_1_586' title='bbox 3258 3780 3541 3853; x_wconf 85' lang='lat' dir='ltr'><strong>quoniam,</strong></span> 
     </span>
    </p>
   </div>
   <div class='ocr_carea' id='block_1_96' title="bbox 1952 3867 3585 3960">
    <p class='ocr_par' dir='ltr' id='par_1_96' title="bbox 1952 3867 3585 3960">
     <span class='ocr_line' id='line_1_97' title="bbox 1952 3867 3585 3960; baseline -0.024 -12"><span class='ocrx_word' id='word_1_587' title='bbox 1952 3867 2092 3949; x_wconf 43' lang='lat' dir='ltr'><strong>cum-</strong></span> <span class='ocrx_word' id='word_1_588' title='bbox 2112 3887 2400 3960; x_wconf 69' lang='lat' dir='ltr'><strong>praefatum</strong></span> <span class='ocrx_word' id='word_1_589' title='bbox 2436 3884 2754 3954; x_wconf 84' lang='lat' dir='ltr'><strong>episcopum</strong></span> <span class='ocrx_word' id='word_1_590' title='bbox 2802 3872 2861 3933; x_wconf 84' lang='lat' dir='ltr'><strong>in</strong></span> <span class='ocrx_word' id='word_1_591' title='bbox 2902 3867 3139 3960; x_wconf 84' lang='lat' dir='ltr'><strong>servitio</strong></span> <span class='ocrx_word' id='word_1_592' title='bbox 3173 3869 3351 3927; x_wconf 63' lang='lat' dir='ltr'><strong>sancti</strong></span> <span class='ocrx_word' id='word_1_593' title='bbox 3396 3867 3585 3923; x_wconf 59' lang='lat' dir='ltr'><strong>pem.</strong></span> 
     </span>
    </p>
   </div>
   <div class='ocr_carea' id='block_1_97' title="bbox 1956 3959 3583 4042">
    <p class='ocr_par' dir='ltr' id='par_1_97' title="bbox 1956 3959 3583 4042">
     <span class='ocr_line' id='line_1_98' title="bbox 1956 3959 3583 4042; baseline -0.015 -7"><span class='ocrx_word' id='word_1_594' title='bbox 1956 3980 2097 4036; x_wconf 90' lang='lat' dir='ltr'><strong>ultra</strong></span> <span class='ocrx_word' id='word_1_595' title='bbox 2117 3959 2349 4032; x_wconf 85' lang='lat' dir='ltr'><strong>montes</strong></span> <span class='ocrx_word' id='word_1_596' title='bbox 2378 3982 2440 4028; x_wconf 90' lang='lat' dir='ltr'><strong>ut</strong></span> <span class='ocrx_word' id='word_1_597' title='bbox 2464 3972 2533 4027; x_wconf 91' lang='lat' dir='ltr'><strong>ad</strong></span> <span class='ocrx_word' id='word_1_598' title='bbox 2557 3984 2742 4042; x_wconf 89' lang='lat' dir='ltr'><strong>regem</strong></span> <span class='ocrx_word' id='word_1_599' title='bbox 2787 3959 3062 4029; x_wconf 71' lang='lat' dir='ltr'><strong>misimus,</strong></span> <span class='ocrx_word' id='word_1_600' title='bbox 3108 3970 3208 4018; x_wconf 68' lang='lat' dir='ltr'><strong>“is</strong></span> <span class='ocrx_word' id='word_1_601' title='bbox 3250 3960 3583 4016; x_wconf 65' lang='lat' dir='ltr'><strong>venturum»</strong></span> 
     </span>
    </p>
   </div>
   <div class='ocr_carea' id='block_1_98' title="bbox 1953 4048 3568 4132">
    <p class='ocr_par' dir='ltr' id='par_1_98' title="bbox 1953 4048 3568 4132">
     <span class='ocr_line' id='line_1_99' title="bbox 1953 4048 3568 4132; baseline -0.016 -4"><span class='ocrx_word' id='word_1_602' title='bbox 1953 4069 2382 4129; x_wconf 69' lang='lat' dir='ltr'><strong>mstimabamus.</strong></span> <span class='ocrx_word' id='word_1_603' title='bbox 2420 4063 2793 4132; x_wconf 54' lang='lat' dir='ltr'><strong>Quapropter,»</strong></span> <span class='ocrx_word' id='word_1_604' title='bbox 2835 4056 2939 4112; x_wconf 88' lang='lat' dir='ltr'><strong>etsi</strong></span> <span class='ocrx_word' id='word_1_605' title='bbox 2969 4052 3269 4113; x_wconf 53' lang='lat' dir='ltr'><strong>commoti.»</strong></span> <span class='ocrx_word' id='word_1_606' title='bbox 3295 4048 3568 4107; x_wconf 46' lang='lat' dir='ltr'><strong>dilectio-iwj</strong></span> 
     </span>
    </p>
   </div>
   <div class='ocr_carea' id='block_1_99' title="bbox 1956 4136 3563 4217">
    <p class='ocr_par' dir='ltr' id='par_1_99' title="bbox 1956 4136 3563 4217">
     <span class='ocr_line' id='line_1_100' title="bbox 1956 4136 3563 4217; baseline -0.016 0"><span class='ocrx_word' id='word_1_607' title='bbox 1956 4175 2081 4217; x_wconf 89' lang='lat' dir='ltr'><strong>nem</strong></span> <span class='ocrx_word' id='word_1_608' title='bbox 2107 4165 2347 4214; x_wconf 83' lang='lat' dir='ltr'><strong>vestram</strong></span> <span class='ocrx_word' id='word_1_609' title='bbox 2372 4153 2568 4210; x_wconf 90' lang='lat' dir='ltr'><strong>intimo</strong></span> <span class='ocrx_word' id='word_1_610' title='bbox 2597 4151 2957 4206; x_wconf 88' lang='lat' dir='ltr'><strong>admonemus</strong></span> <span class='ocrx_word' id='word_1_611' title='bbox 2982 4144 3202 4208; x_wconf 69' lang='lat' dir='ltr'><strong>affectu,</strong></span> <span class='ocrx_word' id='word_1_612' title='bbox 3250 4151 3311 4197; x_wconf 86' lang='lat' dir='ltr'><strong>nt</strong></span> <span class='ocrx_word' id='word_1_613' title='bbox 3334 4150 3443 4195; x_wconf 86' lang='lat' dir='ltr'><strong>nos</strong></span> <span class='ocrx_word' id='word_1_614' title='bbox 3460 4136 3563 4193; x_wconf 58' lang='lat' dir='ltr'><strong>4hr</strong></span> 
     </span>
    </p>
   </div>
   <div class='ocr_carea' id='block_1_100' title="bbox 1956 4229 3583 4315">
    <p class='ocr_par' dir='ltr' id='par_1_100' title="bbox 1956 4229 3583 4315">
     <span class='ocr_line' id='line_1_101' title="bbox 1956 4229 3583 4315; baseline -0.015 -10"><span class='ocrx_word' id='word_1_615' title='bbox 1956 4249 2143 4306; x_wconf 85' lang='lat' dir='ltr'><strong>multis</strong></span> <span class='ocrx_word' id='word_1_616' title='bbox 2186 4254 2242 4304; x_wconf 90' lang='lat' dir='ltr'><strong>et</strong></span> <span class='ocrx_word' id='word_1_617' title='bbox 2281 4241 2495 4315; x_wconf 89' lang='lat' dir='ltr'><strong>magnis</strong></span> <span class='ocrx_word' id='word_1_618' title='bbox 2517 4238 2787 4312; x_wconf 85' lang='lat' dir='ltr'><strong>angustiis</strong></span> <span class='ocrx_word' id='word_1_619' title='bbox 2809 4235 3020 4307; x_wconf 83' lang='lat' dir='ltr'><strong>positos</strong></span> <span class='ocrx_word' id='word_1_620' title='bbox 3049 4231 3379 4302; x_wconf 80' lang='lat' dir='ltr'><strong>quantocius</strong></span> <span class='ocrx_word' id='word_1_621' title='bbox 3410 4229 3547 4284; x_wconf 53' lang='lat' dir='ltr'><strong>visis</strong></span> <span class='ocrx_word' id='word_1_622' title='bbox 3578 4246 3583 4255; x_wconf 61' lang='grc' dir='ltr'>ι</span> 
     </span>
    </p>
   </div>
   <div class='ocr_carea' id='block_1_101' title="bbox 1956 4318 3549 4397">
    <p class='ocr_par' dir='ltr' id='par_1_101' title="bbox 1956 4318 3549 4397">
     <span class='ocr_line' id='line_1_102' title="bbox 1956 4318 3549 4397; baseline -0.015 0"><span class='ocrx_word' id='word_1_623' title='bbox 1956 4350 2075 4397; x_wconf 90' lang='lat' dir='ltr'><strong>tare</strong></span> <span class='ocrx_word' id='word_1_624' title='bbox 2118 4335 2341 4394; x_wconf 88' lang='lat' dir='ltr'><strong>curetis.</strong></span> <span class='ocrx_word' id='word_1_625' title='bbox 2386 4332 2677 4388; x_wconf 87' lang='lat' dir='ltr'><strong>Portamus</strong></span> <span class='ocrx_word' id='word_1_626' title='bbox 2726 4327 2894 4393; x_wconf 88' lang='lat' dir='ltr'><strong>enim,</strong></span> <span class='ocrx_word' id='word_1_627' title='bbox 2948 4337 3263 4395; x_wconf 81' lang='lat' dir='ltr'><strong>quanquam</strong></span> <span class='ocrx_word' id='word_1_628' title='bbox 3290 4318 3549 4386; x_wconf 74' lang='lat' dir='ltr'><strong>.inﬂrmi,</strong></span> 
     </span>
    </p>
   </div>
   <div class='ocr_carea' id='block_1_102' title="bbox 1890 4406 3581 4508">
    <p class='ocr_par' dir='ltr' id='par_1_102' title="bbox 1890 4406 3581 4508">
     <span class='ocr_line' id='line_1_103' title="bbox 1890 4406 3581 4508; baseline -0.037 -9"><span class='ocrx_word' id='word_1_629' title='bbox 1890 4449 1936 4505; x_wconf 78' lang='grc' dir='ltr'><strong>Ι)</strong></span> <span class='ocrx_word' id='word_1_630' title='bbox 1958 4443 2272 4503; x_wconf 81' lang='lat' dir='ltr'><strong>quanquam</strong></span> <span class='ocrx_word' id='word_1_631' title='bbox 2323 4432 2479 4508; x_wconf 82' lang='lat' dir='ltr'><strong>extra</strong></span> <span class='ocrx_word' id='word_1_632' title='bbox 2530 4423 2676 4478; x_wconf 86' lang='lat' dir='ltr'><strong>vires</strong></span> <span class='ocrx_word' id='word_1_633' title='bbox 2728 4418 2931 4492; x_wconf 82' lang='lat' dir='ltr'><strong>ingenii</strong></span> <span class='ocrx_word' id='word_1_634' title='bbox 2980 4423 3037 4471; x_wconf 82' lang='lat' dir='ltr'><strong>et</strong></span> <span class='ocrx_word' id='word_1_635' title='bbox 3097 4413 3385 4486; x_wconf 50' lang='lat' dir='ltr'><strong>corporis,</strong></span> <span class='ocrx_word' id='word_1_636' title='bbox 3435 4406 3581 4469; x_wconf 64' lang='grc' dir='ltr'><strong>,οηι</strong></span> 
     </span>
    </p>
   </div>
   <div class='ocr_carea' id='block_1_103' title="bbox 1958 4507 3585 4590">
    <p class='ocr_par' dir='ltr' id='par_1_103' title="bbox 1958 4507 3585 4590">
     <span class='ocr_line' id='line_1_104' title="bbox 1958 4507 3585 4590; baseline -0.014 -12"><span class='ocrx_word' id='word_1_637' title='bbox 1958 4529 2142 4577; x_wconf 91' lang='lat' dir='ltr'><strong>tamen</strong></span> <span class='ocrx_word' id='word_1_638' title='bbox 2171 4526 2476 4590; x_wconf 85' lang='lat' dir='ltr'><strong>portamus,</strong></span> <span class='ocrx_word' id='word_1_639' title='bbox 2525 4513 2585 4569; x_wconf 87' lang='lat' dir='ltr'><strong>in</strong></span> <span class='ocrx_word' id='word_1_640' title='bbox 2630 4513 2737 4568; x_wconf 90' lang='lat' dir='ltr'><strong>hoc</strong></span> <span class='ocrx_word' id='word_1_641' title='bbox 2767 4507 3092 4582; x_wconf 82' lang='lat' dir='ltr'><strong>gravissilno</strong></span> <span class='ocrx_word' id='word_1_642' title='bbox 3126 4516 3390 4576; x_wconf 84' lang='lat' dir='ltr'><strong>tempore,</strong></span> <span class='ocrx_word' id='word_1_643' title='bbox 3428 4514 3549 4558; x_wconf 84' lang='lat' dir='ltr'><strong>non‘</strong></span> <span class='ocrx_word' id='word_1_644' title='bbox 3578 4518 3585 4541; x_wconf 71' lang='grc' dir='ltr'><em>τ</em></span> 
     </span>
    </p>
   </div>
   <div class='ocr_carea' id='block_1_104' title="bbox 1958 4591 3540 4678">
    <p class='ocr_par' dir='ltr' id='par_1_104' title="bbox 1958 4591 3540 4678">
     <span class='ocr_line' id='line_1_105' title="bbox 1958 4591 3540 4678; baseline -0.013 -12"><span class='ocrx_word' id='word_1_645' title='bbox 1958 4610 2141 4666; x_wconf 88' lang='lat' dir='ltr'><strong>solum</strong></span> <span class='ocrx_word' id='word_1_646' title='bbox 2160 4605 2526 4678; x_wconf 88' lang='lat' dir='ltr'><strong>spiritualium</strong></span> <span class='ocrx_word' id='word_1_647' title='bbox 2548 4602 2646 4658; x_wconf 88' lang='lat' dir='ltr'><strong>sed</strong></span> <span class='ocrx_word' id='word_1_648' title='bbox 2667 4609 2724 4656; x_wconf 90' lang='lat' dir='ltr'><strong>et</strong></span> <span class='ocrx_word' id='word_1_649' title='bbox 2744 4597 3087 4656; x_wconf 67' lang='lat' dir='ltr'><strong>saecularium</strong></span> <span class='ocrx_word' id='word_1_650' title='bbox 3114 4597 3305 4667; x_wconf 85' lang='lat' dir='ltr'><strong>ingens</strong></span> <span class='ocrx_word' id='word_1_651' title='bbox 3323 4591 3540 4663; x_wconf 80' lang='lat' dir='ltr'><strong>pondus</strong></span> 
     </span>
    </p>
   </div>
   <div class='ocr_carea' id='block_1_105' title="bbox 1961 4681 3549 4773">
    <p class='ocr_par' dir='ltr' id='par_1_105' title="bbox 1961 4681 3549 4773">
     <span class='ocr_line' id='line_1_106' title="bbox 1961 4681 3549 4773; baseline -0.016 -14"><span class='ocrx_word' id='word_1_652' title='bbox 1961 4701 2327 4773; x_wconf 89' lang='lat' dir='ltr'><strong>negotiorum,</strong></span> <span class='ocrx_word' id='word_1_653' title='bbox 2362 4704 2419 4752; x_wconf 90' lang='lat' dir='ltr'><strong>et</strong></span> <span class='ocrx_word' id='word_1_654' title='bbox 2450 4709 2640 4751; x_wconf 88' lang='lat' dir='ltr'><strong>casum</strong></span> <span class='ocrx_word' id='word_1_655' title='bbox 2677 4700 2925 4747; x_wconf 89' lang='lat' dir='ltr'><strong>nostrum</strong></span> <span class='ocrx_word' id='word_1_656' title='bbox 2957 4687 3199 4759; x_wconf 81' lang='lat' dir='ltr'><strong>quotidie</strong></span> <span class='ocrx_word' id='word_1_657' title='bbox 3245 4699 3314 4739; x_wconf 76' lang='lat' dir='ltr'><strong>ex</strong></span> <span class='ocrx_word' id='word_1_658' title='bbox 3355 4681 3549 4745; x_wconf 72' lang='lat' dir='ltr'><strong>immi-_</strong></span> 
     </span>
    </p>
   </div>
   <div class='ocr_carea' id='block_1_106' title="bbox 1963 4770 3583 4850">
    <p class='ocr_par' dir='ltr' id='par_1_106' title="bbox 1963 4770 3583 4850">
     <span class='ocr_line' id='line_1_107' title="bbox 1963 4770 3583 4850; baseline -0.015 -3"><span class='ocrx_word' id='word_1_659' title='bbox 1963 4770 2113 4847; x_wconf 71' lang='lat' dir='ltr'><strong>neuti</strong></span> <span class='ocrx_word' id='word_1_660' title='bbox 2145 4790 2363 4847; x_wconf 89' lang='lat' dir='ltr'><strong>sarcina</strong></span> <span class='ocrx_word' id='word_1_661' title='bbox 2388 4784 2769 4847; x_wconf 89' lang='lat' dir='ltr'><strong>formidamus,</strong></span> <span class='ocrx_word' id='word_1_662' title='bbox 2792 4777 2888 4850; x_wconf 88' lang='lat' dir='ltr'><strong>qui</strong></span> <span class='ocrx_word' id='word_1_663' title='bbox 2908 4773 3324 4835; x_wconf 83' lang='lat' dir='ltr'><strong>sustentationis</strong></span> <span class='ocrx_word' id='word_1_664' title='bbox 3341 4770 3543 4826; x_wconf 78' lang='lat' dir='ltr'><strong>auxilia</strong></span> <span class='ocrx_word' id='word_1_665' title='bbox 3580 4790 3583 4797; x_wconf 63' lang='grc' dir='ltr'><strong>ε</strong></span> 
     </span>
    </p>
   </div>
   <div class='ocr_carea' id='block_1_107' title="bbox 1961 4862 3545 4947">
    <p class='ocr_par' dir='ltr' id='par_1_107' title="bbox 1961 4862 3545 4947">
     <span class='ocr_line' id='line_1_108' title="bbox 1961 4862 3545 4947; baseline -0.016 -10"><span class='ocrx_word' id='word_1_666' title='bbox 1961 4882 2019 4936; x_wconf 91' lang='lat' dir='ltr'><strong>in</strong></span> <span class='ocrx_word' id='word_1_667' title='bbox 2058 4881 2165 4936; x_wconf 90' lang='lat' dir='ltr'><strong>hoc</strong></span> <span class='ocrx_word' id='word_1_668' title='bbox 2212 4878 2414 4937; x_wconf 85' lang='lat' dir='ltr'><strong>saeculo</strong></span> <span class='ocrx_word' id='word_1_669' title='bbox 2456 4886 2804 4947; x_wconf 84' lang='lat' dir='ltr'><strong>nequaquam</strong></span> <span class='ocrx_word' id='word_1_670' title='bbox 2839 4869 3099 4941; x_wconf 88' lang='lat' dir='ltr'><strong>[nequam</strong></span> <span class='ocrx_word' id='word_1_671' title='bbox 3131 4862 3406 4936; x_wconf 76' lang='lat' dir='ltr'><strong>tegendum</strong></span> <span class='ocrx_word' id='word_1_672' title='bbox 3432 4874 3545 4913; x_wconf 76' lang='lat' dir='ltr'><strong>aue</strong></span> 
     </span>
    </p>
   </div>
   <div class='ocr_carea' id='block_1_108' title="bbox 1963 4950 3546 5042">
    <p class='ocr_par' dir='ltr' id='par_1_108' title="bbox 1963 4950 3546 5042">
     <span class='ocr_line' id='line_1_109' title="bbox 1963 4950 3546 5042; baseline -0.015 -18"><span class='ocrx_word' id='word_1_673' title='bbox 1963 4969 2219 5042; x_wconf 80' lang='lat' dir='ltr'><strong>arbitror]</strong></span> <span class='ocrx_word' id='word_1_674' title='bbox 2250 4967 2490 5039; x_wconf 86' lang='lat' dir='ltr'><strong>reperire</strong></span> <span class='ocrx_word' id='word_1_675' title='bbox 2525 4966 2836 5037; x_wconf 84' lang='lat' dir='ltr'><strong>nequimus.</strong></span> <span class='ocrx_word' id='word_1_676' title='bbox 2869 4957 3024 5016; x_wconf 85' lang='lat' dir='ltr'><strong>Unde</strong></span> <span class='ocrx_word' id='word_1_677' title='bbox 3055 4973 3151 5028; x_wconf 88' lang='lat' dir='ltr'><strong>per</strong></span> <span class='ocrx_word' id='word_1_678' title='bbox 3197 4950 3546 5042; x_wconf 66' lang='lat' dir='ltr'><strong>omnipoten-</strong></span> 
     </span>
    </p>
   </div>
   <div class='ocr_carea' id='block_1_109' title="bbox 1958 5038 3553 5126">
    <p class='ocr_par' dir='ltr' id='par_1_109' title="bbox 1958 5038 3553 5126">
     <span class='ocr_line' id='line_1_110' title="bbox 1958 5038 3553 5126; baseline -0.015 -10"><span class='ocrx_word' id='word_1_679' title='bbox 1958 5070 2069 5116; x_wconf 89' lang='lat' dir='ltr'><strong>tem</strong></span> <span class='ocrx_word' id='word_1_680' title='bbox 2102 5038 2397 5118; x_wconf 73' lang='lat' dir='ltr'><strong>Dominum</strong></span> <span class='ocrx_word' id='word_1_681' title='bbox 2423 5071 2686 5126; x_wconf 79' lang='lat' dir='ltr'><strong>rogamus</strong></span> <span class='ocrx_word' id='word_1_682' title='bbox 2714 5061 2776 5110; x_wconf 89' lang='lat' dir='ltr'><strong>ut</strong></span> <span class='ocrx_word' id='word_1_683' title='bbox 2804 5049 2998 5105; x_wconf 89' lang='lat' dir='ltr'><strong>fratres</strong></span> <span class='ocrx_word' id='word_1_684' title='bbox 3028 5058 3246 5106; x_wconf 84' lang='lat' dir='ltr'><strong>vestros</strong></span> <span class='ocrx_word' id='word_1_685' title='bbox 3287 5041 3455 5114; x_wconf 86' lang='lat' dir='ltr'><strong>(sicut</strong></span> <span class='ocrx_word' id='word_1_686' title='bbox 3478 5038 3553 5094; x_wconf 79' lang='lat' dir='ltr'><strong>ab</strong></span> 
     </span>
    </p>
   </div>
   <div class='ocr_carea' id='block_1_110' title="bbox 1958 5128 3555 5212">
    <p class='ocr_par' dir='ltr' id='par_1_110' title="bbox 1958 5128 3555 5212">
     <span class='ocr_line' id='line_1_111' title="bbox 1958 5128 3555 5212; baseline -0.011 -6"><span class='ocrx_word' id='word_1_687' title='bbox 1958 5151 2116 5207; x_wconf 87' lang='lat' dir='ltr'><strong>initio</strong></span> <span class='ocrx_word' id='word_1_688' title='bbox 2159 5146 2519 5207; x_wconf 87' lang='lat' dir='ltr'><strong>ordinationis</strong></span> <span class='ocrx_word' id='word_1_689' title='bbox 2561 5156 2768 5205; x_wconf 66' lang='lat' dir='ltr'><strong>nostra:</strong></span> <span class='ocrx_word' id='word_1_690' title='bbox 2808 5136 3226 5212; x_wconf 83' lang='lat' dir='ltr'><strong>postulavimus)</strong></span> <span class='ocrx_word' id='word_1_691' title='bbox 3262 5145 3363 5204; x_wconf 79' lang='lat' dir='ltr'><strong>pro</strong></span> <span class='ocrx_word' id='word_1_692' title='bbox 3392 5128 3555 5185; x_wconf 74' lang='lat' dir='ltr'><strong>nobis</strong></span> 
     </span>
    </p>
   </div>
   <div class='ocr_carea' id='block_1_111' title="bbox 278 5215 3561 5348">
    <p class='ocr_par' dir='ltr' id='par_1_111' title="bbox 278 5215 3561 5348">
     <span class='ocr_line' id='line_1_112' title="bbox 278 5215 3561 5317; baseline -0.009 -16"><span class='ocrx_word' id='word_1_693' title='bbox 278 5243 354 5300; x_wconf 83' lang='lat' dir='ltr'><strong>De</strong></span> <span class='ocrx_word' id='word_1_694' title='bbox 399 5246 646 5317; x_wconf 86' lang='lat' dir='ltr'><strong>reliquiis</strong></span> <span class='ocrx_word' id='word_1_695' title='bbox 678 5255 736 5302; x_wconf 88' lang='lat' dir='ltr'><strong>et</strong></span> <span class='ocrx_word' id='word_1_696' title='bbox 771 5243 1059 5316; x_wconf 85' lang='lat' dir='ltr'><strong>privilegio</strong></span> <span class='ocrx_word' id='word_1_697' title='bbox 1107 5246 1248 5299; x_wconf 87' lang='lat' dir='ltr'><strong>unde</strong></span> <span class='ocrx_word' id='word_1_698' title='bbox 1297 5253 1403 5299; x_wconf 85' lang='lat' dir='ltr'><strong>nos</strong></span> <span class='ocrx_word' id='word_1_699' title='bbox 1452 5215 1678 5309; x_wconf 72' lang='lat' dir='ltr'><strong>rogasti,</strong></span> <span class='ocrx_word' id='word_1_700' title='bbox 1731 5242 1858 5293; x_wconf 81' lang='lat' dir='ltr'><strong>cum</strong></span> <span class='ocrx_word' id='word_1_701' title='bbox 1955 5240 2160 5311; x_wconf 64' lang='lat' dir='ltr'><strong>iugiter</strong></span> <span class='ocrx_word' id='word_1_702' title='bbox 2203 5253 2363 5295; x_wconf 85' lang='lat' dir='ltr'><strong>orare</strong></span> <span class='ocrx_word' id='word_1_703' title='bbox 2409 5235 2586 5293; x_wconf 90' lang='lat' dir='ltr'><strong>Deum</strong></span> <span class='ocrx_word' id='word_1_704' title='bbox 2626 5229 3024 5296; x_wconf 86' lang='lat' dir='ltr'><strong>commoneatis</strong></span> <span class='ocrx_word' id='word_1_705' title='bbox 3047 5270 3064 5297; x_wconf 91' lang='lat'><strong>,</strong></span> <span class='ocrx_word' id='word_1_706' title='bbox 3114 5223 3402 5301; x_wconf 80' lang='lat' dir='ltr'><strong>quoniam.</strong></span> <span class='ocrx_word' id='word_1_707' title='bbox 3444 5215 3561 5275; x_wconf 74' lang='lat' dir='ltr'><strong>nisi</strong></span> 
     </span>
     <span class='ocr_line' id='line_1_113' title="bbox 399 5307 3557 5348; baseline 0 0"><span class='ocrx_word' id='word_1_708' title='bbox 399 5336 431 5348; x_wconf 85' lang='lat'><strong>..</strong></span> <span class='ocrx_word' id='word_1_709' title='bbox 533 5345 541 5348; x_wconf 89' lang='lat'>_</span> <span class='ocrx_word' id='word_1_710' title='bbox 701 5336 728 5348; x_wconf 56' lang='grc' dir='ltr'><strong>ρ</strong></span> <span class='ocrx_word' id='word_1_711' title='bbox 777 5336 810 5348; x_wconf 77' lang='grc'><strong>..</strong></span> <span class='ocrx_word' id='word_1_712' title='bbox 909 5342 919 5348; x_wconf 85' lang='grc'><strong>.</strong></span> <span class='ocrx_word' id='word_1_713' title='bbox 1056 5330 1080 5348; x_wconf 73' lang='grc' dir='ltr'><strong><em>ο</em></strong></span> <span class='ocrx_word' id='word_1_714' title='bbox 1142 5341 1154 5348; x_wconf 88' lang='grc'>.</span> <span class='ocrx_word' id='word_1_715' title='bbox 1307 5336 1323 5348; x_wconf 87' lang='grc'><strong>.</strong></span> <span class='ocrx_word' id='word_1_716' title='bbox 1390 5327 1437 5348; x_wconf 81' lang='grc' dir='ltr'><strong>ο-</strong></span> <span class='ocrx_word' id='word_1_717' title='bbox 1496 5326 1824 5348; x_wconf 71' lang='grc' dir='ltr'><strong>------..-.ε,.</strong></span> <span class='ocrx_word' id='word_1_718' title='bbox 1959 5328 2172 5348; x_wconf 71' lang='grc' dir='ltr'><strong>ειι--....</strong></span> <span class='ocrx_word' id='word_1_719' title='bbox 2233 5336 2278 5348; x_wconf 74' lang='grc'><strong>-.</strong></span> <span class='ocrx_word' id='word_1_720' title='bbox 2337 5325 2564 5348; x_wconf 65' lang='grc' dir='ltr'><strong>..πη-η..</strong></span> <span class='ocrx_word' id='word_1_721' title='bbox 2626 5323 2864 5348; x_wconf 69' lang='grc' dir='ltr'><strong>ιη-ιε......</strong></span> <span class='ocrx_word' id='word_1_722' title='bbox 2919 5317 3319 5348; x_wconf 64' lang='lat' dir='ltr'><strong>:...-.......ozlmn</strong></span> <span class='ocrx_word' id='word_1_723' title='bbox 3370 5307 3557 5348; x_wconf 69' lang='lat' dir='ltr'><strong>divina</strong></span> 
     </span>
    </p>
   </div>
   <div class='ocr_carea' id='block_1_112' title="bbox 2369 5307 3569 5348">
    <p class='ocr_par' dir='ltr' id='par_1_112' title="bbox 2369 5307 3569 5348">
     <span class='ocr_line' id='line_1_114' title="bbox 2369 5307 3569 5348; baseline 0 0"><span class='ocrx_word' id='word_1_724' title='bbox 2369 5325 2564 5348; x_wconf 75' lang='lat' dir='ltr'><strong>I:.........</strong></span> <span class='ocrx_word' id='word_1_725' title='bbox 2626 5323 2864 5348; x_wconf 74' lang='lat' dir='ltr'><strong>na-|:......</strong></span> <span class='ocrx_word' id='word_1_726' title='bbox 2919 5317 3319 5348; x_wconf 62' lang='lat' dir='ltr'><strong>:..a-...-..a:hnn</strong></span> <span class='ocrx_word' id='word_1_727' title='bbox 3370 5307 3569 5348; x_wconf 61' lang='lat' dir='ltr'><strong>Mvm‘</strong></span> 
     </span>
    </p>
   </div>
  </div>
