3962 5348
476 239 586 295 339

1116 245 1176 302 S.
1209 245 1536 302 GREGORII
1576 247 1668 302 Vll
1700 249 1902 306 PAPZE
1939 251 2224 310 OPERUM
2261 252 2440 309 PARS
2476 253 2516 308 Ι.
2556 286 2627 296 —
2658 253 3058 314 REGISTRUM

3623 259 3724 314 310

475 350 659 442 faciat,
714 361 774 406 ut
829 354 896 408 ad
954 369 1137 412 veram
1191 368 1246 413 et
1301 359 1662 417 immortalem
1718 364 1908 432 vitam,
1944 363 2055 421 Deo
2082 378 2127 434 Α
2152 381 2349 424 recuso
2367 376 2423 423 et
2455 367 3072 442 Ssucno(3i9),regibus
3096 368 3725 440 llispauianaparibus,d

474 439 724 507 ducente,
757 443 1102 511 perveniatis.

544 527 678 585 Data
712 530 898 588 Romae
939 535 1150 591 decimo
1183 546 1382 608 quarto
1418 538 1688 598 Kalendas
1710 543 1933 615 Aprilis,
1964 545 2049 611 in-

474 619 712 678 dictione
733 623 1074 682 duodecima.

981 717 1316 775 EPISTOLA
1361 721 1540 777 LXIII.

821 821 889 861 AD
916 822 1139 865 SANCIUII
1175 825 1352 867 REGE]!
1393 829 1688 871 ARAGONIE.

1063 898 1244 970 (Anno
1279 901 1464 976 1074.)

471 980 816 1066 Commendat
843 988 957 1066 ejus
981 990 1366 1066 observantiam
1386 1010 1510 1066 erga
1535 995 1830 1053 Romanam
1845 992 2044 1058 Ἐπιε-

531 1054 701 1122 siam,
725 1054 965 1138 quodque
993 1061 1050 1114 in
1083 1077 1182 1115 sua
1231 1054 1701 1188 ditione'ofcium
1747 1054 2042 1152 Romanam

532 1123 787 1179 celebrari
818 1128 1046 1186 studeat.
1072 1131 1315 1186 Absentis
1337 1149 1486 1188 cuius
1527 1153 1613 1188 am
1652 1149 2042 1188 accusationem

532 1123 787 1203 celebrari
818 1123 1046 1203 studeat.
1072 1131 1315 1203 Absentis
1337 1123 1613 1203 cujusdam
1652 1123 2042 1198 accusationem

528 1209 633 1247 non
678 1195 862 1276 recipit
904 1213 932 1276 ξ·
979 1195 1451 1276 nuntiumfeverso
1472 1204 1644 1276 legato
1667 1224 1722 1264 se
1756 1195 2041 1271 missurum

542 1265 824 1332 promittit,
841 1267 932 1337 qui
959 1285 1177 1324 causam
1211 1272 1430 1341 deﬁnire
1459 1265 1624 1330 caret.

531 1353 840 1414 Caesonius
862 1358 1170 1431 episcopus,
1182 1377 1372 1420 servus
1393 1380 1676 1423 servorum
1702 1367 1817 1438 Dei,
1841 1369 2039 1430 Sucro

463 1443 580 1516 regi
601 1445 958 1521 Aragonensi,
987 1452 1216 1512 salutem
1243 1463 1299 1518 et
1325 1459 1681 1529 apostolicam
1708 1461 2038 1536 benedictio-

462 1551 610 1594 nem.

524 1624 756 1688 Litteras
777 1633 1076 1692 nobilitatis
1097 1645 1202 1693 tuae
1222 1639 1490 1696 suavitate
1515 1641 1702 1713 plenas
1725 1644 1832 1702 laeti
1855 1663 2037 1708 susce-

2148 459 2420 530 episcopis
2441 460 2495 514 in
2519 461 2727 516 ditione
2751 477 2852 517 sua
2877 462 3218 532 constitutis,
3246 461 3476 518 salutem
3502 471 3558 518 et
3591 478 3721 532 apo«

2148 551 2398 607 stolicam
2440 552 2893 617 benedictionem.

2202 641 2343 698 Cum
2371 645 2564 700 beatus
2582 644 2861 714 apostolus
2887 643 3090 700 Paulus
3108 641 3424 714 Hispaniam
3445 657 3504 698 se
3522 641 3722 697 adiisse

2143 735 2412 806 signiﬁcet
2433 734 2608 807 (Rom.
2636 735 2758 806 xv),
2787 750 2853 790 ac
2879 743 3070 805 postea
3103 743 3309 805 septem
3334 733 3625 805 episcOpos
3653 734 3722 788 ab

2143 825 2278 880 urbe
2297 824 2472 880 Roma
2489 825 2558 881 ad
2575 825 2925 882 instrnendos
2945 825 3220 897 Hispania:
3241 824 3472 895 populos
3501 839 3532 878 a
3559 821 3722 878 Petro

2141 924 2196 972 et
2213 915 2383 972 Paulo
2407 916 2670 988 apostolis
2692 916 2932 974 directos
2963 915 3156 984 fuisse,
3183 915 3278 988 qui
3299 916 3580 974 destructa
3606 913 3720 968 ido-

2141 1005 2356 1063 lolatria
2418 1006 2890 1064 Christianitatem
2945 1005 3341 1074 fundaverunt,
3399 1005 3718 1076 religionem

2138 1097 2542 1168 plantaverunt,
2567 1099 2818 1156 ordinem
2837 1107 2892 1156 et
2915 1098 3154 1155 cilicium
3182 1097 3239 1152 in
3258 1097 3458 1154 divinis
3479 1095 3720 1152 cultibus

2139 1189 2362 1261 agendis
2379 1191 2757 1258 ostenderunt,
2780 1199 2836 1246 et
2859 1189 3123 1262 sanguine
3145 1187 3247 1246 suo
3269 1187 3544 1244 Ecclesias
3569 1188 3719 1243 dedi-

2137 1293 2352 1350 cavere,
2374 1289 2559 1337 vestra
2582 1281 2862 1353 diligentia
2883 1295 2993 1337 non
3023 1280 3266 1353 ignoret,
3294 1288 3556 1350 quantam
3582 1293 3715 1334 eon-

2136 1370 2380 1427 cordiam
2409 1387 2536 1428 cum
2572 1371 2821 1428 Romana
2843 1372 2978 1428 urbe
3001 1370 3261 1444 Hispania
3289 1370 3346 1432 in
3378 1369 3644 1442 religione
3665 1378 3718 1426 et

2135 1461 2327 1517 ordine
2347 1461 2694 1529 divinioﬁicii
2717 1462 2975 1519 habuisse
2997 1461 3189 1536 [forte;
3213 1461 3516 1529 habuisset,
3541 1459 3713 1526 Hann.

2133 1551 2213 1606 ita
2233 1562 2285 1609 et
2309 1553 2537 1627 Mutina]
2581 1554 2715 1612 satis
2753 1561 2902 1626 patet
2947 1573 2962 1611 :
3009 1554 3105 1610 sed
3154 1562 3443 1627 postquam
3495 1553 3717 1611 vesania

2133 1642 2677 1704 Priscillianistarum
2699 1646 2795 1702 diu
2819 1647 3109 1717 pollutum,
3132 1655 3187 1701 et
3215 1644 3442 1717 perﬁdia
3480 1644 3716 1700 Ariano-

456 1719 660 1790 pimus,
687 1722 742 1777 in
788 1725 988 1796 quibus
1035 1738 1240 1800 quanta
1282 1730 1540 1790 ﬁdelitate
1596 1750 1724 1807 erga
1763 1738 2035 1810 principes
2066 1747 2109 1802 B
2135 1752 2261 1794 rum
2284 1737 2665 1808 depravatum.
2692 1746 2749 1793 et
2781 1753 2814 1794 a
2845 1737 3095 1793 Romano
3121 1724 3230 1793 ritu
3273 1744 3615 1807 separatum,
3639 1735 3716 1795 ir-.

457 1815 828 1883 apostolorum
863 1817 1085 1875 Petrum
1114 1830 1168 1877 et
1211 1820 1443 1880 Paulum
1480 1840 1545 1882 ac
1584 1826 1888 1886 Romanam
1925 1831 2032 1890 Ec-

455 1905 678 1961 clesiam
713 1906 922 1965 ferveas
947 1913 1079 1968 satis
1103 1917 1481 1984 perspeximus
1525 1937 1536 1974 :
1593 1935 1788 1991 quam,
1815 1926 2034 1982 tametsi

455 1995 665 2056 litteras
691 2007 812 2056 tuas
835 2002 1010 2064 nullas
1033 2003 1472 2081 videremus,per
1495 2011 1702 2082 legatos
1723 2015 2034 2084 apostolicae

452 2088 603 2147 sedis
625 2091 899 2148 evidenter
909 2105 1242 2166 compertam
1266 2099 1620 2159 habebamus.
1645 2103 1702 2158 ln
1724 2105 1828 2162 hoc
1849 2116 2031 2165 autem

455 2181 604 2250 quod
629 2183 732 2238 sub
758 2183 963 2241 ditione
1007 2197 1100 2244 tua
1145 2187 1378 2247 Romani
1413 2194 1622 2250 ordinis
1652 2196 1886 2252 ofﬁcium
1915 2199 2033 2256 ﬁeri

453 2272 636 2328 studio
661 2282 714 2329 et
738 2274 1079 2346 jussionibus
1101 2281 1208 2336 tuis
1232 2283 1461 2353 asseris,
1488 2284 1748 2344 Romana:
1775 2287 2033 2348 Ecclesia:

453 2369 508 2421 te
531 2363 726 2433 ﬁlium,
749 2383 814 2423 ac
841 2383 965 2424 eam
993 2373 1342 2431 concordiam
1376 2385 1432 2433 et
1459 2379 1704 2434 eamdem
1733 2381 2030 2439 amicitiam

453 2461 508 2514 te
540 2455 824 2517 nobiscum
847 2459 1068 2531 habere,
1089 2481 1254 2534 quam
1277 2468 1406 2522 olim
1434 2484 1588 2542 reges
1612 2470 1886 2543 Hispania:
1903 2491 2030 2532 cum

455 2543 718 2604 Romanis
750 2551 1100 2620 pontilicibus
1146 2555 1440 2628 habebant,
1481 2564 1848 2633 cognosceris.
1898 2563 2030 2622 Esto

453 2635 640 2708 itaque
659 2649 937 2712 constans,
961 2653 1017 2700 et
1038 2645 1291 2702 ﬁduciam
1315 2650 1528 2706 ﬁrmam
1558 2653 1782 2724 habeas,
1805 2658 2029 2729 etquod

451 2730 665 2801 coepisti
691 2733 943 2802 perﬁcias
964 2754 978 2791 :
1003 2737 1132 2808 quia
1161 2738 1216 2792 in
1247 2737 1480 2798 Domino
1499 2741 1630 2809 Jesu
1655 2744 1877 2817 Christo
1903 2763 2032 2815 con:

449 2820 670 2881 ﬁdimus
691 2825 818 2896 quia
850 2825 1041 2885 beatus
1071 2823 1267 2895 Petrus
1306 2835 1614 2905 apostolus,
1637 2853 1801 2910 quem
1842 2838 2028 2906 Domi-

450 2928 555 2978 nus
575 2913 734 2979 Iesus
753 2917 1006 2985 Christus
1026 2936 1118 2977 rex
1146 2922 1332 2993 gloriae
1351 2911 1836 3002 principem'super
1861 2947 2027 3004 regna

448 3007 639 3071 mundi
665 3010 969 3078 constituit,
996 3011 1085 3069 cui
1109 3022 1162 3070 te
1187 3013 1400 3091 ﬁdelem
1423 3018 1669 3088 exhibes,
1694 3029 1745 3086 te
1765 3022 1834 3078 ad
1858 3023 2028 3080 hono-

2104 1897 2109 1901 _
2132 1829 2417 1894 ruentibus
2436 1829 2590 1900 prius
2611 1827 2826 1898 Gothis,
2858 1844 2924 1890 ac
2950 1828 3172 1892 demum
3207 1827 3590 1889 invadentibus
3627 1825 3718 1882 Sa-

2132 1920 2368 1988 racenis,
2391 1936 2620 1992 regnum
2644 1918 2918 1992 Hispania:
2945 1919 3071 1988 fuit,
3084 1935 3193 1975 non
3215 1920 3394 1976 solum
3421 1917 3615 1990 religio
3637 1928 3719 1977 est

2132 2011 2422 2080 diminuta,
2444 2027 2632 2068 verum
2664 2011 2831 2067 etiam
2876 2011 3168 2066 mundana:
3203 2018 3332 2066 sunt
3383 2024 3520 2080 opes
3569 2009 3716 2064 labe-

2132 2101 2364 2160 factata.
2393 2102 2739 2174 Quapropter
2761 2111 2823 2157 ut
2849 2102 2991 2158 ﬁlios
3013 2101 3367 2157 charissimos
3396 2115 3493 2156 vos
3516 2098 3716 2154 adhor-

2136 2203 2220 2250 tor
2243 2204 2298 2250 et
2318 2210 2519 2251 moneo
2549 2203 2610 2250 ut
2650 2210 2781 2262 vos,
2809 2194 2951 2250 sicut
2991 2194 3148 2249 bona:
3183 2193 3420 2261 soboles,
3445 2193 3553 2247 etsi
3593 2201 3717 2262 post

2131 2286 2420 2342 diuturnas
2457 2285 2751 2352 scissuras,
2778 2285 2998 2340 demum
3024 2291 3205 2340 tamen
3237 2293 3298 2340 ut
3339 2291 3573 2338 matrem
3621 2297 3710 2337 re-

2129 2393 2260 2435 vera
2281 2385 2522 2433 vestram
2547 2376 2852 2431 Romanam
2880 2374 3180 2430 Ecclesiam
3206 2374 3636 2445 recognoscatis,
3659 2374 3712 2427 in

2127 2484 2236 2540 qua
2264 2477 2321 2524 et
2339 2483 2441 2525 nos
2461 2467 2658 2524 fratres
2679 2467 2985 2537 reperiatis,
2999 2467 3261 2534 Romanae
3283 2466 3542 2521 Ecclesiae
3563 2467 3710 2522 crdis

2130 2575 2254 2615 nem
2276 2568 2331 2616 et
2350 2559 2586 2615 cilicium
2611 2559 2889 2632 recipiatis
2905 2600 2920 2626 ,
2943 2575 3054 2613 non
3087 2557 3384 2624 Toletante,
3409 2559 3496 2612 vel
3531 2558 3712 2628 cujus:

2127 2650 2260 2707 libet
2280 2651 2422 2716 alias,
2443 2652 2537 2707 sed
2563 2651 2724 2706 istius
2745 2665 2868 2720 qua:
2893 2665 2924 2705 a
2944 2649 3108 2706 Petro
3137 2657 3192 2704 et
3219 2648 3391 2706 Paulo
3419 2664 3588 2717 supra
3620 2648 3710 2702 ﬁr-

2127 2757 2274 2799 mam
2301 2753 2511 2814 petram
2539 2757 2636 2815 per
2669 2742 2951 2798 Christum
2977 2740 3202 2797 fundata
3225 2750 3329 2808 est,
3353 2750 3410 2795 et
3449 2740 3716 2808 sanguine

2127 2843 2473 2903 consecrata,
2498 2834 2588 2890 cui
2624 2843 2796 2906 portae
2831 2833 3052 2902 inferni,
3079 2832 3134 2888 id
3153 2843 3236 2888 est
3265 2833 3462 2904 linguae
3493 2831 3711 2886 haereti-

2127 2939 2343 2992 corum,
2365 2939 2644 2996 nunquam
2677 2923 2968 2996 praevalere
2998 2931 3319 2994 potuerunt,
3346 2921 3490 2977 sicut
3519 2930 3714 2982 caetera

2128 3030 2296 3087 regna
2326 3012 2637 3071 Occidentis
2682 3021 2739 3069 et
2785 3011 3209 3084 Septentrionis,
3258 3011 3509 3067 teneatis.
3560 3009 3713 3066 Unde

446 3111 566 3156 rem
587 3097 842 3161 desiderii
872 3102 952 3156 tui
983 3104 1234 3174 adducet,
1260 3106 1375 3178 ipse
1409 3117 1461 3164 ιο
1503 3109 1766 3177 victrix-em
1812 3114 1880 3174 de
1929 3115 2026 3178 ad,
2051 3095 2098 3156 C
2125 3105 2275 3176 enim
2301 3119 2412 3177 non
2433 3103 2696 3160 dubitatis
2729 3117 2830 3158 vos
2868 3102 3175 3171 suscepisse
3225 3100 3509 3172 religionis
3547 3115 3711 3155 exor-

446 3189 707 3249 versariis
745 3191 854 3248 tuis
905 3193 1118 3251 eﬁiciet.
1169 3196 1308 3260 Cum
1353 3200 1500 3267 enim
1543 3200 1809 3259 Dominus
1851 3204 2026 3262 ﬁlium

447 3287 617 3346 amat,
653 3279 888 3352 ﬂagellat
907 3293 964 3340 et
983 3287 1215 3358 castigat
1240 3288 1427 3360 (Hebr.
1452 3293 1577 3363 xu),
1612 3292 1805 3350 Melius
1833 3304 1890 3350 et
1919 3296 2029 3351 uti-

445 3369 554 3429 lius
583 3386 652 3427 ex
682 3373 928 3432 adversis
950 3378 1268 3448 pervenitur
1294 3381 1363 3449 ad
1404 3397 1685 3455 prospera.
1731 3386 1836 3453 Qui
1879 3389 2027 3444 enim

443 3462 577 3519 dicit
606 3464 953 3524 ridentibus:
1002 3468 1093 3536 Vae
1130 3472 1298 3540 vobis,
1329 3475 1469 3545 quia.
1491 3477 1685 3550 ﬂebitis
1723 3477 1876 3550 (Lac.
1924 3480 2025 3548 vn),

443 3551 562 3622 ipse
591 3554 838 3626 lugentes
865 3559 1056 3616 beatos
1086 3564 1304 3631 asserit,
1327 3567 1580 3636 quoniam
1631 3569 1737 3639 ipsi
1761 3551 1764 3556 ’
1784 3551 2029 3626 conscia;

443 3643 641 3700 buntur
662 3647 878 3718 (Matth.
903 3652 980 3723 v).
1014 3653 1092 3709 De
1115 3653 1408 3718 Salomone
1453 3669 1636 3720 autem
1671 3662 1742 3718 ad
1786 3679 2027 3733 praesens

443 3735 582 3794 nihil
615 3742 1025 3812 respondimus,
1070 3747 1334 3815 quoniam
1375 3751 1785 3807 accusationem
1818 3769 1914 3824 per
1943 3754 2028 3821 lit-_

443 3835 614 3898 teras,
637 3847 705 3888 eo
728 3834 952 3892 absente
981 3838 1077 3908 qui
1123 3850 1371 3908 accusat,
1425 3844 1570 3900 sacri
1627 3861 1868 3903 canones
1913 3863 2025 3914 non

445 3921 734 3990 recipiunt.
761 3923 860 3980 Est
886 3943 1106 3998 quoque
1137 3931 1306 4001 aliud,
1345 3935 1496 4004 quod
1546 3935 1758 4007 legatus
1814 3948 2022 4008 noster,

441 4013 536 4082 qui
559 4014 627 4070 ad
649 4025 832 4084 partes
854 4019 978 4080 illas
998 4021 1086 4088 his
1107 4025 1446 4094 temporibus
1468 4026 1593 4095 fuit,
1609 4029 1818 4098 aberat,
1832 4040 1885 4086 et
1906 4033 2026 4089 sine

442 4118 511 4159 eo
534 4105 804 4175 judicium
831 4110 959 4170 inde
996 4113 1130 4170 dare
1177 4117 1475 4177 noluimus.
1524 4119 1606 4177 Eo
1655 4138 1787 4178 vero
1837 4139 2023 4180 rever-

443 4203 590 4254 tente
617 4199 962 4270 habebimus,
989 4204 1102 4260 Deo
1132 4206 1368 4278 favente,
1395 4213 1708 4281 consilium,
1729 4224 1785 4270 et
1820 4215 1888 4270 ad
1927 4233 2026 4274 vos

441 4291 695 4359 nuntium
723 4304 973 4369 nostrum
999 4298 1298 4367 mittemus,
1324 4303 1420 4372 qui
1444 4304 1589 4360 hanc
1631 4313 1687 4360 et
1729 4307 1864 4363 alias
1922 4324 2022 4364 ne-

441 4383 714 4440 cessarias
735 4402 932 4460 causas
957 4389 1202 4461 diligenti
1239 4394 1491 4450 examine
1533 4397 1875 4468 perquirens,
1904 4400 2021 4454 sin-

2126 3194 2301 3264 dium,
2326 3202 2496 3250 restat
2550 3194 2714 3250 etiam
2754 3201 2816 3247 ut
2864 3192 2992 3248 inde
3041 3191 3317 3262 recipiatis
3364 3191 3420 3247 in
3461 3191 3718 3246 ecclesia-

2127 3284 2266 3340 stico
2288 3283 2478 3348 ordine
2507 3282 2751 3338 divinum
2775 3280 3008 3338 olﬁcium
3032 3301 3045 3338 :
3070 3283 3216 3352 quod
3233 3281 3536 3337 Innocentii
3561 3296 3713 3351 papas

2126 3374 2196 3431 ad
2230 3356 2578 3448 Eugubinnm
2599 3373 2807 3430 directa
2839 3373 3155 3445 episc0pum
3177 3387 3275 3427 vos
3299 3372 3458 3428 docet
3481 3371 3711 3442 epistola

2127 3465 2304 3536 (epist.
2340 3447 2456 3535 29),
2494 3447 2650 3540 quod
2682 3463 2984 3524 Hormisda:
3032 3463 3097 3518 ad
3139 3461 3513 3532 Hispalensem
3540 3461 3710 3531 missa

2125 3559 2342 3615 decreta
2392 3555 2695 3622 insinuant,
2729 3557 2875 3630 quod
2921 3556 3246 3611 Toletanum
3283 3563 3340 3610 et
3371 3555 3711 3608 Bracarense

2125 3648 2502 3711 demonstrant
2531 3648 2763 3715 concilia
2791 3667 2802 3701 :
2830 3648 2976 3719 quod
2997 3646 3160 3702 etiam
3183 3645 3422 3715 episcopi
3450 3643 3618 3699 vestri
3642 3645 3711 3710 ad

2126 3753 2229 3793 nos
2258 3753 2431 3808 nuper
2464 3737 2744 3794 venientes
2783 3737 2939 3807 juxta
2999 3735 3445 3792 constitutionem
3487 3733 3710 3804 concilii

2124 3843 2223 3900 per
2247 3829 2452 3900 scripta
2479 3845 2578 3892 sua
2604 3827 2784 3894 facere
2807 3829 3203 3905 promiserunt,
3229 3836 3284 3883 et
3310 3827 3365 3882 in
3403 3843 3575 3882 manu
3618 3842 3712 3882 no-

2125 3929 2240 3976 stra
2266 3920 2642 3988 ﬁrmaverunt.
2669 3920 2958 3989 Praeterea,
2985 3921 3127 3986 sicut
3153 3919 3220 3975 de
3247 3918 3370 3974 aliis
3395 3933 3711 3974 excommu-

2125 4014 2494 4075 nicationibns
2515 4030 2612 4084 per
2631 4014 2837 4085 legatos
2863 4013 3123 4081 Romana:
3153 4013 3409 4072 Ecclesiae
3437 4011 3710 4067 satisfeci-

2125 4123 2278 4174 mus,
2317 4107 2710 4178 depositionem
2761 4117 2818 4163 et
2865 4107 3485 4172 excommunicationem
3541 4121 3707 4175 quam

2125 4196 2390 4254 Geraldus
2417 4196 2744 4271 [Gerardns]
2765 4196 3032 4254 Ostiensis
3059 4199 3348 4268 episcopus
3386 4211 3513 4250 cum
3545 4195 3710 4249 Rem-

2124 4288 2286 4344 baldo
2316 4280 2668 4362 [Rambaldo]
2702 4289 2758 4343 in
2812 4275 3126 4354 Munionem
3154 4283 3560 4356 ‘simoniacum,
3612 4288 3706 4358 qui

2126 4396 2290 4452 super
2354 4377 2666 4434 Simeonem
2726 4382 3089 4447 venerabilem
3161 4380 3384 4448 fratrem
3452 4391 3706 4435 nostrum

440 4473 585 4540 gulis
616 4477 924 4552 quibusque
967 4480 1133 4552 justa:
1183 4462 1665 4543 determinationis—
1698 4462 1868 4546 ﬁnem
1913 4490 2020 4544 im—
2053 4462 2096 4517 D
2123 4469 2418 4528 Oscense!“
2457 4470 2605 4542 (550)
2659 4471 2974 4544 episcopum
3027 4473 3312 4542 ονάίηαωε
3359 4481 3498 4536 erat:
3546 4471 3706 4542 [Ῑοτιε

518 4573 629 4621 net.

518 4579 629 4621 net.

443 4579 650 4749 1)(fData
669 4656 878 4749 Romae
897 4663 1110 4720 decimo
1133 4666 1297 4722 tertio
1324 4665 1596 4749 Kalendas
1624 4669 1848 4741 Aprilis,
1879 4671 2022 4736 indie

442 4745 624 4802 ctione
649 4748 994 4809 duodecima.

593 4897 596 4901 ,
944 4845 1280 4902 EPISTOLA
1329 4849 1514 4906 LXIV.

440 4945 508 4984 ΑΙ)
534 4945 844 4994 Αιιιιιοκειυκ
865 4949 1253 5005 εΔετειιιε,.ετ
1279 4955 1507 4999 SANCIUI
1527 4958 1809 5000 ARAGONIB
1833 4961 2020 5022 ηοεε,

1030 5028 1211 5097 (Anno
1243 5030 1425 5100 1074.)

445 5111 711 5192 Hortatur
733 5115 802 5192 ad
829 5117 1185 5192 recipiendum
1204 5119 1502 5192 Romanum
1525 5125 1768 5192 oﬁicium.
1794 5125 2023 5179 Extem-

512 5183 923 5262 mttnicationem
939 5183 1012 5238 'ac
1035 5188 1412 5262 depositionem
1434 5183 1712 5262 cujusdam
1735 5194 2025 5258 Simoniaci

513 5269 607 5322 per
628 5269 751 5306 suos
785 5253 984 5325 legatos
1012 5253 1311 5330 conﬁrmat.

2123 4563 2265 4616 deest
2293 4561 2444 4634 fecit]
2476 4571 2652 4617 ratam
2686 4578 2808 4630 esse
2847 4563 3212 4633 decrevimus,
3254 4573 3418 4642 atque
3457 4563 3704 4627 ﬁrmavi-

2124 4671 2268 4721 mus,
2296 4670 2470 4725 usque
2499 4655 2629 4710 dum
2665 4655 3009 4724 resipiscens,
3042 4656 3108 4711 dc
3156 4656 3496 4726 episcopatu,
3540 4671 3704 4725 quem

2124 4747 2361 4801 indebite
2408 4748 2606 4814 tenuit,
2633 4747 2734 4802 sibi
2769 4747 3088 4822 satisfaciat,
3112 4757 3274 4818 atque
3305 4749 3429 4804 inde
3464 4751 3700 4805 recedat.

2196 4836 2332 4891 Data
2359 4836 2566 4904 Romae,
2590 4855 2680 4893 xiv
2705 4836 2975 4894 Kalendas
2997 4837 3218 4908 Aprilis,
3245 4837 3545 4895 indictione
3571 4839 3708 4898 du0-.

2123 4927 2354 4987 decima.

2637 5019 2972 5076 EPISTOLA
3023 5019 3190 5091 va,

2711 5125 2778 5166 AD
2827 5125 3113 5166 RAGUSEOS.

2706 5201 2887 5273 (Anno
2929 5202 3086 5257 1074.

2126 5289 2318 5348 Arauit
2352 5291 2491 5348 quod
2536 5307 2716 5344 eorum
2770 5292 3010 5348 episcopo
3053 5292 3109 5344 in
3159 5307 3420 5345 carcerem
3470 5295 3704 5348 coniecta
