3962 5348
200 373 295 429 3M

267 555 698 638 ipsumqle‘yituim
724 557 834 638 lucc
866 555 1129 638 causead
1174 557 1376 637 exitum
1416 558 1633 638 perduci
1674 555 1778 638 non

261 625 479 698 poterit,
493 625 1058 698 jgbet'episcopum,“
1108 642 1227 681 eum
1274 626 1364 697 qui
1403 625 1468 681 ab
1504 627 1635 697 ipsis
1674 626 1779 698 fuit

263 697 485 763 electus,
511 695 737 750 Romam
762 695 952 751 venire.

262 787 579 844 Caesonius
618 787 933 858 episcopus,
974 801 1167 843 servus
1199 801 1484 842 servorum
1515 785 1636 853 Dei,
1660 801 1779 841 om-

196 875 357 933 nibus
379 875 686 948 Raguseis,
713 878 943 934 salutem
973 884 1029 933 et
1055 875 1409 947 apostolicam
1444 874 1781 932 benedictio-

198 984 341 1041 nem,
370 969 420 1024 si
442 966 776 1025 obedierint.

258 1058 516 1115 Pervenit
549 1058 617 1114 ad
640 1072 801 1115 aures
819 1066 1056 1126 nostras,
1079 1072 1181 1113 vos
1200 1054 1436 1113 Vitalem
1458 1054 1778 1128 episcopum

198 1159 440 1207 vestrum
466 1151 701 1223 cepisse,
725 1160 879 1218 et,eo
905 1151 960 1206 in
982 1151 1231 1207 custodia
1251 1159 1305 1205 et
1324 1148 1558 1205 vinculis
1580 1147 1777 1220 posito,

199 1244 363 1301 alium
384 1244 550 1301 vobis
571 1245 629 1300 in
652 1244 971 1316 episcopum
1000 1243 1247 1317 elegisse.
1277 1240 1411 1309 Quae
1442 1239 1661 1313 quidem
1691 1254 1781 1295 res

200 1350 359 1407 qua
390 1336 469 1391 sit
486 1334 998 1406 inordinata,quam
1026 1334 1235 1405 iniqua,
1259 1348 1425 1406 quam
1464 1331 1779 1397 criminosa,

201 1441 361 1497 quam
407 1424 616 1482 divinis
671 1434 728 1482 et
760 1425 1015 1482 humanis
1064 1423 1275 1497 legibus
1314 1422 1610 1492 contraria,
1644 1422 1782 1477 nulli

204 1518 540 1573 ﬁdelium.in
581 1517 751 1573 dubio
790 1532 913 1573 esse
949 1515 1245 1574 credimus.
1270 1514 1506 1571 Proinde
1530 1513 1782 1570 misimus

203 1609 267 1665 ad
284 1624 387 1664 vos
408 1608 673 1665 dilectum
702 1607 927 1665 fratrem
959 1616 1212 1664 nostrum
1257 1605 1539 1665 Giraldmn
1577 1603 1784 1680 [Geral-

203 1699 351 1774 dum]
389 1699 748 1772 Sipontinum
797 1698 1303 1772 archiepiscOpum,
1343 1706 1407 1756 ut
1458 1699 1564 1755 hac
1605 1698 1665 1754 in
1719 1713 1783 1753 re

204 1804 385 1849 nostra
411 1792 686 1865 legatione
717 1790 973 1864 fungens,
996 1791 1270 1863 justitiam
1319 1790 1449 1849 inde
1489 1792 1784 1849 decernere

204 1884 409 1942 debeat.
450 1884 829 1941 Admonemus
856 1884 1042 1954 itaque
1070 1890 1128 1939 et
1157 1882 1457 1954 apostolica
1499 1881 1658 1938 vobis
1686 1896 1787 1937 au-

205 1975 453 2031 ctoritate
482 1974 834 2047 praecipimus
867 1980 948 2041 ut,
988 1973 1233 2029 relaxato
1254 1973 1512 2044 episcopo
1534 1986 1695 2044 quem
1731 1971 1787 2026 in

205 2066 455 2137 captione
511 2065 729 2133 tenetis,
761 2063 818 2119 in
862 2064 1210 2135 praesentiam
1262 2062 1470 2135 praefati
1518 2062 1787 2134 archiepi—

207 2158 350 2227 scopi
396 2155 764 2225 conveniatis,
817 2163 875 2212 et
917 2154 997 2210 ad
1022 2153 1327 2210 faciendam
1374 2169 1540 2225 super
1583 2155 1688 2209 hac
1731 2166 1793 2208 re

208 2248 529 2304 canonicam
552 2246 849 2320 justitiam,
872 2254 928 2303 et
966 2245 1023 2302 in
1044 2246 1170 2303 aliis
1196 2246 1363 2302 etiam
1407 2244 1792 2303 ecclesiasticis

207 2339 384 2397 causis
404 2338 696 2411 quaeinter
716 2354 816 2395 vos
836 2338 1169 2410 corrigendae
1188 2345 1336 2405 sunt,
1348 2337 1597 2393 eamdem
1626 2351 1793 2407 quam

209 2435 512 2507 presentia:
530 2441 737 2491 nostra:
748 2433 1019 2491 deberetis
1052 2431 1419 2490 obedientiam
1457 2440 1513 2487 et
1551 2430 1793 2486 favorem

209 2527 533 2583 exhibeatis.
581 2525 741 2593 Quod
785 2526 834 2582 si
887 2525 1124 2597 peccatis
1168 2522 1589 2595 impedientibus
1628 2536 1794 2577 causa

211 2618 346 2689 apud
372 2634 476 2674 vos
505 2618 812 2674 examinari
836 2626 891 2673 et
921 2616 1142 2674 dil'ﬁniri
1171 2631 1282 2673 non
1314 2616 1519 2688 possit,
1541 2614 1796 2670 volumus

210 2718 263 2766 et
309 2719 617 2780 utrumque
664 2709 919 2767 videlicet
958 2708 1277 2780 episcopum
1327 2716 1569 2780 captum,
1589 2715 1645 2763 et
1670 2720 1796 2762 eum

213 2814 370 2869 quem
417 2799 801 2872 irregulariter
840 2800 1082 2873 elegistis
1107 2801 1162 2856 in
1184 2808 1427 2856 nostram
1450 2797 1796 2869 praesentiam

214 2888 561 2958 conducatis;
603 2886 897 2961 quatenus,
925 2889 1217 2959 adjuvante
1243 2887 1387 2956 Deo,
1413 2886 1561 2959 quod
1585 2885 1799 2957 justum

215 2983 373 3039 fuerit
397 2982 528 3039 inde
554 2982 804 3055 judicare
836 2991 892 3039 et
931 2982 1340 3040 auctorahiliter
1362 2988 1601 3038 statuere
1620 2978 1800 3034 valea-

216 3090 360 3147 mus:
374 3077 644 3148 alioquin,
657 3076 922 3146 sinostra,
937 3076 1048 3131 imo
1067 3075 1365 3146 apostolica
1378 3072 1585 3129 monita
1598 3080 1801 3141 etprae-

1258 369 1459 428 LIBER
1494 370 1772 430 PRIMUS.
1815 405 1886 416 —
1918 374 2134 434 EPIST.
2167 378 2392 435 LXVIII.

259 495 383 542 sant
412 502 432 539 :
460 495 513 556 et
537 486 639 539 Im:
660 486 727 540 de
761 502 921 540 causa
945 485 1176 556 legatum
1207 485 1390 540 mittit.
1428 486 1582 552 Quod
1608 488 1655 541 si
1688 503 1781 556 per
1807 493 1853 547 Α

3346 377 3450 434 542

2373 492 2706 549 EPISTULA
2754 494 2959 549 LXVII.

2087 599 2157 639 AD
2192 598 2461 642 θιιιλιιισιι
2486 598 2896 643 ειετλιιιεεκεει
2930 597 3215 643 εριεεορωι

2463 678 2644 749 (Anno
2677 678 2858 750 1074.)
2942 696 2947 701 ·

1879 767 2135 842 Prceipit
2160 778 2217 823 ut
2243 769 2518 842 ecclesiam
2540 769 2900 842 Grosciemm
2942 786 3106 842 quam
3157 771 3452 833 invaserat,

1950 838 2320 912 relinquat,“
2373 841 2613 912 siquod
2644 842 2737 912 jus
2778 842 2837 896 in
2877 838 3193 897 ea'eccissia
3220 857 3277 898 se
3310 847 3473 911 putet.

1950 907 2160 977 habere,
2187 911 2257 964 ad
2271 927 2326 966 se
2346 907 2538 966 ueniat.

1955 998 2264 1058 Gnsconws
2285 1002 2594 1074 episcopus,
2619 1017 2811 1061 servus
2851 1019 3137 1061 servorum
3187 1001 3305 1070 Dei,
3354 1000 3454 1058 Gr»

1879 1104 2052 1146 tumo
2097 1088 2375 1163 [Geraldo]
2426 1089 2772 1149 Sistaricensi
2818 1092 3075 1164 episcopo
3124 1092 3355 1148 salutem
3404 1096 3461 1145 et

1880 1179 2235 1249 apostolicam
2258 1180 2714 1250 benedictionem,
2738 1181 2788 1239 si
2820 1181 3110 1239 obedieris.
3286 1234 3289 1235 ν

1942 1266 2172 1326 Michael
2181 1269 2470 1342 presbyter
2485 1268 2994 1328 ecdesiteCroscien
3002 1269 3078 1326 sis
3094 1266 3459 1342 [Ooociensis]

1880 1368 2309 1431 conquestusest
2325 1360 2485 1417 nobis
2498 1359 2839 1433 teprael'atam
2849 1359 3157 1428 ecclesiam,
3169 1373 3333 1430 quam
3344 1358 3461 1428 ipse

1816 1440 1820 1445 ’
1876 1452 2020 1525 juris
2033 1442 2209 1511 sancti
2228 1452 2376 1512 Petri
2386 1469 2507 1512 esse
2518 1469 2628 1509 non
2639 1452 2879 1522 dubitas,
2892 1452 3332 1519 invasisse,bona
3343 1449 3463 1520 ejus

1881 1545 2194 1617 diripuisse,
2205 1547 2550 1619 presbyteros
2569 1555 2625 1603 et
2644 1547 2872 1602 clericos
2885 1545 3117 1618 cepisse,
3127 1559 3191 1601 ac
3203 1543 3256 1601 vi
3272 1551 3464 1599 contra

1804 1696 1821 1703 ,_
1881 1638 1966 1695 ias
1990 1648 2045 1695 et
2063 1639 2189 1710 jura
2206 1638 2393 1710 jurare
2427 1638 2773 1709 compulisse.
2794 1637 2932 1694 Cum
2964 1652 3094 1693 vero
3124 1636 3391 1695 Ananiam
3411 1643 3470 1695 et

1887 1730 2212 1801 Sapphiram
2248 1729 2389 1800 (Act.
2403 1730 2715 1801 v),propter
2736 1727 2957 1799 propria
2986 1727 3130 1782 bona
3152 1740 3275 1797 quae
3306 1725 3466 1805 beato

1817 1847 1860 1905 Β
1885 1818 2046 1876 Petro
2057 1820 2484 1893 promiserantet
2499 1836 2608 1876 non
2617 1819 2904 1885 dederunt,
2916 1826 3150 1872 mortem
3170 1815 3469 1872 incurrisse

1889 1926 1998 1968 non
2022 1911 2382 1983 ignores,quo
2407 1910 2692 1977 instinctu,
2705 1906 2811 1964 nisi
2831 1904 3123 1973 diabolico,
3141 1914 3348 1985 tantam
3382 1904 3469 1958 in-

1889 2002 2628 2075 vasioncm'przesumpsisti?
2656 2010 2867 2057 tantam
2902 1998 3288 2056 contumeliam
3321 1996 3470 2051 intu-

1890 2092 2036 2149 listi?
2087 2101 2299 2149 tantum
2339 2091 2686 2164 sacrilegium
2732 2092 2787 2146 in
2835 2089 3210 2161 apostolorum
3262 2076 3520 2159 princi-"

1890 2199 2012 2255 pem
2046 2183 2404 2255 perpetrasti?
2433 2180 2777 2254 Quapropter
2803 2181 3104 2254 apostolica
3140 2178 3238 2235 tibi
3282 2186 3473 2234 aucto-
3512 2239 3518 2249 1

1891 2277 2051 2332 ritate
2084 2274 2433 2346 praecipimus
2458 2283 2519 2330 ut
2538 2275 2838 2346 perspectis
2867 2274 2956 2330 his
2987 2272 3253 2344 apicibus,
3267 2272 3474 2342 absque
3514 2342 3519 2349 ν

1892 2364 2045 2420 omni
2085 2365 2375 2420 occasione
2400 2364 2483 2419 vel
2537 2364 2819 2431 dilatione,
2861 2363 3174 2434 praedictam
3229 2370 3473 2417 nostram

1892 2454 2274 2512 Crosciensem
2296 2453 2588 2512 ecclesiam
2633 2453 2929 2525 expediens
2978 2453 3204 2508 liberam
3251 2448 3470 2517 reddas,

1894 2548 2239 2620 presbyteros
2268 2555 2323 2602 et
2344 2545 2573 2602 clericos
2598 2545 2897 2612 absolutos,
2924 2552 2979 2600 et
3002 2544 3184 2599 omnia
3207 2557 3328 2622 quae
3351 2539 3483 2596 inde

1896 2638 2068 2693 tulisti
2102 2636 2207 2693 sibi
2228 2636 2507 2703 restituas,
2533 2643 2734 2692 etcum
2769 2650 2903 2707 pace
2944 2642 3000 2689 et
3037 2633 3220 2705 quiete
3251 2631 3327 2688 ibi
3363 2626 3477 2686 Deo
3504 2622 3521 2629 ’⁷

1897 2727 2103 2784 servire
2137 2727 2241 2783 sub
2278 2727 2424 2782 beati
2466 2726 2615 2782 Petri
2649 2725 2855 2782 ditione
2898 2725 2954 2781 in
3007 2724 3238 2781 tuitione
3290 2726 3511 2779 nostra‘

1897 2816 2199 2890 permittas.
2216 2816 2274 2872 Si
2294 2824 2474 2872 autem
2500 2825 2552 2872 te
2572 2817 2809 2887 aliquam
2831 2815 3099 2887 justitiam
3120 2813 3176 2869 in
3198 2810 3477 2884 praemissa
3506 2814 3515 2823 '

1898 2908 2126 2964 ecclesia
2151 2904 2353 2963 habere
2381 2907 2685 2972 existimas,
2707 2905 2776 2961 ad
2808 2920 2912 2961 nos
2955 2905 3066 2960 cito
3121 2916 3247 2959 cum
3293 2894 3511 2983 praalif"

1899 2999 2041 3055 batis
2062 2998 2343 3055 canonicis
2367 2999 2569 3054 nostris
2591 2997 2803 3064 venias,
2830 3003 2892 3051 ut
2920 2994 3189 3067 justitiam
3242 2995 3298 3049 in
3339 3010 3479 3065 pra:—

1901 3089 2076 3147 sentia
2102 3095 2289 3144 nostra
2317 3087 2569 3158 recipias.
2601 3085 2659 3142 Si
2690 3094 2871 3142 autem
2904 3086 3008 3140 hoc
3038 3100 3146 3140 non
3177 3081 3391 3148 feceris,
3420 3088 3519 3155 te”

214 3177 371 3240 cepta
395 3168 861 3241 contempseritis,
888 3184 920 3224 a
945 3166 1226 3223 liminibus
1246 3164 1524 3231 Ecclesiae,
1555 3169 1613 3219 et
1650 3161 1793 3218 omni

1910 3181 2201 3251 apostolica
2234 3180 2562 3236 auctoritate
2605 3176 3191 3235 excommunicandum
3236 3164 3515 3251 noveris.:'

213 3258 525 3318 Christiana
548 3261 956 3328 communione,
1000 3274 1100 3315 vos
1137 3257 1438 3331 apostolica
1477 3255 1801 3314 auctoritate

216 3352 492 3422 pdlendos
512 3360 572 3409 et
589 3352 1019 3424 sequestraudos
1039 3367 1163 3407 esse
1194 3349 1402 3407 sciatist
1490 3420 1497 3429 ῃ

285 3441 421 3500 Data
455 3442 648 3501 Romae
665 3444 884 3502 decimo
907 3442 1070 3507 tertio
1100 3442 1370 3501 Kalendas
1398 3440 1623 3514 Aprilis,
1664 3439 1803 3496 indi-

213 3536 397 3593 ctione
436 3535 764 3618 animum
1650 3556 1651 3559 ~

386 3702 393 3709 ν
437 3636 441 3639 Α
718 3624 1061 3684 EPISTOLA
1102 3620 1286 3684 mi.
1328 3674 1333 3677 .

496 3708 568 3777 so
605 3733 884 3779 “uacuos
920 3733 1109 3776 ωηατ-ι
1148 3728 1526 3786 opinionem;

809 3808 992 3883 (Anno
1028 3806 1216 3878 1074.)

215 3898 375 3959 Iubet
393 3900 638 3973 episcopo
652 3896 878 3973 Reatino
902 3901 1113 3973 restitui
1133 3900 1270 3973 bona
1291 3896 1475 3955 ablata
1494 3897 1803 3954 monasterii

789 3969 974 4026 Sancti
1001 3969 1231 4037 Quirici.
1345 4018 1348 4022 Α

285 4060 595 4120 Caesonius
622 4061 937 4134 episcOpus,
955 4076 1152 4119 servus
1178 4075 1464 4118 servorum
1483 4058 1603 4129 Del,
1626 4058 1804 4115 omni-

220 4154 323 4211 bus
342 4154 635 4212 monachis
666 4163 725 4211 et
747 4154 904 4211 laicis
928 4152 1248 4210 monasterii
1276 4151 1462 4208 Sancti
1495 4149 1722 4217 Quirici,
1750 4155 1807 4205 et

221 4247 478 4305 omnibus
524 4245 895 4317 Joseppingis,
931 4255 987 4302 et
1028 4245 1154 4302 [iiiis
1196 4243 1431 4301 Alberici
1464 4241 1728 4317 [Alberti,
1752 4250 1807 4298 et

220 4340 297 4392 sic
317 4336 511 4410 infra],
533 4346 589 4394 et
611 4337 744 4394 ﬁliis
776 4335 1020 4409 Rapteri,
1065 4338 1296 4394 salutem
1339 4343 1396 4392 et
1448 4335 1805 4407 apostolicam

221 4425 680 4483 benedictionem.
1729 4413 1736 4419 '
1762 4426 1769 4433 '

1974 3268 2110 3326 Data
2143 3269 2332 3327 nomn
2360 3282 2438 3327 xu
2488 3268 2755 3327 Kalendas
2775 3266 2999 3342 Aprilis,
3026 3252 3517 3327 indictione'duo-

1900 3363 2143 3421 decima“.
3414 3362 3419 3367 ’
3474 3366 3479 3369 “
3506 3362 3516 3373 “

2110 3556 2111 3559 γ
2242 3508 2243 3511 γ
2382 3472 2723 3533 EPISTOLA
2766 3471 3013 3557 vam.
3362 3544 3421 3550 ,ι
3496 3526 3503 3539 ,

2125 3585 2193 3626 ΔΙ)
2221 3584 2529 3649 ηοτειιξωι
2547 3583 2926 3635 Νειλυειςκδειι
2959 3580 3269 3647 εριεεονυιτ
3468 3612 3519 3648 ’,μ

2491 3658 2672 3729 (Anno
2708 3656 2866 3719 1074.

1905 3750 2161 3831 ραςῇιιιν
2187 3752 2252 3831 de
2272 3706 2506 3831 injuriis‘
2523 3750 2695 3831 illatis
2737 3746 3277 3831 monasterioﬁancti

1972 3823 2073 3889 dii,
2096 3830 2146 3877 et
2170 3821 2283 3893 ejus
2311 3815 2510 3893 ribbati,
2526 3826 2823 3891 contempta
2856 3818 3148 3892 apostolica
3168 3818 3308 3875 sede.
3324 3815 3499 3872 lubet-

1942 3895 1947 3899 ’
1976 3894 2151 3964 ipsum
2173 3892 2443 3948 desistere.
3014 3910 3017 3917 λ
3510 3911 3522 3918 ί

1972 3983 2283 4042 Ganeonws
2310 3984 2622 4056 episcopus,
2646 3997 2840 4040 servus
2876 3995 3162 4040 servorum
3194 3979 3314 4049 Dei,
3335 3976 3497 4034 Fao-'

1906 4091 2070 4132 rsnio
2095 4073 2455 4132 Nemausensi
2490 4075 2548 4130 in
2570 4074 2853 4146 provincia
2882 4074 3141 4146 episeopo
3161 4073 3393 4130 salutem
3425 4076 3517 4124 et“:

1905 4165 2258 4237 apostolicam
2284 4165 2738 4221 benedictionem.
2900 4188 2903 4195 ·
3324 4188 3325 4191 η

1993 4253 2318 4309 Audivimus
2368 4254 2501 4309 olim
2553 4253 2730 4309 nostri
2766 4258 3011 4323 tempore
3064 4248 3515 4322 praedecessoris.»

1906 4345 2235 4403 venerabilis
2256 4345 2536 4400 memoria
2569 4343 2866 4399 Alexandri
2891 4353 2943 4399 te
2976 4350 3168 4399 contra
3210 4340 3507 4413 justitiam=

1907 4436 2304 4493 monasterium
2349 4434 2537 4491 Sancti
2570 4434 2794 4506 Algidii,
2838 4433 2987 4504 quod
3038 4432 3183 4488 idem
3205 4430 3509 4501 gloriosus

296 4516 502 4575 Notum
533 4519 690 4576 vobis
727 4518 847 4575 ﬁeri
886 4518 1170 4587 volumus,
1213 4518 1361 4590 quod
1413 4518 1807 4575 monasterium
1839 4519 1884 4575 D
1908 4527 2195 4584 confessor
2210 4527 2325 4598 juri
2359 4526 2508 4583 beati
2536 4525 2685 4582 Petri
2707 4524 2950 4592 tradidit,
2975 4538 3149 4594 usque
3174 4523 3314 4578 adeo
3350 4519 3509 4576 καθ’

227 4608 414 4666 Sancti
439 4610 648 4678 Quirici
679 4610 827 4682 juris
849 4611 1095 4668 ecclesia:
1136 4609 1325 4667 Sancti
1369 4610 1517 4667 Petri
1546 4610 1810 4667 confratri

226 4710 416 4758 nostro
457 4702 719 4759 Rainerio
767 4710 824 4759 et
872 4702 1198 4774 coepiscopo
1252 4702 1485 4759 Reatino
1535 4704 1805 4760 dedimus.

227 4789 462 4849 Proinde
493 4810 780 4867 rogamus,
816 4795 928 4850 imo
956 4795 1305 4865 praecipimus
1348 4804 1514 4866 atque
1550 4795 1810 4866 jubemus

231 4893 286 4939 ut
306 4885 460 4940 illum
487 4886 544 4940 in
570 4886 833 4943 omnibus
864 4895 920 4942 et
960 4895 1153 4942 contra
1197 4901 1388 4942 omnes
1437 4887 1725 4957 adjuvetis,
1757 4896 1814 4945 et

230 4985 428 5043 castra,
456 4992 578 5048 quae
610 4993 709 5033 vos
738 4976 1087 5048 Joseppingi,
1112 4987 1168 5034 et
1202 4978 1296 5032 ﬁlii
1341 4978 1600 5046 Alberiei,
1629 4987 1685 5035 et
1713 4980 1812 5036 ﬁlii

235 5064 475 5139 Bapteri,
504 5068 779 5136 detinetis,
814 5069 1115 5140 supradicti
1143 5069 1382 5141 episcopi
1419 5069 1615 5125 ditioni
1652 5072 1814 5126 resti-

235 5162 394 5190 Ωιιηοῖθ
443 5170 495 5190 Α.
532 5177 650 5190 ιιι-σν-
681 5163 736 5190 ε..
765 5161 851 5190 λειω
887 5168 941 5190 Λό
961 5161 1013 5190 :n
1040 5162 1290 5190 Ληιιιῖιιιιη
1320 5160 1479 5190 ιιηθιῖρ
1510 5161 1574 5190 Αι1
1619 5176 1740 5190 (sn-nn

1909 4618 2055 4674 cisse
2088 4614 2328 4688 injuriis,
2350 4625 2417 4673 ut
2447 4616 2695 4687 ejusdem
2718 4616 2969 4672 abbatem
3000 4630 3033 4670 a
3079 4613 3328 4669 Romano
3350 4624 3491 4681 pon-

1911 4710 2057 4766 tiﬁce
2078 4717 2461 4766 consecratum
2480 4722 2679 4778 capere
2698 4718 3086 4778 prmsumeres,
3099 4710 3287 4774 spreto
3307 4701 3491 4772 rigore

1910 4815 2206 4867 canonum,
2253 4799 2691 4870 contemptisque
2737 4795 3035 4867 privilegiis
3078 4795 3149 4851 ab
3192 4793 3509 4865 apostolica.

1912 4891 2040 4957 sede
2062 4888 2343 4951 derivatis.
2378 4887 2532 4945 Unde
2562 4896 2696 4943 tunc
2719 4883 2917 4941 merito
2936 4891 2991 4940 et
3011 4884 3190 4940 adhuc
3215 4883 3488 4950 dolemus,

1912 4995 2023 5035 non
2047 4978 2362 5035 dubitantes
2385 4976 2599 5034 abbatis
2626 4974 2990 5032 contumelias
3022 4973 3287 5032 Romanas
3316 4973 3515 5043 maje-i

1912 5070 2042 5126 stati
2065 5068 2235 5126 fuisse
2255 5065 2836 5125 illatas.Nihilominus
2864 5076 3084 5138 quoque
3116 5067 3276 5123 nobis
3305 5063 3496 5134 displi-

1976 5169 1997 5190 ο
2041 5161 2187 5190 nunt.
2219 5161 2375 5190 "una:

2430 5160 2497 5190 ,ΙΔ
2542 5158 2758 5190 ἓησΑη-ιι
2801 5158 2898 5190 υἷιιῖ
2948 5159 3219 5190 Iam-‘03-”
3262 5170 3513 5190 sucu-una;
