3962 5348
477 186 592 247 ’5-43.

1131 186 1188 240 S.
1230 183 1560 241 GREGORII
1596 183 1686 238 γη
1725 183 1928 239 ΡΑΡᾸΞ
1967 181 2248 241 OPEItUM
2288 182 2469 240 PARS
2504 181 2545 237 l.
2583 182 3108 243 w'REGlSTRUM.

3646 188 3743 248 δα

469 300 527 357 in
562 299 749 371 aliquo
783 300 882 356 tibi
917 315 1039 357 esse
1077 300 1410 355 videbuntur
1457 299 1670 379 iniusti,
1718 300 1963 354 volentes
2012 316 2076 356 ac
2103 299 2149 355 A
2176 297 2407 363 caveris,
2454 304 2645 367 rogatu
2682 306 2865 351 tamen
2915 299 3158 368 ejusdem
3189 300 3428 372 episcopi
3465 303 3547 358 tui
3576 304 3745 363 adhuc

469 400 724 463 potentes
752 407 863 448 non
897 393 1173 449 deerimus
1215 391 1285 447 ad
1331 388 1637 447 faciendam
1681 390 1780 447 tibi
1826 390 1894 447 de
1935 390 2071 461 ipsis
2172 386 2368 442 debitae
2408 385 2641 442 ultionis
2666 387 2909 457 iaculum
2959 388 3013 442 in
3060 397 3112 444 te
3152 389 3368 446 vibrare
3414 392 3739 452 distulimus.

467 484 763 555 justitiam.
800 484 896 539 Sin
922 500 1081 552 vero,
1106 485 1251 555 quod
1294 484 1457 551 absit,
1485 493 1690 539 nostrae
1729 484 2067 541 exhortatio-

474 577 582 643 nis,
616 576 729 632 imo
759 576 1014 648 praecepti
1047 576 1328 648 neglector
1369 575 1669 642 exstiteris,
1712 576 1834 632 illos
1885 574 2065 649 [deest

469 666 695 737 aliquid,
710 676 767 719 ut
797 666 921 722 illos
946 667 1109 734 scias,
1136 664 1272 739 etc.]
1305 676 1487 722 autem
1521 681 1551 721 a
1584 667 1717 738 iugo
1763 667 2065 735 servitutis,

467 770 566 825 per
591 756 977 811 auctoritatem
1004 771 1128 828 qua:
1152 757 1280 813 data
1319 766 1405 813 est
1461 759 1714 829 apostolo
1754 757 1918 838 Petro
1962 775 2067 816 nos

466 847 711 916 eiusdem
745 848 1003 916 vicarios,
1027 858 1089 907 ut
1109 848 1222 906 Deo
1251 850 1423 906 libere
1459 850 1723 915 serviant.
1750 865 1873 907 esse
1904 852 2067 908 abso-

466 937 612 995 lotos
636 939 809 1012 (551).
1481 1007 1485 1010 .

547 1031 682 1088 Data
715 1033 905 1090 [toruae
939 1050 993 1089 xi
1039 1032 1309 1092 Kalendas
1348 1035 1579 1107 Aprilis,
1623 1034 1920 1092 indictione
1965 1055 2061 1095 xu.

973 1126 1084 1181 EPI
1096 1125 1323 1183 STOLA
1368 1127 1555 1182 LXIX.
1915 1122 1918 1125 ’

766 1237 832 1277 AD
873 1236 1205 1276 CCIIJELMU!
1242 1238 1469 1277 DIENSEM
1491 1237 1753 1281 COMITEM.
1839 1294 1847 1304 ι

1068 1313 1251 1385 (Anno
1282 1312 1466 1386 που.)

465 1403 1033 1476 Remittitepiscopum
1058 1405 1122 1457 ab
1146 1405 1277 1475 ipsis
1302 1405 1546 1476 electum,
1569 1414 1621 1461 et
1646 1424 1679 1461 a
1707 1423 1761 1461 se
1786 1423 2062 1462 consecra-

546 1485 678 1547 tum,
694 1474 949 1547 jubetque
981 1490 1066 1528 eos
1098 1474 1199 1545 ipsi
1227 1477 1468 1547 obedire.
1494 1474 1759 1547 prwcipue
1790 1477 1848 1532 in
1886 1476 2063 1533 Simo-

545 1546 703 1599 niaca
733 1544 922 1600 hwresi
946 1544 1314 1615 exstirpanda.
1350 1544 1592 1601 Minatur
1626 1544 1730 1615 ipsi
1760 1549 1940 1602 comiti
1969 1565 2061 1603 ea:-

545 1616 1093 1686 communicationem,
1114 1617 1162 1686 si
1187 1617 1281 1686 jus
1304 1634 1459 1674 suum
1502 1616 1790 1686 retribuere
1830 1619 2060 1674 noluerit

535 1684 778 1755 episcopo
802 1695 850 1739 et
887 1685 1001 1755 ejus
1029 1684 1306 1741 Ecclesite.
1616 1684 1619 1689 ’

537 1775 847 1832 ϐηεεοκιυε
875 1777 1184 1849 episcopus,
1219 1795 1411 1835 servus
1447 1794 1732 1835 servorum
1763 1779 1891 1848 Dei,
1928 1780 2059 1837 Gur-

465 1883 659 1925 menuo
684 1868 865 1925 Diensi
889 1869 1080 1928 comiti
1099 1886 1163 1926 ac
1177 1870 1444 1929 universis
1469 1872 1716 1930 ﬁdelibus
1737 1890 1801 1930 ac
1827 1876 2061 1934 subditis

467 1959 685 2016 Diensis
715 1960 973 2019 Ecclesiae
1031 1963 1263 2020 salutem
1313 1973 1369 2019 et
1424 1965 1782 2036 apostolicam
1829 1966 2058 2024 benedi-

468 2038 728 2108 etionem.

448 2138 457 2145 ’
530 2142 852 2200 Venientcm
881 2146 949 2201 ad
980 2162 1083 2203 nos
1125 2145 1411 2219 Hugonem
1448 2150 1767 2222 episcopum
1809 2161 2055 2210 vestrum

462 2235 698 2306 benigne
726 2238 1088 2309 suscepimus,
1116 2248 1189 2306 et,
1215 2241 1343 2310 quia
1364 2258 1463 2298 vos
1493 2243 1549 2298 in
1580 2245 1901 2301 electionem
1936 2262 2054 2317 eius

463 2328 800 2383 unanimiter
834 2331 1153 2387 convenisse
1177 2333 1509 2402 audivimus,
1533 2336 1830 2407 episcopali
1861 2353 2055 2395 conse-

462 2421 712 2478 cratione
740 2437 869 2478 eum
889 2423 1046 2479 vobis
1077 2423 1133 2478 in
1158 2434 1433 2495 pastorem
1470 2428 1847 2486 ordinavimus
1872 2448 1886 2498 ;
1914 2446 2052 2500 qua-

463 2523 624 2569 tenus
647 2515 750 2570 sub
778 2515 899 2587 eius
920 2516 1189 2588 regimine
1213 2518 1594 2589 spiritualibus
1618 2521 1873 2578 instructi
1897 2522 2057 2578 disci-

460 2607 626 2680 plinis
648 2619 914 2679 percepta
948 2608 1072 2665 ﬁdei
1096 2609 1338 2666 fructum
1383 2622 1439 2668 et
1490 2613 1721 2684 gloriam
1766 2615 2054 2686 sempiter-

459 2714 588 2758 nam
616 2715 682 2756 co
706 2701 903 2770 isequi,
926 2699 1039 2757 Deo
1064 2702 1246 2770 dante,
1276 2705 1521 2774 possitis.
1552 2705 1780 2777 Expleto
1803 2708 1971 2779 igitur
1995 2708 2052 2764 in

454 2805 524 2846 ,πο
549 2791 838 2847 ministerii
857 2792 1032 2849 nostri
1067 2794 1272 2864 debito,
1300 2810 1429 2852 cum
1462 2799 1614 2853 omni
1633 2800 1902 2855 charitate
1923 2815 2052 2856 eum

456 2883 527 2938 ad
550 2898 650 2938 vos
675 2883 1028 2953 remittimus,
1048 2885 1408 2945 admonentes
1438 2904 1534 2946 vos
1556 2906 1654 2962 per
1674 2892 1838 2949 ﬁdem
1863 2892 1917 2948 in
1942 2909 2051 2963 qua

457 2974 723 3045 redempti
743 2984 797 3031 et
817 2992 915 3047 per
934 2976 1217 3036 Christum
1244 2982 1439 3043 salvati
1460 2984 1615 3053 estis,
1640 2994 1701 3043 ut
1720 3001 1849 3041 eum
1868 2985 2050 3041 debito

456 3064 666 3121 honore
693 3075 745 3122 et
780 3070 1087 3124 reverentia
1122 3073 1467 3145 suscipiatis,
1503 3085 1559 3131 et
1591 3093 1811 3134 omnem
1842 3077 1898 3131 in
1929 3093 2050 3132 om-

456 3156 618 3212 nibus
677 3174 801 3228 quae
845 3160 913 3214 ad
960 3162 1205 3233 regimen
1250 3166 1334 3220 sui
1383 3153 1733 3238 episcopatus
1777 3170 2053 3238 pertinent

456 3247 822 3310 OMdientiam
844 3259 904 3310 et
924 3250 1172 3312 favorem
1205 3255 1309 3311 sibi
1343 3257 1671 3321 exhibeatis.
1737 3256 1852 3315 Nos
1900 3260 2049 3314 enim

458 3349 602 3407 inter
630 3356 824 3405 caetera
849 3365 974 3404 eum
1007 3344 1240 3409 sollicite
1293 3348 1696 3413 admonuimus
1747 3359 1808 3413 ut
1853 3361 2050 3414 contra

464 3437 838 3494 Simoniaeam
894 3440 1150 3496 haeresim
1198 3442 1327 3501 totis
1377 3446 1676 3516 erigeretur
1715 3447 1946 3515 viribus,
1996 3457 2053 3505 et

457 3525 761 3584 Ecclesiam
797 3544 910 3584 sua:
932 3532 1209 3600 parochias
1235 3548 1345 3589 non
1371 3534 1527 3605 prius
1550 3546 1921 3605 consecraret,
1948 3552 2051 3592 nec

459 3626 815 3676 consecratas
844 3621 1003 3676 aliter
1046 3622 1294 3679 divinum
1320 3623 1565 3683 ofﬁcium
1616 3628 1893 3683 celebrare
1927 3644 2050 3698 per-

458 3710 733 3779 mitteret,
772 3712 879 3768 nisi
924 3714 1079 3786 prius
1112 3715 1362 3772 absolute
1415 3734 1448 3772 a
1498 3718 1763 3774 laicorum
1795 3720 2049 3776 manibus

462 3802 645 3871 (sicut
673 3804 1003 3861 canonicum
1040 3804 1157 3878 est)
1204 3821 1307 3862 suo
1330 3806 1444 3878 iuri
1495 3816 1551 3865 et
1602 3809 1899 3881 episcopali
1929 3812 2049 3882 ejus

458 3897 817 3967 providentia
868 3900 1245 3958 redderentur.
1291 3902 1659 3970 Quamobrem
1719 3919 1788 3960 ne
1831 3904 1956 3975 quis
1997 3907 2048 3961 ei

458 3990 772 4046 contrarius
807 3990 863 4047 in
907 3992 1258 4061 exsequenjo
1302 3994 1512 4048 monita
1562 4002 1749 4049 nostra
1781 3995 2044 4064 obsistat,

457 4079 759 4146 apostolica
807 4082 1135 4137 auctoritate
1178 4081 1281 4137 sub
1328 4083 1694 4139 anathematis
1737 4085 2047 4141 commina-

454 4166 606 4223 tione
640 4168 1050 4227 interdicimus.
1111 4170 1187 4226 Te
1233 4180 1439 4240 autem,
1510 4173 1766 4244 pmdicte
1822 4191 2044 4241 comes,

457 4258 808 4330 singulariter
849 4262 1225 4332 alloquentes,
1283 4263 1429 4319 valde
1492 4264 1796 4333 miramur,
1861 4268 2042 4336 quod,

2170 476 2439 533 Caeterum
2494 493 2583 559 ne
2617 478 2734 534 haec
2766 480 3028 550 patientia
3063 490 3252 537 nostra
3303 492 3354 539 te
3383 483 3439 538 in
3466 486 3744 545 audaciam

2169 569 2375 640 erigat,
2404 577 2459 624 et
2481 585 2581 626 nos
2617 570 2671 625 in
2719 571 2933 641 culpam
2972 572 3230 644 neglectae
3264 573 3494 645 iustitiae
3536 579 3744 647 trahat,

2168 660 2467 730 apostolica
2504 669 2556 716 te
2599 663 2922 717 auctoritate
2964 680 3285 733 monemus,
3311 675 3476 738 atque
3501 671 3747 743 praecipi-

2168 768 2294 808 mus
2328 761 2419 822 ut,
2458 754 2576 808 sine
2600 754 2749 809 omni
2791 754 3086 824 dilatione,
3113 772 3456 829 quaecunque
3485 760 3748 821 adversus

2166 846 2484 919 episcopum
2527 857 2583 903 et
2630 846 2934 905 Ecclesiam
2957 849 3061 904 sibi
3091 850 3445 907 commissam
3473 860 3678 915 temere
3697 866 3750 912 et

2167 938 2354 1011 inique
2395 938 2753 1006 commisisti,
2786 940 2950 1011 digna
2987 939 3359 998 satisfactione
3387 945 3669 1011 emendes,
3697 956 3750 1001 et

2169 1033 2396 1089 ulterius
2437 1033 2587 1088 nulla
2620 1048 2748 1088 eum
2779 1034 3171 1090 contrarietate
3219 1037 3514 1092 molestare
3538 1054 3749 1107 praesu-

2165 1142 2305 1183 mas.
2334 1127 2589 1199 Alioquin
2625 1127 2770 1184 scias
2793 1128 3111 1200 episcopum
3144 1139 3424 1199 nostrum,
3448 1135 3750 1204 apostolica

2160 1218 2409 1290 iussione
2457 1220 2852 1288 constrictum,
2887 1229 2941 1276 te
2965 1221 3108 1277 sicut
3133 1222 3347 1279 hostem
3387 1233 3443 1280 et
3465 1225 3750 1298 impugna~

2165 1320 2337 1368 torem
2384 1313 2615 1385 iustitiae
2658 1328 2690 1369 a
2751 1312 3034 1368 liminibus
3085 1314 3330 1371 ecclesiae
3384 1319 3749 1376 anathemalis

2163 1404 2485 1462 innodatum
2539 1404 2773 1462 vinculis
2827 1413 3195 1475 sequestrare.
3252 1404 3410 1472 Quod
3454 1416 3511 1462 et
3564 1409 3613 1464 si
3636 1408 3749 1479 ipse

2164 1497 2347 1572 (quod
2372 1513 2483 1555 non
2523 1497 2829 1570 credimus)
2854 1498 3050 1571 timore
3074 1499 3259 1569 aliquo
3302 1500 3388 1555 vel
3411 1502 3585 1572 gratia
3610 1516 3749 1572 pra-

2164 1588 2509 1657 tcrmittcret,
2530 1604 2633 1646 nos
2651 1599 2833 1645 tamen
2860 1597 3026 1644 tantae
3049 1589 3373 1646 temeritatis
3394 1589 3610 1648 facinus
3638 1606 3747 1648 non

2092 1659 2134 1714 Β
2161 1683 2536 1753 relinquemus
2597 1682 2780 1756 [forte,
2829 1681 3290 1757 relinqueremus]
3349 1684 3621 1753 inultum,
3693 1692 3749 1741 et

2158 1775 2446 1845 cpiscopus
2492 1790 2592 1847 pro
2622 1774 2946 1845 negligentia
2998 1772 3165 1828 olilcii
3200 1774 3285 1830 sui
3318 1790 3429 1831 non
3467 1777 3586 1834 leve
3616 1795 3744 1837 sus-

2156 1867 2298 1935 cepti
2354 1867 2644 1929 ministerii
2693 1865 3050 1945 pcrpenderct
3107 1865 3216 1929 sibi
3266 1865 3559 1927 imminere
3604 1871 3749 1942 peri-

2155 1961 2362 2016 culum.

2228 2051 2426 2107 Datum
2501 2051 2689 2109 Roma:
2762 2053 2977 2111 decimo
3034 2058 3267 2128 septimo
3326 2054 3412 2130 [Χ]
3472 2055 3745 2123 Kalendas

2155 2143 2358 2214 Aprilis
2375 2185 2389 2210 ,
2436 2143 2737 2200 indictione
2757 2144 3106 2212 duodecima,

2665 2255 3005 2315 EPISTOLA
3043 2258 3206 2315 LXX.

2331 2364 2398 2403 Αι)
2438 2363 2766 2404 curtistnuu
2804 2364 2979 2406 ascen
3018 2366 3301 2406 ANGLORUM
3343 2350 3489 2423 (552
3504 2352 3548 2421 ).

2719 2440 2916 2512 (Anno
2956 2440 3113 2497 1074.
3133 2443 3153 2514 )

2156 2530 2503 2606 Commendat
2553 2530 2826 2606 Guilielmi
2862 2534 2997 2606 regis
3040 2552 3167 2606 erga
3190 2551 3247 2590 se
3294 2543 3345 2590 et
3395 2535 3740 2605 apostolicam

2221 2603 2396 2655 sedem
2421 2603 2831 2677 obseruantiam,
2859 2603 3205 2677 hortaturque
3244 2622 3377 2677 cumq
3388 2603 3459 2677 ad
3479 2606 3738 2662 ecclesia-

2224 2688 2341 2724 rum
2395 2672 2778 2746 defensionem,
2831 2672 3204 2746 signiﬁcat'se
3243 2684 3294 2746 et
3351 2676 3652 2732 Ecclesiam
3686 2692 3743 2731 ut

2226 2743 2433 2817 magnis
2462 2743 2946 2817 perturbationibus
2973 2743 3200 2817 uersari.
3220 2745 3502 2812 Quoddam
3522 2746 3741 2817 privile-

2226 2814 2371 2883 gium
2401 2811 2573 2867 sancti
2605 2811 2860 2883 Stephani
2896 2825 3071 2869 ratum
3096 2811 3277 2871 haberi
3300 2811 3553 2872 consulit.
3593 2817 3740 2871 Bona

2225 2882 2399 2937 sancti
2423 2882 2576 2938 Petri
2598 2885 2655 2938 in
2678 2882 2873 2956 Anglia
2897 2888 3246 2943 commendat.

2078 3012 2120 3069 Ο
2222 2975 2531 3032 ϐηεςοιιιυε
2565 2976 2875 3048 episcopus,
2906 2993 3101 3035 servus
3121 2994 3409 3035 servorum
3440 2978 3563 3046 Dei,
3604 2978 3741 3036 Cura

2152 3083 2346 3123 LIKLIIO
2406 3068 2520 3139 regi
2588 3066 2891 3139 Anglorum
2955 3068 3187 3125 salutem
3248 3077 3307 3137 et
3381 3069 3739 3140 apostolicam

2150 3158 2604 3215 benedictionem.

2220 3247 2452 3307 Maerore
2483 3249 2683 3325 mentis
2721 3257 2848 3324 tum,
2874 3248 2953 3312 illi
2975 3249 3191 3325 dilecte,
3221 3272 3289 3312 ex
3314 3256 3548 3312 decessu
3587 3264 3740 3310 ante»

2151 3338 2388 3403 cesSoris
2415 3348 2591 3406 nostri
2614 3349 2786 3403 beata
2812 3342 3093 3404 memoriae
3122 3347 3438 3413 Alexandri,
3454 3347 3536 3424 tui
3569 3346 3736 3407 etiam

2151 3439 2428 3500 hilaritate
2474 3456 2542 3495 ex
2598 3448 2803 3496 nostra:
2855 3439 3220 3511 promotionis
3273 3445 3425 3495 certo
3478 3452 3735 3509 rumore,

2151 3533 2358 3603 absque
2379 3532 2548 3587 dubio
2570 3532 2844 3588 credimus
2867 3540 2921 3587 te
2935 3547 3002 3587 ex
3029 3531 3194 3587 corde
3213 3529 3377 3585 matri
3403 3538 3514 3584 tuae
3528 3539 3735 3585 saneta:

2151 3624 2413 3681 Romana:
2439 3624 2696 3681 Ecclesia:
2716 3626 2996 3680 adhaerere
3014 3665 3029 3690 ,
3057 3639 3293 3693 eamque
3320 3622 3449 3677 totis
3483 3621 3698 3676 viribus
3715 3662 3732 3688 ,

2152 3726 2212 3773 ut
2239 3718 2425 3785 debes,
2456 3717 2700 3788 diligere.
2735 3715 2872 3771 Nam
2922 3716 3051 3788 quia
3090 3715 3212 3785 eius
3258 3713 3420 3785 quasi
3466 3713 3736 3769 viduitate

2149 3808 2332 3864 audita
2385 3809 2622 3881 graviter
2673 3805 2981 3879 angebaris,
3017 3806 3390 3863 consolatione
3417 3804 3588 3860 etiam
3635 3820 3733 3860 sua

2149 3898 2217 3955 de
2236 3898 2410 3954 nostri
2433 3899 2776 3973 promotione
2800 3915 2929 3955 vero
2946 3899 3144 3971 gaudio
3165 3897 3365 3954 laetaris
3380 3939 3394 3965 ,
3419 3906 3734 3967 statumque

2149 3996 2399 4042 nostrum
2452 3995 2505 4042 te
2551 3988 2688 4042 velle
2721 3987 2862 4043 scire
2890 4002 2988 4057 per
3036 3987 3245 4042 litteras
3273 3996 3398 4040 tuas
3427 3984 3632 4039 obnixe
3679 3991 3732 4037 et

2150 4077 2432 4133 humiliter
2455 4077 2718 4148 precaris.
2747 4076 3016 4131 Aliectum
3041 4077 3169 4132 boni
3199 4075 3316 4141 ﬁlii,
3340 4074 3598 4130 affectum
3635 4072 3730 4127 ﬁlii

2134 4178 2386 4224 .matrem
2436 4182 2503 4222 ex
2549 4166 2714 4223 ecrde
2780 4165 3382 4238 diligentis,.ostendis.
3410 4163 3732 4234 Exsequere

2150 4276 2282 4332 ergo
2317 4260 2610 4331 operibus,
2659 4260 2735 4316 ﬁli
2785 4259 3017 4326 dilecte,
3068 4258 3215 4329 quod
3256 4272 3352 4312 ore
3402 4256 3728 4311 conﬁteris:

455 4358 749 4421 postquam
784 4350 1073 4422 praefatum
1123 4351 1459 4409 confratrem
1487 4362 1737 4411 nostrum
1778 4355 2043 4412 instinctu
2076 4365 2120 4420 D
2148 4353 2314 4421 imple
2341 4350 2637 4407 efﬁcaciter
2671 4350 2818 4421 quod
2865 4350 3023 4415 dicis,
3060 4358 3121 4405 ut
3148 4336 3461 4404 censentias
3487 4348 3595 4418 ipsi
3626 4346 3730 4402 Ve-

454 4438 653 4496 divinze
684 4441 986 4497 clementiae
1028 4452 1156 4496 eum
1200 4455 1477 4498 consensu
1507 4444 1741 4499 aliorum
1790 4447 2038 4504 omnium

457 4528 515 4583 in
545 4532 865 4604 episcopum
907 4534 1169 4604 elegeras,
1192 4540 1248 4587 et
1287 4531 1605 4590 fidelitatem
1642 4535 1748 4591 sibi
1773 4550 1842 4591 ex
1885 4551 2041 4593 more

459 4619 703 4690 feceras,
756 4626 941 4681 nescio
994 4625 1197 4696 quibus
1245 4625 1313 4681 de
1345 4627 1531 4684 causis
1577 4629 1774 4697 elatus,
1809 4644 1877 4685 eo
1900 4646 2042 4700 prae-

457 4722 631 4780 sente,
667 4716 1090 4771 commotionem
1129 4716 1394 4772 adversus
1419 4732 1547 4773 eum
1578 4734 1739 4789 agere
1774 4735 2042 4790 praesum-

457 4802 614 4874 psisti
633 4845 648 4871 ,
681 4811 737 4859 et
764 4812 1054 4875 postquam
1077 4806 1145 4862 ad
1169 4805 1467 4876 apostolica
1497 4807 1686 4865 limina
1712 4810 1891 4875 venit,
1924 4811 2037 4867 cle-

457 4893 605 4953 ricos
626 4902 684 4950 et
718 4894 866 4951 cives
898 4894 1053 4951 urbis
1081 4895 1420 4967 depraedatus
1453 4911 1515 4952 es
1531 4937 1546 4963 ,
1572 4904 1629 4953 et
1672 4895 1854 4971 (quod
1882 4898 2037 4954 valde

455 4984 752 5044 nefandum
782 4985 901 5057 est)
929 4987 1222 5056 quemdam
1252 4987 1515 5052 clericum
1535 4988 1749 5058 cepisti.
1776 4987 2037 5056 Quamvis

455 5076 623 5148 igitur
654 5077 712 5132 in
757 5076 863 5134 hac
894 5085 1045 5133 tanta
1085 5086 1141 5134 et
1189 5088 1302 5135 tam
1355 5080 1563 5136 crudeli
1612 5083 2037 5153 praesumptione

455 5183 747 5226 censuram
776 5170 1088 5242 apostolicis
1129 5171 1620 5238 animadversionis
1656 5172 1714 5228 in
1751 5181 1807 5233 te
1836 5187 2036 5244 provo-

531 5324 677 5348 [ιιι-ἰλ
712 5326 796 5348 tu-
844 5329 886 5348 ρ.-
938 5329 1039 5348 s_-.-
1080 5344 1087 5348 -

2139 4445 2290 4508 ritati
2349 4442 2652 4499 clamanti:
2709 4439 2814 4507 Qui
2849 4440 3029 4511 diligit
3076 4456 3189 4506 me,
3258 4453 3523 4493 sermones
3586 4453 3728 4491 meos

2141 4536 2371 4593 servabit
2396 4535 2587 4606 (Joan.
2612 4533 2810 4603 xxxv);
2841 4540 2898 4587 et
2918 4531 3047 4586 alibi
3077 4550 3090 4584 :
3113 4530 3371 4584 Probatio
3400 4524 3725 4599 dilectionis,

2139 4628 2392 4684 exhibitia
2431 4634 2509 4682 est
2532 4625 2725 4696 operis.
2773 4622 3070 4678 Sermones
3103 4620 3297 4677 matris
3321 4629 3430 4675 tua:
3471 4619 3530 4674 bi
3563 4627 3723 4687 sunt,

2141 4729 2197 4777 et
2223 4718 2539 4790 huiusmodi
2573 4738 2587 4773 :
2634 4716 2869 4773 iustitiae
2906 4731 3003 4785 per
3034 4713 3240 4779 omnia,
3288 4727 3416 4767 cum
3455 4720 3727 4782 opportu-

2142 4826 2277 4871 num
2328 4817 2432 4879 est,
2470 4818 2527 4865 tu
2569 4810 2730 4865 modo
2772 4810 3030 4866 insudare
3060 4823 3170 4864 non
3196 4806 3437 4873 desinas,
3463 4806 3727 4863 Ecclesiis

2143 4901 2239 4957 tibi
2270 4901 2336 4956 ad
2358 4899 2755 4965 defendendum
2777 4899 3089 4955 commissis
3108 4899 3192 4953 sic
3213 4895 3506 4952 consulere
3548 4905 3613 4950 ut
3641 4895 3725 4951 l‘o-n

2142 5003 2326 5049 menta
2367 4993 2560 5049 salutis
2620 4992 2817 5049 animae
2861 5000 2970 5047 tuae
3033 4990 3328 5057 coniicias,
3371 5000 3723 5061 peccatorum

2143 5086 2388 5141 maculas
2408 5085 2610 5151 deleas,
2634 5084 2898 5138 virtutum
2921 5082 3118 5138 odores
3142 5081 3225 5136 sic
3254 5081 3351 5136 tibi
3379 5081 3721 5145 introducas,

2143 5183 2205 5232 ut
2239 5191 2365 5232 cum
2407 5173 2671 5244 Apostolo
2712 5173 2905 5240 dicas;
2946 5169 3146 5233 Christi
3178 5169 3342 5233 bonus
3373 5169 3509 5223 odor
3540 5184 3721 5223 sumus

3054 5335 3149 5348 .--μ
3202 5342 3226 5348 _
3266 5324 3384 5348 2----
3431 5323 3698 5348 ,Α-μὲιμρξ-
