3962 5348
114 418 222 483 345

1150 417 1349 472 LIBER
1389 410 1661 470 PRIMUS.
1728 441 1781 451 -—
1817 412 2034 473 EPIST.
2073 419 2301 479 LXXI".

3266 426 3371 482 546

117 541 207 607 (Il
232 539 346 596 Cor.
385 536 482 604 ιι).
517 535 787 591 Honorem
836 535 949 597 Dei,
978 543 1034 590 et
1050 534 1235 588 omnia
1268 550 1393 606 qua:
1416 531 1510 586 Dei
1531 540 1679 595 sunt,
1711 528 1757 586 A
1780 542 2198 605 exspectamus,
2249 538 2361 594 imo
2409 547 2518 595 tota
2565 539 2768 596 mentis
2815 539 3085 596 desiderio
3125 538 3371 610 accipere

116 649 211 693 tuo
248 642 298 690 et
334 631 628 687 mundanis
669 630 927 686 omnibus
962 644 1281 700 praeponere
1312 629 1677 692 consulimus,

113 730 464 784 admonemus
509 734 565 781 et
599 738 932 794 precamur:
979 738 1104 779 eum
1163 724 1267 779 hoc
1315 736 1382 776 ex
1411 730 1563 778 certo
1609 721 1683 777 sit

113 835 300 885 unum,
330 817 477 889 quod
502 816 806 888 neglectum
859 818 1060 887 saepius
1086 825 1194 872 tua:
1224 816 1508 888 dignitatis
1527 820 1701 886 pote-’

114 925 280 972 states
300 915 437 969 solet
473 913 700 985 perdere
721 920 774 967 et
795 911 861 967 ad
890 912 1097 968 inferos
1120 912 1359 969 trudere.
1386 910 1510 967 Haec
1534 912 1677 979 ideo,

111 1007 449 1072 charissime,
498 1007 596 1061 tibi
644 1006 1015 1071 inculcamus,
1074 1006 1203 1076 quia
1256 1006 1398 1060 inter
1435 1020 1590 1076 reges
1633 1013 1683 1060 te

112 1105 283 1159 solum
308 1101 574 1157 habemus
601 1116 762 1171 quem
777 1115 888 1171 prte
910 1100 1032 1155 aliis
1057 1099 1281 1171 diligere
1310 1098 1680 1169 suprascripta

109 1194 398 1251 credimus.
456 1191 671 1249 Statum
711 1208 902 1255 verum
937 1201 1185 1248 nostrum
1208 1234 1222 1259 ,
1253 1206 1417 1262 quem
1451 1200 1505 1246 te
1542 1189 1684 1247 scire

111 1287 420 1358 suppliciter
448 1302 609 1352 oras,
634 1285 711 1342 sie
748 1285 931 1357 accipe
965 1283 1204 1340 :Navem
1246 1282 1398 1339 inviti
1435 1281 1684 1339 ascendi-

22 1378 71 1455 δ(
111 1395 249 1441 mus.
274 1395 393 1448 qua:
419 1394 517 1449 per
554 1378 824 1433 undosum
843 1377 1068 1448 pelagus
1095 1377 1353 1433 violentia
1369 1384 1680 1442 ventorum,

113 1484 163 1527 et
201 1473 403 1542 impetu
459 1471 778 1537 turbinum,
816 1480 871 1526 et
913 1470 1171 1526 ﬂuctibus
1218 1470 1286 1525 ad
1334 1486 1461 1525 aera
1507 1484 1685 1539 usque

113 1563 514 1632 insurgentibus
550 1563 606 1617 in
627 1564 833 1618 incerta
864 1562 1118 1632 dejicitur
1146 1580 1159 1616 :
1190 1562 1338 1617 saxis
1370 1561 1680 1626 occultatis,

1782 625 2069 696 cupimus;
2124 637 2217 698 ut,
2254 646 2379 701 quae
2436 633 2639 690 nobilis
2685 648 2747 691 es
2791 631 3079 703 sanguine,
3134 632 3372 689 nobilior

1782 719 1936 775 vivas
1969 730 2287 778 sanctorum
2320 739 2535 779 morum
2560 725 2867 780 honestate.
2900 722 3048 780 Insta
3082 722 3203 780 viro
3232 731 3327 778 tuo
3354 742 3367 777 :

1783 812 1979 870 animae
2010 814 2166 872 utilia
2212 831 2501 889 suggerere
2548 833 2618 874 ne
2673 816 2913 873 desinas.
2953 815 3176 872 Certum
3221 814 3369 871 eizim

1781 914 1867 962 est
1918 916 1998 974 ut,
2025 905 2073 963 si
2101 908 2188 963 vir
2212 909 2446 965 infidelis
2479 925 2576 981 per
2628 909 2912 966 mulierem
2950 908 3183 974 ﬁdelem,
3209 915 3269 961 ut
3294 907 3372 961 ait

1782 999 2079 1069 Apostolus
2124 998 2228 1071 (11
2259 1001 2383 1058 Cor.
2411 1002 2549 1073 vn),
2583 1002 2845 1068 salvatur,
2895 1001 2981 1056 vir
3006 1000 3169 1055 etiam
3196 999 3371 1055 fidelis

1782 1109 1880 1163 per
1900 1094 2182 1150 mulierem
2212 1096 2422 1152 fidelem
2457 1096 2510 1152 in
2536 1096 2733 1152 melius
2756 1102 3158 1165 augmentatur.

1855 1187 1989 1244 Data
2038 1187 2249 1258 Romze,
2282 1190 2526 1247 secundo
2558 1187 2748 1245 Nonas
2791 1187 3014 1260 Aprilis,
3075 1185 3389 1243 indictione

1783 1280 2127 1338 duodecima.

2272 1391 2612 1449 EPISTOLA
2651 1391 2862 1448 LXXII.

2219 1500 2282 1539 ω
2320 1498 2675 1540 οοτεειιειιυιι
2713 1499 2890 1540 υυεειι

2366 1577 2560 1647 (Anno
2597 1576 2793 1648 1074.)

111 1666 159 1711 ei
206 1655 325 1710 aliis
370 1670 400 1709 a
438 1655 602 1725 longe
644 1653 698 1707 in
736 1655 905 1721 altum
934 1654 1357 1724 apparentibus,
1396 1652 1523 1707 Ῑίοθῑ
1556 1668 1682 1708 (ειιῐη
1783 1664 1972 1736 Argait
1990 1666 2129 1737 quod
2160 1665 2357 1721 milites
2389 1665 2596 1721 auxilio
2621 1675 2802 1723 sancto
2827 1664 2985 1737 Petro
3016 1682 3117 1720 non
3150 1664 3373 1730 miserit,

112 1747 360 1819 periculo,
398 1747 590 1801 obviat
624 1755 803 1803 tamen
838 1754 892 1802 et
924 1764 989 1802 ex
1014 1747 1217 1802 animo.
1260 1746 1459 1802 Sancta
1485 1747 1686 1819 quippe

113 1839 345 1894 Romana
377 1837 647 1905 Ecclesia,
683 1840 771 1895 cui
803 1839 931 1895 licet
957 1840 1163 1911 indigni
1190 1849 1243 1895 et
1275 1842 1521 1895 nolentes
1546 1856 1685 1911 pne-

114 1930 339 1985 sidemus
357 1972 372 1995 ,
396 1928 635 1984 diversis
664 1930 1075 1995 tentationibus,
1113 1930 1534 2002 quamplurimis
1560 1946 1685 2002 per-

1716 1894 1761 1951 Β

114 2021 473 2077 seeutionibus
506 2020 917 2093 hypocritarum
957 2031 1012 2077 et
1053 2023 1433 2078 hzercticorum
1469 2022 1686 2079 insidiis
1738 2076 1749 2083 .

114 2123 161 2167 et
173 2112 370 2168 dolosis
386 2111 791 2182 objectionibus
805 2113 1062 2168 continue
1084 2122 1139 2169 et
1155 2114 1399 2185 quotidie
1418 2114 1683 2186 quatitur,

114 2201 393 2257 mundanis
426 2217 560 2257 vero
591 2202 956 2271 potestatibus
982 2204 1193 2260 occulte
1213 2212 1267 2258 et
1287 2204 1566 2259 evidenter
1590 2220 1687 2275 per

116 2296 309 2350 diversa
346 2294 694 2350 distrahitur.
721 2293 932 2364 Quibus
967 2296 1223 2351 omnibus
1244 2296 1485 2365 obviare,
1521 2306 1575 2353 et
1601 2297 1687 2355 bis

118 2396 179 2441 et
213 2385 632 2456 quamplurimis
684 2385 806 2442 aliis
872 2400 1222 2459 summopere
1265 2392 1490 2458 cavere,
1560 2375 1688 2460 post

118 2475 302 2543 Deum,
340 2486 395 2532 et
444 2477 587 2531 inter
628 2478 881 2532 homines
934 2479 1108 2534 nostri
1148 2487 1202 2534 et
1244 2477 1410 2536 ofﬁcii
1454 2488 1508 2536 et
1542 2496 1687 2538 cura;

121 2574 407 2644 specialiter
436 2575 637 2629 horum
676 2583 807 2628 cura
832 2574 919 2629 die
943 2583 1215 2647 noctuque
1254 2577 1565 2648 coquimur,
1600 2576 1687 2635 bis

120 2667 453 2722 ctsimilibus
492 2667 751 2721 continue
781 2667 1111 2735 divellimur,
1148 2669 1279 2724 licet
1315 2685 1416 2740 pro
1442 2678 1687 2742 tempore

121 2758 180 2813 ab
210 2758 369 2828 hujus
394 2757 584 2812 mundi
617 2757 743 2817 ﬁliis
768 2758 884 2813 hmo
911 2758 1070 2815 nobis
1104 2759 1391 2814 videantur
1420 2761 1682 2816 arridere.

120 2846 234 2913 Qum
282 2858 467 2903 tamen
502 2848 721 2919 (grates
772 2846 884 2903 Deo
917 2847 1237 2919 referimus)
1278 2850 1554 2906 mundana
1594 2866 1689 2906 co-

122 2948 301 3007 guntur
356 2939 518 2994 nobis
566 2938 874 3010 displicere.
904 2937 995 2997 Sic
1018 2940 1276 3008 vivimus,
1313 2949 1398 3009 et,
1438 2941 1549 2998 Deo
1590 2958 1689 2997 an-

124 3041 322 3097 nuente,
358 3032 631 3088 vivemus.
664 3030 1011 3102 Priviiegium
1050 3048 1181 3088 vero
1212 3033 1386 3089 sancti
1404 3033 1685 3104 Stephani,

124 3122 180 3176 de
208 3137 310 3191 quo
368 3122 680 3187 mandasti,
718 3122 914 3178 anima:
945 3131 1052 3178 tua:
1103 3124 1255 3179 salus
1311 3131 1429 3190 est,
1485 3132 1540 3179 et
1589 3140 1688 3194 pro

124 3216 287 3269 eodem
335 3216 436 3272 tibi
484 3215 828 3270 consulimus
864 3215 946 3270 sic
977 3223 1156 3269 ratum
1193 3223 1243 3270 te
1276 3213 1497 3281 habere,
1525 3222 1687 3286 prout
1714 3246 1757 3307 ο

122 3305 261 3377 legati
302 3307 479 3364 nostri
512 3307 713 3363 Petrus
754 3317 809 3363 et
857 3307 1099 3367 Joannes
1151 3310 1396 3365 Minutus
1421 3310 1685 3367 canonice

126 3397 502 3453 observandum
552 3398 889 3468 iudicarunt.
919 3398 977 3455 Si
1010 3409 1192 3459 tamen
1237 3402 1688 3474 superabundans

126 3486 302 3556 aliquid
339 3488 629 3558 privilegio
664 3489 761 3544 tibi
788 3490 1002 3546 videtur
1037 3493 1393 3563 adscriptum,
1421 3503 1687 3565 quantum

127 3578 259 3646 plura
310 3594 413 3649 pro
466 3578 582 3635 Deo
623 3587 677 3635 et
707 3591 899 3637 sancto
957 3582 1140 3649 Petro,
1194 3584 1355 3639 beato
1411 3584 1689 3657 Stephano

129 3670 479 3738 concesseris,
517 3679 671 3728 tanto
714 3673 924 3742 majora
978 3674 1034 3728 in
1095 3675 1455 3731 retributione
1489 3677 1560 3732 ah
1603 3678 1690 3735 his

130 3761 291 3828 procul
320 3760 494 3817 dubio
523 3764 772 3819 habebis.
800 3764 983 3821 Rebus
1005 3782 1136 3821 vero
1166 3768 1340 3823 sancti
1366 3767 1535 3837 Petri,
1568 3786 1691 3842 quae

131 3849 181 3904 in
195 3851 375 3924 Anglia
399 3854 750 3926 colliguntur,
765 3856 846 3912 sic
861 3865 914 3911 te
928 3866 986 3911 ut
999 3859 1107 3913 tuis
1124 3858 1407 3930 invigilare
1432 3862 1692 3917 admone-

131 3944 673 4003 mus.sieliberalitati
696 3955 824 4014 tuae,
849 3956 911 4003 ut
933 3956 1025 4003 tua
1037 3946 1451 4020 cemmittimus,
1469 3955 1690 4026 utpium

132 4042 177 4089 et
219 4037 517 4107 propitium
547 4038 851 4094 debitorem
883 4038 1109 4096 Petrum
1159 4045 1431 4115 reperias,
1467 4055 1522 4102 et
1564 4062 1691 4101 eum

133 4123 214 4178 tibi
244 4142 304 4181 ex
328 4128 515 4183 debito
545 4129 838 4185 subvenire
861 4130 1175 4200 admoneas,
1200 4150 1363 4205 quem
1396 4135 1499 4191 sibi
1521 4136 1694 4193 multa

134 4225 178 4272 te
198 4219 445 4278 tribuisse
474 4237 586 4278 non
612 4223 820 4279 latebit.

194 4311 316 4371 Data
338 4315 525 4373 Romae
557 4332 597 4371 ιι
623 4316 813 4374 Nonas
836 4320 1061 4392 Aprilis,
1094 4324 1282 4380 indiet.
1324 4342 1420 4380 xu.

621 4452 961 4511 EPISTOLA
998 4457 1186 4514 LXXI.

372 4560 439 4600 an
470 4531 804 4625 numnum
842 4564 1074 4607 uacuum
1113 4566 1416 4609 ANGLORUI.

679 4638 878 4709 (Anno
913 4640 1072 4696 1074.
1093 4641 1112 4713 )

141 4714 452 4798 Commendat
470 4725 588 4798 ejus
605 4726 965 4798 humilitatem
989 4738 1040 4784 et
1059 4731 1379 4787 charttatem
1403 4775 1421 4798 ,
1449 4733 1698 4788 hortatur

2033 1747 2093 1790 ut
2120 1739 2456 1807 promiserat.
2498 1737 2674 1791 Monet
2702 1744 2759 1791 ut
2788 1753 2873 1791 eos
2910 1736 3109 1790 mittat.

1857 1827 2167 1885 Gnsconws
2189 1830 2502 1900 cpiscopus,
2531 1846 2723 1886 servus
2746 1846 3032 1887 servorum
3054 1829 3168 1895 Dei,
3193 1827 3375 1884 Cors.-

1788 1937 1959 1976 rnsno
2020 1920 2384 1995 [Gotii‘redo]
2428 1922 2554 1978 duci
2628 1923 2860 1979 salutem
2910 1929 2964 1978 et
3015 1922 3372 1993 apostolicam

1786 2012 2242 2068 benedictionem.

1856 2101 1916 2157 Si
1943 2102 2022 2158 sic
2045 2102 2245 2160 mentis
2278 2103 2492 2160 stabilis
2528 2104 2584 2159 in
2616 2105 2988 2176 apostolorum
3014 2105 3279 2178 principis
3313 2104 3378 2160 η-

1785 2195 2004 2252 delitate
2035 2212 2284 2253 maneres
2316 2196 2459 2252 sicut
2480 2198 2641 2254 nobis
2666 2199 3023 2269 promiseras,
3048 2207 3102 2253 et
3124 2215 3190 2253 ex
3214 2196 3378 2253 corde

1787 2285 1891 2342 sibi
1917 2286 2248 2355 adhaereres,
2276 2288 2450 2341 multa
2475 2287 2573 2342 tibi
2598 2288 2755 2358 quasi
2781 2304 2848 2343 ex
2879 2289 3150 2360 pactione,
3175 2297 3230 2344 et
3250 2304 3377 2344 vera

1786 2379 2052 2437 charitate
2096 2379 2453 2447 deberemus;
2488 2396 2713 2448 verum,
2746 2380 2890 2452 'quia
2920 2398 3096 2436 omnes
3142 2381 3380 2436 declina-

1786 2479 2000 2538 verunt,
2035 2470 2197 2526 simul
2246 2471 2464 2526 inutiles
2515 2474 2651 2542 facti
2684 2481 2828 2543 sunt,
2864 2482 2945 2542 et,
2999 2481 3060 2527 ut
3089 2471 3380 2529 Psalmista

1786 2561 1882 2626 ait,
1916 2577 2021 2615 non
2040 2571 2117 2616 est
2143 2563 2235 2633 qui
2260 2561 2429 2632 faciat
2453 2562 2666 2630 bonum,
2698 2580 2802 2617 non
2825 2572 2904 2619 est
2928 2580 3093 2635 usque
3118 2564 3189 2617 ad
3216 2579 3380 2618 unum

1787 2650 1962 2725 [PsaL
2013 2649 2159 2723 xm],
2187 2651 2332 2706 viam
2365 2652 2661 2707 multorum
2690 2652 2924 2707 aliorum
2969 2661 3193 2710 secutus
3214 2652 3382 2709 decli-

1786 2741 1965 2797 uasti:
1990 2740 2085 2796 ubi
2129 2748 2214 2796 est
2237 2740 2503 2796 auxilium
2532 2742 2680 2812 quod
2731 2742 3116 2813 pollicebaris?
3145 2743 3234 2797 ubi
3272 2742 3380 2796 mi-

1787 2831 1912 2889 lites
1944 2845 2087 2901 quos
2120 2831 2189 2886 ad
2239 2832 2504 2887 honorem
2532 2841 2588 2887 et
2608 2833 2917 2888 subsidium
2954 2833 3128 2888 sancti
3154 2828 3299 2887 Petri
3327 2840 3382 2888 te

1787 2924 2081 2979 ducturum
2118 2922 2277 2978 nobis
2325 2923 2677 2993 promisisti?
2737 2922 2843 2980 Sed
2876 2925 3005 2996 quia
3043 2925 3187 2995 quod
3217 2925 3381 2980 beato

1787 3012 1950 3067 Petro
1973 3010 2278 3082 promisisti
2318 3028 2427 3067 non
2458 3013 2789 3084 implevisti,
2822 3031 2924 3069 nos
2977 3014 3102 3069 licet
3129 3014 3377 3085 indigni,

1788 3105 1883 3176 qui
1913 3104 2104 3161 vicarii
2126 3104 2248 3175 ejus
2273 3105 2532 3172 dicimur,
2558 3106 2705 3161 nulla
2740 3106 2851 3162 alia
2878 3106 2976 3161 tibi
3012 3107 3383 3177 promissione

1790 3198 2151 3263 adhaeremus,
2190 3198 2298 3254 nisi
2341 3198 2470 3269 quia
2515 3207 2578 3254 ut
2619 3198 2940 3255 Christiano
2963 3200 3057 3255 tibi
3094 3200 3383 3257 consulere

1788 3289 2068 3346 debemus.
2102 3288 2474 3346 Rcminiscere
2522 3299 2734 3361 patrem
2780 3298 2935 3346 tuam
2972 3291 3144 3346 multa
3178 3274 3384 3347 sancta:

1788 3378 2051 3436 Romanae
2106 3378 2367 3437 Ecclesiae
2424 3380 2776 3450 promisisse,
2832 3396 2958 3452 quae
2998 3381 3046 3437 si
3090 3390 3385 3438 exsecutus

1790 3472 1955 3540 foret,
1978 3472 2139 3543 longe
2163 3472 2323 3528 aliter
2346 3479 2402 3527 et
2436 3472 2667 3527 hilarius
2697 3472 2765 3528 de
2793 3487 2862 3527 eo
2890 3488 3057 3543 quam
3082 3472 3386 3529 sentiamus

1736 3564 1739 3573 ’
1791 3562 1885 3637 [f.,
1916 3561 2210 3635 sentimus]
2240 3571 2421 3618 tecum
2442 3559 2828 3632 gauderemus.
2855 3563 2932 3620 De
2947 3563 3201 3620 Sardinia
3228 3579 3382 3630 vero,

1726 4601 1772 4657 D

1790 3652 1920 3724 quia
1969 3652 2240 3709 terminus
2287 3666 2451 3723 quem
2476 3653 2765 3722 posuimus
2791 3652 2908 3721 jam
2952 3653 3193 3719 transiit,
3246 3653 3386 3708 nihil

1791 3742 1938 3799 aliud
1993 3742 2359 3811 mandamus,
2409 3758 2577 3814 quam
2650 3742 2797 3815 quod
2865 3752 3161 3814 prmsentes
3220 3743 3385 3798 simul

1791 3835 2051 3892 diximus.
2101 3834 2366 3907 Denique,
2399 3836 2447 3892 si
2472 3836 2529 3892 in
2558 3836 2648 3891 his
2687 3851 2812 3906 qua:
2858 3835 3019 3890 nobis
3058 3834 3384 3903 promisisti,

1792 3927 2043 3983 videlicet
2078 3936 2271 3984 saneto
2315 3927 2480 3983 Petro
2510 3942 2577 3983 ex
2607 3926 2773 3984 corde
2794 3927 3094 3993 adhaerere,
3129 3926 3388 3981 immobi-

1792 4018 1917 4074 liter
1939 4027 2184 4089 perstare
2218 4019 2463 4075 volueris
2482 4061 2499 4087 ,
2534 4028 2588 4074 te
2621 4019 2764 4075 sicut
2793 4017 3182 4074 charissimum
3214 4019 3387 4074 tilium

1794 4112 2137 4178 habebimus,
2161 4120 2217 4167 et
2250 4120 2308 4167 tu
2341 4127 2465 4179 nos,
2488 4125 2804 4182 quanquam
2827 4110 3136 4182 indignum,
3172 4110 3388 4166 dulcem

1793 4210 1977 4259 tamen
2014 4204 2241 4260 habebis
2264 4212 2498 4275 patrem.

1869 4291 2002 4348 Data
2063 4291 2287 4361 nonnae,
2334 4292 2597 4364 septimo,
2629 4292 2758 4349 ldus
2803 4291 3042 4363 Aprilis,
3090 4292 3390 4351 indictione

1796 4384 2140 4441 duodecima.

2280 4495 2623 4554 EPISTOLA
2657 4495 2892 4553 LXXIII.

1981 4605 2048 4645 AD
2089 4605 2430 4645 ιεειιιιειιτυιι
2470 4605 2838 4645 PIC'I'AVENSEII
2876 4604 3187 4645 EPISCOPUI.

2264 4696 2273 4699 '
2374 4679 2571 4753 (Anno
2609 4680 2800 4753 1074.)

1806 4770 1876 4830 Ut
1910 4773 1965 4845 in
1995 4773 2332 4845 provinciali
2378 4773 2605 4845 concilio
2654 4774 3059 4845 metropolitano
3091 4844 3097 4845 ί
3131 4773 3400 4845 rationem

1874 4844 2061 4916 reddat
2086 4844 2173 4916 Ade,
2186 4842 2905 4916 monasterigNobiliaceasi
2939 4844 2958 4916 [
2976 4844 3279 4916 Ohilciacen
3291 4845 3338 4898 si
3354 4842 3396 4916 ἶ,

1874 4914 2012 4985 quod
2046 4913 2228 4969 clerici
2252 4916 2427 4969 sancti
2479 4914 2686 4969 Hilaris
2712 4932 2805 4985 per
2847 4913 2956 4969 vim
2977 4914 3044 4969 ab
3073 4932 3135 4969 eo
3168 4914 3401 4971 detineri

1873 4985 2268 5057 querebantur:
2322 4993 2406 5054 et,
2461 4987 2587 5041 sise
2629 4993 2910 5057 gravatum
2956 4988 3187 5055 sentiat,
3226 4988 3299 5042 ad
3346 5000 3409 5048 re.

1875 5053 2099 5108 Romam
2124 5056 2316 5111 veniat.

197 4799 245 4841 ut
273 4792 323 4870 in
346 4795 454 4849 dies
484 4792 541 4849 in
565 4796 852 4870 hisgmagis
886 4801 1164 4870 proﬁciat,
1187 4812 1238 4857 et
1268 4805 1323 4857 in
1370 4792 1483 4859 viro
1516 4821 1611 4859 suo
1633 4822 1698 4860 ea

195 4862 400 4986 mugiat
443 4882 563 4936 qum
600 4868 671 4922 ad
732 4862 929 4925 ahima:
974 4862 1201 4926 salutem
1247 4874 1304 4927 in
1344 4875 1533 4945 primis
1573 4892 1696 4947 per-

199 5051 487 5115 Garconros
522 5061 832 5134 episcopus,
868 5054 1060 5122 servus
1105 5082 1389 5124 servorum
1418 5068 1535 5138 Dei,
1572 5069 1691 5126 MA-

143 5155 302 5289 ἓιιθέι
339 5149 547 5292 ἐξείπω
576 5150 876 5225 Anglorum
932 5157 1170 5213 salutem
1217 5167 1272 5215 et
1328 5162 1693 5233 apostolicam
1873 5164 2184 5226 GBEGORIDS
2219 5168 2528 5239 episcopus,
2567 5183 2763 5229 servus
2789 5186 3076 5229 servorum
3103 5172 3221 5242 Dei,
3244 5170 3408 5230 issu-s

214 5251 227 5286 ι
291 5252 335 5291 ιο
379 5255 559 5292 onem.
1798 5270 1974 5292 nan-nn
1998 5256 2304 5292 Ὡῖοοοιωηαί
2336 5258 2597 5292 οηςοοηινι

214 5251 537 5295 ιθαιοῑιοιιειι]
546 5282 559 5295 .

1798 5270 1974 5313 asa-ro
1998 5256 2308 5314 Pictavensi
2336 5258 2620 5328 episeopo.
