3962 5348
492 380 598 437 347

494 469 884 579 reclamatione
908 500 1277 569 manifestam.
1296 500 1564 558 Asserunt
1578 519 1797 577 quoque
1822 502 2087 574 praedium
2115 504 2161 561 A

495 586 628 642 Cam
634 604 700 661 pa
708 590 923 647 niacum
951 590 1190 657 nomine,
1211 599 1263 646 te
1274 592 1672 663 consentiente,
1689 610 1720 649 a
1735 592 2084 666 prmdonibus

496 679 609 734 tuis
640 680 839 749 injuste
873 682 1165 738 devastari.
1189 682 1412 739 Addunt
1435 685 1659 757 insuper
1679 702 1738 741 se
1761 701 1828 739 ex
1860 684 2084 756 antiqua

496 771 889 826 consuetudine
918 787 1045 827 cum
1070 773 1275 845 sanctis
1303 773 1549 845 reliquiis
1583 783 1637 830 et
1666 773 1821 846 plebe
1843 788 1942 828 sua
1968 788 2087 827 ma-

497 850 692 914 tricem
726 860 1013 914 ecclesiam
1050 861 1105 915 in
1130 860 1513 935 rogationibus
1534 863 1754 930 adiisse,
1781 870 1836 918 et
1859 878 1893 917 a
1918 876 2085 917 cano-

497 948 637 1007 nicis
662 951 770 1006 tuis
787 950 853 1005 ad
867 952 1257 1008 contumeliam
1280 953 1384 1009 sibi
1400 936 1616 1010 clausas
1633 964 1820 1025 portas
1843 953 2087 1010 ecclesia:

495 1048 553 1095 et
585 1040 869 1096 introitum
895 1053 1154 1115 negatum
1178 1044 1367 1101 fuisse.
1407 1044 1540 1113 Quae
1566 1046 1613 1103 si
1645 1047 1721 1102 ita
1757 1045 1900 1101 facta
1935 1052 2083 1112 sunt,

496 1132 798 1201 apostolica
844 1134 1174 1190 auctoritate
1208 1135 1309 1190 tibi
1333 1136 1681 1209 praecipimus
1717 1143 1778 1190 ut
1799 1144 1852 1190 te
1882 1150 2086 1205 reprae-

497 1231 680 1278 sentes
736 1223 792 1277 in
836 1224 1071 1279 concilio
1120 1225 1505 1296 epistoliorum
1553 1225 1852 1298 provinciae
1891 1233 2088 1280 vestrm

498 1314 922 1385 metropolitano
976 1324 1094 1383 tuo,
1147 1322 1221 1383 et,
1258 1317 1469 1373 reddita
1516 1333 1680 1389 super
1712 1317 1800 1374 his
1830 1316 2087 1372 omnibus

498 1406 733 1476 ratione,
759 1424 824 1464 ac
868 1424 1006 1480 pura
1062 1406 1290 1465 veritate
1336 1398 1619 1479 discussa,
1647 1409 1918 1483 justitiam
1965 1409 2088 1464 inde

501 1492 904 1570 consequenter
924 1490 1182 1557 eXliibere
1205 1518 1317 1558 non
1340 1498 1747 1574 praetermittas.
1781 1501 2007 1570 Verum,
2041 1500 2088 1558 si

502 1587 619 1645 lucc
671 1589 854 1662 aliqua
888 1591 1176 1648 occasione
1223 1594 1623 1671 renueris,aut
1651 1602 1701 1650 te
1724 1593 1924 1665 injuste
1952 1608 2091 1673 prae—

502 1681 718 1751 gravari
741 1672 1085 1753 cognoveris,
1103 1685 1158 1740 in
1179 1684 1476 1742 festivitate
1501 1687 1748 1743 omnium
1773 1695 2090 1745 sanctorum

1134 384 1192 441 S.
1229 383 1556 443 GREGORII
1597 386 1688 442 Vll
1723 386 1927 443 ΡΛΡᾹΞ
1966 382 2249 443 OPERUM
2290 381 2471 438 PARS
2509 381 2547 437 Ι.
2580 413 2643 422 -
2688 379 3110 438 REGISTltUM.

3654 378 3772 435 348

2679 495 3015 557 EPISTOLA
3052 495 3262 550 LXXV.

2361 618 2428 656 an
2471 616 2754 656 PHILIPPUI
2785 617 2803 654 ι
2842 616 3018 655 ascen
3057 615 3371 656 remenso:
3411 599 3585 672 (555).

2759 690 2777 760 (
2795 690 2954 745 Anno
2990 688 3149 745 1074.
3170 689 3189 761 )

2186 782 2364 839 Monet
2395 790 2452 837 ut
2482 782 2678 836 damna
2706 781 3015 836 Belvacemi
3032 780 3271 837 ecclesia:
3293 779 3453 835 illata
3487 792 3779 847 resisteret,

2250 863 2302 909 et
2333 870 2457 908 suos
2486 862 2837 907 antecessores
2864 853 3103 908 imitetur
3134 853 3191 905 in
3217 851 3562 922 defendendis
3578 861 3632 908 et
3657 871 3780 909 am-

2251 923 2559 996 pliﬁcandi:
2590 922 2849 979 ecclesiis.

2255 1038 2565 1096 GREGORIUS
2620 1036 2947 1109 episcopus,
3023 1051 3216 1097 servus
3278 1051 3569 1094 servorum
3640 1035 3779 1099 Dei.

2185 1131 2589 1209 Pulupporegi
2637 1130 2980 1187 Francorum
3015 1130 3249 1203 salutem
3292 1138 3349 1189 et
3407 1130 3782 1202 apostolicam

2187 1225 2637 1283 benedictionem.
2706 1266 2711 1269 ‹

2259 1316 2592 1389 Signiﬁcasti
2647 1319 2809 1377 nobis
2858 1334 2954 1391 per
2987 1318 3199 1381 litteras.
3227 1326 3286 1375 et
3306 1317 3515 1390 legatos
3538 1326 3690 1384 tuos,
3728 1326 3785 1377 te

2186 1407 2346 1463 beato
2375 1407 2540 1467 Petro
2560 1412 2936 1481 apostolorum
2957 1410 3190 1483 principi
3211 1409 3403 1467 devote
3422 1424 3490 1467 ac
3517 1410 3785 1467 decenter

2186 1499 2325 1555 velle
2378 1499 2622 1569 obedire,
2656 1511 2717 1567 et,
2762 1511 2953 1559 nostra
2985 1502 3045 1557 in
3086 1501 3174 1559 bis
3198 1517 3323 1573 quae
3349 1501 3421 1558 ad
3440 1501 3787 1565 ecclesiasti-

2189 1604 2311 1645 cam
2389 1591 2711 1663 religionem
2786 1593 3061 1666 pertinent
3118 1594 3328 1650 monita
3400 1593 3784 1661 desideranter

2190 1679 2382 1736 audire
2413 1689 2578 1752 atque
2602 1681 2883 1752 perﬁcere.
2911 1681 3071 1751 Quod
3106 1683 3155 1741 si
3181 1684 3257 1740 ita
3274 1684 3435 1751 cordi
3468 1694 3572 1743 tuo
3590 1685 3785 1755 divino

503 1758 863 1842 cum‘aliquot
883 1773 1098 1830 clericis
1127 1776 1302 1831 sancti
1332 1772 1523 1831 Hilarii
1554 1776 1623 1833 ad
1646 1793 1756 1833 nos
1796 1775 2005 1844 venias,
2030 1784 2092 1832 ut
2191 1770 2452 1827 instinctu
2483 1770 2707 1829 δΐιῖιιιῐη
2729 1781 2835 1841 θεῖ,
2866 1775 3099 1830 mnuum
3122 1776 3355 1848 Eandem
3375 1791 3480 1834 ιιοε
3500 1778 3783 1844 convellit.

504 1859 561 1916 in
593 1862 881 1931 praesentia
924 1873 1113 1920 nostra
1165 1868 1542 1945 controversia
1596 1878 1778 1931 vestra
1808 1869 2094 1941 diligenter
2124 1848 2168 1904 Β
2196 1863 2345 1931 quod
2369 1862 2664 1918 eminentia
2697 1871 2790 1921 tua
2811 1863 2881 1920 ad
2909 1864 3152 1921 divinam
3189 1881 3365 1937 prona
3387 1868 3783 1935 reverentiam.

503 1955 805 2024 perquisita
819 1965 873 2013 et
891 1958 1108 2030 cognita
1124 1959 1428 2031 legitimum
1445 1961 1632 2030 tinem,
1651 1962 1763 2019 Deo
1779 1964 2090 2034 adjuvante,

504 2045 803 2117 suscipiat;
831 2057 887 2103 et
911 2057 1023 2104 tam
1067 2050 1378 2107 sollicitudo
1403 2061 1616 2120 nostra,
1641 2069 1764 2125 qua:
1794 2055 1980 2110 multis
2005 2055 2091 2109 in-

503 2133 721 2208 vigilat,
759 2156 923 2210 quam
954 2151 1137 2199 vestra
1187 2143 1255 2199 lis
1305 2144 1563 2217 deinceps
1602 2161 1768 2217 super
1800 2146 1889 2203 his
1911 2146 2095 2204 causis

507 2228 684 2306 supita
707 2231 971 2303 quiescat.

582 2288 937 2407 .Da’tafltomae
963 2324 1204 2411 secundo
1239 2288 1621 2398 Idusi'A‘prilis,
1649 2326 1764 2384 ind.
1780 2343 1897 2393 χιι.

997 2474 1339 2533 ΕΡΙΒΤΟΙΛ
1373 2476 1621 2535 LXXlV.‘

1056 2606 1124 2646 AD
1142 2607 1543 2673 .BELVACENSES.

1087 2703 1282 2776 (Anno
1311 2704 1469 2763 1074.
1489 2707 1510 2779 )

509 2809 746 2868 Absolvit
776 2828 873 2892 eos
897 2815 968 2892 ab_
1004 2819 1566 2892 “communicatione
1579 2821 1821 2892 precibus
1866 2822 2099 2892 episcopi

580 2899 746 2970 queui
791 2884 1147 2970 oll'ettderant:
1174 2886 1376 2970 .Monet
1402 2898 1462 2946 ut
1514 2884 1760 2947 obediant
1782 2933 1801 2961 ,
1835 2884 1906 2948 ιε’
1941 2893 2008 2948 ab
2038 2884 2099 2948 eo

584 2964 951 3023 pwm’tenttam
986 2964 1305 3029 suscipiant.

584 3085 896 3151 Caesonius
927 3091 1239 3165 episcopus,
1266 3110 1459 3154 servus
1492 3111 1777 3155 servorum
1807 3098 1925 3167 Dei,
1951 3098 2100 3155 clero

1125 3182 1138 3196 '
1241 3184 1253 3196 '
1412 3185 1423 3199 '
1508 3186 1521 3200 '
2204 3179 2453 3203 υυιιδιιιιι
2519 3179 2574 3204 ιιι
2632 3179 2866 3207 ισιισιιιιυ
2918 3179 3165 3209 usuum
3207 3179 3244 3209 ιι
3344 3179 3381 3210 «ι
3411 3179 3521 3211 ac.
3710 3179 3823 3212 un,

509 3179 1257 3320 ῖῖοριῗὲιῗιιξέῗςὲῖῗὶῗέηῗῗ
1299 3195 1570 3320 .⁹⁸⁸⁸¹’¹¹“’
1601 3189 1837 3244 mm
1881 3195 1940 3245 et
1964 3202 2100 3260 ²¹³⁰“
2127 3204 2171 3264 ⁸
2205 3190 2526 3314 pedum-sit-
2562 3208 2862 3315 ιίθειειιιεω
2889 3179 3022 3303 ’vero
3069 3179 3360 3304 ἀίνίιιειῗῖ
3374 3179 3857 3320 mxima-av

518 3268 775 3333 stolicam
801 3271 1257 3332 benedictionem.
1298 3318 1302 3322 .
1404 3346 1408 3350 θ

587 3356 865 3431 Quoniam
910 3361 1053 3418 mira
1089 3372 1169 3419 .et
1226 3364 1495 3423 hactenus
1558 3366 1804 3427 inaudita
1852 3368 2063 3427 fecistis
2085 3409 2101 3438 ,

516 3447 847 3513 detesunda.
862 3461 938 3508 .et
970 3453 1343 3512 abominanda
1390 3461 1749 3529 perpetrastis
1764 3501 1782 3527 ,
1833 3470 1891 3516 et
1939 3475 2106 3530 super

517 3548 713 3611 gentes
739 3557 863 3614 qua:
889 3542 1146 3620 ignorant
1174 3545 1369 3616 Deum,
1388 3550 1669 3609 saeviendo
1689 3559 1755 3608 et'
1776 3552 2107 3609 inhumanas

519 3629 739 3703 linguas
762 3634 1101 3704 mouendo,
1118 3634 1178 3692 in
1198 3634 1376 3693 Deum
1392 3646 1449 3695 et
1463 3638 1522 3695 in
1542 3637 1838 3701 Dominum
1860 3649 2109 3698 vestrum

519 3722 948 3793 praesumpsistis
971 3764 995 3793 ,.
1042 3724 1252 3784 idcirco
1290 3736 1517 3789 sancta
1563 3727 1811 3787 Romana
1866 3729 2108 3789 Ecclesia

521 3811 851 3873 auctoritate
886 3813 1151 3885 Patrum,
1200 3818 1487 3891 sanctione
1536 3836 1852 3891 canonum,
1914 3823 1970 3878 in
2010 3838 2110 3881 vos

515 3900 1167 3972 iaculumanathematis
1196 3908 1325 3980 jure
1342 3910 1640 3982 contorsit,
1671 3900 1731 3968 et
1755 3928 1856 3983 pro
1894 3913 2110 3971 meritis

526 3995 727 4053 talibus
746 4012 815 4053 ac
827 3998 1254 4076 tantisgladium
1270 4001 1328 4072 in
1343 4017 1443 4059 vos
1467 4002 1602 4061 dira:
1624 4004 2112 4062 animadversionis

523 4086 851 4157 evaginavit.
887 4086 993 4149 Sed
1037 4099 1331 4163 postquam
1352 4093 1587 4150 ﬁliuset
1625 4095 1903 4154 confrater
1924 4105 2113 4153 noster

525 4174 852 4233 Guilielmus
865 4179 1156 4251 episcopus
1178 4192 1379 4252 vester,
1395 4193 1624 4256 paterna
1648 4186 1851 4258 pietate
1862 4188 2115 4260 rogando

524 4283 626 4340 pro
652 4269 809 4339 vobis
843 4271 1131 4342 epistolam
1167 4290 1327 4335 suam
1380 4276 1549 4335 nobis
1572 4277 1627 4331 in
1650 4285 1897 4348 tempore
1919 4278 2113 4351 synodi

526 4358 765 4428 direxit,
832 4365 1133 4418 sentientes
1174 4379 1303 4421 cum
1355 4381 1481 4438 erga
1526 4383 1627 4424 vos
1670 4368 1995 4425 benevolum
2058 4377 2117 4426 et
2188 4410 2193 4415 -

524 4447 850 4506 referentem
894 4466 995 4520 pro
1046 4453 1192 4508 malo
1239 4454 1479 4525 bonum,
1525 4456 1784 4529 precibus
1825 4458 1947 4529 ejus
1977 4459 2114 4514 moti

2198 1968 2322 2023 qua:
2366 1953 2529 2026 regiae
2577 1953 3070 2012 administrationis
3099 1964 3230 2025 sunt
3259 1956 3463 2030 cogitat
3490 1966 3665 2028 atque
3687 1974 3785 2017 ω-
3836 2008 3843 2015 .

2199 2045 2431 2116 gnoscit.
2462 2044 2617 2103 Unde
2649 2047 2990 2129 nobilitatem
3016 2056 3169 2105 tuam
3193 2064 3263 2115 ex
3291 2050 3619 2120 μηδικῆιὶ
3637 2049 3787 2117 Petri

2199 2136 2591 2207 admonemus,
2633 2146 2687 2194 et
2729 2138 2880 2210 omni
2945 2139 3229 2197 charitatis
3270 2140 3465 2198 affectu
3521 2157 3788 2214 rogamus

2199 2235 2470 2298 quatenus
2491 2226 2664 2283 Deum
2685 2227 2783 2284 tibi
2817 2230 3035 2301 placare
3069 2230 3310 2299 studeas,
3340 2238 3395 2288 et
3414 2231 3563 2293 inter
3590 2242 3786 2290 cetera

2199 2333 2323 2389 qua:
2373 2327 2526 2375 tuum
2570 2327 2655 2375 est
2714 2320 3019 2393 corrigere,
3050 2336 3148 2392 per
3177 2329 3231 2377 te
3270 2321 3419 2379 illata
3462 2322 3787 2381 Belvaeensi

2116 2410 2119 2413 ’
2200 2409 2459 2466 Ecclesia:
2486 2410 2811 2468 detrimenta
2841 2428 2943 2484 pro
2988 2412 3366 2486 magnitudine
3410 2413 3493 2471 tui
3542 2415 3789 2475 nominis
3815 2432 3835 2449 κ

2200 2514 2255 2560 ct
2286 2506 2516 2563 honoris
2546 2506 2895 2579 aliquatenus
2919 2510 3213 2569 eruendam
3240 2527 3354 2567 non
3374 2513 3783 2583 praetermittas.

2200 2592 2491 2651 Attenderc
2519 2596 2665 2652 enim
2697 2606 2749 2654 te
2790 2599 3078 2656 nobiscum
3121 2609 3177 2656 et
3205 2600 3493 2674 diligenter
3530 2603 3789 2659 conside-

2202 2699 2327 2741 rare
2357 2686 2628 2754 volumus,
2674 2686 2731 2741 in
2762 2698 2969 2757 quanta
3011 2689 3304 2746 dilectione
3357 2693 3506 2749 sedis
3557 2703 3791 2765 aposto-

2201 2775 2340 2846 licae,
2373 2786 2688 2849 quantaque
2718 2779 2893 2850 gloria
2942 2787 2998 2836 et
3021 2779 3275 2841 laudibus
3309 2779 3426 2839 fere
3468 2797 3569 2853 per
3595 2784 3792 2845 orbem

2203 2877 2473 2925 terrarum
2505 2881 2886 2933 antecessores
2920 2873 3000 2930 tui
3025 2891 3180 2947 reges
3206 2876 3501 2935 clarissimi
3531 2888 3591 2935 et
3610 2877 3791 2937 famo-

2203 2960 2411 3019 sissimi
2438 2962 2609 3019 habiti
2652 2974 2804 3032 sunt,
2825 2964 2958 3021 dum
2993 2965 3216 3022 illorum
3245 2966 3396 3040 regia
3437 2967 3713 3039 majestas
3734 2970 3794 3027 in

2204 3055 2602 3125 amplificandis
2634 3067 2691 3114 et
2713 3057 3071 3117 defendendis
3094 3059 3359 3119 Eeclesiis
3391 3061 3483 3133 pia
3507 3078 3577 3119 ac
3596 3063 3795 3119 devota

2204 3146 2486 3216 constitit,
2518 3148 2607 3217 iu,_
2631 3150 2866 3207 tenendo
2889 3150 3165 3223 justitiam
3207 3152 3381 3211 libera
3411 3168 3481 3211 ac
3869 3198 3875 3205 ε

2205 3334 2572 3391 subvertendo
2606 3344 2755 3393 tanta
2786 3337 2964 3394 virtus
2993 3337 3051 3395 in
3084 3338 3491 3409 posterioribus
3504 3341 3681 3412 capit
3701 3340 3803 3399 δο-

2203 3425 2449 3493 beseere,
2473 3426 2642 3484 totius
2662 3427 2819 3499 regni
2838 3428 3033 3500 gloria,
3055 3429 3246 3498 decus,
3268 3430 3450 3488 honor
3466 3439 3531 3486 et
3546 3431 3800 3502 poteuia
3824 3470 3835 3475 -

2207 3532 2331 3572 cum
2366 3518 2639 3589 perversis
2672 3520 2921 3579 moribus
2943 3520 3235 3579 immutata
3265 3528 3435 3590 sunt,
3456 3530 3516 3578 et
3564 3523 3875 3579 nobilis-Au

2208 3608 2348 3665 sima
2391 3607 2535 3665 fama
2570 3618 2626 3666 et
2671 3619 2846 3670 status
2866 3612 3022 3683 regni
3046 3628 3078 3669 a
3112 3613 3507 3671 culmine‘sute
3527 3615 3809 3673 claritatis

2186 3700 2467 3761 inclinata
2500 3710 2649 3761 sunt.
2675 3700 3044 3775 Haequidem
3075 3713 3133 3762 et
3150 3704 3261 3761 alia
3451 3703 3797 3778 frequenter.

2209 3798 2281 3857 et,
2318 3790 2364 3847 si
2395 3800 2630 3861 oportet,
2661 3807 2858 3864 aspero
2886 3794 3054 3850 etiam
3084 3809 3341 3852 sermone
3369 3794 3470 3851 tibi
3493 3795 3795 3863 inculcare,

2210 3883 2452 3954 suscepti
2495 3899 2599 3939 nos
2629 3882 2798 3940 ofllcii
2850 3901 2987 3966 cura
3025 3887 3304 3960 compellit
3336 3906 3351 3942 :
3379 3887 3651 3960 quoniam
3676 3888 3801 3945 licet

2210 3973 2438 4031 verbum
2477 3975 2882 4048 praedicationis
2908 3978 3246 4036 abscondere
3275 3987 3334 4035 et
3360 3977 3577 4050 uspiam
3616 3987 3799 4043 tacere

2213 4083 2325 4124 non
2349 4068 2422 4125 sit
2450 4068 2611 4125 nobis
2637 4077 2814 4126 tutum
2849 4078 2945 4127 aut
2975 4070 3232 4138 liberum,
3258 4078 3442 4126 tamen
3475 4079 3691 4141 quanto
3717 4069 3798 4124 di-

2214 4158 2393 4231 gnitas
2426 4166 2511 4215 est
2544 4160 2779 4231 amplior
2812 4169 2869 4216 et
2891 4174 3124 4231 persona
3145 4159 3453 4228 sublimior,
3487 4168 3646 4217 tanto
3673 4176 3798 4233 pro-

2214 4251 2525 4322 pensiorem
2553 4266 2747 4308 curam
2788 4263 2844 4308 et
2875 4252 3153 4308 clamoren
3184 4266 3284 4323 pro
3319 4251 3441 4324 ejus
3476 4253 3799 4309 rectitudine

2216 4357 2319 4398 nos
2347 4342 2547 4399 habere
2603 4344 2890 4413 convenit,
2941 4343 3268 4399 admonente
3291 4357 3394 4400 nos
3440 4342 3681 4400 Domino
3707 4360 3801 4416 per

2217 4436 2538 4506 prophetam
2568 4436 2837 4492 dicentem
2869 4454 2883 4491 :
2922 4434 3133 4504 Clama,
3159 4451 3223 4491 ne
3249 4452 3437 4503 cesses,
3459 4437 3621 4507 quasi
3678 4438 3820 4497 tuba.

525 4542 687 4598 solita
720 4542 921 4611 pietate
955 4526 1568 4617 condescendimus;et,
1599 4565 1698 4621 per
1731 4526 2099 4607 auctoritatem

2216 4526 2397 4583 exaltu
2425 4543 2600 4582 vocem
2631 4536 2780 4582 tuam
2802 4527 2940 4600 (Isa.
2966 4529 3143 4599 utut);
3166 4528 3441 4599 praecipue
3461 4530 3594 4584 cum
3629 4528 3803 4584 virtus

524 4629 674 4684 beati
701 4628 851 4685 Petri
885 4632 1565 4709 apostolorumprincipis
1598 4654 1698 4696 vos
1744 4640 2110 4709 absolventes,

529 4720 797 4774 indultam
844 4721 1245 4780 absolutionem
1287 4728 1550 4786 continuo
1585 4730 1743 4787 vobis
1775 4746 1874 4802 per
1905 4731 2114 4786 litteras

530 4819 750 4869 nostras
779 4813 1091 4885 significare
1112 4815 1527 4877 destinavimus.
1565 4820 1769 4877 Eadem
1802 4821 1968 4892 igitur
2016 4836 2116 4876 au-

528 4902 782 4959 ctoritate
816 4904 1102 4961 beatorum
1153 4908 1527 4977 apostolorum
1554 4909 1701 4965 Petri
1745 4919 1800 4966 et
1840 4910 2027 4977 Pauli,
2063 4919 2115 4966 ct

532 4999 744 5046 nostra.
770 5008 869 5046 vos
906 5009 1197 5046 monemus
1224 5006 1496 5046 mtatenus
1518 5001 1750 5046 uastitas.
1783 4999 1884 5046 sibi
1913 4998 2114 5046 subditi

2213 4619 2650 4678 Christianorum
2691 4619 3002 4691 principum
3052 4620 3109 4675 in
3140 4621 3386 4691 ejusdem
3423 4621 3571 4693 regis
3607 4622 3805 4677 castris

2214 4712 2281 4768 ad
2299 4711 2602 4769 custodiam
2629 4708 2958 4769 Christiana:
2973 4711 3180 4766 militiae
3200 4710 3485 4767 nobiscum
3508 4712 3806 4767 convenire

2214 4804 2426 4861 debeat.
2462 4802 2537 4859 Ut
2570 4804 2737 4876 igitur
2787 4819 2981 4860 eorum
3010 4818 3245 4875 quorum
3294 4818 3357 4859 es
3417 4816 3713 4858 successor
3749 4802 3805 4857 in

2216 4911 2385 4967 regno
2418 4895 2718 4950 nobilitatis
2757 4903 2813 4950 et
2845 4894 3034 4965 gloria:
3075 4893 3220 4964 apud
3250 4892 3423 4947 Deum
3457 4901 3515 4949 et
3551 4893 3805 4949 homines

2217 4986 2511 5046 singularis
2534 4993 2590 5041 et
2610 4984 2924 5041 individuus
2946 4985 3122 5040 luere:
3146 4982 3372 5046 existas,
3402 4983 3663 5039 virtutem
3688 4982 3804 5038 illo-
