3962 5348
104 430 215 488 349

584 532 919 589 EPISTOLA
960 530 1195 587 LXXVI.

207 665 268 704 AD
302 661 634 703 ιωυειιτωι
685 658 1064 701 ιυςυυιηειιεειι
1100 655 1570 698 Αιοωενιθςοιιυιι.

691 753 875 827 (Anno
908 752 1092 825 ton.)

94 848 408 919 Episcopum
446 844 892 919 latisconensent
924 842 1274 919 commendat,
1309 851 1360 897 et
1389 842 1460 896 ad
1496 840 1682 896 Beck-

438 917 649 973 sior-unt
675 916 1031 986 defensionem
1058 912 1325 968 hortatur.

168 1032 466 1089 CIBGOBIUS
498 1028 813 1101 episc0pus,
844 1040 1035 1083 servus
1064 1040 1351 1082 servorum
1379 1023 1496 1092 Dei,
1524 1022 1679 1081 lion-

89 1137 261 1179 mro
283 1119 643 1193 Lugdunensi
672 1117 1083 1189 archiepiscopo
1100 1124 1157 1172 et
1173 1116 1295 1187 eius
1319 1115 1679 1187 suﬂraganeis

90 1211 355 1292 episcopis
388 1211 630 1267 salutem
662 1218 719 1265 et
751 1208 1109 1292 apostolicam
1145 1206 1604 1263 benedictionem.

159 1310 502 1366 Confratrem
566 1319 818 1366 nostrum
872 1288 1164 1382 [vestrum]
1219 1304 1677 1361 Matisconensem

88 1402 417 1472 episcopum,
467 1417 636 1473 quem
683 1398 1169 1458 intervenientibus
1211 1395 1540 1468 quihusdam
1586 1410 1678 1450 ra-

88 1491 434 1548 tiombilibus
471 1492 660 1548 causis
684 1490 1077 1557 ordinavimus,
1103 1489 1173 1545 ad
1191 1503 1292 1545 vos
1320 1503 1447 1545 cum
1472 1486 1678 1544 nostris

88 1583 275 1642 litteris
306 1593 365 1639 et
396 1584 710 1654 apostolico
750 1582 930 1655 sigillo
973 1582 1260 1648 mittimus,
1304 1588 1578 1651 quatenus
1608 1578 1678 1635 de

87 1684 330 1746 suscepto
369 1675 736 1732 sacerdotalis
781 1673 944 1730 ofﬁcii
982 1674 1175 1730 ordine
1215 1680 1275 1729 et
1304 1673 1517 1728 honore
1562 1684 1674 1726 non

87 1765 282 1821 incerta
302 1765 468 1822 vobis
488 1766 649 1834 signa
676 1775 734 1822 et
752 1765 953 1822 indicia
977 1763 1197 1821 referat.
1229 1760 1333 1820 Cui
1356 1777 1672 1835 quanquam

87 1871 178 1911 vos
197 1856 441 1917 debitam
481 1864 541 1916 et
568 1855 871 1921 fraternam
902 1856 1250 1913 dilectionem
1284 1863 1535 1926 prompte
1575 1869 1672 1910 ex—

88 1947 267 2007 hibete
288 1961 405 2004 non
436 1947 777 2016 dubitemus,
819 1948 1018 2005 addere
1044 1947 1150 2004 sibi
1180 1957 1362 2005 tamen
1384 1956 1441 2004 et
1464 1954 1668 2004 nostra:

86 2036 150 2091 ad
168 2052 260 2093 vos
287 2037 793 2096 commendationis
831 2037 992 2110 quasi
1018 2038 1362 2110 privilegium
1412 2045 1667 2109 oportere

86 2128 475 2203 nmpeximus,
517 2138 797 2201 quatenus
825 2130 879 2186 ei
906 2138 1061 2191 tanto
1100 2130 1496 2187 accumulatior
1525 2129 1670 2186 inter

84 2236 174 2277 vos
208 2219 456 2277 charitas
497 2221 804 2290 enitescat,
844 2230 1052 2294 quanto
1103 2236 1172 2279 ex
1212 2221 1433 2279 vinculo
1473 2229 1670 2278 vestra:

86 2310 433 2369 fraternitatis
452 2320 511 2367 et
536 2318 793 2383 respectu
834 2313 1149 2384 apostolica:
1192 2312 1510 2369 reverentia:
1536 2327 1663 2368 con-

83 2403 307 2473 iunctior
335 2412 396 2461 et
426 2404 763 2460 eminentior
788 2420 915 2461 eum
939 2421 1105 2462 causa
1127 2406 1494 2462 commendat.
1522 2405 1669 2474 Qua-

83 2502 290 2562 propter
308 2507 579 2564 rogamus
612 2509 735 2561 vos,
765 2503 822 2550 et
851 2495 1213 2553 admonemus
1241 2496 1300 2553 in
1329 2495 1585 2562 Domino,
1610 2505 1672 2553 ut

83 2597 198 2639 eum
220 2585 397 2655 piem
416 2585 737 2643 dilectionis
760 2586 1065 2654 affectibus,
1093 2594 1149 2642 et
1172 2586 1337 2659 digna
1377 2594 1672 2658 congratu-

82 2672 273 2733 latione
298 2676 641 2747 suscipiatis,
675 2685 733 2733 et
757 2677 828 2733 ad
856 2678 1148 2749 regendam
1184 2678 1288 2735 sibi
1319 2678 1671 2735 commissam

83 2766 394 2837 Ecclesium,
423 2770 661 2842 eiusque
683 2771 812 2842 jura
838 2772 1145 2839 retinenda,
1174 2780 1249 2841 et,
1273 2772 1368 2828 ubi
1394 2788 1533 2842 opus
1552 2770 1672 2827 fue-

83 2858 167 2926 rit,
212 2858 615 2931 recuperanda,
661 2876 789 2916 cum
833 2861 985 2917 omni
1034 2877 1167 2918 cura
1200 2869 1257 2920 et
1291 2861 1504 2929 studio,
1551 2877 1674 2934 quae

81 2950 299 3021 potestis
320 2952 560 3009 consilia
579 2960 639 3009 et
659 2952 932 3024 adjutoria
956 2952 1273 3011 conferatis.
1305 2952 1443 3008 Nam
1465 2961 1674 3024 quanto

82 3040 164 3097 his
184 3042 527 3114 temporibus
546 3058 652 3115 pro
682 3045 924 3116 peccatis
957 3045 1165 3102 nostris
1193 3044 1439 3101 Ecclesia
1472 3043 1671 3102 saevio-

82 3132 227 3190 ribus
276 3150 683 3209 usquequaque
745 3138 1075 3195 concutitur.
1126 3138 1630 3211 perturbationibus
1652 3180 1669 3207 ,

1158 417 1358 473 LIBER
1399 414 1679 473 PRIMUS.
1719 444 1791 455 -—
1826 413 2045 469 EPIST.
2085 412 2322 468 LXXVII

1600 594 1603 597 _
1715 527 1924 586 Anica:
1973 535 2133 581 terra:
2180 524 2497 596 episcopos,
2549 539 2782 594 quorum
2837 523 2994 579 multi
3024 524 3152 579 non
3196 526 3375 581 solum
3454 570 3459 575 .

3271 414 3377 471 550

1786 618 1994 674 carnali
2044 616 2268 683 scelere,
2302 616 2397 671 sed
2442 616 2606 671 etiam
2650 614 2950 671 simoniaca
2999 615 3120 670 labe
3163 614 3373 682 [tr-dati,

1783 712 1971 767 itidem
2007 710 2186 766 vocati
2206 717 2353 775 sunt,
2381 709 2751 779 apostolorum
2782 708 2969 764 limina
2993 708 3168 779 petiit,
3193 709 3374 764 locum

1776 804 1970 877 iudicii
1993 804 2050 858 in
2071 800 2397 859 humilitatis
2426 800 2601 857 forma
2623 802 2902 873 praevenit,
2925 809 2981 856 et
3001 801 3208 857 veritus
3239 817 3373 871 apo-
3462 858 3465 865 λ

1781 896 2034 954 stolicam
2062 895 2276 968 virgam
2309 892 2687 951 annuntiando
2719 900 2777 948 et
2806 892 3097 964 cogitando
3118 907 3217 964 pro
3243 908 3367 962 pec-

1780 987 1920 1043 catis
1949 986 2065 1043 suis
2098 985 2156 1041 in
2191 984 2390 1042 faciem
2424 983 2678 1056 procidit.
2723 982 3037 1054 Apostolica
3064 983 3232 1055 igitur
3255 990 3373 1037 tum
3422 1058 3429 1059 γ

1779 1093 2017 1133 censura
2060 1085 2347 1148 correptus
2377 1076 2491 1149 iam
2526 1090 2675 1131 nunc
2704 1074 3061 1147 apostolicam
3099 1074 3250 1133 venit
3277 1088 3373 1127 ex-

1779 1170 1955 1242 pediri
1981 1168 2354 1239 clementiam,
2402 1176 2461 1225 et
2504 1184 2632 1225 cum
2661 1174 2814 1224 tanta
2851 1165 3191 1245 fatigatione,
3228 1165 3374 1221 sicut
3430 1226 3435 1237 λ

1778 1262 2112 1330 audivimus,
2150 1261 2449 1334 iciunando
2496 1261 2721 1334 pariter,
2754 1268 2810 1317 et
2842 1261 3161 1332 plerumque
3207 1260 3374 1330 pedes
3454 1334 3455 1337 η

1775 1352 1979 1419 eundo,
2030 1353 2510 1424 compunctionem
2558 1367 2719 1410 suam
2757 1360 2816 1408 et
2861 1351 3225 1408 obedientiam
3272 1351 3372 1405 de-

1777 1444 2125 1513 monstravit,
2148 1452 2209 1499 ut
2238 1443 2544 1501 confratres
2565 1444 2740 1501 nostri
2765 1459 2866 1515 pro
2887 1442 3249 1515 competentia
3272 1444 3374 1497 ho-

1775 1550 1899 1590 rum
1932 1544 2241 1607 temporum
2268 1536 2641 1593 miserendum
2681 1536 2788 1594 sibi
2821 1536 2939 1593 fore
2967 1536 3193 1609 dignum
3215 1534 3370 1592 aesti-

1775 1637 1992 1685 marent
2024 1637 2081 1685 et
2115 1630 2512 1687 decernerent:
2548 1630 2637 1687 cui
2677 1646 2994 1703 quanquam
3045 1630 3374 1700 episcopalis
3462 1696 3463 1699 η

1774 1718 1935 1775 ollicii
1951 1720 2464 1793 redintegrationem
2488 1721 2557 1777 ad
2581 1729 2707 1777 vota
2723 1737 2822 1790 sua
2838 1736 2949 1777 non
2970 1720 3372 1788 concessimus,

1775 1824 2033 1866 exercere
2076 1819 2259 1867 tamen
2289 1811 2346 1867 in
2391 1811 2487 1869 illo
2524 1811 2764 1884 rigorem
2804 1812 3135 1868 canonicum
3173 1813 3278 1870 hoc
3313 1814 3371 1871 in

1702 1892 1748 1949 Β
1774 1910 2019 1973 tempore
2067 1902 2200 1974 quid
2234 1901 2482 1969 referret,
2525 1918 2652 1960 cum
2705 1902 2962 1970 fortasse,
3007 1901 3113 1959 huc
3160 1912 3368 1972 amoto,

1770 1988 1952 2050 locum
1976 1995 2098 2065 eius
2119 2009 2231 2050 non
2261 1994 2402 2051 alius
2436 1996 2761 2066 possideret,
2791 1996 2902 2052 nisi
2930 1995 3027 2068 qui
3070 1996 3369 2067 plurimum

1770 2086 2018 2159 pecunia:
2044 2088 2176 2144 dare
2195 2088 2426 2158 posset?
2457 2086 2730 2143 Caeterum
2765 2089 2913 2159 quod
2944 2104 3045 2145 vos
3079 2086 3290 2144 fecistis
3310 2089 3370 2144 in

1771 2195 1921 2248 eum,
1954 2195 2122 2251 quam
2161 2179 2514 2235 inhonestum
2541 2180 2718 2248 vobis,
2742 2194 2909 2250 quam
2933 2179 3071 2234 mihi
3097 2194 3367 2236 verecun-

1773 2270 1926 2338 dum,
1953 2285 2229 2341 quamque
2261 2270 2422 2326 beato
2452 2268 2616 2326 Petro
2649 2278 2705 2326 et
2737 2270 3053 2341 apostolicae
3094 2270 3210 2326 sedi
3232 2283 3369 2325 con-

1774 2362 2126 2418 tumeliosum
2149 2361 2242 2431 sit,
2265 2371 2475 2434 quaeso,
2498 2377 2624 2418 cum
2649 2362 2850 2417 animis
2869 2361 3073 2418 vestris
3096 2368 3368 2433 reputate,

1774 2462 1836 2509 ut
1862 2453 1918 2509 in
1945 2453 2147 2524 quibus
2165 2453 2579 2526 peregrinorum
2605 2453 2692 2510 his
2719 2453 2777 2508 in
2813 2451 3062 2523 partibus
3090 2450 3370 2507 tutissima

1773 2544 1935 2600 debet
1964 2559 2088 2600 esse
2125 2543 2403 2612 defensio,
2451 2540 2733 2615 inopinata
2773 2543 3017 2615 pericula
3046 2542 3274 2609 lateant,
3315 2547 3373 2595 et

1773 2644 1983 2703 nostra,
2014 2636 2111 2707 qui
2141 2636 2245 2692 hoc
2265 2636 2387 2692 aliis
2411 2634 2750 2707 principibus
2777 2635 3159 2706 prohibemus,
3182 2631 3240 2687 in
3265 2631 3371 2688 hac

1774 2746 1836 2787 re
1867 2731 2027 2803 quasi
2052 2739 2420 2787 consentanea
2454 2744 2554 2800 pro
2594 2727 2966 2784 familiaritate
3002 2735 3202 2783 vestrm
3232 2725 3370 2781 dile-
3428 2786 3437 2790 _

1774 2819 1976 2877 ctionis
2002 2820 2259 2875 voluntas
2283 2826 2546 2891 arguatur
2570 2838 2584 2874 :
2617 2818 2922 2893 praesertim
2958 2832 3085 2875 cum
3114 2817 3368 2873 eumdem
3424 2822 3427 2823 ⁷

1774 2909 2002 2967 fratrem
2032 2925 2131 2982 per
2161 2910 2372 2966 litteras
2402 2914 2621 2967 nostras
2652 2924 2762 2965 non
2786 2907 2907 2965 sine
2938 2923 3137 2980 magna
3168 2906 3369 2963 fiducia

1774 3001 1933 3058 vobis
1973 2999 2562 3058 commendaverimus.
2618 2998 2985 3067 Quamobrem
3028 2996 3367 3052 nobilitatem

1772 3103 2013 3151 vestram
2032 3093 2267 3149 multum
2288 3104 2549 3164 rogamus
2567 3100 2624 3147 et
2650 3090 3009 3147 admonemus
3030 3095 3112 3155 ut,
3135 3086 3367 3158 injurias

1774 3185 1896 3257 eius
1928 3191 2197 3257 quantum
2226 3183 2457 3255 potestis
2495 3182 2889 3249 demulcentes,
2920 3194 3056 3236 cum
3083 3178 3235 3233 omni
3267 3176 3367 3233 be-

82 3228 708 3331 l‘.““1.'°“_‘°‘““”°s
750 3229 821 3286 ad
861 3229 1236 3331 “imm?”
1256 3245 1454 3331 επψ
1476 3238 1668 3286 ¹¹⁰⁸ίτ³
1694 3264 1745 3331 c
1770 3228 2197 3331 ἔξεἷὶιέἱὶίῖὶῖ
2222 3228 2530 3329 513;..."
2534 3228 3211 3328 maritam;
3216 3228 3366 3324 an}.
3442 3272 3447 3277 ’

82 3314 304 3373 consilia
337 3325 397 3377 et
424 3333 571 3389 quas
602 3334 900 3390 possumus
922 3320 1068 3378 vires
1100 3321 1343 3378 adunare
1371 3320 1665 3390 debemus;

81 3413 351 3474 quatenus
375 3417 574 3467 contra
620 3418 774 3467 tanta
814 3411 1056 3482 pericula
1095 3411 1354 3471 fortiores
1380 3412 1439 3468 in
1474 3413 1670 3470 militia

80 3494 353 3557 (Πυλαία
374 3498 641 3559 fraternis
669 3502 923 3574 negotiis,
945 3504 1152 3561 mutuis
1173 3503 1669 3562 sustentationibus

80 3586 370 3656 sum,
396 3588 511 3647 Deo
543 3592 861 3663 adiuvante,
891 3594 1195 3650 valeamus.
1386 3636 1389 3639 -

143 3674 287 3744 υιει
306 3677 499 3751 lictore
518 3682 738 3740 decimo
761 3684 995 3755 septimo
1030 3683 1303 3742 Kalendas
1322 3684 1555 3757 Aprilis,
1577 3685 1667 3742 in-

341 3768 690 3840 ειυρίιεφίωδ.

547 3881 891 3941 ΕΡιδτοιΑ
928 3866 1187 3946 Lxxvn.

230 3987 304 4042 Α)
334 3987 647 4035 κει-ευριπ
679 3992 752 4032 ΕΤ
787 3992 914 4035 ειυς
947 3995 1131 4036 πιιιΑι
1166 3995 1500 4038 υτιιιωειι.

665 4087 847 4157 (Anno
896 4088 1081 4166 1074.)

78 4193 287 4265 Laudat
313 4197 566 4283 bantiiem
606 4203 969 4283 paenitentiam
984 4206 1243 4283 _episcopi
1274 4208 1572 4283 argentini,
1616 4219 1667 4265 et

144 4282 249 4349 cas-
260 4272 461 4349 arguit,
475 4272 636 4349 _quod
665 4275 964 4349 venientem
975 4272 1199 4349 [inmani
1213 4272 1411 4349 injuste
1426 4272 1665 4334 detinue-

141 4337 270 4421 rint.
322 4337 549 4421 {undat
573 4350 634 4421 at
664 4342 908 4421 salutant
936 4337 1298 4421 Mediolanum
1335 4365 1500 4421 usque
1529 4349 1668 4405 diri-

141 4416 290 4477 gant.
339 4408 658 4493 Placentino.
709 4422 763 4468 et
812 4414 937 4472 aliis
981 4415 1370 4493 Langobardia:
1404 4408 1665 4493 episcopis

141 4493 234 4546 pro
281 4489 596 4562 necessitate
652 4500 955 4562 concessam
998 4489 1349 4559 conﬁrmandi
1392 4489 1665 4548 licentiam

143 4549 349 4633 asserit.
403 4549 602 4606 Reddit
635 4549 1009 4633 nonnullorum
1038 4549 1277 4614 ac’torum
1313 4578 1552 4633 suorum,
1599 4562 1666 4618 de

143 4620 326 4686 quibus
348 4624 814 4695 murmurabatttr,
846 4629 1130 4684 rationem.

142 4708 448 4769 ϐιεςοιιιυε
483 4714 799 4787 episcopus,
836 4734 1029 4777 servus
1069 4738 1353 4779 servorum
1391 4724 1509 4793 Dei,
1536 4725 1665 4783 duci

85 4796 327 4858 Βυτακιι
362 4806 566 4877 eteius
592 4808 719 4865 tiliae
751 4809 998 4867 Mathildi
1034 4814 1267 4872 salutem
1307 4825 1363 4872 et
1395 4819 1662 4887 apostoli-

84 4904 187 4945 cam
209 4893 672 4953 benedictionem.

139 4980 271 5037 Cum
319 4982 605 5056 Propheta
625 4995 856 5047 testetur
897 4994 1047 5063 quod
1094 4997 1444 5069 omnipotens
1494 4996 1660 5068 Deus,

84 5086 224 5140 quem
246 5075 456 5132 imitari
473 5076 755 5148 iubemur,
777 5099 876 5139 cor
891 5087 1190 5144 contritum
1223 5098 1279 5145 et
1311 5089 1672 5149 humiliatum.

84 5176 174 5218 non
204 5176 432 5237 spernat
469 5167 650 5240 (Psal.
687 5172 760 5243 ι),
797 5190 903 5230 nos
951 5177 1171 5247 quidem
1213 5182 1307 5252 qui
1341 5189 1660 5252 peccatores

1770 3364 1924 3421 abire
1943 3362 2255 3431 dimittatis,
2284 3369 2360 3430 et,
2393 3361 2538 3418 sicut
2563 3360 2621 3416 in
2651 3358 2819 3432 supra
2847 3357 3167 3415 memoratis
3200 3368 3366 3428 roga-

1769 3455 1952 3511 vimus
1998 3453 2215 3521 litteris,
2265 3458 2447 3508 tutum
2488 3451 2593 3508 sibi
2637 3459 2817 3522 usque
2847 3450 2918 3506 ad
2946 3446 3223 3505 domuum
3257 3444 3363 3504 Er-
3409 3447 3411 3451 “
3442 3460 3447 3465 '

1767 3544 2100 3602 lcmbaldum
2122 3542 2595 3617 [Erbom‘baldum]
2625 3541 3082 3599 Mediolanensem
3102 3539 3364 3597 ducatum
3436 3560 3445 3569 ε

1765 3634 2055 3705 praebentis
2082 3633 2356 3690 :scientes
2384 3648 2511 3689 eum
2536 3648 2637 3704 per
2668 3632 2957 3704 epistolam
2976 3637 3222 3688 nostram
3240 3628 3367 3683 esse
3438 3642 3447 3659 λ

1766 3725 2183 3796 communitum.
2198 3731 2260 3780 ut
2293 3723 2610 3781 nullatenus
2637 3738 2805 3795 super
2821 3721 2927 3779 hac
2954 3736 3016 3778 rc
3037 3726 3231 3776 contra
3260 3730 3367 3773 vos
3444 3720 3449 3765 ἰ

1738 3816 1741 3821 ’
1767 3824 1869 3872 aut
1884 3824 2102 3874 vestros
2135 3815 2344 3887 aliquid
2364 3814 2627 3870 moliatur
2645 3812 2881 3871 adversi.
2935 3808 3198 3883 Dionysio
3232 3821 3364 3864 vero

1765 3904 2106 3975 Placentino,
2147 3914 2205 3963 et
2240 3905 2366 3962 aliis
2408 3905 2683 3977 episcopis
2716 3900 3129 3976 Inngobardiae,
3166 3898 3265 3970 qui
3294 3896 3363 3954 ad
3418 3916 3424 3922 ν

1767 4014 1871 4056 nos
1897 4008 2182 4067 venerant,
2215 3999 2355 4054 nihil
2400 3998 2483 4055 de
2516 3996 2815 4070 episcopali
2847 3993 3046 4063 cilicio,
3088 3992 3197 4050 nisi
3229 3993 3366 4047 con-4

1765 4091 1976 4147 ﬁrmari
2018 4106 2221 4163 pueros
2267 4106 2370 4162 pro
2420 4090 2749 4147 necessitate
2785 4087 3158 4145 concessimus
3204 4104 3220 4141 :
3265 4086 3363 4141 sed
3439 4111 3442 4115 ~

1766 4181 1936 4238 totius
1959 4180 2162 4252 negotii
2190 4165 2347 4235 frena
2379 4180 2456 4236 ita
2496 4179 2796 4235 retinemus
2836 4177 2895 4232 in
2935 4190 3122 4241 manu,
3164 4179 3227 4226 ut
3265 4176 3363 4224 aut

1765 4270 2032 4327 correctis
2064 4269 2132 4327 de
2162 4271 2342 4338 venia,
2387 4277 2483 4325 aut
2502 4267 2876 4339 pertinacibus
2919 4280 3031 4320 non
3061 4264 3134 4320 sit
3162 4263 3358 4333 despe-

1764 4362 2000 4419 randum
2021 4362 2089 4419 de
2113 4376 2295 4433 poena.
2332 4359 2471 4428 Quia
2493 4375 2625 4417 vero
2652 4376 2719 4416 ex
2749 4356 3038 4422 charitate,
3065 4364 3122 4411 et
3146 4369 3247 4425 pro
3267 4369 3357 4408 res
3412 4348 3415 4351 ’

1764 4458 2008 4516 verentia
2055 4465 2260 4514 sanctae
2292 4456 2554 4512 Romanae
2594 4442 2873 4523 Ecclesiae,
2906 4467 3006 4509 vos
3051 4449 3119 4508 de
3156 4446 3361 4504 talibus

1764 4550 2055 4606 adversum
2075 4563 2178 4604 nos
2208 4561 2584 4603 murmurasse
2627 4545 2922 4611 credimus,
2955 4553 3228 4597 memores
3260 4538 3359 4593 do-

1696 4632 1742 4687 Ι)
1766 4639 1882 4696 mni
1917 4649 1973 4696 et
2003 4638 2175 4712 patris
2205 4638 2384 4694 nostri
2413 4638 2561 4693 beati
2579 4635 2728 4693 Petri
2753 4633 3126 4706 apostolorum
3151 4627 3357 4700 princi-

1764 4732 1872 4803 pis,
1904 4732 2001 4802 qui
2021 4729 2498 4786 murmurantibus
2543 4728 2834 4784 adversum
2859 4740 2918 4782 se
2941 4716 3225 4793 discipulis
3269 4735 3358 4776 sa-

1762 4821 2019 4878 tisfacere
2046 4836 2157 4876 non
2182 4819 2509 4890 dedignatus
2530 4826 2636 4884 est,
2658 4815 2814 4872 vobis
2841 4827 3060 4884 quoque
3089 4810 3358 4867 rationem
3420 4900 3423 4903 γ

1764 4915 1833 4970 de
1852 4912 2013 4969 factis
2041 4912 2248 4969 nostris
2279 4925 2389 4967 non
2439 4908 2595 4966 inviti
2638 4906 2937 4971 reddimus,
2968 4903 3026 4958 in
3058 4903 3360 4983 eodemque

1740 5012 1968 5077 quanta
1990 5005 2076 5061 vis
2098 5003 2431 5071 dilectionis,
2462 5016 2568 5073 qua
2604 5000 2761 5057 vobis
2800 4995 3214 5067 adstringimur,
3248 5008 3358 5048 non

1762 5096 1871 5152 alia
1893 5095 2051 5151 vobis
2070 5095 2253 5151 adhuc
2273 5093 2510 5150 certiora
2532 5090 2692 5163 signa
2714 5088 2982 5146 dedimus.
3016 5086 3203 5161 Neque
3227 5099 3361 5139 vero

1762 5203 1866 5243 nos
1902 5185 2042 5257 fugit
2083 5200 2252 5255 quam
2286 5184 2505 5240 diversa
2544 5182 2614 5237 de
2642 5182 2802 5237 nobis
2835 5180 3123 5236 hominum
3174 5176 3361 5248 opinio

80 5268 267 5327 sum:
304 5259 418 5316 “Si
459 5260 846 5332 munitionem
871 5267 1119 5327 cordium
1146 5273 1203 5332 in
1223 5273 1344 5333 aliis
1374 5288 1488 5329 non
1523 5275 1660 5331 satis
1759 5280 1833 5336 sit
1851 5287 1908 5336 et
1929 5277 2220 5348 iudicium,
2257 5277 2390 5332 dum
2414 5276 2470 5331 in
2500 5273 2710 5331 eisdem
2735 5273 2921 5331 causis
2950 5280 3005 5327 et
3022 5272 3237 5328 actibus
3268 5268 3363 5337 alii
