3962 5348
612 354 729 411 551.

1259 306 1684 410 δίς-ΗΕΟΟΒΙΙ
1720 353 1811 409 Vll
1846 353 2049 409 PAPAS
2085 351 2369 425 OPERUM
2409 350 2589 405 PARS
2626 349 2683 437 I._
2705 381 2777 390 —
2816 348 3235 408 REGISTRUM.

3775 312 3871 405 sse

607 497 719 544 ιεω
760 503 941 555 suam,
994 496 1049 543 ει
1099 496 1270 559 ponat
1305 487 1479 559 legem
1530 503 1689 545 suam
1718 488 1776 544 in
1806 488 1988 545 medio
2016 487 2199 556 cordis
2227 468 2271 525 A
2299 464 2517 559 stricto
2530 464 3093 559 judicio_redditurus
3126 480 3208 559 es,
3239 463 3472 535 gratuita
3503 463 3749 559 bonitate
3784 471 3870 559 tua

608 580 805 635 nostri.

632 646 633 653 γ
682 669 813 726 D.ta
850 670 1040 728 Romae
1071 687 1185 725 xvn
1222 669 1341 725 Kal.
1378 669 1527 739 Maii,
1560 669 1856 726 indictione
1884 686 1980 728 xn.

1060 788 1400 845 EPISTOLA
1451 787 1735 847 LXXVII].

888 900 953 941 ΔΙ)
978 899 1338 940 WRATISLAUI
1357 898 1683 940 BOHEIORUI
1711 897 1906 939 υυεεκ.

1191 976 1374 1048 οΑηηο
1420 975 1600 1047 ιοτιδ

598 1066 948 1123 Commendat
969 1067 1290 1140 Pragensem
1323 1069 1632 1140 episcopum,
1663 1066 1729 1122 de
1759 1066 1974 1136 objectis
2008 1067 2190 1140 crimi-

628 1161 635 1191 ι
670 1140 823 1193 nibus
845 1141 978 1194 satis
993 1136 1278 1210 purgatum
1298 1136 1410 1196 sua:
1430 1136 1685 1210 Ecclesiae
1706 1140 2028 1193 restitutam.
2047 1136 2189 1210 Cau-

665 1227 755 1263 sas
790 1210 929 1265 inter
958 1208 1131 1280 ipsum
1165 1208 1487 1293 Progensem
1509 1219 1559 1264 et
1597 1208 2189 1293 Ilioravensemepisco-

622 1278 629 1287 ”
663 1296 812 1350 pum,
851 1298 943 1336 nec
967 1278 1072 1334 non
1106 1297 1225 1351 quae
1245 1278 1382 1335 inter
1410 1283 1584 1349 ipsum
1610 1280 1795 1335 ducem
1816 1289 1865 1334 et
1888 1279 2209 1350 episcopum

664 1351 988 1424 Pragensem
1036 1350 1398 1423 agitabantur,
1432 1353 1488 1407 in
1516 1352 1765 1424 proxima
1792 1351 1992 1423 synodo
2024 1350 2100 1404 ait
2132 1366 2188 1405 se

662 1423 1162 1478 determinaturum.

664 1512 975 1573 Gnaeoams
1002 1514 1312 1585 episc0pus,
1344 1530 1541 1572 servus
1566 1514 1849 1573 servorum
1872 1512 1988 1582 Dei,
2013 1512 2186 1568 Was-

595 1620 786 1663 “suo
814 1605 1181 1662 Bohemorum
1208 1607 1333 1664 duci
1373 1608 1607 1665 salutem
1631 1616 1685 1663 et
1708 1607 2065 1678 apostolicam
2091 1607 2186 1662 be-

592 1697 979 1757 nedictionem.

621 1820 625 1827 ι
661 1788 854 1846 Frater
891 1799 1019 1848 tuus
1047 1789 1334 1849 Larmirus
1378 1792 1538 1866 [forte
1568 1790 1893 1859 Jeromirus,
1920 1800 1979 1847 ut
2021 1808 2183 1863 supra
2217 1825 2259 1880 Β

584 1899 668 1954 ep.
698 1884 786 1951 60,
818 1893 869 1939 et
892 1886 971 1941 sic
992 1884 1216 1961 Metire]
1258 1886 1547 1959 Pragensis
1580 1888 1890 1958 episcopus,
1934 1886 2002 1941 ad
2044 1902 2178 1956 apo-

588 1974 852 2031 stolorum
888 1975 1079 2033 limina
1110 1977 1355 2045 veniens,
1382 1976 1699 2047 conspectui
1742 1985 1931 2033 nostro
1960 1991 2025 2032 ea
2054 1992 2176 2046 quae

586 2067 830 2136 oportuit
883 2083 945 2124 se
983 2068 1295 2125 humilitate
1341 2068 1709 2139 praesentavit,
1751 2076 1808 2122 et
1847 2067 1914 2123 de
1947 2067 2175 2136 objectis

584 2158 688 2213 sibi
711 2160 962 2229 quaedam
997 2161 1285 2227 conﬁtens,
1325 2175 1625 2231 congruam
1672 2160 1798 2214 inde
1839 2157 2174 2214 satisfactio-

586 2265 712 2306 nem
754 2251 988 2311 obtulit:
1027 2252 1277 2322 quazdam
1318 2267 1447 2306 vero
1488 2251 1789 2322 denegavit,
1825 2259 1882 2306 et
1921 2250 1976 2305 in
2029 2251 2176 2306 hunc

584 2340 809 2403 modum
852 2357 912 2398 se
946 2342 1233 2413 purgando
1268 2344 1518 2410 removit,
1552 2342 1821 2411 videlicet,
1868 2343 2015 2414 quod
2060 2343 2198 2414 ipse

582 2427 851 2485 Joannem
872 2452 875 2459 ε
896 2430 1271 2487 Moravensem
1317 2422 1635 2502 episcopum
1676 2448 1786 2488 non
1821 2432 2173 2503 percusserit,

582 2537 760 2593 neque
804 2524 1101 2582 servientes
1140 2525 1388 2595 ejusdem
1427 2526 1668 2597 episcopi
1709 2524 2043 2598 decapillari,
2081 2535 2177 2582 aut

582 2615 787 2672 barbas
810 2632 1002 2675 eorum
1026 2618 1219 2675 abradi
1239 2619 1577 2690 praeceperit,
1603 2628 1701 2674 aut
1728 2620 2019 2676 occasione
2039 2621 2194 2683 sub-2

581 2703 906 2777 terfugiendi
958 2708 1231 2779 synodum
1276 2708 1524 2766 inducias
1574 2725 1669 2779 per
1721 2710 1958 2780 legatum
2011 2727 2191 2767 suum.

580 2796 816 2867 petierit.
870 2797 1085 2855 Nostra:
1131 2799 1299 2871 igitur
1341 2800 1621 2857 dilectioni
1662 2801 1819 2872 plene
1854 2802 2175 2859 reconcilia-

510 2947 515 2953 ,
581 2898 720 2958 tum,
742 2898 799 2947 et
819 2892 1074 2949 restituto
1106 2892 1213 2949 sibi
1246 2894 1395 2949 omni
1417 2893 1715 2964 episcopali
1747 2893 1924 2950 ofﬁcio
1955 2896 2021 2950 ad
2045 2910 2175 2966 pro-

580 2982 757 3052 priam
794 2984 978 3040 sedem
1013 3000 1141 3041 cum
1167 2986 1363 3042 litteris
1406 2986 1611 3043 nostris
1635 2994 1691 3043 et
1716 2987 2017 3058 apostolico
2045 3002 2173 3042 eum

579 3075 759 3147 sigillo
778 3076 1112 3145 remisimus,
1137 3079 1582 3136 commendantes
1605 3094 1729 3137 eum
1748 3088 1854 3134 tua:
1878 3078 2183 3147 nobilitati,

2297 554 2364 609 ad
2389 553 2655 625 justitiam
2680 553 2890 620 redeas,
2914 561 2969 606 et
2994 552 3149 607 fratri
3172 569 3294 623 qua:
3315 568 3414 608 sua
3438 560 3568 608 sunt
3590 551 3709 607 sine
3731 553 3870 606 omni

2295 648 2681 705 contrarietate
2717 647 2980 705 dimittas.
3035 646 3133 702 Sin
3174 662 3304 703 vero
3339 646 3548 702 clamor
3575 645 3697 716 ejus
3740 645 3871 700 inter

2292 753 2390 795 vos
2412 739 2592 795 sedari
2635 747 2891 809 nequeat,
2914 738 2970 792 in
2994 737 3219 809 praefato
3246 738 3480 794 termino
3508 735 3709 791 futurae
3752 751 3871 807 syn-

2292 829 2384 884 odi
2433 829 2642 902 legatos
2690 837 2838 898 tuos,
2881 829 2966 884 vel
2995 832 3097 884 bac
3132 814 3203 884 de
3245 843 3414 884 causa
3447 826 3516 883 ad
3560 841 3664 881 nos
3695 834 3868 880 trans-

2293 923 2503 977 mittere
2527 937 2636 977 non
2660 922 3063 993 praetermittas,
3088 918 3378 992 quatenus,
3403 917 3665 990 inquisita
3684 926 3739 971 et
3753 932 3866 986 per.

2288 1011 2506 1084 cognita
2540 1010 2789 1080 veritate,
2819 1026 2886 1067 ex
2916 1020 3146 1081 utraque
3166 1017 3319 1080 parte
3343 1008 3491 1080 quod
3509 1006 3721 1077 justum
3755 1004 3866 1059 fue-

2287 1104 2359 1159 rit
2379 1104 2661 1160 valcamus
2701 1103 3019 1170 decernere,
3044 1109 3099 1157 et
3135 1100 3431 1173 aliquando
3461 1098 3703 1153 fraterna
3744 1110 3868 1169 pace

2286 1204 2340 1251 et
2365 1195 2657 1263 concordia
2691 1210 2811 1261 vos,
2838 1194 3141 1264 opitulante
3165 1192 3278 1248 Deo
3308 1190 3658 1261 conjungere.

2356 1284 2491 1339 Data
2512 1284 2698 1340 Romae
2722 1284 2935 1341 decimo
2957 1293 3111 1340 sexto
3135 1283 3404 1339 Kalendas
3417 1281 3565 1347 Maii,
3580 1280 3867 1337 indictione

2285 1375 2629 1432 duodecima.
2992 1416 2997 1423 .

2768 1464 3109 1522 EPISTOLA
3149 1463 3385 1520 LXXIX.

2473 1575 2541 1614 AD
2564 1572 2809 1615 ANNONEM
2838 1572 3194 1624 COLONJENSE!
3213 1566 3681 1609 ARCHIEPISCOPUI.

2880 1649 3062 1721 (Anno
3093 1646 3276 1719 1074.)

2287 1740 2541 1809 Queritur
2599 1739 2738 1811 quod
2787 1737 2963 1811 nullas
3014 1737 3082 1790 ad
3126 1753 3189 1811 se‘
3212 1735 3419 1811 litteras
3466 1741 3585 1803 post
3623 1729 3861 1800 adeptam

2754 1810 2901 1880 ponti
2904 1809 3124 1879 ﬁcetum
3154 1806 3377 1860 dederit.

2349 1901 2657 1958 Gnsconws
2681 1899 2991 1970 episcopus,
3015 1912 3204 1953 servus
3219 1907 3502 1949 servorum
3538 1896 3637 1956 κει,
3668 1897 3860 1947 A330!"

2278 1990 2427 2063 (554)
2461 1989 2774 2045 Coloniensi
2808 1986 3218 2058 archiepiscopo
3254 1985 3486 2041 salutem
3521 1992 3580 2039 et
3606 1983 3862 2054 apostoli-

2275 2096 2397 2137 cam
2426 2074 2882 2136 benedictionem.

2347 2170 2561 2239 Quanta
2612 2169 2877 2226 charitate
2919 2167 3182 2224 Romanae
3225 2166 3482 2224 Ecclesiae
3525 2165 3862 2221 Coloniensis

2276 2265 2332 2319 in
2379 2264 2635 2319 omnibus
2663 2262 3015 2333 obsequendo
3059 2261 3351 2332 conjuncta
3396 2258 3584 2324 fuerit,
3630 2258 3859 2329 dignitas

2274 2355 2430 2410 vobis
2458 2354 2655 2409 collata
2682 2362 2935 2410 testatur.
2993 2352 3126 2420 Quae
3162 2352 3422 2406 nimirum
3468 2349 3713 2405 cbaritas
3732 2348 3859 2402 adeo

2274 2445 2330 2500 in
2356 2455 2409 2501 te
2432 2446 2648 2501 videtur
2674 2445 2931 2516 tepuisse,
2963 2452 3025 2500 ut
3045 2459 3110 2499 ex
3152 2458 3221 2498 eo
3249 2458 3361 2513 quo
3386 2452 3657 2511 suscepta:
3692 2440 3859 2495 admi-

2274 2536 2619 2593 nistrationis
2660 2537 2902 2591 laborem
2951 2535 3276 2601 subivimus,
3313 2534 3493 2589 nullas
3535 2532 3857 2588 visitationis

2275 2637 2381 2684 tua:
2402 2636 2599 2699 praeter
2633 2627 2735 2682 has
2757 2627 3067 2697 nuperrime
3096 2624 3296 2681 missas
3340 2624 3553 2679 litteras
3598 2623 3859 2694 receperio

2273 2732 2396 2772 mus
2424 2736 2436 2771 :
2461 2732 2587 2773 cum
2618 2716 2673 2771 id
2709 2716 2869 2771 nobis
2912 2715 3241 2771 visitationis
3285 2713 3630 2785 frequentius
3658 2715 3858 2784 impen—

2272 2806 2510 2860 dendum
2535 2800 2811 2877 putemus,
2839 2805 2954 2877 qui,
2978 2805 3050 2861 ob
3070 2806 3507 2861 recordationem
3540 2805 3854 2876 disciplina.

2272 2914 2381 2969 qua
2421 2907 2662 2969 tempore
2709 2897 3074 2954 antecesseris
3109 2899 3285 2954 nostri
3323 2899 3378 2954 in
3420 2896 3673 2954 Ecclesia
3706 2896 3858 2952 Colo-

2273 2990 2449 3046 niensi
2475 2991 2701 3046 enutriti
2726 3006 2937 3059 sumus,
2981 2991 3274 3062 specialem
3305 2990 3408 3047 sibi
3452 2991 3602 3045 inter
3640 2997 3857 3045 caeteras

2273 3081 2639 3137 occidentales
2676 3079 2949 3137 Ecclesias
2974 3081 3320 3141 dilectionem
3360 3080 3754 3151 impendimus,
3786 3087 3853 3139 et.

580 3176 660 3232 ut,
684 3168 837 3223 omni
858 3168 1003 3223 inter
1026 3184 1127 3228 vos
1148 3169 1277 3225 odio
1300 3177 1356 3225 et
1381 3170 1602 3225 inimica
1622 3170 1968 3226 aemulatione
1989 3170 2174 3226 subla-
2199 3176 2240 3233 C
2274 3173 2414 3229 sicut
2435 3172 2614 3229 adhuc
2641 3171 2901 3228 Remanaa
2920 3171 3176 3229 Ecclesia:
3191 3173 3284 3227 [liii
3306 3180 3599 3239 testantur,
3626 3180 3858 3242 tempere

582 3266 658 3324 ta,
702 3259 946 3315 fraterno
988 3259 1153 3315 corde
1188 3275 1315 3314 eum
1352 3261 1566 3330 diligas,
1603 3268 1661 3315 et
1698 3261 2061 3330 episcopalem
2112 3260 2168 3315 in

576 3366 648 3406 eo
681 3351 1023 3422 dignitatem,
1057 3354 1201 3408 sicut
1229 3353 1452 3423 dignum
1486 3361 1590 3419 est,
1634 3362 1957 3408 veneranter
1996 3353 2170 3423 inspi-

579 3444 717 3522 cias,
760 3452 818 3499 et
864 3459 1204 3516 quascunque
1238 3444 1382 3515 juris
1426 3444 1689 3501 Ecclesiae
1726 3445 1829 3500 sibi
1867 3445 2185 3501 commissae.

582 3542 733 3601 sunt,
747 3536 833 3592 vel
857 3536 1102 3607 quolibet
1134 3537 1300 3593 modo
1328 3537 1403 3592 ad,
1426 3552 1552 3593 eum
1578 3537 1725 3608 juste
1744 3538 2039 3607 pertinent,
2059 3547 2187 3597 tam.

584 3635 641 3680 tu
669 3626 787 3696 ipse
804 3626 854 3681 ei
882 3627 1172 3694 concedas,
1209 3642 1378 3697 quam
1419 3642 1610 3682 omnes
1643 3626 1738 3696 qui
1767 3626 1873 3685 sub,
1904 3634 2172 3696 tuaapote-

582 3724 723 3772 state
753 3725 887 3774 sunt
923 3718 1042 3775 sine
1078 3718 1516 3777 contradictione
1560 3718 1663 3775 sibi
1708 3718 1935 3775 reddere
1975 3716 2168 3779 facias.

583 3807 660 3864 De
694 3824 861 3865 causa
898 3806 1031 3865 vero
1065 3826 1188 3881 quae
1212 3810 1358 3866 inter
1382 3826 1510 3865 eum
1552 3818 1610 3865 et
1649 3808 2021 3866 Moravensem
2056 3808 2172 3880 epi-

582 3914 811 3970 scopum
826 3900 1014 3956 tandiu
1034 3910 1310 3972 protracta
1327 3909 1429 3970 est,
1444 3908 1665 3973 propter
1675 3900 1820 3957 illius
1841 3900 2167 3966 absentiam,

582 3991 656 4047 ita
699 3993 1013 4060 statuimus,
1046 4001 1107 4048 ut
1147 3992 1205 4048 in
1247 3992 1437 4059 futura
1485 3993 1694 4066 synodo
1726 3992 1893 4049 ambo
1931 3991 2171 4063 episcopi

581 4090 675 4138 aut
707 4082 810 4155 ipsi
833 4083 903 4138 ad
933 4099 1036 4139 nos
1070 4084 1310 4152 veniant,
1352 4092 1451 4141 aut
1489 4084 1627 4140 tales
1665 4083 1889 4140 nuntios
1931 4083 2167 4149 mittant,

578 4181 781 4251 quibus
813 4182 1197 4252 praesentibus,
1247 4190 1303 4237 et
1354 4196 1579 4238 causam
1617 4196 1687 4237 ex
1732 4188 1971 4251 utraque
2017 4187 2173 4250 parte

578 4272 980 4327 rationabiliter
1021 4271 1443 4342 exponentihus,
1477 4286 1580 4327 nos
1607 4271 1724 4329 sine
1757 4270 1908 4326 omni
1942 4270 2171 4327 ulterius

577 4385 589 4417 ι
615 4360 839 4421 ilatione
864 4381 1059 4437 puram
1100 4380 1263 4436 super
1286 4366 1391 4421 hac
1422 4380 1486 4422 re
1504 4366 1750 4436 justitiae
1774 4363 2169 4433 vdiflinitionem

576 4454 801 4523 inferre,
837 4462 894 4510 et
940 4454 1346 4511 contentionem
1393 4470 1589 4511 eorum
1617 4455 1889 4522 decidere,
1929 4453 2041 4511 Deo
2087 4452 2172 4508 fa-

575 4559 755 4617 vente,
807 4564 1103 4621 possumus
1128 4567 1143 4604 :
1172 4548 1262 4604 ubi
1304 4549 1470 4605 etiam
1510 4549 1719 4621 legatos
1743 4557 1869 4605 tuos
1900 4549 2167 4604 interesse

576 4641 810 4696 multum
836 4641 1122 4712 cupimus;
1152 4648 1426 4711 Quatenus
1450 4647 1506 4695 et
1525 4639 1629 4711 ipsi
1651 4647 1746 4695 tua
1768 4639 1884 4695 vice
1904 4638 1974 4694 ad
2010 4637 2168 4694 inda-

548 4806 551 4809 ι
573 4731 848 4800 gationem
868 4732 1116 4790 veritatis
1140 4747 1243 4789 nos
1262 4731 1538 4802 adjuvent,
1562 4739 1617 4786 et
1650 4740 1821 4788 testes
1841 4739 2044 4803 nostra:
2065 4730 2165 4787 de-

575 4820 841 4882 finitionis
873 4824 1131 4880 existant.
1190 4822 1418 4879 Terram
1450 4838 1582 4879 vero
1614 4824 1758 4879 unde
1789 4824 1935 4879 inter
1951 4823 2164 4893 episco-

574 4926 677 4989 pos
711 4912 777 4968 lis
798 4921 902 4981 est,
934 4913 1311 4971 Moravensem
1354 4915 1671 4986 episcopum
1717 4915 1935 4971 interim
1981 4923 2165 4970 tenere

570 5002 938 5061 decrevimus.
991 5006 1195 5066 Praeter
1235 5008 1351 5063 haec
1382 5018 1565 5078 supra
1615 5016 1951 5064 memoratus
1992 5005 2164 5061 frater

572 5104 706 5155 tuus
741 5098 1096 5167 conqueritur
1117 5085 1295 5170 super
1327 5108 1398 5168 te,
1426 5100 1572 5171 quod
1596 5100 1956 5172 praepositum
1983 5107 2041 5155 et
2062 5113 2177 5154 ca-.

566 5200 690 5249 stro
723 5188 901 5240 sancti
923 5189 1134 5246 Vinzlai
1167 5191 1497 5254 [Venceslail
1536 5194 1774 5251 debitam
1797 5194 1901 5250 sibi
1925 5201 2164 5254 antesta-

2274 3264 2414 3319 beati
2446 3262 2643 3320 Lconis
2690 3279 2844 3335 papae
2882 3263 3191 3320 Trevirensi
3224 3264 3481 3334 episcopo
3515 3277 3620 3333 pro
3660 3263 3859 3317 honore

2273 3353 2528 3410 Ecclesiae
2550 3363 2768 3432 vestrm,
2805 3354 2951 3425 quod
2982 3354 3123 3408 idem
3159 3355 3350 3410 beatus
3374 3350 3491 3408 Leo
3528 3358 3678 3424 aegre
3722 3352 3856 3416 tulit,

2269 3446 2480 3502 viribus
2503 3446 2631 3501 totis
2656 3445 2979 3502 restitimus.
3031 3444 3137 3501 Sed
3180 3446 3267 3502 his
3296 3444 3501 3501 nostris
3541 3444 3744 3501 studiis
3766 3444 3855 3498 de-

2270 3535 2398 3593 bita:
2429 3535 2738 3592 dilectionis
2772 3549 2883 3590 non
2922 3535 3241 3592 exhibentes
3263 3522 3726 3602 vicissitudinem,
3749 3547 3856 3588 me-

2271 3626 2379 3681 rito
2412 3640 2511 3681 vos
2555 3639 2664 3681 non
2695 3624 2872 3681 solum
2900 3624 3258 3696 negligentiae,
3300 3624 3394 3679 sed
3433 3623 3596 3695 quasi
3638 3634 3857 3694 promo-

2270 3717 2457 3773 vendaa
2481 3716 2593 3773 litis
2616 3731 2845 3789 arguere
2869 3730 3186 3787 possumus,
3205 3716 3362 3785 juxta
3399 3716 3531 3771 illud
3571 3734 3587 3770 :
3620 3716 3715 3787 qui
3763 3728 3856 3769 non

2267 3817 2345 3862 est
2370 3824 2593 3876 mecum,
2626 3808 2905 3862 adversum
2935 3823 3016 3861 me
3041 3816 3119 3862 est
3145 3807 3362 3878 (Matth.
3398 3807 3534 3877 xu);
3567 3807 3699 3862 licet
3724 3806 3857 3861 hanc

2269 3896 2419 3955 litem
2448 3899 2603 3969 virga
2634 3898 2949 3969 apostolica:
2982 3898 3358 3964 correctionis,
3392 3897 3506 3952 Deo
3540 3898 3852 3961 auxiliante,

2268 3990 2428 4047 nobis
2462 3988 2794 4046 .facillimum
2849 3990 2925 4046 sit
2966 3990 3242 4047 dirimere.
3300 3990 3360 4047 Si
3398 3990 3547 4045 enim
3594 3988 3854 4045 honorem

2268 4080 2414 4136 beati
2433 4079 2602 4147 Petri,
2628 4095 2739 4135 non
2771 4079 2826 4134 in
2858 4087 3055 4157 totum,
3088 4081 3182 4136 sed
3201 4080 3255 4135 in
3276 4087 3489 4153 partem
3509 4077 3778 4144 Colonia,
3806 4084 3855 4132 et

2269 4185 2378 4227 non
2408 4169 2597 4226 Romae
2619 4170 3033 4243 probaverimus
3060 4181 3114 4227 te
3148 4171 3392 4243 diligere,
3426 4179 3484 4225 tu
3508 4185 3615 4225 nos
3644 4183 3856 4241 quoque

2269 4260 2326 4325 in
2358 4269 2554 4327 totum,
2576 4246 2765 4330 neque
2786 4259 2842 4314 in
2867 4269 3079 4331 partem
3110 4260 3314 4332 poteris
3344 4259 3564 4314 habere.
3614 4259 3689 4313 At
3718 4258 3766 4314 si
3792 4272 3853 4311 ex

2267 4350 2571 4422 negligente
2598 4350 2917 4418 sollicitum,
2952 4359 3008 4407 et
3045 4366 3115 4406 ex
3173 4358 3482 4420 tepescente
3524 4348 3769 4412 calidum
3806 4356 3856 4401 te

2269 4458 2426 4498 amor
2450 4451 2509 4499 et
2532 4443 2835 4499 reverentia
2869 4442 3064 4497 matris
3094 4451 3202 4496 tuae
3239 4449 3442 4496 sanctae
3487 4438 3755 4494 Romana:
3780 4436 3853 4491 fe-

2198 4529 2242 4584 D
2266 4534 2422 4602 cerit,
2449 4548 2556 4590 non
2584 4534 2639 4589 in
2664 4542 2894 4605 partem,
2921 4532 3017 4589 sed
3052 4532 3107 4587 in
3137 4540 3308 4586 totum
3343 4529 3659 4609 communis
3683 4528 3853 4599 pisca-

2270 4628 2405 4682 toris
2445 4626 2618 4682 nostri
2654 4626 2906 4697 gratiam,
2959 4634 3313 4699 nostramque
3344 4623 3698 4680 dilectionem
3740 4621 3853 4676 sine

2265 4723 2432 4781 dubio
2468 4720 2765 4779 obtinebis.
2997 4775 3004 4783 ,

2286 4857 2295 4863 .
2338 4815 2473 4872 Data
2503 4814 2694 4877 Romae
2732 4814 2955 4879 decimo
2983 4820 3184 4883 quarto
3226 4809 3499 4869 Kalendas
3526 4807 3680 4879 Maii,
3712 4804 3861 4863 indic:

2265 4907 2447 4963 ctione
2490 4906 2838 4964 duodecima.

2760 5012 3097 5071 EPISTOLA
3141 5011 3352 5068 LXXX.

2846 5120 2912 5160 ΔΙ)
2943 5118 3267 5159 Αωιοιεκεεε.

2861 5196 3041 5254 (Anno
3070 5192 3259 5254 107-5.)
