3982 5316
129 247 220 305 353

1161 234 1361 293 LIBER
1393 230 1670 292 PRIMUS.
1710 266 1782 276 -—
1819 230 2034 293 EPIST.
2076 236 2333 293 LXXXII.

3251 236 3358 295 556

187 359 493 431 Stephanus
512 357 716 413 electus
735 362 917 409 vester
951 351 1162 425 [noster
1204 350 1360 418 male,
1397 346 1685 419 credimus]
1711 348 1759 405 A
1782 349 2092 420 conjunctis
2129 351 2227 406 tibi
2257 347 2615 421 suﬂraganeis
2636 346 2928 420 episcopis,
2956 348 3209 406 videlicet
3244 348 3361 434 lle-

127 471 181 512 ea
197 468 297 524 qua
315 451 508 508 debuit
525 446 877 519 apostolicam
915 444 1097 500 sedem
1120 442 1427 498 humilitate
1451 440 1686 510 requisi-

125 549 208 610 vit,
226 553 279 600 et
297 557 523 598 manum
543 555 698 596 suam
720 536 906 592 manui
926 544 1125 591 nostra:
1144 533 1328 589 dando
1346 547 1404 590 se
1426 532 1686 587 Romana!

126 634 359 691 Ecclesia:
396 631 745 687 obediturum
783 626 1053 698 promisit,
1090 641 1155 681 ac
1191 640 1288 695 per
1320 625 1423 679 hoc
1454 622 1685 695 gratiam

128 726 249 795 ejus,
272 737 439 793 quam
467 732 627 775 antea
653 719 808 775 visus
833 716 1011 772 fuerat
1035 715 1355 786 perdidisse,
1391 726 1684 782 recupera-

130 815 210 869 vit.
232 812 405 881 Quem
460 811 591 881 quia
642 808 941 865 Ecclesium
990 817 1227 863 vestram
1259 808 1552 877 prudenter
1583 804 1683 859 de-

128 904 363 967 iindisse,
414 910 474 957 et
502 900 877 956 Simouiacum
930 898 1268 969 Stephanum
1298 908 1351 953 et
1377 898 1683 952 invasereln

128 994 287 1052 studio
321 1008 426 1049 suo
457 991 734 1062 expulisse
786 990 1157 1061 probavimus,
1216 988 1456 1059 regimen
1517 985 1689 1041 totius

127 1084 451 1154 episcopatus
477 1082 649 1137 vestri
704 1080 807 1137 sibi
838 1080 1235 1146 commisimus,
1280 1094 1348 1134 eo
1381 1088 1569 1134 tenore
1602 1087 1682 1143 ut,

127 1188 392 1245 quousque
427 1172 502 1227 ad
536 1188 643 1227 nos
664 1172 870 1238 redeat,
886 1172 953 1227 de
971 1171 1265 1242 pontiﬁcali
1287 1169 1465 1226 oﬂicio
1487 1185 1547 1225 se
1575 1183 1691 1224 non

128 1263 454 1328 intromittat,
501 1263 600 1317 sed
633 1250 1013 1332 quemcuntu
1040 1260 1277 1317 voluerit
1304 1261 1685 1331 episcoporum

128 1354 486 1424 rdigiosorum
541 1353 730 1423 patriis
756 1361 970 1420 vestrae,
997 1368 1063 1409 ea
1113 1368 1237 1424 quae
1266 1353 1333 1408 ad
1378 1352 1687 1423 episcopale

128 1442 337 1498 cilicium
400 1443 700 1513 pertinent,
751 1442 929 1500 facere
960 1453 1321 1501 commoneat.
1355 1444 1466 1503 Vos
1499 1446 1687 1518 itaque

126 1537 401 1606 apostolica
450 1537 780 1592 auctoritate
813 1538 1170 1595 admonemus
1210 1546 1273 1594 ut
1309 1539 1412 1595 sibi
1447 1539 1684 1596 debitam

128 1628 173 1683 in
194 1627 443 1686 omnibus
472 1628 838 1685 reverentiam
864 1629 1187 1697 exhibeatis,
1227 1638 1283 1685 et
1313 1630 1383 1686 ad
1412 1630 1685 1687 defensio-

1784 442 2037 498 rimanno
2074 440 2437 514 [Hermanno]
2463 440 2707 507 Metensi,
2731 449 2787 496 et
2832 438 3053 512 Popone
3094 439 3359 498 Tullens'v

1783 531 2072 604 praefatum
2118 530 2434 602 episcopum
2503 531 2573 587 ad
2625 530 2958 601 colloquium
3006 539 3195 587 nostra
3236 532 3377 586 vice

1784 637 2075 689 convoces,
2112 622 2363 679 indicans
2390 622 2495 678 sibi
2529 637 2633 678 nos
2650 637 2761 678 non
2784 636 2943 692 aequo
2970 622 3158 678 animo
3178 622 3364 694 negle-

1783 725 1927 771 ctam
1950 715 2022 770 ab
2053 729 2122 770 eo
2151 716 2297 771 sedis
2321 715 2632 785 apostolicae
2660 714 3018 771 reverentiam
3045 714 3320 784 accepisse
3344 732 3379 769 ς·

1782 806 2094 877 pariterque
2128 821 2254 861 eum
2294 806 2651 862 admonemus
2670 813 2734 861 ut
2774 806 3032 876 praedicto
3063 805 3186 860 loco
3206 818 3363 859 com-

1783 896 2104 951 munionem
2159 897 2497 953 sacrosancti
2518 905 2575 952 et
2615 898 2784 952 divini
2827 898 3113 955 ministerii
3149 898 3361 954 reddat.

1782 997 1837 1047 et
1869 991 1917 1050 si
1935 990 2067 1062 quid
2089 989 2316 1060 iustitiae
2345 1004 2404 1046 se
2424 989 2649 1045 conlidit
2676 990 2895 1056 habere,
2922 1005 3185 1047 concesso
3210 991 3364 1062 prius

1782 1085 1991 1141 eisdem
2046 1081 2363 1136 hominibus
2427 1088 2582 1136 tanto
2638 1082 3051 1151 tranquillitatis
3096 1090 3362 1152 tempore,

1783 1182 1992 1246 quamo
2018 1185 2086 1227 eo
2108 1170 2375 1225 violenter
2426 1170 2737 1238 adstrinxit,
2770 1180 2957 1242 postea
2982 1180 3079 1227 aut
3124 1172 3182 1226 in
3225 1184 3363 1228 con—

1782 1272 1948 1320 ventu
1994 1263 2372 1335 religiosorum
2418 1263 2818 1334 episcoporum,
2852 1273 2947 1319 aut
2976 1264 3033 1320 in
3076 1264 3365 1335 praesentia

1784 1352 2017 1409 Romani
2046 1353 2341 1424 pontiﬁcis,
2363 1369 2488 1424 quae
2519 1354 2606 1410 sui
2642 1355 2787 1426 juris
2833 1358 3088 1425 aestimat,
3109 1358 3369 1414 ordinate

1783 1447 2047 1517 requirat.
2079 1443 2267 1517 Neque
2289 1447 2435 1503 enim
2468 1447 2536 1501 ad
2558 1447 2664 1503 hoc
2697 1448 2905 1519 praelati
2940 1465 3152 1519 sumus,
3182 1458 3243 1507 ut
3264 1466 3368 1507 no-

1785 1549 1915 1597 stra;
1944 1541 2274 1598 commissos
2324 1542 2678 1612 providentiae
2711 1550 2961 1612 potenter
2988 1543 3163 1615 magis
3198 1558 3387 1615 quam

1779 1632 1926 1704 iuste
1955 1640 2272 1688 tractemus.
2313 1630 2384 1686 At
2409 1632 2454 1687 si
2480 1632 2570 1686 ille
2615 1632 2730 1687 haec
2754 1640 2943 1687 nostra
2974 1642 3127 1703 parte
3161 1648 3364 1703 procu-

82 1716 93 1729 '
129 1736 231 1774 nem
270 1719 536 1778 Ecclesia:
564 1730 759 1778 vestrae
799 1722 1129 1794 adjutorium
1160 1732 1405 1781 vestrum
1457 1725 1687 1783 ﬁdeliter
1717 1726 1761 1780 Β
1785 1726 1953 1782 randa
1994 1726 2203 1781 monita
2241 1724 2536 1794 adimplere
2574 1725 2867 1794 spreverit,
2897 1725 2995 1779 tibi
3026 1724 3366 1796 injungimus

130 1814 431 1884 impendatis
458 1833 473 1870 :
523 1824 825 1885 quatenus,
855 1819 1082 1888 expulsa
1115 1816 1429 1875 simoniacat
1461 1820 1688 1877 haeresis

130 1907 185 1960 de
202 1907 370 1961 medio
404 1916 659 1963 vestrum
690 1909 839 1964 omni
863 1911 1206 1982 contagione,
1251 1912 1477 1983 legalem
1507 1914 1689 1984 ponti-

131 1998 261 2053 ﬁcem
285 1997 559 2064 habeatis,
580 2009 637 2055 et
687 2016 877 2070 puram
912 2000 1133 2058 Christo
1182 2002 1418 2063 Domino
1476 2013 1687 2072 nostro,

131 2098 175 2143 et
201 2090 357 2146 beate
404 2089 600 2147 Mariae
650 2091 900 2163 genitrici
940 2092 1083 2163 ejus,
1111 2093 1433 2151 servitutem
1479 2094 1691 2165 impen-

130 2179 267 2234 datis.
1236 2224 1245 2232 .

188 2268 309 2326 Data
339 2270 535 2328 Romae
579 2272 794 2331 decimo
835 2276 996 2332 tertio
1041 2274 1313 2335 Kalendas
1353 2277 1523 2347 Maii,’
1546 2279 1690 2336 indi-

132 2362 285 2419 ctione
306 2365 657 2423 duodecima.

600 2456 935 2514 EPISTOLA
966 2459 1201 2517 LXXXI.

279 2559 345 2599 AD
380 2560 599 2601 UDONEII
635 2563 1002 2605 TREVIIENSEII
1041 2566 1512 2609 ABCIIlEPISCOPUII.

708 2637 891 2709 (Anno
912 2640 1097 2712 1074.)

136 2717 189 2772 Iit
220 2719 595 2805 Yirdunensern
621 2727 920 2805 episcopum
952 2731 1180 2805 vicesua
1218 2734 1448 2805 increpet
1488 2740 1553 2789 de
1597 2752 1690 2791 ne-

186 2790 340 2876 glecta
359 2790 673 2876 apostolica}
701 2790 844 2876 sedis
864 2804 1200 2876 auctoritate,
1218 2790 1434 2876 eumq'ue
1457 2790 1686 2871 moneat,

184 2872 234 2913 ut
266 2865 646 2943 monasterium
668 2870 844 2943 sancti
871 2868 1141 2943 Michaelis
1181 2865 1250 2927 ad
1274 2865 1689 2931 communionem

187 2933 529 3013 restituat._Si
548 2937 678 3006 quid
709 2954 827 2991 vero
849 2942 931 3013 sui
953 2942 1096 3010 juris
1129 2946 1442 3013 pratendat,
1467 2947 1522 2999 in
1558 2963 1688 3000 con--

186 3013 325 3085 ventu
374 3007 764 3086 episcoporum,
819 3009 896 3063 rei
936 3007 1139 3086 coram"
1171 3031 1374 3069 summa
1419 3007 1684 3086 pontiﬁce,

187 3074 422 3141 requirat.
450 3074 607 3158 Quae!
641 3079 689 3131 si
710 3095 895 3147 parere
923 3082 1176 3204 ueiqligat,
1201 3086 1310 3155 ipse
1335 3074 1686 3156 arélaiepi'sco;
1713 3079 1755 3137 C

187 3156 273 3204 pus
328 3155 651 3200 auctoritate
701 3151 917 3204 nronria
1000 3154 1161 3204 ictum
1204 3157 1584 3204 monasterium
1618 3159 1683 3204 ob

186 3156 273 3219 pus
328 3147 659 3219 auctoritate
700 3151 917 3219 propria
961 3147 1171 3208 dictum
1204 3147 1584 3210 monasterium
1618 3159 1683 3212 ab

184 3211 453 3267 interdicto
480 3211 771 3340 tabsolvat,
798 3211 862 3273 ἐι
893 3223 1196 3295 episcopum
1247 3225 1472 3281 Romam
1516 3211 1687 3282 venire

187 3297 477 3340 commonea
510 3327 524 3340 .

187 3297 524 3340 commoneat.

190 3368 489 3431 Caesonius
508 3377 821 3448 episcopus,
839 3395 1032 3438 servus
1055 3399 1359 3454 servorum,
1377 3387 1491 3455 Dei,
1513 3387 1686 3447 erm

134 3457 411 3522 Trevitensi
472 3469 889 3543 archiepiscopo
946 3475 1179 3533 salutem
1208 3486 1265 3534 et
1326 3483 1685 3551 apostolicam

130 3553 561 3616 benedictionem.

186 3643 464 3705 Conirater
488 3661 672 3708 noster
699 3651 1066 3715 Theodericus
1091 3659 1450 3720 Virdunensis
1470 3666 1684 3737 episco-
1723 3670 1726 3674 “

131 3748 232 3802 pus,
256 3748 316 3793 ut
344 3756 497 3811 saepe
543 3745 709 3801 nobis
757 3749 987 3806 relatum
1025 3762 1130 3820 est,
1184 3755 1520 3815 habitatores
1578 3760 1705 3818 loci'

130 3828 251 3893 apud
267 3835 663 3891 monasterium
699 3840 974 3907 quoddam
1014 3844 1189 3900 sancti
1230 3845 1507 3905 Michaelis
1542 3851 1683 3908 intra

130 3918 417 3983 parochiam
446 3939 631 3991 suam,
664 3928 735 3982 ad
756 3931 1020 3998 quasdam
1053 3949 1225 3991 novas
1256 3942 1684 3999 consuetudines

128 4019 210 4060 sua
231 4011 423 4068 virtute
447 4023 512 4070 et
543 4020 788 4085 potentia
811 4020 1094 4081 ﬂectereet
1120 4040 1373 4086 coercere
1392 4031 1488 4088 diu
1512 4048 1683 4092 cona-

129 4104 201 4194 tus
219 4110 317 4167 est,
346 4104 603 4162 videlicet
616 4118 677 4163 ut
699 4125 829 4167 cum
851 4113 1056 4172 litaniis
1084 4118 1349 4189 majorem
1374 4124 1685 4194 ecclesiam,
1728 4148 1731 4153 λ

128 4185 214 4289 hoc
236 4201 316 4289 est
343 4210 510 4289 suam
533 4200 899 4272 episcopalem
929 4207 1133 4276 sedem,
1167 4185 1330 4269 simul
1379 4185 1682 4289 congrega;

130 4281 187 4332 lis
211 4281 433 4354 singulis
468 4288 629 4345 annis
662 4291 968 4350 visitarent.
995 4296 1154 4365 Quod
1187 4315 1313 4357 cum
1340 4304 1417 4359 illi
1443 4281 1681 4363 in'usivta-

129 4455 303 4538 llum]
325 4484 487 4562 nevae
518 4474 823 4535 exactionis
855 4455 1201 4541 occasionem
1224 4487 1438 4555 darent,
1465 4455 1685 4562 pati

129 4563 353 4643 niterent,
376 4559 628 4617 divinum
643 4563 721 4619 ibi
744 4565 981 4625 oliicium
997 4572 1118 4630 ﬁeri
1136 4575 1355 4643 penitus
1378 4559 1676 4638 interdixit.

127 4636 307 4713 Exqua
326 4663 387 4703 re
419 4665 548 4706 cum
587 4654 876 4727 episcopus
907 4636 1236 4732 aposwlicas
1278 4667 1395 4738 jam
1430 4636 1679 4729 ante

128 4737 582 4835 terasrecepisset,
617 4750 988 4808 commonitus
1018 4761 1083 4809 ut
1130 4737 1311 4813 locum
1337 4761 1675 4835 absolveret;

126 4826 323 4928 etnihil
354 4832 510 4928 inde,
526 4837 633 4892 nisi
666 4841 817 4910 quod
838 4845 1165 4904 canonicum
1193 4860 1249 4907 et
1273 4853 1484 4923 justum
1514 4826 1676 4928 foret,

127 4923 365 5014 ῗυβθτθις
399 4925 567 4982 verba
604 4930 827 4999 quidem
855 4950 967 4990 non
998 4938 1175 5007 plena:
1202 4955 1535 5003 conservata;
1564 4923 1682 5006 ma;

126 5007 257 5107 lenae
286 5023 477 5078 parum
512 5020 758 5077 modeste
806 5026 1037 5093 notavit,
1090 5030 1186 5085 sed
1218 5034 1573 5107 voluntatem,
1623 5051 1681 5098 et

126 5098 369 5142 mni'ﬂill
387 5108 660 5142 manant—nn
680 5112 699 5142 Γ
710 5115 809 5142 θοι-ο

874 5134 904 5142 ..ι
917 5121 1105 5142 ..-ι-...Ἰ
1126 5121 1171 5142 ἐκ

1788 1827 1868 1884 ut,
1904 1818 2204 1890 apostolica
2252 1817 2423 1873 fultus
2470 1817 2818 1885 auctoritate,
2848 1832 2959 1873 una
2987 1833 3114 1873 eum
3139 1818 3365 1875 confra-
3394 1854 3399 1859 ι

1788 1912 1966 1969 tribus
2002 1910 2114 1967 tuis
2162 1910 2565 1982 mtesignatum
2612 1924 2793 1979 locum
2828 1910 2899 1965 ab
2927 1910 3079 1965 omni
3133 1911 3401 1971 interdi-.

1786 2004 1969 2063 ctione
1988 2012 2045 2059 et
2065 2001 2636 2070 excommunicatione
2656 2000 2929 2068 absolvas,
2959 2009 3034 2067 et,
3046 2002 3237 2059 eadem
3262 2018 3365 2057 au-

1786 2095 2039 2152 ctoritate
2061 2092 2394 2165 presbyteris
2437 2092 2637 2148 ibidem
2661 2092 3088 2149 consistentibus
3110 2093 3181 2148 ad
3221 2093 3365 2149 cele-

1786 2184 2056 2240 brandum
2082 2183 2327 2239 divinum
2362 2181 2600 2239 oﬂicium
2623 2182 2917 2248 roboretis,
2938 2183 3277 2253 episcopum,
3307 2192 3369 2241 ut

1788 2274 1947 2331 nobis
1976 2275 2043 2331 de
2089 2274 2390 2344 pertinacia
2452 2290 2555 2330 sua
2593 2282 2649 2330 et
2679 2282 2995 2345 contemptu
3050 2284 3239 2331 nostro
3275 2291 3366 2331 re-

1786 2367 2072 2439 spondeat,
2095 2382 2164 2422 ex
2188 2374 2342 2437 parte
2391 2365 2536 2421 beati
2567 2364 2736 2433 Petri,
2777 2374 2835 2421 et
2854 2375 3064 2434 nostra,
3086 2382 3184 2437 per
3213 2367 3368 2433 illum

1788 2458 1937 2529 (355)
1967 2457 2264 2527 apostolica
2308 2456 2668 2528 praeceptione
2691 2472 3062 2536 commoneas.
3090 2456 3202 2514 Has
3236 2474 3369 2513 vero
3402 2500 3407 2503 λ

1787 2546 1995 2604 litteras
2026 2557 2243 2605 nostras
2266 2548 2470 2604 ideirco
2500 2557 2685 2618 aperte
2708 2549 3003 2621 signiﬁcari
3026 2549 3275 2619 fecimus,
3308 2559 3370 2609 ut

1787 2648 1896 2713 tam
1930 2638 2283 2696 Viridunensi
2319 2640 2702 2715 [Virdunensi]
2729 2658 2895 2713 quam
2918 2643 3129 2700 caeteris
3151 2644 3367 2714 episco-

1784 2729 1873 2800 pis
1891 2737 2147 2797 ostensaz,
2174 2732 2481 2788 commissa:
2522 2733 2618 2787 tibi
2653 2733 3056 2803 procurationis
3084 2742 3140 2790 et
3172 2743 3368 2790 aucto-

1785 2822 1964 2878 ritatis
1988 2824 2370 2880 certitudinem
2393 2825 2688 2895 praebcant.

1854 2911 1990 2969 Data
2014 2912 2201 2972 Romze
2239 2915 2480 2972 secundo
2507 2914 2694 2975 Nonas
2726 2916 2874 2985 Maii,
2900 2917 3197 2975 indictione
3221 2918 3364 2974 duo-
3404 2975 3422 2987 ,

1785 3004 2017 3061 decima.

2264 3141 2597 3201 EPISTOLA
2631 3144 2885 3203 LXXXII.

2191 3272 2258 3311 AD
2289 3271 2573 3314 UNIVEIISOS
2596 3276 2961 3317 CHRISTIANOS.

2377 3348 2556 3417 (Anno
2596 3349 2777 3421 1074.)

1785 3431 2284 3513 Exgommupicatos
2306 3437 2583 3491 denuntiat
2598 3456 2790 3513 omnes
2830 3442 2919 3513 qui
2970 3442 3202 3500 detinent
3230 3447 3365 3501 bona
3400 3426 3403 3431 Α

1853 3504 2111 3588 Augensis
2141 3507 2290 3577 (556)
2325 3508 2632 3563 monasterii
2685 3504 2879 3565 collata
2924 3514 2989 3568 ab
3020 3514 3231 3570 Alberto
3276 3516 3366 3572 Si-

1853 3591 2117 3632 montaco.

1840 3684 2167 3743 .Gusoomns
2186 3688 2445 3763 erunibus
2466 3688 2533 3746 ad
2558 3705 2700 3761 quos
2745 3691 2938 3750 littera:
2962 3694 3077 3751 istae
3097 3712 3366 3767 pervenc-
3410 3728 3417 3733 λ

1782 3775 1915 3843 rint,
1946 3785 2052 3832 etc.

1854 3867 2179 3940 Quanquam
2202 3872 2269 3927 ad
2297 3873 2697 3944 propulsandus
2726 3877 2973 3933 omnium
2997 3877 3365 3936 Ecclesiarum

1782 3967 1839 4014 et
1869 3963 2261 4018 venerabilium
2309 3964 2557 4020 locorum
2604 3966 2853 4038 injurias,
2882 3972 2955 4025 ex’
2993 3972 3175 4028 debito
3204 3975 3367 4031 ollicii

1782 4052 1979 4119 nostri,
2012 4062 2068 4108 et
2099 4053 2396 4121 universali
2420 4057 2782 4126 providentia,
2818 4077 2984 4131 quam
3015 4078 3111 4133 per
3143 4066 3363 4121 beatum

1781 4140 2006 4199 Petrum
2051 4145 2433 4214 apostolorum,
2451 4147 2754 4218 principem
2795 4152 2923 4206 licet
2946 4153 3152 4223 indigni
3177 4172 3363 4212 susce-

1781 4231 1984 4302 pimus,
2014 4233 2245 4290 sollicite
2284 4235 2443 4291 nobis
2471 4236 2866 4309 invigilandum
2895 4249 2950 4296 et
2969 4241 3367 4300 elaborandum

1783 4507 1925 4564 citer
1948 4510 2351 4581 quodammodo
2373 4514 2772 4585 compellimur,
2802 4533 2926 4588 qua:
2943 4525 3000 4573 et
3043 4517 3099 4587 in
3122 4519 3364 4589 generali

1783 4611 1991 4659 sancta:
2016 4602 2281 4661 Romanis
2308 4605 2565 4665 Ecclesiae
2608 4611 2981 4667 membrorum
3024 4613 3365 4670 continentia

1782 4693 1997 4749 caeteris
2029 4705 2406 4766 coaequantur,
2447 4707 2505 4755 et
2547 4699 2843 4772 singularis
2871 4702 3158 4772 patrocinii
3189 4704 3366 4776 privi-
3404 4708 3407 4739 λ

1780 4779 1926 4852 legia
1943 4797 2055 4851 pra:
2084 4784 2295 4841 caeteris
2316 4788 2642 4845 sortiuntur.
2662 4788 2728 4845 Et
2746 4791 2945 4862 quibus
2965 4794 3224 4863 quoniam
3246 4796 3367 4851 Au-
3402 4815 3406 4820 '

1782 4886 1946 4943 gense
1980 4876 2375 4932 monasterium
2406 4879 2536 4935 huic
2561 4888 2766 4938 sancta:
2796 4889 2852 4938 et
2896 4885 3208 4953 apostolicae
3248 4885 3369 4943 sedi

1779 4968 2015 5037 quadam
2044 4970 2332 5042 principali
2363 4982 2421 5028 et
2465 4974 2745 5033 individua
2777 4976 3014 5034 cohaeret
3071 4980 3237 5053 linea,
3299 4984 3373 5039 de

1779 5059 2119 5130 dispersione
2150 5062 2423 5120 bonorum
2455 5066 2575 5136 ejus
2617 5056 2778 5124 valde
2804 5068 3072 5141 dolentes,
3095 5077 3230 5142 quid
3263 5075 3373 5130 do-
3453 5058 3463 5067 ’
