3982 5316
168 355 282 413 557

1195 349 1394 405 LIBER
1433 346 1712 404 PRIMUS.
1753 380 1824 390 —
1861 347 2081 407 EPIST.
2123 348 2379 410 LXXXV.

3338 358 3444 421 358

169 469 359 535 timur,
386 477 442 523 et
476 467 799 524 verecundia
836 465 1124 535 deprimat,
1157 464 1249 517 sed
1301 464 1419 517 lzrta
1453 462 1756 533 recipienda
1790 464 1829 520 A
1861 462 2183 533 Deatricem,
2216 482 2317 521 nec
2344 482 2453 523 non
2495 476 2549 523 et
2579 483 2926 526 communem
2979 470 3145 528 ﬁliam
3198 487 3445 534 nostram

168 576 273 629 pro
320 561 481 616 bonis
525 560 736 615 actibus
766 554 1143 612 retributionis
1175 553 1370 611 ﬁducia
1402 554 1750 609 manifestum

167 657 223 703 et
252 649 679 718 imperterritum
708 646 915 701 reddat.

215 729 375 795 .Data
406 740 838 811 inexpeditionc
877 737 943 792 ad
985 740 1227 792 montem
1286 733 1504 790 Ciminii
1559 734 1753 808 [Cimi-

166 818 371 903 nium],
398 830 644 886 secundo
672 828 797 884 ldus
815 826 983 895 Junii,
1010 826 1305 882 indictione
1325 825 1667 880 duodecima.

628 950 961 1007 EPISTOLA
1024 944 1287 1003 LXXXV.

563 1057 631 1097 AD
665 1053 909 1096 AGNETEII
942 1053 1355 1094 III’EBATIICEI.

754 1132 936 1202 (Anno
972 1130 1159 1201 107i.)

162 1221 384 1293 Gratias
418 1223 534 1292 agit
573 1222 712 1293 quod
770 1220 1022 1293 Ecclesia:
1067 1221 1365 1275 concordia!
1404 1219 1668 1286 consulat,
1701 1228 1753 1275 et

239 1291 534 1347 Henricum
580 1291 748 1347 recent
808 1291 1061 1345 Ecclesia'
1085 1293 1439 1345 communioni
1467 1293 1751 1345 restituen-

233 1364 360 1417 dum
399 1361 870 1433 curehllortotur
908 1371 963 1416 ut
999 1364 1267 1433 pcrsistot.
1309 1361 1377 1417 Se
1407 1379 1502 1432 pro
1547 1363 1752 1418 Christi

240 1432 480 1488 Ecclesia
508 1432 659 1487 ualde
682 1433 923 1487 laborare
944 1432 1234 1504 signi/ient,
1263 1450 1423 1503 eaque
1450 1435 1504 1487 in
1536 1450 1588 1487 re
1616 1433 1753 1486 Bm-

235 1505 420 1559 tricent
486 1515 541 1559 et
626 1503 939 1558 Mat/timent
999 1503 1183 1557 multo
1255 1505 1359 1558 sibi
1420 1520 1531 1558 esse
1589 1504 1751 1574 adju—

238 1584 429 1629 mento.

234 1664 549 1721 Caesonius
566 1663 874 1735 episcopus.
897 1679 1089 1721 servus
1110 1678 1395 1720 servorum
1408 1663 1528 1731 Dei,
1544 1665 1754 1719 Aoum-1

1854 554 2157 612 Mathildim
2194 558 2286 613 diu
2323 568 2599 632 noctuque
2634 562 2690 617 in
2737 572 2929 620 nostro
2964 564 3197 620 multum
3225 568 3445 637 adjuto-

1852 643 1938 699 rio
1962 646 2251 714 desudare,
2286 657 2473 719 utpote
2496 666 2595 705 vos
2619 659 2931 723 sequentes,
2962 670 3063 710 vos
3092 655 3236 711 sicut
3269 658 3448 713 domi-

1855 750 1981 790 nam
2022 746 2078 792 et
2108 736 2426 809 magistram
2448 738 2731 811 discipula:
2761 739 2992 798 ﬁdeliter
3015 743 3312 801 imitantes.
3342 738 3450 802 Per

1852 844 1953 885 vos
1992 829 2176 901 itaque
2207 845 2409 886 novum
2456 834 2765 904 exemplum
2810 834 3049 906 antiquae
3091 836 3313 904 lzctitizc,
3350 853 3448 911 per

1852 916 2231 990 vos,inquam,
2258 920 2363 977 illa:
2384 921 2642 978 mulieres
2664 924 2795 979 olim
2818 935 3125 996 quatientes
3148 926 3446 983 Dominum

1853 1010 1909 1066 in
1942 1021 2319 1080 monumento,
2348 1029 2491 1085 sazpe
2524 1014 2683 1070 nobis
2714 1016 2783 1070 ad
2823 1016 3147 1076 memoriam
3184 1019 3435 1075 redeunt.

1852 1100 1990 1157 Nam
2016 1103 2161 1158 sicut
2192 1102 2312 1159 istae
2338 1117 2451 1173 pra:
2474 1104 2692 1161 cunctis
2713 1104 2997 1177 discipulis
3032 1107 3100 1162 ad
3132 1109 3444 1178 septlcrum

1853 1191 2069 1248 Domini
2094 1194 2235 1249 miro
2257 1196 2542 1252 charitatis
2565 1196 2759 1253 ardore
2780 1207 3068 1266 venerunt,
3106 1200 3182 1255 ita
3210 1216 3311 1255 vos
3336 1200 3443 1257 Ec-

1853 1286 2081 1342 ciesiam'
2112 1288 2337 1355 Christi,
2370 1289 2528 1361 quasi
2572 1290 2627 1345 iu
2672 1291 2923 1362 sepulcro
2955 1292 3263 1351 alliictionis
3296 1282 3446 1365 posi-

1853 1387 1987 1447 tam,
2020 1395 2132 1450 pra!
2165 1380 2386 1447 uutltis,
2419 1381 2531 1436 imo
2570 1396 2707 1453 pene
2747 1398 2858 1452 prae
2887 1383 3143 1439 Omnibus
3173 1390 3444 1439 terrarum

1854 1469 2213 1540 principibus,
2240 1469 2331 1541 pio
2355 1486 2542 1526 amore
2568 1472 2829 1539 visitatis,
2866 1483 2920 1527 et
2952 1484 3014 1529 ut
3055 1474 3120 1529 ad
3148 1484 3349 1530 statum
3377 1476 3455 1530 lia‘

1855 1559 2081 1616 bertatis
2104 1575 2218 1616 sum
2243 1568 2511 1632 returgat,
2536 1560 2666 1617 totis
2691 1562 2901 1618 viribus
2932 1563 3261 1632 aunitentes,
3286 1566 3444 1636 quasi

1855 1654 2115 1725 angelicis
2157 1654 2424 1710 instructa
2455 1656 2739 1725 responsis
2763 1665 2991 1712 czeteros
3031 1657 3097 1713 ad
3123 1658 3444 1729 suﬂ‘ragium

161 1752 650 1811 οδτίειίωιίεείηιε
683 1753 1056 1829 [Christian]
1088 1755 1424 1827 εωρεηηι-ίοί
1447 1757 1679 1811 salutem
1701 1764 1757 1811 ει
1787 1825 1819 1829 _
1859 1744 2159 1799 laborantis
2189 1744 2447 1801 Ecclesia:
2468 1746 2800 1816 provocatis.
2855 1742 3010 1804 Unde
3050 1759 3106 1806 et
3150 1750 3441 1805 revelatio-

162 1846 523 1914 apostolicam
543 1844 996 1901 benedictionem.

234 1935 551 1991 Gaudemus
569 1944 625 1991 et
645 1937 984 1992 exsultamus
1011 1936 1066 1991 in
1110 1934 1363 2005 Domino,
1391 1924 1537 2011 quod
1567 1937 1753 1994 lumen

164 2034 353 2080 vestrae
372 2026 717 2096 operationis
738 2026 807 2082 ad
840 2041 942 2083 nos
963 2042 1140 2098 usque
1169 2029 1524 2099 resplenduit,
1552 2038 1606 2084 et
1634 2028 1755 2084 fru-

162 2124 279 2170 ctus
307 2123 508 2171 vestrae
530 2113 888 2187 fatigationis,
909 2116 1015 2173 etsi
1032 2133 1143 2173 non
1164 2116 1233 2173 ad
1243 2127 1369 2172 vota
1392 2127 1572 2173 vestra
1597 2119 1756 2189 plene

161 2204 497 2273 cumulatus,
520 2202 636 2261 Deo
676 2215 858 2262 tamen
896 2207 967 2262 ad
1004 2206 1220 2263 laudem
1246 2216 1302 2263 et
1322 2206 1572 2280 gloriam,
1597 2208 1756 2266 nobis

161 2296 228 2351 ad
250 2294 522 2363 laetitiam,
555 2295 713 2352 vobis
734 2296 806 2353 ad
837 2311 1100 2354 coronam
1144 2295 1402 2369 periectas
1430 2302 1754 2353 remunera-

164 2388 324 2444 tionis
348 2389 618 2446 excrevit.
646 2388 834 2462 Neque
855 2390 1005 2446 enim
1051 2399 1237 2447 nostra
1269 2406 1396 2462 spes
1441 2390 1564 2447 ideo
1592 2408 1755 2448 coar-

162 2482 293 2538 ctari
318 2489 418 2538 aut
443 2481 696 2537 submitti
718 2482 898 2548 debet,
953 2482 1002 2537 si
1030 2482 1360 2537 desiderium
1388 2490 1584 2538 vestrae
1623 2498 1755 2537 san-

160 2572 361 2629 ctitatis
396 2569 719 2634 facultatem
749 2571 1073 2629 intentionis
1092 2572 1375 2642 explendae
1395 2586 1506 2628 non
1525 2571 1716 2627 habuit
1737 2590 1754 2640 ;

161 2665 425 2735 quoniam
453 2664 604 2734 apud
626 2662 798 2720 Deum
820 2664 1032 2736 perﬁcit
1057 2664 1265 2732 munia,
1286 2664 1385 2736 qui
1417 2664 1757 2720 voluntatem

162 2770 359 2827 gerens
388 2755 686 2827 integram,
730 2764 1005 2826 quantum
1042 2755 1223 2826 potuit
1245 2754 1462 2826 operari
1502 2769 1619 2810 non
1657 2755 1758 2810 de-

161 2844 270 2901 siit.
309 2844 536 2905 Scimus
570 2845 825 2917 equidem
869 2845 1017 2917 quod
1058 2860 1163 2917 pro
1204 2860 1338 2916 pace
1375 2855 1432 2901 et
1465 2844 1758 2901 concordia

160 2938 495 2995 universalis
510 2938 771 2996 Ecclesiae
793 2938 1028 2994 multum
1048 2937 1339 3005 laboratis,
1356 2946 1412 2993 et
1430 2938 1615 2993 omnia
1636 2953 1760 3009 qum

160 3026 545 3098 pontiﬁcatum
569 3036 627 3084 et
645 3028 938 3100 imperium
968 3027 1188 3099 glutino
1242 3027 1533 3084 cbaritatis
1554 3028 1760 3083 astrin-

160 3131 289 3187 gere
318 3116 574 3184 valeant,
609 3117 849 3189 amplius
874 3132 1044 3189 quam
1087 3117 1197 3173 dici
1226 3118 1401 3188 possit
1423 3116 1761 3188 concupisci—

160 3207 258 3275 tis,
282 3217 341 3264 et
378 3207 653 3265 indefessa
679 3209 1045 3266 sollicitudine
1066 3210 1333 3281 quaeritis.
1363 3208 1613 3277 Quorum
1639 3211 1758 3282 qui-

159 3297 309 3364 dem,
331 3298 481 3368 quod
514 3299 819 3355 maximum
851 3308 957 3367 est,
981 3307 1038 3355 et
1070 3299 1275 3355 unitati
1294 3300 1602 3356 dilectionis
1624 3315 1758 3357 con-

158 3386 598 3459 iunctissimum,
640 3389 757 3461 jam
797 3390 1106 3463 peregistis,
1157 3388 1408 3449 videlicet
1434 3390 1608 3448 ﬁlium
1662 3408 1757 3449 ve-

162 3488 345 3535 strum
408 3479 707 3538 ilenrieum
752 3498 975 3554 regem
1051 3486 1427 3541 communioni
1496 3484 1756 3542 Ecclesiae

163 3575 408 3636 restitui.
432 3574 707 3647 simulque
735 3591 964 3649 regnum
986 3576 1106 3648 ejus
1138 3593 1170 3633 a
1207 3578 1487 3634 communi
1514 3579 1755 3651 periculo

161 3665 389 3724 lberari
429 3686 443 3723 :
477 3669 740 3740 quoniam
765 3670 860 3726 illo
888 3679 1042 3727 extra
1063 3673 1508 3729 communionem
1547 3674 1751 3745 posito,

161 3771 266 3813 nos
295 3758 521 3829 quidem
554 3760 729 3816 timor
756 3760 954 3817 divinae
989 3760 1214 3818 ultionis
1239 3777 1426 3818 secum
1461 3765 1755 3823 convenire

162 3850 448 3922 prohibuit
471 3869 486 3905 :
509 3851 756 3909 subditos
775 3866 908 3909 vero
923 3852 1027 3908 sibi
1055 3854 1301 3925 quotidie
1318 3855 1440 3927 ejus
1464 3858 1753 3927 praesentia

160 3939 325 4010 quasi
366 3941 670 3999 necessitas
713 3945 967 4015 quasdam
992 3944 1050 4000 in
1091 3944 1250 4017 culpa
1292 3944 1504 4019 ligavit.
1536 3948 1615 4004 A‘d
1647 3964 1754 4005 cae-

162 4032 281 4084 tera
335 4044 473 4085 vero
535 4046 661 4103 quae
720 4031 927 4090 leviora
982 4043 1133 4103 sunt,
1198 4035 1325 4093 licet
1373 4046 1752 4109 paupertatem

162 4115 257 4191 [f.,
301 4119 588 4194 pietatem]
629 4131 868 4179 vestram
923 4134 1232 4196 promptam
1286 4141 1411 4184 esse
1472 4142 1582 4184 non
1645 4129 1752 4185 du-

163 4211 426 4281 bitemus,
492 4230 592 4286 per
642 4215 899 4273 ﬁduciam
964 4226 1151 4275 tamen
1204 4236 1371 4291 quam
1414 4220 1473 4276 in
1526 4222 1752 4279 Christo

166 4303 469 4372 habemus,
511 4298 743 4376 gloriam
784 4316 1022 4364 vestram
1063 4317 1126 4365 ut
1154 4306 1358 4382 iugiter
1387 4319 1498 4366 tam
1545 4314 1753 4370 sanctis

165 4395 365 4452 studiis
396 4396 585 4463 instet,
635 4405 859 4468 propter
901 4398 1287 4455 revelationem
1345 4400 1528 4472 gaudii
1582 4404 1750 4459 vestri

163 4487 575 4559 quodammodo
613 4488 894 4545 exhortari
928 4490 1279 4561 impellimus,
1311 4493 1614 4549 scribentes
1645 4508 1748 4551 vo—

164 4578 269 4645 bis,
303 4589 361 4636 et
406 4580 512 4637 sub
557 4580 711 4636 omni
759 4582 1084 4640 certitudine
1128 4585 1475 4642 notilicantes
1520 4586 1749 4659 praefato

165 4671 273 4728 ﬁlio
289 4681 474 4730 vestro
494 4682 678 4730 vestra
711 4676 939 4732 consilia
970 4684 1260 4750 vestraque
1290 4680 1524 4736 multum
1554 4682 1750 4739 merita

163 4763 454 4835 profuisse,
473 4774 532 4821 et
560 4781 732 4836 quam
754 4766 1178 4827 misericorditer
1200 4786 1327 4827 eum
1361 4772 1546 4828 divina
1576 4774 1750 4845 rc'spi-

164 4853 271 4910 ciat
309 4856 627 4923 cien‘mntia,
663 4866 903 4914 vestram
962 4860 1142 4917 adhuc
1182 4862 1575 4919 beatitudinem
1620 4881 1747 4921 cum

165 4946 527 5017 gratulatione
550 4947 797 5003 visuram
818 4964 960 5005 esse.
991 4948 1107 5006 Hoc
1131 4962 1313 5008 autem
1336 4954 1480 5011 unde
1506 4955 1591 5011 vel
1617 4971 1750 5029 qua-

166 5034 286 5091 liter
308 5037 469 5094 nobis
493 5047 836 5109 compertum
880 5042 972 5108 sit,
999 5056 1124 5097 eum
1162 5053 1424 5114 vestram,
1450 5045 1748 5103 miserante

167 5124 272 5158 “ﬁt.
320 5131 677 5158 “mP‘u“:“—‘
718 5130 1016 5158 --:JA-:..‘--a
1083 5142 1328 5158 --a-_.a-_
1359 5137 1593 5158 2..J!--l_°
1638 5156 1643 5157 γ
1678 5156 1711 5157 κγ

1786 1825 1830 1881 Β
1855 1848 1979 1889 nem
2020 1849 2274 1905 superna:
2316 1838 2524 1907 glorize,
2559 1847 2614 1893 et
2657 1846 2876 1895 interna:
2906 1842 3051 1907 vitre,
3099 1856 3222 1911 qua:
3255 1849 3340 1897 cst
3384 1842 3441 1896 in

1852 1922 2077 1980 Christo
2103 1923 2255 1993 Iesu,
2289 1940 2399 1982 non
2435 1927 2599 1984 dubie
2631 1930 3035 2000 exspectabitis,
3072 1934 3127 1985 et
3155 1938 3443 1986 consortes

1854 2017 2146 2072 mulierum
2169 2017 2388 2073 illarum
2404 2021 2751 2090 praesentiam
2778 2012 3079 2077 salvatoris
3100 2022 3276 2077 nostri
3300 2021 3443 2077 inter

1854 2109 2172 2182 angelorum
2204 2110 2419 2181 agtnina
2440 2124 2575 2182 pace
2595 2121 2855 2185 perpetua
2881 2113 3141 2182 fruentes,
3166 2113 3286 2182 ipso
3312 2105 3444 2185 pro-

1855 2209 2087 2257 testante
2140 2200 2160 2274 [
2182 2210 2498 2273 praestante,
2537 2213 2590 2259 et
2628 2204 2706 2259 sic
2757 2206 2814 2259 in
2852 2201 3090 2277 Malim]
3133 2206 3438 2261 Invenietis.
3468 2185 3483 2197 κ

1854 2293 2014 2362 Quod
2053 2301 2242 2350 autem
2281 2295 2351 2351 de
2384 2296 2497 2352 lilia
2535 2304 2719 2352 vestra
2772 2296 3017 2352 Malliildi
3064 2312 3169 2352 nos
3214 2298 3440 2370 rogatis,

1854 2395 2134 2458 gratanter
2167 2389 2508 2459 accepimusI
2543 2389 2917 2446 collaudantes
2957 2391 3305 2447 sanctitatem
3344 2388 3441 2447 v‘co

1855 2487 2028 2537 stram
2061 2480 2208 2551 quod
2245 2490 2395 2537 tanta
2426 2478 2585 2538 vobis
2627 2482 2696 2538 de
2741 2482 2922 2539 salute
2966 2483 3112 2539 illius
3156 2484 3290 2549 cura
3318 2476 3442 2552 est;

1855 2588 1979 2644 qua:
2004 2574 2223 2645 quidem
2255 2574 2312 2629 in
2337 2584 2436 2631 vos
2458 2574 2609 2631 omni
2638 2574 2908 2632 desiderio
2929 2585 2986 2631 ct
3017 2576 3293 2633 lidclitatis
3314 2576 3444 2633 που.

1855 2673 1949 2721 ctu
1988 2679 2084 2721 cor
2122 2674 2178 2720 et
2201 2666 2442 2722 animam
2467 2682 2626 2723 suam
2668 2666 2918 2734 eli‘undit,
2948 2668 3179 2739 gloriam
3203 2680 3445 2725 vestram

1855 2755 2017 2826 (ιιιειεὶ
2051 2754 2249 2823 Bandin
2281 2756 2516 2827 propriae
2539 2756 2733 2814 salutis
2765 2759 3033 2832 exposcit.
3068 2759 3148 2815 Ac
3189 2773 3295 2815 nos
3319 2746 3446 2831 qui?

1855 2844 1979 2901 dem
2003 2860 2105 2915 pro
2133 2859 2197 2900 ea
2225 2845 2457 2901 libenter
2485 2860 2745 2914 oramus;
2784 2857 2862 2916 et,
2890 2847 3016 2905 licet
3036 2849 3313 2906 orationes
3340 2864 3443 2904 no-
3485 2851 3490 2855 ’

1856 2943 2002 2991 stras
2022 2943 2212 2991 nostra
2235 2934 2349 2992 Deo
2368 2952 2563 3007 parum
2594 2939 2979 2995 commendent
3000 2940 3216 3006 merita,
3243 2940 3443 2994 suma-

1857 3033 2017 3096 gante
2045 3032 2228 3080 tamen
2256 3026 2458 3095 pietate
2480 3024 2653 3095 Petri,
2681 3026 2840 3098 cujus
2874 3027 3016 3085 servi
3034 3044 3246 3098 sumus,
3270 3044 3365 3084 cas
3385 3028 3443 3084 in
3471 3041 3474 3046 '

1858 3127 2153 3189 conspectu
2180 3117 2401 3174 Domini
2432 3134 2541 3174 non
2571 3119 2801 3175 omnino
2833 3135 3038 3175 vacuas
3062 3136 3187 3176 csse
3206 3119 3440 3176 conlidi-

1785 3176 1828 3239 (ί
1859 3176 2013 3265 mus:
2038 3207 2290 3265 Vestram
2322 3209 2489 3280 igitur
2508 3210 3042 3267 commendationem
3077 3210 3244 3282 digna
3277 3224 3443 3265 vene-

1856 3299 2070 3355 ratione
2104 3299 2488 3371 suscipientes,
2521 3300 2706 3359 itidem
2737 3316 2867 3368 vos,
2903 3310 2967 3356 ut
2996 3300 3144 3357 illius
3177 3310 3233 3357 et
3266 3300 3443 3358 nostri

1854 3389 2179 3445 memoriam
2223 3390 2282 3445 in
2316 3391 2515 3448 vestris
2550 3406 2810 3464 rogamus
2836 3391 3179 3448 orationibus
3202 3390 3441 3463 faciatis,

1853 3488 1911 3538 et
1937 3482 2147 3540 mutuis
2166 3498 2270 3539 nos
2298 3482 2441 3555 apud
2460 3482 2634 3538 Deum
2646 3467 2902 3555 fuvemus
2925 3483 3440 3553 intercessionibus;

1854 3584 2127 3645 quatenus
2154 3575 2245 3631 hic
2272 3575 2329 3631 in
2350 3574 2573 3632 Christo
2615 3590 2863 3632 connexa
2909 3578 3149 3634 charitas
3196 3593 3363 3634 unam
3386 3584 3446 3635 et

1852 3680 2203 3725 communem
2223 3668 2385 3726 nobis
2416 3669 2473 3725 in
2515 3683 2688 3741 regno
2721 3669 2899 3727 Patris
2921 3672 3119 3741 nostri,
3152 3671 3274 3745 ipso
3301 3688 3442 3746 prte-

1852 3764 2056 3827 stante,
2079 3760 2265 3816 sedem
2289 3760 2471 3833 pariat
2499 3768 2556 3816 et
2583 3762 2848 3818 laetitiam.
3443 3753 3447 3757 ’

1894 3898 1897 3899 ⁷
1923 3891 2059 3954 Data
2095 3896 2151 3952 in
2182 3895 2527 3968 expeditione
2552 3896 2620 3954 ad
2645 3896 2910 3955 Sanctum
2944 3894 3268 3957 Flavianum
3304 3896 3438 3974 [Fa-

1851 3989 2103 4065 bianum]
2129 3990 2343 4047 decimo
2371 3991 2607 4061 septimo
2634 3991 2906 4049 Kalendas
2947 3991 3100 4063 Julii,
3145 3994 3445 4051 indictione

1851 4082 2195 4140 duodecima.

1923 4218 2076 4291 (357)
2109 4216 2311 4291 ln_hoc
2343 4217 2524 4291 primo
2562 4233 2711 4273 anno
2746 4217 3110 4291 pontiﬁcatus
3164 4218 3271 4283 sui,
3322 4217 3442 4291 ipse
3484 4238 3487 4243 ·

1851 4288 2108 4359 dominus
2154 4287 2467 4359 Gregorius
2489 4303 2628 4358 papa
2679 4287 2965 4344 constituit
3004 4296 3063 4342 et
3100 4287 3445 4359 consecravit

1851 4357 2299 4441 archiepiscopi.
2311 4357 2676 4441 ct‘episeopos
2696 4359 3029 4441 pet-diversa
3049 4359 3208 4441 loca;
3310 4357 3442 4441 Sar—

1850 4430 2001 4486 dinia
2043 4427 2335 4500 provincia
2365 4427 2630 4484 Ja’cobuin
2665 4427 3138 4500 archiepiseOpum
3167 4427 3440 4483 Calatita-

1851 4516 1983 4555 num
2006 4542 2022 4567 ,
2061 4499 2488 4571 Constantinum
2536 4499 3020 4571 archiepiscopum
3060 4499 3391 4571 Turrensem
3422 4516 3439 4566 ;

1853 4571 2057 4695 quibus
2077 4570 2237 4653 pallia
2261 4585 2386 4652 cum
2409 4568 2899 4654 privilegiisdedit.‘
2922 4569 3165 4625 Brnnoni
3184 4568 3443 4640 episcopo

1901 4657 2158 4695 eronenst
2192 4640 2415 4695 callium
2439 4656 2565 4695 cum
2593 4653 2897 4695 nrtvnemo.
2923 4650 2978 4695 et
3004 4639 3193 4695 Nacho
3216 4654 3443 4695 conces—

1786 4668 1799 4681 -
1853 4639 2158 4715 Yerqnehsi
2191 4639 2565 4715 palliumcum
2592 4639 2897 4715 priviiegio,
2923 4650 2978 4696 et
3004 4639 3193 4695 Nacho
3214 4639 3443 4715 conces—

1853 4712 1944 4768 sit.
1968 4709 2538 4783 Joannem_Soranum
2564 4709 2879 4783 episcOpum
2911 4710 3273 4783 consecravit.
3300 4709 3440 4783 item

1855 4783 1913 4838 in
1937 4781 2183 4838 marchia
2218 4781 2475 4839 Firmana
2498 4779 2880 4839 Irasmundum
2917 4779 3263 4847 Valvensem,
3299 4779 3443 4835 Teu-

1855 4868 2049 4908 zonem
2081 4850 2392 4923 Teatinum,
2426 4850 3109 4923 Leonemepiscopum__in
3143 4849 3443 4923 gampania

1854 4924 2228 4995 equinensem
2255 4965 2287 4995 ,Α
2316 4922 2609 4995 Hugonetn
2670 4921 2748 4978 in_
2779 4921 3094 4995 Burgundia
3150 4921 3403 4986 Diensem
3425 4962 3441 4988 ,

1853 4991 2217 5065 Landericum
2276 4991 2519 5065 itemiin
2563 4991 2914 5065 Burgundia’
2944 4991 3443 5065 Matisconenscm,

1854 5064 2205 5146 Quilielmum
2230 5134 2246 5146 _
2276 5064 2335 5119 in
2400 5061 3070 5146 hiaritimanassanum.
3139 5061 3448 5146 celebravit

1854 5132 2041 5158 D-..-..
2076 5134 2339 5158 ~u-u~na.--...
2399 5135 2450 5158 ξ.-
2481 5149 2579 5158 ﬂ..-
2636 5133 2783 5158 ξηιλ..-
2815 5143 3004 5158 ..θυιδαμ-α
3037 5150 3152 5158 ιο-....
3296 5139 3441 5158 ..Αρθιι
