3982 5316
236 180 335 239 361

1312 170 1518 239 LIBER
1558 179 1941 240 SECUNDUS.
1976 217 2049 227 —
2082 186 2301 277 artsr.
2336 190 2401 249 v.

3394 204 3501 265 36$

236 308 409 355 torum
442 310 699 365 suorum,
740 302 999 366 superato
1049 295 1233 352 carnis
1278 297 1568 361 desiderio,
1605 299 1803 354 confit-
1829 304 1877 361 Λ
1976 316 2294 376 ρνωεεμεναι
2319 350 2335 373 ,
2379 312 2893 366 excommunicatum
2938 331 3047 368 una
3091 333 3210 371 cum
3256 320 3495 377 criminis

235 389 415 445 mavit.
453 386 666 443 Scimus
691 388 940 459 equidem
985 388 1247 460 quoniam
1280 391 1427 461 quod
1461 392 1516 445 in
1552 392 1806 463 praesenti

230 484 336 538 vita
379 482 532 538 nobis
564 482 728 556 [forte
751 479 928 554 vobis]
962 482 1342 539 dulcissimum
1388 483 1522 551 fuit,
1558 486 1805 558 exigente

223 574 457 648 iustitia,
502 574 794 645 reliquisti,
829 575 963 630 dum
990 590 1091 645 pro
1133 576 1435 632 reverentia
1479 575 1804 633 Christianre

229 669 493 741 religionis
511 669 582 723 ab
607 683 777 724 uxore
806 676 1007 734 vestra,
1044 669 1303 738 quoniam
1340 669 1643 740 prOpinqua
1671 685 1803 723 con-

228 760 579 833 sanguinitate
624 760 778 815 vobis
820 769 935 827 est,
982 775 1081 815 vos
1125 774 1380 830 separare
1418 760 1795 817 consensistis.

232 850 420 908 Verum
453 861 659 924 quanto
691 851 924 923 graviori
970 852 1269 908 certamine
1313 852 1590 909 libidinem
1629 856 1797 911 animi

230 945 385 1000 vestri
415 945 638 1010 vicistis,
666 953 720 1000 et
740 946 806 1000 ad
832 945 1004 1018 legem
1032 944 1125 1000 Dei
1152 945 1455 1001 districtius
1489 964 1586 1002 vos
1618 946 1799 1004 humi-

224 1038 409 1105 liastis,
436 1046 588 1093 tanto
617 1037 990 1095 sublimiorem
1028 1039 1256 1109 gloriam
1296 1040 1507 1097 infinita
1544 1059 1798 1099 remune-

225 1130 423 1185 ratione
451 1131 605 1187 vobis
649 1140 895 1202 paratam
940 1146 1064 1187 esse
1110 1132 1301 1202 procul
1351 1133 1519 1189 dubio
1576 1152 1796 1205 sperare

222 1221 436 1277 debetis.
483 1221 824 1295 Quapmpter
872 1232 926 1278 et
968 1224 1129 1280 nobis
1157 1225 1330 1299 multo
1363 1226 1585 1283 uberior
1608 1229 1795 1285 lzetitia

218 1313 701 1387 crescit,rquoniam
726 1314 783 1369 in
810 1314 912 1369 hac
936 1316 1275 1373 correctione
1298 1325 1478 1390 vestra
1500 1329 1647 1375 certa
1671 1338 1793 1393 spes

219 1382 401 1460 vestrae
430 1382 633 1461 salutis
683 1406 1040 1479 intelligitur,
1094 1418 1147 1463 et
1189 1426 1255 1464 ea
1308 1427 1431 1487 qua:
1473 1428 1688 1491 semper
1735 1415 1790 1471 in

213 1495 367 1552 domo
389 1508 564 1554 vestra
589 1499 713 1565 fuit,
736 1500 1031 1557 miserante
1053 1501 1184 1570 Deo,
1210 1504 1548 1575 generositas
1569 1524 1793 1565 conser-

212 1589 430 1644 vabitur.
467 1591 549 1646 Ex
589 1592 696 1647 hoc
723 1594 869 1648 enim
914 1595 1173 1652 nobilitas
1218 1599 1432 1668 generis
1477 1601 1630 1656 valde
1662 1619 1788 1659 cor-

1976 377 2304 431 consortibus
2337 378 2624 435 denuntiet.

1978 488 2289 546 Caesonius
2320 492 2641 565 episcopus,
2680 512 2874 553 servus
2905 515 3191 557 servorum
3224 502 3348 571 Dei,
3388 506 3497 560 Go-

1907 595 2096 635 zsuno
2136 580 2515 655 Burdigalensi
2559 588 2970 662 archiepiscopo
3016 594 3335 651 salutem‘et
3363 614 3495 668 apo-

1904 672 2155 730 stolicam
2183 677 2640 737 benedictionem.

1976 765 2130 823 Sicut
2153 769 2209 824 in
2243 771 2439 828 litteris
2473 775 2581 829 tuis
2610 777 3003 847 intelleximus,
3038 781 3368 842 lsembertus
3402 786 3493 842 Pi.

1899 860 2174 917 ctavensis
2189 863 2481 935 episcopus
2505 884 2729 939 magnas
2744 870 2854 926 Deo
2873 874 3234 945 omnipotenti
3253 887 3308 933 et
3330 880 3492 938 beato

1899 947 2064 1004 Petro
2100 951 2309 1023 tibique
2345 956 2611 1028 magistro
2637 975 2738 1014 suo
2768 961 3001 1031 injurias
3030 966 3314 1037 irrogavit,
3343 985 3491 1028 seseo

1896 1057 2005 1110 que
2035 1044 2196 1099 nobis
2235 1047 2609 1104 adversarium
2635 1051 3072 1125 impugnatorem
3099 1059 3347 1129 justitite,
3388 1064 3488 1118 bo—

1897 1138 2037 1189 stem
2088 1144 2291 1192 sanctae
2340 1138 2631 1208 Ecclesiae,
2674 1153 2923 1213 patenter
2965 1152 3276 1207 ostentavit.
3330 1152 3488 1212 Nunc

1896 1226 2080 1297 igitur,
2119 1231 2381 1299 quoniam
2435 1234 2503 1288 ad
2561 1235 2857 1292 vindictam
2909 1241 3323 1303 malefactorem
3366 1246 3488 1317 ejus

1895 1334 2005 1373 non
2036 1329 2223 1377 nostra
2262 1328 2477 1379 tantum
2517 1327 2611 1381 sed
2654 1336 2710 1383 et
2745 1338 2838 1384 tua
2885 1346 3023 1401 opus
3056 1343 3141 1389 est
3185 1337 3483 1408 vigilantia,

1894 1405 2288 1466 fraternitatem
2326 1420 2476 1481 tuam
2512 1416 2747 1473 multum
2782 1419 3144 1481 admonemus
3170 1405 3400 1482 utnulla

1891 1501 2114 1556 occasio
2142 1501 2197 1556 in
2228 1503 2336 1559 hac
2366 1520 2534 1560 causa
2569 1507 2813 1575 tepidum
2854 1510 2939 1565 Vel
2970 1511 3155 1583 aliquo
3187 1516 3352 1571 modo
3383 1533 3484 1579 ne,

1894 1591 2182 1661 gligentem
2217 1595 2428 1661 reddat,
2468 1597 2582 1663 sed,
2613 1598 2659 1652 si
2687 1614 2813 1653 eum
2850 1602 2917 1656 ad
2943 1617 3045 1658 nos
3070 1615 3359 1676 venturum
3391 1625 3477 1665 co-

211 1683 485 1752 rumpitur,
519 1701 648 1741 cum
672 1687 856 1757 proles
886 1703 995 1742 non
1021 1689 1088 1745 de
1119 1664 1359 1761 legitima
1399 1694 1639 1765 conjugii
1664 1713 1778 1768 per-

1889 1685 2164 1753 gnoveris,
2190 1694 2251 1741 tu
2298 1688 2434 1758 ipse,
2462 1691 2508 1744 si
2552 1708 2743 1762 queas,
2775 1695 2842 1749 ad
2883 1699 3256 1766 apastolorum
3291 1703 3482 1767 limina

208 1774 446 1832 mistione
492 1787 805 1850 generatur.
843 1781 1023 1853 Atque
1058 1798 1123 1837 eo
1149 1784 1333 1841 minus
1366 1787 1664 1846 eminentia
1692 1809 1785 1851 ve-

202 1873 326 1931 stra,
342 1870 484 1939 quod
514 1880 628 1925 tam
648 1873 847 1927 acriter
870 1874 1022 1929 vobis
1047 1876 1367 1945 institimus,
1386 1879 1575 1935 mirari
1600 1884 1780 1955 debet,

204 1962 447 2029 quoniam
490 1963 738 2020 Romana
790 1964 1062 2036 Ecclesia,
1101 1988 1225 2042 quae
1258 1973 1481 2029 domum
1520 1986 1778 2048 vestram,

201 2067 307 2120 vos,
330 2063 614 2129 totamque
642 2060 951 2130 prosapiam
975 2071 1237 2131 vestram,
1263 2065 1529 2136 singulari
1551 2078 1608 2124 et
1626 2087 1782 2143 egre-

198 2136 278 2225 g'ia
301 2163 515 2219 semper
530 2151 805 2208 cbaritate
830 2154 1039 2221 dilexit,
1078 2158 1130 2215 in
1158 2168 1313 2215 tanto
1342 2177 1445 2219 vos
1468 2136 1780 2237 jacerevpe-

200 2240 358 2297 ticulo
388 2244 499 2313 pati
554 2262 663 2300 non
716 2248 915 2318 potuit.
968 2251 1240 2308 Caeterum
1276 2256 1422 2323 quod
1447 2257 1595 2313 domi
1626 2258 1781 2317 illam

201 2332 251 2407 in
278 2345 450 2391 vestra
472 2348 751 2408 potestate
775 2358 952 2413 usque
986 2345 1055 2399 ad
1082 2343 1327 2403 futuram
1361 2350 1630 2421 synodum
1650 2369 1776 2409 mo-

196 2426 299 2480 rari
317 2429 538 2499 cupitis,
563 2431 693 2488 licet
722 2448 881 2490 soror
916 2446 1117 2505 vestra,
1147 2455 1313 2509 quam
1347 2450 1408 2497 ut
1434 2451 1666 2501 matrem
1691 2447 1777 2502 di-

195 2515 418 2589 ligimus,
446 2522 575 2579 inde
599 2539 703 2581 nos
727 2525 1172 2597 interpellaverit,
1196 2534 1509 2591 consentire
1532 2552 1642 2592 non
1673 2553 1775 2594 au-

193 2608 420 2681 demus;
477 2616 721 2673 scientes
770 2619 1098 2681 diabolicam
1154 2621 1402 2681 fraudem
1456 2628 1773 2689 hominibus

194 2703 415 2760 maxime
445 2706 617 2762 vetita
653 2711 884 2779 repertis
912 2713 1303 2772 occasionibus
1348 2720 1619 2790 praecipua
1654 2725 1771 2777 eal-

193 2787 385 2851 liditate
407 2810 718 2873 suggerere.
758 2798 990 2859 Proinde
1030 2803 1111 2863 ita
1155 2820 1276 2863 eam
1309 2823 1339 2860 a
1372 2787 1551 2867 vestra
1579 2811 1771 2867 vieini-

192 2888 291 2951 tate
316 2885 535 2955 penitus
572 2891 841 2947 removeri
878 2902 934 2947 et
970 2894 1217 2966 elengari
1267 2896 1457 2966 facile,
1497 2910 1556 2959 ut
1588 2912 1768 2959 vestra

1886 1772 2223 1845 fatigationis
2246 1794 2470 1835 cursum
2498 1798 2609 1837 non
2634 1783 2892 1855 refugias.
2915 1786 3070 1855 Quod
3094 1792 3140 1845 si
3166 1801 3272 1849 tum
3298 1795 3481 1854 minus

1886 1864 2029 1923 ferre
2070 1878 2329 1939 poterunt
2381 1878 2791 1946 occupationes,
2834 1882 2970 1938 tales
3018 1900 3316 1954 personas,
3367 1898 3479 1947 tam

1883 1975 1947 2013 ex
1984 1969 2077 2016 tua
2112 1973 2286 2033 parte,
2318 1982 2484 2036 quam
2516 1984 2707 2025 eorum
2739 1972 2834 2042 qui
2861 1974 3050 2029 eadem
3082 1978 3240 2033 nobis
3270 1995 3395 2051 quae
3423 1988 3482 2043 et

1882 2061 1939 2106 tu
1960 2054 2028 2108 de
2051 2056 2278 2125 prmfato
2298 2059 2558 2130 episcopo
2579 2078 2677 2132 per
2698 2064 2908 2119 litteras
2935 2068 3374 2140 uotilicaverunt,
3406 2074 3476 2131 ad

1880 2160 1983 2201 nos
1998 2148 2157 2220 dirigi
2195 2166 2306 2206 non
2334 2152 2556 2209 desinas
2582 2170 2883 2224 procurare
2911 2200 2922 2211 .
2957 2161 3051 2229 qui
3080 2164 3364 2219 veritatem
3392 2167 3474 2221 rei

1878 2234 2239 2310 irrefragabili
2268 2244 2577 2298 assertione
2597 2255 2867 2314 prmsente
2888 2249 3147 2320 episcopo
3171 2254 3476 2323 approbare

1876 2329 2111 2393 valeant.
2152 2331 2354 2389 Verum
2386 2336 2503 2391 hinc
2539 2352 2648 2392 non
2674 2347 2734 2393 ut
2756 2355 2925 2411 super
2954 2342 3041 2398 liis
3065 2360 3187 2413 qua}
3221 2361 3251 2400 a
3288 2357 3339 2401 te
3373 2364 3469 2403 no-

1875 2417 1961 2474 bis
2015 2421 2320 2493 significata
2369 2436 2501 2482 sunt
2539 2429 2854 2487 dubitemus
2904 2432 3022 2504 liocj
3054 2435 3244 2491 ordine
3291 2446 3471 2495 trans.

1873 2511 2068 2582 igenda
2103 2517 2459 2586 requirimus,
2493 2520 2589 2575 sed
2625 2528 2704 2587 ut,
2741 2521 2964 2579 Patrum
3011 2536 3329 2601 nostrorum
3362 2539 3473 2587 sta+

1874 2611 1992 2659 tuta
2020 2617 2322 2676 servantes,
2358 2613 2541 2667 omnia
2576 2622 2631 2667 et
2660 2616 3056 2673 rationabiliter
3086 2621 3470 2691 discutiamus,

1870 2706 1926 2752 et
1966 2702 2293 2756 auctorabili
2337 2704 2580 2774 judicio,
2617 2706 2732 2764 Deo
2766 2708 3002 2779 favente,
3053 2715 3467 2773 concludamus.

1868 2788 2032 2845 Novit
2058 2793 2202 2848 enim
2227 2796 2511 2864 prudentia
2542 2807 2634 2854 tua
2659 2802 2831 2870 quod,
2857 2805 3107 2872 personis
3126 2807 3466 2874 absentibus,

1868 2882 2275 2937 accusationem
2314 2901 2410 2954 per
2445 2887 2648 2957 scripta
2693 2892 2958 2947 canonica
2998 2909 3106 2948 non
3144 2898 3337 2965 probet
3369 2914 3473 2954 auo-

190 2977 463 3047 correctio,
491 2990 548 3034 ct
583 2980 767 3045 oblata
806 2982 921 3039 Deo
964 2988 1288 3057 reverentia,
1322 2991 1577 3049 omnibus
1606 2995 1680 3052 sit
1712 2996 1766 3050 in
1792 3022 1837 3078 ο
1869 2974 2114 3078 θίίξῗίίίδδ]
2147 2990 2265 3041 "cet
2302 2978 2509 3078 3P5“?
2540 2981 2779 3078 Ρπίίιξηξ
2824 2983 3221 3054 disceptation"
3271 3005 3468 3060 pereo“

192 3069 514 3139 exemplum,
549 3082 608 3127 et
640 3073 873 3135 salutem
905 3085 1144 3133 vestram
1186 3080 1333 3137 nulla
1373 3082 1550 3138 valeat
1578 3084 1771 3144 diabo-.

188 3158 267 3215 ius
286 3161 585 3234 sagacitate
616 3165 858 3225 turbare.
910 3166 993 3224 De
1020 3179 1223 3229 caetero
1253 3172 1449 3231 scitote
1484 3174 1768 3234 Pictaven-

189 3267 291 3308 sem
320 3253 688 3321 lsembeﬁum
724 3261 1072 3334 episcopum,
1094 3265 1213 3339 nisi
1256 3276 1383 3324 ante
1415 3267 1769 3331 festivitatem

186 3347 347 3405 Sancti
376 3348 613 3425 Andreae
658 3352 728 3411 ad
779 3369 883 3412 nos
917 3356 985 3415 de
1013 3359 1439 3429 praesumptione
1469 3377 1570 3419 sua
1598 3366 1766 3421 ratio-

188 3450 297 3493 nem
318 3440 643 3505 redditurus
670 3445 872 3513 veniat,
910 3448 979 3503 ab
1007 3450 1159 3507 omni
1185 3451 1480 3523 episcopali
1506 3464 1562 3510 et
1584 3472 1771 3517 δείσει’--

186 3526 338 3593 dotali
360 3532 562 3601 oﬂicio,
586 3544 653 3595 et
674 3537 792 3607 ipsa
822 3555 994 3599 sacrm
1026 3544 1437 3603 communionis
1471 3549 1767 3621 participa-

184 3618 318 3676 tione
338 3636 463 3684 csse
491 3624 789 3693 privatum.
822 3630 985 3695 Quod
1013 3641 1199 3691 autem
1218 3635 1289 3692 ad
1319 3637 1605 3697 servitium
1636 3618 1767 3701 san-

186 3711 249 3765 eti
275 3712 425 3773 Petri
468 3727 781 3789 promptam
843 3737 941 3781 vos
983 3724 1189 3783 habere
1236 3729 1569 3789 voluntatem
1603 3751 1765 3792 man-

184 3802 375 3885 dasti»
393 3817 679 3878 gratanter
698 3813 1024 3884 accepimus
1040 3858 1060 3884 ,
1097 3819 1193 3876 sed
1221 3821 1580 3883 determinnte
1607 3830 1766 3887 vobis

184 3894 375 3973 aliquid
392 3898 475 3962 .de
490 3902 838 3971 cupeditione
1137 3911 1208 3967 ad
1229 3929 1470 3984 praesens
1494 3934 1607 3975 non
1627 3923 1765 3979 satis

497 3989 630 4053 fore
654 3996 1038 4069 pavidi-ius;
1074 4005 1338 4073 (silentiam
1371 4024 1562 4065 rumor
1589 4021 1677 4069 est
1707 4015 1765 4069 in

184 4082 555 4145 mritis
593 4086 845 4156 partibus
878 4089 1258 4165 Christianos,
1291 4098 1590 4158 miserante
1619 4101 1760 4174 Deo,

184 4183 511 4244 Macrum
536 4176 700 4250 longe
721 4183 1075 4252 propulsasse
1104 4185 1467 4259 ferocitatem,
1491 4202 1547 4250 et
1570 4210 1674 4252 nos
1695 4196 1764 4254 de

185 4264 380 4337 rdiquo
409 4268 546 4338 quid
580 4271 759 4330 acturi
798 4273 973 4331 simus
1013 4277 1194 4335 adhuc
1233 4280 1433 4339 divina:
1465 4283 1763 4343 Providen-

1870 3058 2042 3137 gniia,
2088 3068 2143 3123 in
2176 3070 2583 3126 examinatione
2616 3075 2844 3144 recipiat
2873 3092 3088 3134 causas.
3124 3080 3469 3155 Quapropter

1865 3174 2011 3227 sirpe
2051 3158 2222 3215 fatum
2274 3161 2593 3233 episcopum
2626 3165 2695 3221 ad
2722 3169 3086 3236 apostolicam
3132 3173 3468 3233 audientiam

1868 3250 1972 3304 sub
2004 3250 2100 3305 tali
2127 3250 2473 3309 districtione
2506 3269 2604 3324 per
2648 3256 2936 3326 epistolam
2969 3269 3217 3319 nostram
3248 3266 3467 3320 vocavi-

1866 3354 2013 3404 mus,
2055 3348 2145 3407 ut,
2195 3341 2301 3397 nisi
2344 3345 2695 3412 prtescntiam
2738 3363 2895 3402 suam
2942 3358 3070 3405 ante
3115 3350 3464 3415 festivitatem

1865 3430 2042 3491 sancti
2091 3431 2323 3489 Andreae
2357 3443 2548 3491 nostro
2578 3440 2896 3508 conspectui
2945 3442 3273 3513 exhibuerit,
3315 3448 3465 3502 omni

1864 3522 2161 3595 episcopali
2182 3533 2237 3579 et
2258 3527 2585 3583 sacerdotali
2608 3530 2854 3600 privatus
2884 3533 3082 3603 oﬂicio,
3105 3536 3270 3593 etiam
3296 3554 3469 3597 sacra:

1863 3616 2270 3673 communionis
2320 3618 2392 3674 sit
2435 3620 2853 3693 participatione
2911 3627 3177 3689 seclusus.
3233 3629 3290 3692 Si
3335 3648 3469 3704 ergo

1863 3708 2130 3777 pertinaci
2186 3710 2476 3769 induratus
2525 3718 2875 3774 contumacia
2922 3721 3070 3777 circa
3121 3726 3465 3794 prmlibatum

1864 3800 2159 3857 terminum
2182 3811 2386 3860 nostra:
2405 3809 2712 3875 prmsentia:
2735 3825 2795 3866 se
2817 3812 3168 3882 subtraxerit,
3194 3818 3466 3886 prolatam

1864 3891 1920 3947 in
1949 3908 2076 3949 eum
2108 3896 2435 3953 sententiam
2457 3899 2734 3972 divulgata
2762 3905 3150 3980 prtedicatione
3179 3908 3464 3979 denuntia.

1862 3992 1919 4039 et
1949 3986 2092 4042 sicut
2121 3988 2332 4046 inimici
2387 3989 2481 4046 Dei
2534 3995 2794 4053 omnibus
2854 4000 3032 4056 modis
3079 4002 3378 4073 nequitiam
3411 4014 3468 4060 et

1863 4077 2258 4150 impudentiam
2307 4085 2431 4154 ejus
2487 4087 2824 4147 confundere
2876 4109 2987 4150 non
3038 4096 3294 4152 desistas.
3354 4097 3465 4157 Eos

1863 4188 2086 4246 quoque
2114 4192 2255 4248 quos
2299 4179 2416 4249 ipse
2466 4182 2538 4237 ad
2586 4191 2799 4240 tantum
2845 4186 3061 4247 facinus
3107 4194 3464 4261 perturbandi

1860 4275 2194 4323 conventum
2216 4277 2459 4325 vestrum
2493 4273 2775 4344 applicuit,
2802 4285 2917 4339 tam
2949 4280 3122 4337 laicos
3155 4298 3321 4352 quam
3352 4283 3465 4340 cle-

186 4355 261 4413 tiat
279 4358 575 4419 consilium
601 4372 1006 4434 exspectamus.
1046 4366 1215 4427 Vobis
1245 4379 1429 4429 tamen
1455 4377 1600 4433 etde
1620 4378 1762 4434 bona
1795 4393 1841 4449 ι)
1865 4360 2045 4429 ficosi
2091 4379 2384 4436 quousque
2411 4366 2481 4422 ad
2524 4369 2956 4430 εδιίεῖθΰιίθηεηι
2998 4376 3241 4443 veniant.
3278 4393 3309 4432 a
3340 4392 3465 4433 00r-

186 4446 451 4507 voluntate
469 4451 629 4522 plena
648 4455 792 4525 apud
816 4454 990 4513 Deum
1012 4463 1381 4520 remuneratio
1397 4473 1478 4521 est
1491 4469 1758 4538 reposita;

187 4539 329 4599 mbis
348 4550 560 4610 autem,
582 4543 631 4601 si
662 4561 887 4604 necesse
914 4548 1101 4618 fuerit,
1136 4553 1193 4608 in
1227 4556 1426 4613 vestris
1447 4562 1759 4633 promissis,

188 4630 313 4691 deut
334 4634 394 4689 in
427 4635 628 4695 dilecto
667 4636 839 4696 fratre
878 4650 934 4698 et
968 4641 1105 4712 ﬁlio,
1145 4656 1294 4703 certa
1328 4664 1547 4722 semper
1578 4630 1765 4713 existit

189 4725 388 4785 ﬁducia.

188 4858 195 4867 .
247 4816 373 4875 Data
412 4818 603 4879 Tiburi
634 4833 839 4895 quarto
873 4824 1002 4882 ldus
1040 4827 1412 4901 Septembris,
1463 4835 1763 4897 indictione

730 5072 1081 5157 errarem
1107 5077 1194 5133 iV.

192 5235 201 5243 ,
278 5200 348 5247 ΑΒ
376 5201 670 5249 θοιειιξεωι
696 5198 1169 5251 Ακοιιιενηῦοιιυι
1198 5211 1630 5258 Βυιυιωιεκεειι

926 5314 933 5316 .
987 5287 1113 5316 ιιι-ὗ.
1149 5306 1157 5316 ε

1865 4468 2001 4525 pore
2033 4462 2089 4511 et
2129 4457 2402 4529 sanguine
2442 4458 2746 4537 Domini‘et
2778 4466 2850 4521 ab
2879 4467 3029 4522 omni
3060 4468 3250 4524 divino
3283 4468 3464 4525 cilicio

1867 4548 2169 4617 apostolica
2200 4552 2529 4610 auctoritate
2582 4558 2836 4628 repulsos
2865 4572 2989 4615 esse
3027 4561 3188 4617 scias.
3226 4561 3384 4630 Quod
3414 4565 3462 4618 si

1864 4640 2179 4713 episcopus,
2218 4645 2362 4701 sicut
2386 4646 2442 4701 in
2478 4647 2673 4706 litteris
2700 4652 2909 4707 nostris
2937 4652 3185 4711 districta
3208 4669 3461 4711 commo-

1860 4732 2018 4790 nitus
2043 4743 2147 4801 est,
2182 4739 2445 4797 omnibus
2488 4739 2732 4798 indicare
2780 4744 3119 4815 neglexerit,
3170 4755 3229 4803 tu
3280 4746 3462 4819 palam

1860 4825 1981 4882 illis
2011 4825 2192 4885 facere
2222 4832 2538 4888 nullatenus
2568 4836 2977 4904 praetermittas.

1862 4906 2295 4979 .“Datai'l‘iburi
2345 4934 2544 4994 quarto
2593 4923 2723 4982 ldus
2770 4925 3128 5000 Septembris,
3167 4930 3464 4988 indictione

1866 5010 2081 5067 decima
2106 5016 2287 5071 tertia.
2714 5056 2719 5061 η
3411 5044 3433 5055 ’⁸

2441 5123 2781 5188 ΕΡῙΞΤΟΙΛ
2825 5126 2887 5185 V.

2293 5236 2360 5274 AD
2396 5233 2678 5280 EPISCODOS
2713 5239 2953 5279 FRANCOR
2962 5242 3050 5281 CM.
