3962 5348
482 85 586 140 565

553 201 893 266 occupatione
919 189 1074 266 eripi.
1118 183 1407 264 EpiscOpis.
1434 195 1572 244 vero,
1617 175 1720 266 nis'i
1754 174 1811 266 ei
1853 171 2054 266 restitf-
2089 179 2134 236 Α

553 243 1048 332 iiii’Jéthizipnis
1081 243 1287 328 pinnam
1312 243 1588 332 :minatur.
1646 243 1888 332 .Man‘dqt.
1904 257 2052 332 pne:

555 313 1093 392 ié'r'éiﬁfdyiiéunmd
1137 323 1414 397 quemdam
1460 318 1680 380 moneri,
1727 323 1787 370 ut
1826 313 2056 397 illaesum

485 440 496 448 -
556 385 1160 474 dimittatqperegriuum'
1195 394 1364 448 Roma
1411 400 1746 445 reuertentem
1785 385 1850 440 ab
1877 399 1936 438 eo
1973 397 2062 436 ca-

487 535 490 539 ,
555 488 723 550 ptum.

558 601 866 656 GBEGORIUS
897 593 1204 664 episc0pus.
1249 601 1440 643 servus
1479 596 1763 639 servorum
1805 578 1920 644 Dei,
1947 575 2064 632 ΜΑ-

487 706 664 748 ιυεεαε
699 683 1014 750 Rhemensi,
1066 680 1330 736 RICIIERIO
1365 671 1689 748 [RAClllllilO]
1737 667 2062 734 Senonensi,

486 786 777 841 Ricunno‘
827 775 1150 833 Bituricensi
1209 768 1655 840 archiepiscopis,
1714 775 1770 820 et
1808 765 2066 818 Ablule

488 874 746 944 episcopo
777 860 1468 930 Carnotensi,vca:terisque
1503 853 1776 926 episcopis
1799 850 2066 915 Francia,

489 967 722 1023 salutem
745 971 800 1019 et
835 959 1199 1032 apostolicam
1235 953 1688 1010 benedictionem.

562 1056 749 1126 Longa
777 1053 893 1124 jam
937 1059 1244 1120 temporum
1289 1044 1565 1101 curricula
1595 1049 1876 1098 transacta
1917 1047 2068 1104 sunt,

489 1173 558 1214 ex
586 1169 700 1228 quo
736 1166 964 1223 regnum
994 1146 1262 1212 Francize,
1298 1143 1428 1200 olim
1473 1139 1744 1196 famosum
1778 1153 1844 1192 ac
1874 1143 2072 1206 poten-

493 1247 793 1311 tissimum,
820 1259 852 1298 a
885 1248 1031 1298 statu
1073 1237 1261 1310 gloria:
1293 1251 1409 1291 suae
1432 1231 1599 1304 coepit
1624 1229 1846 1294 inﬂecti,
1875 1235 1933 1282 et
1954 1239 2076 1281 sue-

493 1335 866 1396 crescentibus
910 1331 1069 1387 malis
1099 1327 1365 1392 moribus,
1397 1323 1670 1395 plerisque
1700 1315 2078 1374 virtutum.in-.

494 1432 742 1504 signibus
763 1424 1045 1485 denudari.
1074 1421 1274 1478 Verum
1300 1421 1388 1475 his
1414 1415 1752 1488 temporibus
1771 1420 1828 1468 et
1855 1411 2072 1504 culmen

1123 71 1180 126 S.
1222 62 1549 126 GREGORII
1585 58 1677 116 V11
1714 55 1914 114 PAPJE
1949 51 2233 110 OPERUM
2268 47 2449 106 PARS
2486 45 2526 102 i.
2563 77 2634 88 -η
2671 41 3094 103 REGISTRUM.

3627 39 3724 95 ’5εὸ

2164 181 2274 220 non
2302 164 2416 235 jam
2449 160 2590 217 infza
2637 161 2898 218 terminos
2928 158 3081 231 regni
3125 156 3270 230 quod
3307 162 3538 228 occupat
3577 169 3726 210 com-

2159 230 2587 330 prehendantur,
2637 253 2730 310 sed
2784 250 2852 308 ad
2907 230 3086 318 suam,
3139 237 3327 316 credo,
3357 230 3747 305 confusionem:

2158 347 2537 406 extendantur.
2593 343 2750 413 Quod
2788 343 2918 414 quia
2968 339 3236 413 judicium
3275 339 3500 412 superni
3539 338 3731 410 judicis

2159 438 2394 509 eﬁugere
2432 434 2744 490 nullatenus
2776 433 3104 489 credendum
3129 440 3232 499 est,
3265 445 3526 502 rogamus
3546 435 3735 496 νοω]

2160 543 2230 584 ex
2251 542 2381 582 vera
2420 525 2689 582 charitate
2740 539 3031 578 monemus
3079 531 3141 577 ut
3185 522 3427 578 caveatis
3471 520 3626 576 vobis
3675 533 3736 576 ne

2163 616 2480 690 prophetica
2504 631 2669 686 super
2687 629 2787 670 vos
2803 613 3114 668 maledictio
3146 613 3350 680 veniat,
3373 627 3482 683 qua
3505 610 3701 666 dicitur
3719 653 3738 668 .

2168 707 2485 764 Malediclus
2517 705 2684 762 homo
2710 707 2802 778 qui
2829 705 3066 776 prohibet
3088 704 3328 776 gladium
3367 721 3523 758 suum
3552 721 3586 758 α
3616 720 3740 758 san-

2166 800 2321 873 guine
2349 797 2481 870 (Jer.
2524 813 2720 864 xu’m,
2748 794 2834 868 10)
2872 815 2886 852 :
2923 795 3029 851 hoc
3049 804 3153 863 est,
3183 795 3326 852 sicut
3355 794 3462 866 ipsi
3493 795 3633 851 bene
3665 795 3746 850 in-

2167 889 2430 962 telligitis,
2455 889 2550 958 qui
2577 887 2802 942 verbum
2831 885 3232 958 praadicationis
3255 901 3288 940 a
3313 886 3622 941 carnalium
3651 885 3747 940 ho-

2169 983 2380 1039 minum
2451 981 2649 1036 retinet
2697 980 3086 1051 increpatione.
3137 977 3248 1035 Vos
3282 979 3487 1035 etenim
3533 977 3747 1045 fratres,

2169 1073 2335 1130 etiam
2367 1072 2423 1126 in
2456 1071 2616 1142 culpa
2651 1069 2805 1137 estis,
2843 1071 2938 1142 qui
2978 1071 3112 1126 dum
3163 1069 3553 1142 perditissimis
3593 1068 3751 1126 factis

2170 1165 2290 1237 ejus
2321 1163 2646 1220 sacerdotali
2679 1163 2868 1235 vigore
2908 1178 3019 1218 non
3061 1162 3336 1231 resistitis,
3373 1162 3564 1235 procul
3589 1163 3752 1218 dubio

2171 1257 2477 1328 nequitiam
2525 1256 2673 1312 illius
2729 1255 3124 1311 consentiendo
3169 1255 3364 1310 fovetis
3414 1253 3558 1326 (Isa.
3624 1255 3752 1326 tn).

2171 1349 2425 1418 Proinde,
2462 1348 2610 1420 quod
2641 1347 2796 1403 inviti
2837 1364 2902 1404 ac
2937 1356 3216 1419 gementes
3237 1349 3494 1416 dicimus,
3529 1345 3764 1406 multum

2175 1444 2452 1511 timemus,
2480 1449 2544 1498 ut
2563 1457 2673 1498 non
2696 1449 3003 1512 pastorum,
3037 1441 3132 1498 sed
3156 1441 3626 1498 merccnariorum
3647 1458 3761 1498 sen-

493 1520 741 1586 ¹¹⁰¹¹⁰¹ίδν
771 1527 828 1573 et
863 1523 974 1607 to”
996 1513 1166 1607 {$9.135
1191 1510 1405 1607 dmi“
1429 1509 1555 1580 eius
1570 1506 1810 1607 conf“)?
2108 1541 2150 1596 B
2177 1537 2404 1594 tentiam
2428 1502 2784 1607 accipientes,
2809 1535 2925 1606 qui,
2951 1502 3198 1590 videntes
3231 1535 3421 1606 lupum
3453 1535 3560 1590 sub
3593 1533 3763 1590 oculis

491 1626 644 1678 cum,
671 1607 930 1680 neglectis
949 1603 1179 1676 legibus,
1205 1600 1463 1671 omnique
1497 1596 1816 1654 conculcata
1834 1591 2068 1677 iustitia,

490 1701 758 1775 quidquid
799 1699 1028 1766 foedum,
1077 1695 1313 1760 crudele,
1355 1691 1726 1748 miserandum
1771 1687 2072 1775 intoleran-

493 1774 734 1863 dumque
758 1798 862 1856 est,
895 1789 970 1844 ibi
993 1796 1048 1842 et
1080 1787 1302 1855 impune
1321 1783 1521 1854 agitur,
1549 1789 1605 1836 et
1639 1780 1833 1850 adepta
1853 1774 2072 1832 licentia

489 1885 686 1958 jamin
718 1881 1113 1940 consuetudine
1141 1879 1389 1934 habetur.
1442 1876 1584 1932 Ante
1625 1875 1835 1944 aliquot
1873 1885 2087 1934 annos,-

493 1985 823 2050 postquam,
857 1981 1072 2044 tepente
1099 1971 1245 2025 inter
1277 1984 1379 2025 vos
1409 1967 1559 2040 regia
1589 1973 1878 2037 potestate,
1909 1961 2076 2017 nullis

495 2069 708 2141 legibus
737 2066 995 2136 nulloque
1027 2061 1256 2134 imperio
1279 2060 1493 2131 injuriae
1521 2057 1810 2130 prohibita:
1843 2063 1972 2112 sunt
1991 2053 2076 2108 vel

494 2161 718 2234 punitze,
768 2157 976 2213 inimici
1019 2156 1161 2210 inter
1211 2151 1578 2224 se,'quodam
1627 2148 1906 2206 communi
1951 2147 2076 2218 jure

495 2257 761 2326 gentium,
787 2251 1022 2323 quisque
1063 2263 1164 2320 pro
1187 2246 1406 2302 viribus
1437 2243 1820 2309 conﬂixerunt,
1852 2242 1920 2296 ad
1956 2240 2078 2294 vin-

495 2347 758 2404 dicandas
793 2343 1025 2415 injurias
1058 2355 1188 2397 suas
1216 2353 1368 2394 arma
1402 2337 1698 2407 copiasque
1713 2340 2072 2406 paraverunt.

497 2438 708 2507 Quibus
732 2433 1169 2508 permotionibus
1195 2431 1303 2496 etsi
1325 2431 1645 2500 plerumque
1670 2426 1727 2481 in
1760 2425 1938 2498 patria
1972 2440 2080 2480 cte-

496 2531 616 2596 des,
644 2527 914 2594 incendia,
945 2534 1001 2580 et
1024 2525 1129 2581 alia
1159 2538 1284 2594 quae
1314 2521 1517 2577 bellum
1564 2519 1671 2574 fert
1703 2525 1898 2575 exorta
1942 2517 2074 2583 sint,

499 2621 794 2678 tolendum
823 2619 1040 2690 quidem
1067 2617 1130 2672 .id
1173 2614 1296 2682 fuit,
1330 2614 1426 2669 sed
1455 2628 1566 2668 non
1592 2620 1876 2682 tantopere
1897 2609 2094 2665 admi--

499 2714 752 2770 randum.
786 2711 942 2767 Nunc
964 2719 1148 2766 autem
1172 2724 1364 2764 omnes
1394 2707 1622 2772 malitia,
1645 2720 1805 2776 quasr
1839 2703 2078 2774 quodam

499 2807 822 2880 pestilentia:
857 2805 1071 2869 morbo,
1095 2801 1304 2873 repleti,
1340 2799 1612 2855 horrenda
1641 2806 1698 2852 et
1727 2797 1958 2852 multum
1984 2811 2080 2851 ex-

2175 1632 2374 1690 vestris
2396 1644 2611 1702 gregem
2634 1627 3357 1699 Dominicumblacerantem,
3395 1626 3611 1699 fugitis,
3637 1627 3773 1682 dum

2175 1725 2334 1796 quasi
2369 1737 2534 1780 canes
2579 1738 2690 1778 non
2732 1721 2980 1778 valentes
3027 1720 3231 1776 latrare
3275 1721 3380 1777 sub
3415 1721 3638 1778 silentio
3669 1736 3765 1778 vos

2177 1812 2532 1872 absconditis.
2566 1814 2744 1884 Atque
2777 1812 3032 1884 equidem
3067 1827 3136 1868 eo
3166 1811 3343 1883 magis
3370 1810 3438 1868 de
3461 1821 3650 1868 vestro
3671 1827 3764 1882 pe-

2175 1905 2352 1962 riculo
2373 1903 2692 1970 metuimus,
2719 1911 2928 1973 quanto
2953 1903 3132 1958 nullas
3158 1903 3316 1958 vobis
3348 1903 3406 1958 in
3429 1901 3622 1958 futuro
3644 1917 3766 1958 exa-

2175 1994 2325 2050 mine
2358 1991 2658 2050 excusandi
2705 1991 2950 2048 rationes
2999 1999 3290 2063 suppetere
3338 1991 3770 2067 cognoscimus;

2175 2086 2475 2144 dummodo
2517 2099 2630 2140 non
2679 2083 2816 2140 alias
2861 2093 3058 2140 vestrae
3109 2084 3508 2140 taciturnitatis
3556 2089 3778 2154 causas;

2180 2179 2289 2237 nisi
2337 2188 2434 2234 aut
2477 2177 2898 2244 conscientiam,
2927 2177 2975 2232 si
3011 2186 3216 2244 vestro,
3263 2178 3410 2248 quod
3447 2191 3559 2232 non
3606 2177 3777 2232 credi-

2177 2286 2322 2336 mus,
2357 2269 2621 2326 instinctu
2640 2275 2727 2322 tot
2747 2268 2890 2323 mala
2911 2275 3210 2339 perpetrat,
3246 2275 3341 2322 aut
3363 2268 3774 2338 negligentiam,

2177 2361 2224 2417 si
2273 2361 2340 2417 de
2381 2360 2503 2431 ejus
2549 2359 2856 2430 perditione
2879 2375 3078 2430 parum
3107 2359 3338 2426 curatis,
3373 2359 3780 2430 deprehendere

2176 2468 2490 2524 possumus.
2517 2450 2653 2518 Quae
2683 2461 2916 2523 utraque
2937 2460 3108 2523 quam
3135 2451 3248 2507 sint
3280 2450 3563 2523 fugienda,-
3600 2452 3786 2506 maxi-r

2180 2564 2268 2604 me
2309 2548 2367 2603 in
2417 2545 2596 2602 ofﬁcio
2634 2546 2792 2602 vobis
2825 2544 3138 2601 commissae
3183 2543 3642 2616 dispensationis,
3683 2557 3790 2600 vos

2179 2639 2287 2710 ipsi
2311 2636 2669 2710 perpenditis,
2709 2635 2806 2706 qui
2839 2633 3079 2692 debitam
3110 2633 3404 2706 pastoralis
3435 2634 3784 2690 cut-aesoni-

2181 2731 2481 2787 citudinem
2509 2743 2618 2784 non
2651 2727 2938 2801 ignoratis.
2985 2725 3124 2782 Nam
3164 2726 3212 2782 si
3251 2725 3548 2796 prohibere
3591 2739 3720 2782 eum
3750 2737 3792 2780 a-

2181 2823 2396 2881 delictis
2425 2829 2624 2878 contra
2677 2820 2770 2891 jus
2815 2827 2871 2874 et
2915 2817 3277 2874 reverentiam
3333 2818 3626 2888 promissa:
3677 2813 3786 2872 sibi

500 2899 762 2957 secranda
833 2897 1077 2954 facinora
1150 2893 1429 2950 multoties
1478 2891 1698 2948 nemine
1769 2889 2079 2962 impellente
2106 2920 2154 2984 Ο
2183 2915 2459 2974 “delitam
2483 2928 2606 2970 esse
2641 2889 2866 2983 mimis,
2891 2910 3052 2982 longe
3069 2924 3172 2966 vos
3197 2907 3337 2965 mm
3355 2907 3552 2979 opinio
3585 2927 3601 2962 ε
3638 2914 3790 2980 φο..

499 2993 894 3049 committunt:
941 2989 1077 3044 nihil
1124 2987 1372 3055 humani,
1421 2985 1664 3058 nihilque
1697 2983 1869 3040 divini
1903 2991 2080 3038 atten-

501 3085 680 3142 dunt:
735 3081 998 3153 periuria,
1059 3079 1364 3151 sacrilegia,
1421 3078 1688 3134 incestum
1745 3084 2079 3146 perpetrare,

498 3193 628 3236 sese
658 3175 896 3235 invicem
929 3173 1144 3230 tradere
1185 3187 1282 3242 pro
1325 3170 1496 3224 nihilo
1539 3169 1766 3232 ducunt,
1817 3174 1892 3232 et,
1935 3163 2082 3235 quod

502 3283 778 3339 nusquam
829 3275 1096 3320 terrarum
1149 3272 1252 3327 est,
1299 3262 1464 3326 cives,
1517 3258 1830 3329 propinqui,
1886 3255 2086 3312 fratres

505 3361 672 3416 etiam
715 3359 809 3414 alii
853 3357 990 3412 alios
1045 3364 1269 3426 propter
1317 3354 1667 3424 cupiditatem
1721 3352 1962 3422 capiunt,
2009 3359 2084 3417 et,

507 3451 699 3507 omnia
745 3451 888 3506 bona
921 3463 1114 3504 eorum
1147 3447 1217 3502 ab
1250 3447 1356 3510 illis
1389 3453 1795 3516 extorquentes,
1825 3444 1990 3499 vitam
2031 3444 2087 3498 in

500 3553 756 3599 extrema
803 3543 1025 3600 miseria
1059 3541 1218 3596 ﬁnire
1254 3540 1478 3598 faciunt.
1509 3539 1832 3611 Peregrinos
1859 3537 1928 3593 ad
1957 3549 2093 3608 apo-'

501 3637 776 3693 Istolorum
804 3636 991 3691 limina
1015 3643 1208 3690 euntes
1233 3643 1288 3690 et
1317 3635 1626 3699 redeuntes,
1659 3633 1737 3687 uti
1765 3633 1961 3704 cuique
1993 3648 2091 3703 op-

504 3737 809 3798 portunum
873 3728 955 3793 ﬁt,
1013 3726 1292 3797 capientes
1351 3726 1408 3779 in
1463 3741 1708 3782 carceres
1761 3725 2006 3790 trudunt,
2038 3732 2093 3778 et

510 3818 819 3875 acrioribus
843 3835 1007 3890 quam
1033 3833 1278 3889 paganus
1300 3816 1500 3888 aliquis
1524 3831 1620 3871 eos
1649 3815 1940 3872 tormentis
1979 3813 2094 3870 aﬁi—

513 3911 741 3977 cientes,
767 3925 908 3982 saape
930 3911 1000 3966 ah
1024 3911 1132 3966 illis
1165 3911 1453 3980 plusquam
1486 3909 1721 3964 habeant
1755 3923 1854 3979 pro
1877 3909 2094 3965 redem-J

512 4005 698 4076 ptione
719 4005 961 4076 exigunt.
991 4004 1236 4072 Quarum
1267 4017 1450 4058 rerum
1494 4018 1590 4058 rex
1631 4010 1830 4068 vester,
1855 4002 1949 4072 qui
1984 4015 2094 4056 non

499 4111 612 4156 rex
633 4095 730 4151 sed
776 4103 1043 4168 tyrannus
1091 4095 1356 4151 dicendus
1397 4101 1499 4160 est,
1545 4095 1806 4150 suadente
1857 4093 2096 4158 diabolo,»

499 4193 681 4256 caput
704 4193 760 4239 et
788 4200 955 4240 causa
981 4192 1098 4251 est,
1129 4184 1222 4254 qui
1264 4198 1484 4238 omnem
1517 4191 1733 4239 aetatem
1769 4199 1924 4238 suam
1954 4182 2102 4253 ﬂagi-

496 4279 611 4334 tiis
630 4287 688 4334 et
717 4276 1056 4334 facinoribus
1081 4276 1296 4346 polluit,
1331 4283 1384 4330 et
1423 4285 1676 4346 suscepta
1713 4276 1865 4345 regni
1901 4275 2100 4344 guber-
2131 4277 2176 4331 D

517 4369 716 4426 nacula
743 4369 910 4424 miser
937 4376 994 4422 et
1026 4365 1214 4422 infelix
1251 4364 1514 4420 inutiliter
1547 4381 1762 4435 gerens,
1790 4365 2097 4436 subjectum

520 4461 625 4516 sibi
651 4460 918 4530 populum
939 4473 1050 4514 non
1069 4458 1248 4514 solum
1269 4456 1435 4512 nimis
1470 4457 1650 4513 soluto
1671 4457 1740 4512 ad
1767 4458 1972 4513 scelera
1994 4456 2100 4512 im—

500 4553 676 4623 .perio
705 4552 988 4618 relaxavit,
1023 4550 1215 4614 sedad
1235 4548 1418 4603 omnia
1447 4562 1570 4619 qua:
1593 4547 1700 4604 dici
1730 4557 1786 4603 et
1815 4548 1902 4620 agi
1947 4546 2100 4603 nefas

523 4652 630 4710 est,
657 4657 885 4712 operum
913 4653 971 4699 et
992 4643 1299 4700 studiorum
1333 4652 1562 4697 suorum
1604 4638 1867 4712 exemplis
1910 4639 2104 4695 incita-

524 4734 622 4788 vit.
656 4731 767 4788 Nec
795 4733 931 4790 satis
951 4734 1134 4790 visum
1155 4741 1241 4788 est
1269 4733 1320 4788 ei
1348 4733 1690 4804 dispersione
1713 4731 2100 4796 Eeclesiarum,

505 4827 584 4886 uin
619 4825 920 4891 adulteriis,
945 4825 1001 4880 in
1032 4826 1238 4896 rapinis
1259 4823 1688 4891 nefandissimis,
1736 4824 1792 4878 in
1822 4823 2100 4894 perjuriis,

527 4929 583 4975 et
604 4918 660 4973 in
684 4916 1008 4972 multimoda
1041 4915 1251 4985 fraude,
1287 4917 1429 4974 unde
1459 4933 1602 4988 saepe
1645 4931 1770 4972 eum
1817 4917 2100 4988 redargui-

529 5028 674 5077 mus,
701 5009 841 5064 iram
872 5007 967 5063 Dei
1001 5008 1294 5074 meruisse;
1323 5009 1457 5080 quin
1487 5009 1650 5064 etiam
1686 5009 2103 5073 mercatoribus,

530 5102 628 5173 qui
652 5101 722 5156 de
751 5097 938 5176 multis
965 5105 1231 5153 terrarum
1261 5099 1507 5167 partibus
1529 5099 1594 5154 ad
1622 5098 1802 5154 forum
1828 5097 2104 5170 quoddam

531 5196 589 5250 in
617 5191 848 5249 Francia
883 5204 1056 5259 nuper
1076 5201 1458 5258 convenerant,
1499 5193 1648 5262 quod
1682 5201 1808 5248 ante
1833 5193 1978 5247 hunc
2021 5205 2107 5245 re-

533 5303 656 5348 gem
709 5283 916 5340 factum
947 5279 1116 5336 fuisse
1157 5295 1258 5334 nec
1305 5282 1360 5336 in
1413 5283 1611 5342 fabulis
1668 5286 1923 5348 refertur,
1955 5298 2108 5340 more

2179 3008 2328 3064 aiam
2355 3007 2460 3062 hoc
2493 3003 2645 3060 omni
2667 3003 2881 3058 ratione
2905 3001 3238 3057 conﬁrmare
3273 3015 3581 3071 possumus
3603 3000 3792 3056 multo

2179 3100 2481 3156 ﬁdeliorem
2523 3109 2645 3152 esse
2680 3094 2776 3164 qui
2811 3093 2982 3163 alium
3009 3093 3078 3148 de
3109 3090 3403 3164 naufragio
3431 3091 3640 3147 animo:
3666 3106 3792 3148 sua.l

2181 3195 2266 3251 vel
2286 3193 2517 3248 invitum
2549 3187 2798 3254 retrahit,
2842 3203 3009 3258 quam
3035 3185 3134 3257 qui
3173 3187 3231 3242 in
3269 3192 3640 3256 peccatorum
3655 3199 3786 3256 gur-

2183 3287 2290 3362 gite
2334 3285 2531 3342 nocivo
2586 3296 2860 3338 consensu
2903 3296 3031 3336 eum
3073 3278 3322 3350 deperire
3375 3279 3668 3349 permittit.
3707 3275 3788 3331 De

2183 3382 2380 3437 timore
2405 3393 2534 3434 vero
2579 3388 2784 3430 vanum
2815 3380 2901 3429 est
2947 3373 3158 3436 dicere;
3213 3369 3478 3441 quoniam
3524 3369 3688 3424 vobis
3719 3368 3787 3425 ad

2185 3467 2578 3529 defendendam
2610 3465 2884 3537 justitiam
2919 3462 3234 3534 conjunctis
3267 3469 3324 3516 et
3350 3469 3677 3518 constanter
3699 3476 3790 3516 ae-

2187 3559 2383 3618 cinctis
2417 3565 2570 3613 tanta
2616 3556 2790 3610 virtus
2823 3553 2987 3620 foret,
3035 3560 3098 3608 ut
3125 3560 3186 3608 et
3221 3552 3374 3607 illum
3421 3551 3572 3608 ﬁdeli
3607 3566 3791 3608 corre-

2188 3653 2370 3710 ctione
2415 3651 2532 3706 sine
2563 3646 2715 3704 omni
2745 3653 2930 3701 vestro
2964 3643 3210 3716 periculo
3249 3659 3282 3698 a
3311 3650 3582 3699 consueta
3603 3643 3789 3700 male-

2191 3743 2426 3802 faciendi
2461 3738 2690 3796 libidine
2728 3737 2965 3808 possetis
2999 3743 3265 3802 avertere,
3291 3743 3350 3790 et
3379 3743 3600 3791 vestras
3646 3733 3794 3806 pari-

2191 3846 2276 3893 ter
2308 3835 2522 3890 animas
2551 3831 2782 3887 liberare
2809 3847 2822 3882 :
2860 3841 3178 3899 quanquam
3207 3827 3313 3883 etsi
3357 3827 3527 3882 timor
3555 3842 3623 3882 ac
3651 3825 3794 3897 peri:

2194 3930 2378 3987 culum
2425 3923 2621 3980 mortis
2663 3921 3000 3986 immineret,
3051 3935 3152 3974 vos
3207 3927 3393 3974 tamen
3449 3935 3481 3973 a
3537 3919 3794 3974 libertate

2195 4017 2364 4076 vestri
2414 4012 2768 4072 sacerdotalis
2817 4011 2978 4067 ofﬁcii
3031 4010 3297 4067 desistere
3345 4023 3456 4065 non
3487 4013 3792 4080 oporteret:

2199 4104 2354 4163 Unde
2381 4121 2640 4177 rogamus
2657 4119 2778 4172 vos,
2819 4111 2876 4159 et
2903 4103 3204 4174 apostolica
3247 4101 3578 4158 auctoritate
3606 4117 3798 4158 mone-

2202 4215 2326 4255 mus
2369 4207 2449 4265 ut,
2493 4198 2550 4252 in
2597 4211 2770 4251 unum
2803 4193 3144 4266 congregati,
3170 4193 3381 4264 patriae,
3410 4191 3574 4249 fam
3597 4201 3796 4251 vestrae

2201 4298 2366 4360 atque
2397 4287 2562 4345 saluti
2613 4285 2935 4352 consulatis,
2983 4293 3061 4352 et,
3111 4284 3393 4340 communi
3440 4283 3684 4340 consilio
3733 4299 3794 4341 ac

2203 4381 2670 4456 coniunctissimis
2719 4379 2918 4435 animis
2966 4393 3147 4449 regem
3179 4378 3544 4448 alloquentes,
3581 4378 3655 4435 de
3699 4383 3792 4434 sua

2204 4491 2331 4532 eum
2357 4481 2415 4530 et
2441 4471 2595 4543 regni
2624 4467 2948 4525 confusione
2975 4475 3144 4538 atque
3173 4466 3418 4537 periculo
3441 4481 3798 4522 commouea-

2205 4568 2296 4634 tis,
2319 4575 2375 4622 et
2403 4579 2570 4636 quam
2595 4561 2894 4618 criminosa
2929 4560 3043 4616 sint
3069 4559 3192 4630 ejus
3217 4559 3362 4616 facta
3406 4568 3576 4630 atque
3609 4560 3798 4616 consi-

2203 4659 2278 4714 lia
2307 4659 2361 4713 in
2393 4656 2587 4712 faciem
2611 4654 2661 4709 ei
2690 4652 3059 4720 ostendentes,
3087 4652 3237 4707 omni
3259 4651 3647 4707 exhortatione
3671 4665 3796 4708 eum

2205 4750 2420 4806 ﬂectere
2451 4744 2742 4810 studentis;
2789 4753 3062 4814 quatenus
3108 4743 3358 4813 rapinam
3407 4743 3796 4814 suprascriptis

2209 4839 2635 4912 negotiatoribus
2685 4835 2886 4894 factam
2931 4836 3220 4892 emendet:
3259 4852 3382 4907 quae
3426 4836 3536 4891 nisi

2207 4930 2372 4986 fuerit
2402 4929 2566 5001 (sicut
2590 4943 2688 4982 vos
2723 4927 2826 4997 ipsi
2859 4927 3057 5000 scitis),
3089 4927 3360 4982 inﬁnitam
3386 4927 3723 4983 discordiam
3743 4935 3796 4982 et

2210 5018 2528 5076 inimicitias
2559 5018 2700 5075 inter
2727 5018 2933 5074 multos
2980 5017 3174 5088 pariet.
3225 5015 3302 5072 De
3355 5025 3557 5072 caetero
3601 5017 3793 5072 delicta

2211 5129 2311 5168 sua
2351 5112 2616 5182 corrigat,
2665 5119 2748 5178 et,
2781 5109 2989 5166 relictis
3022 5109 3328 5179 iuventutis
3356 5125 3478 5164 suae
3523 5110 3791 5172 moribus.

2215 5203 2456 5258 attritam
2506 5202 2657 5274 regni
2701 5200 2787 5256 sui
2839 5199 3258 5272 dignitatemet
3301 5200 3531 5271 gloriam
3564 5197 3793 5254 tenendo

2215 5294 2480 5348 iustitiam
2515 5308 2768 5348 reparare
2808 5291 3072 5348 incipiat:
3129 5299 3204 5348 et.
3255 5299 3318 5346 ut
3361 5300 3591 5348 caeteros
3631 5290 3700 5346 ad
3735 5305 3795 5345 ea
