3982 5316
209 285 296 309 ’,δν

210 316 246 343 αι
256 312 298 341 δι)

1272 270 1474 329 LIBER
1515 271 1901 329 SECUNDUS.
1943 271 2256 328 -—EPIST.
2298 271 2385 326 Vl.

3345 268 3447 325 3(‘6

204 413 336 458 suam
364 404 415 453 et
449 392 628 470 pepuli
675 394 927 462 salutem,
966 387 1025 447 in
1068 388 1272 447 duritia
1303 386 1485 445 cordis
1513 388 1600 443 sui
1631 403 1756 459 pcr-
1784 390 1830 446 Α
1855 385 1943 441 60.
1984 384 2052 440 fu
2087 384 2224 440 Μαι.
2258 370 2444 440 nomen
2469 382 2668 456 deest.]
2691 382 2954 455 Pragensi
2977 380 3274 454 episcopo,
3296 382 3445 454 quo)

203 489 394 556 stiterit,
428 485 734 559 apostolica:
758 479 1255 540 animadversionis
1283 478 1524 550 gladium
1553 493 1758 547 nequa-

201 597 342 656 quam
366 596 487 637 eum
514 578 716 634 diutius
753 574 989 645 effugere
1018 586 1186 643 posse
1219 570 1377 641 quasi
1419 584 1487 623 ex
1513 584 1608 623 ore
1652 586 1757 624 no-

199 683 296 732 stro
320 671 416 729 sibi
443 668 729 725 notificate.
758 665 988 736 PrOpter
1014 663 1163 734 quod
1206 670 1261 715 et
1294 675 1413 726 vos,
1458 659 1758 731 apostolica

198 767 490 823 auctoritate
524 758 839 818 commoniti
873 767 1040 828 atque
1069 754 1385 819 constricti,
1411 763 1640 808 matrem
1664 769 1759 808 ve-

197 870 342 915 stram
372 862 616 910 sanctam
647 850 955 905 Romanam
987 856 1042 903 et
1061 844 1423 918 apostolicam
1455 842 1757 899 Ecclesium

196 947 352 1003 debita
409 935 625 999 ﬁde'et
666 940 977 996 obedientia
1022 936 1335 1004 imitemini,
1396 943 1470 1002 et,
1522 934 1592 989 ab
1637 935 1758 1005 ejus

194 1054 276 1094 vos
316 1034 577 1106 obsequio
608 1041 772 1105 atque
808 1029 1201 1088 communione
1237 1026 1459 1099 penitus
1491 1041 1757 1097 separan-

194 1139 279 1194 tes,
302 1143 391 1198 per
418 1126 728 1181 universam
755 1122 1044 1177 Fraueiam
1071 1135 1233 1176 omne
1247 1117 1493 1175 divinum
1519 1114 1757 1171 oﬁicium

193 1222 378 1293 publice
425 1215 691 1272 celebrari
743 1214 1069 1269 iuterdieite.
1118 1210 1274 1278 Quod
1322 1209 1369 1264 si
1415 1224 1514 1262 nec
1562 1206 1758 1277 hujus-

193 1312 317 1368 modi
367 1309 709 1366 districtione
755 1305 992 1359 voluerit
1038 1303 1381 1372 resipiscere,
1439 1300 1571 1354 nulli
1617 1300 1758 1355 clam

191 1413 271 1460 aut
297 1403 514 1458 dubium
544 1415 671 1455 esse
709 1398 967 1453 volumus
999 1395 1131 1467 quin
1166 1394 1345 1448 modis
1377 1393 1635 1448 omnibus
1668 1408 1759 1446 rc-

198 1512 341 1570 gnum
364 1491 710 1548 Francize'de
732 1491 852 1561 ejus
882 1487 1272 1558 occupatione,
1298 1485 1589 1556 adjuvantc
1625 1481 1758 1548 Deo,

192 1595 435 1642 tentcmus
460 1582 699 1655 eripere.
726 1576 873 1636 Sane
896 1579 942 1635 si
980 1579 1035 1633 in
1069 1580 1175 1633 hoc
1212 1585 1364 1632 tanto
1392 1583 1616 1645 tamque
1660 1589 1758 1628 ne-

192 1680 403 1736 cessario
432 1676 654 1749 negotio
682 1674 894 1745 tepidos
923 1687 1023 1726 vos
1049 1668 1491 1742 cognoverimus,
1516 1681 1624 1720 non
1643 1666 1760 1736 jam

191 1775 395 1846 amplius
420 1771 741 1828 dubitantes
771 1767 903 1838 quin
934 1774 1115 1820 vestra
1152 1763 1349 1819 ﬁducia
1380 1760 1551 1815 fultus
1574 1760 1757 1815 incor—

192 1865 361 1936 rigibili
388 1864 677 1934 perduret,
701 1875 804 1915 vos
826 1859 976 1929 ipsos
1013 1857 1158 1912 sicut
1188 1854 1370 1910 socios
1392 1861 1447 1909 et
1466 1851 1761 1923 complices

194 1958 427 2013 scelerum
450 1955 602 2025 ejus,
627 1950 923 2023 episcopali
957 1949 1202 2020 privatos
1230 1945 1408 2002 ollicio
1435 1943 1554 2015 pari
1578 1943 1760 1999 vindi-

194 2048 475 2119 ctejaculo
523 2045 815 2100 feriemus.
854 2041 1036 2096 Testis
1079 2039 1227 2095 enim
1270 2036 1430 2092 nobis
1480 2042 1565 2091 est
1591 2034 1758 2099 Deus,

192 2149 239 2197 et
275 2140 483 2213 propria
529 2136 900 2200 conscientia,
934 2133 1083 2205 quod
1133 2132 1251 2187 haec
1282 2144 1459 2201 neque
1507 2127 1763 2199 precibus

194 2248 340 2305 neque
367 2232 547 2304 pretio
565 2230 809 2301 alicujus
835 2227 983 2283 ducti
1018 2225 1274 2288 dicimus,
1304 2238 1404 2277 nec
1436 2220 1489 2276 in
1515 2221 1760 2275 animum

194 2326 513 2394 indusimus;
551 2324 655 2381 sed
690 2324 810 2379 solo
838 2322 1030 2377 dolore
1057 2319 1191 2375 tacti
1231 2316 1586 2382 intrinsecus,
1616 2315 1763 2386 quod

196 2431 285 2476 tam
313 2420 484 2475 nobile
513 2432 774 2491 regnum,
798 2422 853 2470 et
880 2423 993 2471 tam
1028 2412 1278 2468 inﬁnitus
1300 2409 1630 2482 populorum
1663 2423 1765 2461 nu-

199 2530 353 2569 merus
383 2514 550 2569 unius
582 2505 949 2584 perditissimi
999 2505 1241 2561 hominis
1286 2503 1446 2573 culpa
1486 2502 1767 2572 depereat,

198 2606 393 2661 tacendo
418 2603 773 2660 dissimulare
826 2616 928 2655 nec
976 2612 1276 2669 possumus
1331 2610 1432 2650 nec
1479 2592 1762 2648 debemus.

197 2692 427 2750 leuiores
458 2693 636 2766 igitur
686 2691 835 2746 illius
876 2688 1074 2745 divina:
1118 2688 1248 2743 dicti
1286 2684 1581 2757 Sapientia:
1617 2703 1629 2737 :
1660 2683 1765 2750 Qui

197 2786 319 2840 timet
338 2782 756 2851 hautinechiw
777 2788 1004 2844 corruet,
1029 2788 1078 2833 et
1114 2778 1205 2849 qui
1234 2785 1411 2847 sperat
1436 2774 1489 2828 in
1513 2772 1764 2839 Domino,

198 2876 518 2930 sublevabitur
551 2873 744 2948 (Prae.
801 2872 955 2942 uix)
989 2890 1001 2925 :
1054 2870 1127 2925 ita
1160 2869 1323 2939 agite,
1362 2868 1437 2921 ita
1470 2882 1568 2921 vos
1592 2865 1766 2919 habe-

198 2976 305 3035 tote,
332 2977 384 3023 ut
412 2961 582 3040 quam
612 2967 692 3022 sit
724 2965 882 3020 vobis
909 2962 1083 3019 libera
1109 2978 1266 3017 mens
1291 2969 1345 3015 et
1365 2960 1551 3030 lingua
1584 2966 1769 3013 osten—

1861 493 1970 533 non
1994 485 2255 545 meretur,
2288 477 2519 532 salutem
2540 484 2596 531 et
2619 476 2974 548 apostolicam
2995 475 3447 531 benedictionem.

1932 601 2253 657 Venientem
2290 610 2343 657 te
2384 603 2491 657 hoc
2519 616 2665 656 anno
2703 599 2818 673 [ad]
2846 600 3203 670 apostolicam
3241 599 3448 667 sedem,

1860 692 2160 762 apostolica
2198 701 2413 747 utentes
2464 692 2901 757 mansuetudine,
2944 692 3118 746 multo
3161 692 3452 762 benignius

1860 786 2144 854 multoque
2202 784 2392 840 mitius
2441 800 2607 855 quam
2663 784 2806 839 facta
2851 793 2943 838 tua
2993 765 3359 849 mererentur,
3400 791 3450 837 te

1861 875 2205 944 suscepimus
2254 882 2418 945 atque
2466 875 2867 930 tractavimus:
2918 874 3012 930 sed
3056 882 3114 928 tu
3156 887 3310 929 more
3355 880 3451 928 tuo

1861 966 2065 1020 malum
2094 980 2193 1037 pro
2219 966 2367 1021 bono
2396 965 2649 1029 reddens,
2682 973 2992 1035 contempta
3037 972 3228 1019 nostra
3262 963 3449 1018 chari-

1864 1064 1970 1111 tate
2005 1069 2060 1112 et
2110 1057 2409 1127 apostolica
2462 1056 2808 1122 auctoritate,
2852 1064 3046 1112 contra
3099 1056 3450 1111 interdictum

1862 1160 2133 1217 nostrum,
2167 1148 2236 1205 de
2268 1150 2427 1205 bonis
2453 1157 2509 1204 et
2538 1136 2702 1204 rebus
2722 1149 2882 1204 unde
2922 1148 3066 1204 inter
3100 1156 3153 1204 te
3177 1157 3233 1203 et
3276 1147 3449 1202 Joan-

1861 1256 1986 1296 nem
2020 1242 2338 1312 episcopum
2375 1241 2750 1295 Moravensem
2801 1240 2869 1296 lis
2909 1249 3012 1304 est,
3068 1249 3123 1294 te
3172 1240 3449 1296 intromit-

1861 1338 1977 1388 tere
2004 1348 2175 1389 ausus
2208 1349 2269 1388 es
2296 1348 2310 1388 :
2349 1343 2403 1388 et
2432 1334 2601 1404 (quod
2642 1333 2799 1387 valde
2834 1332 2994 1389 nobis
3024 1332 3314 1387 molestum
3345 1334 3451 1402 est)

1863 1432 2051 1480 nostra
2075 1430 2430 1480 concessione
2476 1434 2528 1480 te
2577 1424 2631 1479 id
2675 1422 2872 1479 fecisse
2925 1424 3186 1479 mentitus
3225 1439 3304 1478 es.
3341 1421 3454 1477 Nos

1862 1518 2114 1589 equidem
2170 1518 2524 1574 meminimus
2574 1517 2655 1573 sic
2687 1517 3014 1583 decrevisse,
3066 1523 3128 1571 ut
3165 1517 3455 1586 episcopus

1863 1608 2203 1664 Moravensis
2238 1617 2463 1673 terram,
2493 1616 2547 1663 et
2580 1608 2685 1663 alia
2725 1608 2792 1663 de
2824 1608 3027 1678 quibus
3055 1608 3198 1662 inter
3227 1622 3327 1663 vos
3349 1607 3459 1662 dis-

1864 1701 2050 1756 cordia
2079 1709 2217 1767 erat,
2255 1716 2433 1771 usque
2466 1700 2533 1755 ad
2572 1698 2816 1754 futuram
2845 1700 3118 1771 synodum
3142 1716 3269 1755 cum
3303 1701 3456 1755 omni

1863 1809 1999 1863 pace
2021 1800 2076 1847 et
2110 1793 2293 1863 quiete
2326 1800 2512 1848 tenere
2534 1792 2776 1847 deberet.
2808 1791 2922 1847 Hoc
2952 1793 3006 1846 in
3035 1792 3230 1848 litteris
3252 1794 3457 1847 nostris

1864 1884 2020 1939 fratri
2050 1893 2146 1939 tuo
2181 1884 2309 1939 duci
2355 1898 2613 1954 expresse
2645 1884 3101 1956 signiﬁcavimus.
3149 1882 3263 1939 Hoc
3306 1892 3363 1939 tu
3396 1891 3458 1937 ut

1864 1977 2178 2032 nullatenus
2224 1975 2538 2047 impedires,
2587 1975 2644 2030 in
2676 1991 2901 2031 manum
2950 1984 3196 2032 nostram
3228 1977 3458 2047 promit-

1865 2067 2027 2122 tendo
2065 2065 2339 2121 ﬁrmasti:
2384 2067 2481 2122 sed
2527 2074 2589 2121 ut
2635 2069 2864 2123 verbum
2907 2068 3035 2123 inde
3092 2076 3456 2133 mutaremus,

1864 2158 1990 2223 hoc,
2027 2173 2155 2213 cum
2194 2158 2430 2212 multum
2470 2157 2728 2224 instares,
2772 2172 2951 2228 neque
2991 2158 3249 2228 precibus
3281 2172 3463 2228 neque

1865 2250 2041 2321 pretio
2087 2250 2385 2320 impetrare
2452 2250 2701 2320 potuisti.
2763 2248 2937 2305 Porro
3006 2250 3062 2304 in
3119 2250 3458 2313 novissimis,

1865 2342 2023 2414 quasi
2074 2342 2345 2413 quasdam
2392 2356 2575 2397 novas.
2613 2341 2871 2412 querelas
2920 2357 3085 2412 super
3142 2340 3311 2396 fratre
3364 2347 3463 2395 tuo

1867 2433 2163 2490 Wratislao
2219 2433 2358 2489 duce
2406 2432 2556 2503 quod
2604 2431 2981 2488 fraudulenter
3038 2433 3460 2499 concludantur,

1868 2525 1962 2582 sed
1995 2525 2182 2579 orbem
2216 2532 2489 2579 terrarum
2518 2522 2587 2578 ad
2619 2522 2953 2579 discordiam
2995 2524 3293 2579 multarum
3326 2536 3461 2594 gen-

1867 2617 2004 2673 tium
2029 2625 2085 2672 et
2106 2625 2157 2672 te
2193 2615 2390 2672 fecisse
2426 2629 2574 2671 nunc
2607 2615 2995 2686 cognovimus;
3029 2631 3286 2672 asserens
3305 2616 3461 2671 vidc-

1868 2709 1995 2766 licet
2014 2710 2083 2765 de
2105 2709 2344 2780 quodam
2381 2716 2565 2763 castro
2597 2706 2774 2763 sancti
2806 2705 3027 2762 Venzlai
3072 2716 3126 2762 et
3150 2708 3217 2763 de
3251 2722 3464 2778 praepo-

1868 2802 2042 2857 situra
2063 2799 2332 2870 justitiam
2361 2807 2511 2854 tuam
2541 2798 2639 2853 tibi
2665 2797 3063 2861 contradicere.
3099 2797 3212 2853 Hoc
3248 2805 3463 2852 tantum

1868 2894 2120 2961 etl‘ecisti,
2174 2902 2235 2948 ut
2287 2908 2415 2949 eum
2474 2892 2531 2947 in
2580 2891 2810 2961 epistola
2867 2900 3057 2946 nostra
3113 2905 3464 2945 moneremus

1869 2996 2160 3059 quatenus,
2194 2985 2241 3041 si
2284 3001 2341 3040 se
2392 2984 2650 3054 iujuriam
2696 2983 2794 3038 tibi
2839 2981 3036 3037 fecisse
3085 2996 3385 3051 cognosch
3421 2990 3461 3045 t,

197 3060 357 3116 datis:
403 3077 503 3116 nec
547 3062 815 3115 timentes
864 3056 1143 3153 hominem
1190 3052 1523 3153 inﬁrmitatis
1572 3059 1769 3153 vestrm
1792 3091 1837 3147 C
1871 3052 1972 3153 6m
2005 3052 2219 3145 “om”,
2268 3080 2380 3133 imo
2426 3052 2615 3132 a'more
2670 3075 2788 3143 Dei,
2840 3076 2988 3146 quod
3037 3090 3257 3145 aluum
3295 3084 3461 3140 essu,

196 3155 381 3209 ruinam
414 3153 735 3226 patiamini,
787 3151 883 3207 sed
928 3147 1222 3205 confortati
1264 3146 1321 3201 in
1353 3143 1588 3200 Domino
1618 3151 1672 3196 et
1710 3141 1764 3195 in

198 3247 404 3315 potentia
436 3247 669 3302 virtutis
710 3244 850 3315 ejus,
885 3242 1028 3299 sicut
1052 3239 1264 3297 strenui
1309 3239 1510 3294 milites
1538 3235 1765 3299 Christi,

198 3346 250 3400 ad
271 3344 643 3400 celsitudinem
682 3337 968 3411 przescntis
1002 3344 1057 3391 et
1080 3333 1277 3390 futurae
1302 3332 1488 3403 glorim
1514 3328 1765 3385 subleve-

198 3437 324 3491 miui.
376 3434 651 3490 Pneterea
716 3430 949 3484 multum
1002 3441 1264 3497 rogamus
1308 3433 1363 3479 et
1407 3422 1768 3478 admonemus

197 3527 507 3582 dilectionem
544 3528 796 3578 vestram
843 3526 1136 3590 quatenus,
1184 3513 1539 3570 Lanzelinum
1575 3510 1767 3565 Belva-

196 3632 383 3673 censent
410 3615 646 3671 militem
680 3611 1091 3674 convenientes,
1128 3616 1191 3662 ut
1222 3604 1530 3660 Fumarium
1561 3602 1771 3658 Carno-

197 3716 375 3763 tenscm
422 3706 644 3761 fidelem
704 3710 977 3766 nostrum,
1033 3714 1196 3770 quem
1263 3697 1332 3751 ab
1393 3696 1769 3765 apostolorum

197 3800 446 3855 liminibus
469 3802 846 3854 revertentem
879 3793 1042 3862 cepit,
1066 3790 1205 3845 nihil
1240 3790 1306 3844 de
1339 3788 1501 3843 bonis
1536 3788 1655 3859 ejus
1678 3803 1769 3841 re-

197 3891 369 3957 tinens,
390 3892 631 3947 illaesum
687 3886 949 3951 dimittat,
1003 3901 1070 3939 ex
1120 3890 1274 3953 parte
1318 3882 1462 3936 beati
1511 3880 1679 3947 Petri,
1716 3888 1771 3935 et

194 3995 356 4039 nostra
389 3983 701 4056 apostolica
737 3980 1059 4035 auctoritate
1085 3976 1503 4032 commoneatis.
1533 3974 1689 4043 Quod
1722 3975 1770 4031 si

197 4076 347 4132 facete
395 4073 823 4146 contempserit,
879 4070 1258 4142 spiritualibus
1303 4076 1358 4124 et
1413 4067 1770 4124 szecularibus

198 4170 338 4224 armis
362 4186 488 4223 cum
518 4165 751 4237 insequi
798 4173 854 4219 et
892 4179 1088 4235 urgere
1130 4178 1239 4218 non
1284 4161 1441 4232 prius
1469 4158 1767 4229 desistatis,

198 4277 355 4331 quam,
395 4262 590 4318 relicto
626 4257 809 4315 sancti
847 4255 992 4311 Petri
1038 4250 1354 4327 peregrino,
1373 4254 1537 4310 etiam
1569 4254 1617 4310 si
1639 4252 1771 4325 quid

197 4366 277 4418 pro
318 4351 700 4422 redemptione
746 4347 891 4402 illius
921 4346 1148 4417 accepit,
1202 4353 1297 4400 aut
1337 4344 1558 4418 pepigit,
1608 4345 1772 4400 simul

199 4441 392 4496 mlderc
420 4450 517 4496 aut
541 4438 796 4496 refutare
828 4438 1054 4507 cogatis.

253 4526 374 4585 Data
401 4529 599 4587 Tiburi
648 4535 852 4598 quarto
887 4526 1015 4582 ldus
1064 4524 1423 4597 Septembris,
1477 4524 1772 4582 indictione

199 4618 380 4677 decima
420 4622 605 4678 tertia.

738 4746 1076 4804 EPISTOLA
1124 4746 1211 4804 Vl.

384 4883 448 4921 Αἰ)
503 4880 833 4920 (ΞΕΒΟᾹΙΙῙΠΙΙ
884 4880 1194 4920 PRAGENSEI
1243 4881 1555 4923 Ειιιεεοιιωι.

776 4975 958 5050 (Auno
994 4974 1181 5047 1074.)

205 5096 367 5165 Argait
388 5097 451 5174 de
490 5072 1156 5174 contetttptaeuctoritate
1183 5096 1489 5174 apostolica,
1523 5098 1684 5165 sedis,
1712 5100 1776 5153 de

1870 3172 1995 3227 inde
2019 3170 2239 3227 faceret.
2268 3169 2381 3226 Hac
2419 3169 2584 3241 igitur
2614 3167 2909 3224 occasione
2943 3176 2998 3223 et
3024 3166 3092 3222 de
3117 3167 3275 3221 nobis
3302 3180 3462 3220 men-

1869 3262 2091 3318 dacium
2133 3261 2362 3327 tinxisti,
2394 3268 2450 3314 et
2485 3269 2675 3315 nostra
2709 3260 2929 3315 decreta
2960 3258 3294 3314 subvertisti.
3334 3245 3465 3324 Sed,

1868 3366 2080 3422 quaeso,
2113 3367 2225 3407 non
2256 3350 2561 3416 erubescis,
2611 3357 2708 3405 aut
2762 3364 2875 3404 non
2931 3349 3112 3415 times,
3169 3348 3316 3419 quod
3365 3362 3468 3419 pro

1872 3443 2074 3499 talibus
2100 3442 2285 3499 causis
2323 3457 2435 3497 non
2468 3442 2646 3496 solum
2678 3440 2889 3496 ordinis
2920 3440 3000 3495 tui
3036 3439 3340 3510 periculum
3365 3438 3465 3494 tibi

1870 3534 2142 3601 imminet,
2175 3534 2272 3589 sed
2315 3548 2383 3588 ex
2428 3532 2675 3588 ftaterno
2706 3532 2834 3587 odio
2879 3547 2981 3587 nec
3031 3530 3466 3587 Christianitatis

1870 3625 2092 3695 quidem
2119 3624 2177 3679 in
2209 3631 2264 3680 te
2312 3631 2569 3693 suscepta
2600 3623 2775 3694 gratia
2833 3622 3064 3679 manet?
3107 3621 3466 3692 Prmcipimus

1870 3731 2003 3788 ergo
2046 3715 2145 3771 tibi
2186 3731 2254 3770 ex
2296 3723 2451 3785 parte
2476 3714 2622 3771 beati
2652 3712 2823 3781 Petri,
2856 3721 2914 3769 et
2943 3720 3133 3768 nostra
3163 3713 3466 3783 apostolica

1870 3806 2220 3872 auctoritate,
2265 3814 2328 3860 ut
2360 3814 2605 3861 castrum
2635 3805 2785 3875 quod
2815 3814 2928 3861 tam
2974 3803 3350 3860 fraudulenter
3371 3820 3464 3860 ce-

1872 3899 2023 3969 pisti,
2048 3907 2103 3954 et
2133 3897 2238 3953 alia
2266 3898 2450 3953 omnia
2478 3913 2602 3967 quae
2632 3897 2690 3951 in
2721 3897 2815 3952 lite
2855 3905 3003 3961 sunt,
3032 3895 3259 3967 praefato
3282 3895 3468 3952 Mora-

1872 3990 2027 4045 vensi
2052 3990 2309 4061 episcopo
2335 3989 2550 4055 reddas,
2582 3999 2636 4042 et
2663 3996 2720 4042 tu
2742 3987 2811 4042 ad
2837 3986 3204 4043 dilliniendam
3239 4002 3465 4043 causam

1876 4079 2042 4148 (sicut
2071 4086 2338 4135 statutum
2372 4080 2476 4149 est)
2511 4086 2607 4132 aut
2657 4079 2775 4147 ipse
2826 4075 3058 4132 Romam
3108 4077 3317 4141 venias,
3370 4085 3465 4130 aut

1874 4168 2102 4225 idoneos
2142 4170 2353 4240 legatos
2408 4167 2635 4222 mittas:
2683 4174 2849 4237 atque
2884 4167 2996 4221 hoc
3036 4166 3108 4220 ita
3146 4165 3467 4235 tempestivo

1874 4260 2182 4318 Moravensi
2207 4260 2465 4332 episcopo
2498 4257 2769 4324 notiﬁces,
2795 4266 3064 4328 quatenus
3088 4266 3143 4312 et
3172 4257 3290 4327 ipse
3312 4256 3430 4328 pari
3446 4286 3465 4295 -

1875 4360 1959 4406 ter
1989 4367 2049 4408 se
2081 4351 2168 4407 vel
2204 4351 2415 4422 legatos
2464 4364 2598 4406 suos
2656 4348 2723 4405 ad
2773 4349 2876 4405 iter
2913 4364 3222 4419 prteparare
3266 4349 3463 4405 valeat.

1804 4441 1850 4496 D
1875 4443 2165 4511 Praeterea,
2200 4444 2343 4501 sicut
2373 4443 2533 4499 nobis
2556 4443 2789 4498 relatum
2820 4450 2926 4511 est,
2961 4458 3150 4514 pacem
3176 4458 3300 4514 qua:
3325 4442 3472 4498 inter

1876 4544 1930 4592 te
1957 4544 2011 4591 et
2039 4535 2263 4593 fratrem
2300 4544 2456 4591 tuum
2502 4535 2701 4591 «lucem
2744 4534 3020 4602 convenit,
3057 4534 3248 4590 multis
3290 4534 3470 4591 modis

1876 4628 2199 4699 perturbare
2221 4642 2335 4682 non
2367 4627 2599 4695 desinis,
2627 4628 2902 4699 praecipue
2933 4642 3062 4682 cum
3094 4643 3227 4682 suos
3262 4627 3470 4697 absque

1879 4720 2142 4776 canonica
2165 4721 2324 4791 culpa
2339 4729 2394 4775 et
2416 4720 2574 4792 legali
2591 4721 2801 4792 judicio
2821 4720 3288 4777 exeommunicas.
3314 4717 3472 4786 Quol

1879 4813 2101 4884 quidem
2149 4813 2249 4867 tibi
2302 4813 2540 4869 maxime
2583 4813 2956 4883 periculosum
3009 4822 3135 4869 est:
3190 4812 3472 4885 quoniam,

1879 4905 2024 4960 sicut
2061 4905 2253 4960 beatus
2303 4904 2603 4975 Gregorius
2654 4906 2809 4973 dicit,
2866 4908 2960 4978 qui
3023 4907 3270 4962 insontes
3320 4905 3475 4976 ligat,

1881 4997 1984 5053 sibi
2010 4997 2115 5067 ipsi
2153 5003 2481 5066 potestatem
2524 4997 2727 5067 ligandi
2754 5006 2918 5069 atque
2950 5000 3201 5056 solvendi
3224 5011 3477 5055 corrum-

1879 5090 1978 5160 pit.
2019 5087 2176 5143 Unde
2216 5096 2270 5142 te
2305 5089 2669 5145 admonemus
2716 5100 2779 5146 ut
2820 5091 3189 5150 anathematis
3240 5088 3477 5163 gladium
