3962 5348
517 186 624 242 567

1163 182 1219 236 S.
1259 177 1592 238 GREGORII
1627 177 1720 232 Vll
1756 174 1959 232 PAPJE
2000 167 2288 228 OPERUM
2323 166 2506 224 PARS
2543 166 2584 223 Ι.
2621 195 2690 230 —,-
2725 166 3148 226 REGISTRUM.

3675 168 3799 223 368

518 306 710 357 contra
757 307 830 367 te,
883 297 1028 368 quod
1095 311 1204 350 non
1261 273 1568 361 credimus,
1604 293 1966 348 intumescere
1997 288 2115 345 sine
2140 287 2187 346 Λ
2218 293 2340 338 tuos
2385 282 2567 338 divina
2602 281 2800 339 virtute
2843 281 3214 352 defendat,et,
3249 282 3579 353 suffragante
3625 283 3797 338 beato

501 385 758 446 vindicta
789 387 1120 460 permiserit,
1158 387 1316 444 nobis
1369 385 1610 441 indicare
1645 399 1752 438 non
1785 391 1838 440 te
1881 371 2060 453 pigeat
2089 399 2102 434 ε

501 472 594 546 ὀί,
627 490 918 556 p.aast.ante
945 481 1208 546 Domino,
1256 467 1423 550 hujus
1467 479 1706 550 querelae
1755 468 2103 532 occasionem

503 571 769 630 sollicitis
793 571 1256 628 admonitionibus
1287 571 1406 626 sine
1437 585 1591 624 mora
1617 568 1864 624 decidere
1904 579 2104 636 procu-

520 665 786 720 rabimus.

591 757 724 812 Data
755 756 938 811 Roma:
961 756 1176 812 decimo
1211 755 1480 811 Kalendas
1510 753 1785 820 Octobris,
1810 751 2104 808 indictione

503 849 728 902 decima
771 845 952 902 tertia.
1021 871 1026 879 -
1086 849 1091 854 ‘
1749 863 1752 868 -

1077 976 1410 1055 erasmus
1447 976 1558 1034 vn.

833 1088 898 1127 ΔΙ)
933 1087 1287 1153 ικίι.,ιτιδι..ιωι
1325 1086 1498 1125 ιιυυιςιι
1531 1083 1796 1126 ΒΟΙΙΕᾺῙΙᾹΖ.

1117 1160 1298 1242 (ᾼιιιδι)
1336 1159 1516 1229 1074.)

523 1253 562 1308 Α
571 1254 645 1325 git
669 1253 870 1325 gratias
892 1251 1030 1325 quod
1047 1269 1257 1325 censum
1281 1251 1503 1325 miserit,
1529 1261 1578 1305 ct
1597 1265 1780 1321 pacem
1803 1265 1920 1325 cum
1935 1248 2112 1325 fratre

507 1329 512 1338 '
571 1319 856 1394 'Pr'ageusi
879 1319 1121 1393 cpiswpo
1147 1322 1345 1376 inierit.
1368 1321 1560 1394 ἔΜοηςι
1598 1319 1653 1374 at
1681 1320 1891 1394 omnino
1927 1319 2110 1394 Mora;

503 1415 510 1426 ί
595 1388 737 1449 rens?
772 1388 1088 1466 episcopo]:
1140 1395 1283 1446 dicto
1332 1393 1447 1462 ejus
1501 1393 1666 1464 fratre
1718 1390 1900 1444 allata
1957 1388 2112 1442 resti-

501 1513 508 1520 .
553 1513 560 1520 .
596 1465 792 1526 tuenda
829 1475 996 1524 curet.

501 1595 514 1604 ο
597 1577 908 1634 Gascomcs
929 1579 1240 1648 cpiscopus,
1266 1593 1458 1634 servus
1489 1567 1772 1632 servorum
1805 1575 1920 1642 Dei,
1945 1574 2113 1628 Wm-

2209 373 2372 428 Petro
2402 373 2670 444 apostolo,
2708 389 2737 427 a
2774 383 3119 444 peccatorum
3149 381 3365 426 tuorum
3393 380 3446 426 te
3480 370 3796 427 absolutum

2195 467 2444 550 vinculis
2475 467 2541 522 ad
2575 461 2770 538 gaudia
2796 477 2997 521 aeterna
3028 465 3308 536 perducat.

2281 555 2416 613 Data
2439 555 2628 612 Roma:
2653 571 2686 610 ιι
2711 553 2982 612 Kalendas
3003 554 3274 624 Octobris,
3287 553 3580 610 indictione
3601 570 3710 610 xm.

2735 689 3074 746 EPISTULA
3107 687 3244 746 Ylll.

2465 797 2530 834 AD
2562 795 2796 836 3015383!
2839 795 3190 837 κοιιιινιιμεειι
3223 793 3534 836 EPISCOPUI.

2805 870 2988 938 (Anim
3019 869 3202 940 nm.)

2196 962 2534 1020 .Consolatur
2556 963 2620 1016 de
2660 962 2875 1032 injuriis
2896 979 2930 1016 a
2955 960 3214 1032 Pragcusi
3243 960 3488 1031 episcopo
3519 961 3804 1032 perpeaia,

2282 1044 2333 1088 et
2355 1043 2612 1106 quautam
2637 1049 2698 1086 ea
2714 1031 3190 1106 refernmotus’sit,
3208 1047 3274 1085 ea:
3309 1032 3494 1085 nuntio
3513 1041 3560 1086 et
3579 1031 3805 1106 littera-

2285 1099 2402 1160 ru'in
2437 1105 2506 1158 ad
2543 1104 2726 1157 ducem
2753 1102 3021 1158 Ilo/tentia:
3065 1104 3348 1157 missarum
3389 1099 3636 1172 exemplis
3676 1119 3804 1157 cum

2285 1177 2624 1247 cogniturum
2656 1175 2866 1230 asserit.
2886 1174 2934 1227 -Α
2948 1175 3087 1298 rguit
3111 1173 3251 1244 quod
3281 1173 3488 1244 putarit
3516 1190 3568 1227 se
3591 1184 3805 1228 suum.

2287 1249 2418 1298 tium
2455 1245 2638 1298 leriter
2671 1255 2922 1298 mutasse.
3009 1247 3126 1298 abet
3180 1253 3240 1298 ut
3284 1245 3584 1298 trnostolica
3629 1244 3805 1298 {ultu

2287 1244 2418 1300 tiam
2455 1245 2638 1300 leriter
2671 1255 2922 1300 mutasse.
2965 1244 3126 1316 lubet
3180 1253 3240 1298 ut
3284 1245 3584 1316 apostolica
3628 1244 3808 1316 {ultu

2288 1317 2605 1372 auctoritate
2627 1317 2803 1370 omnia
2825 1316 2958 1375 bona
2993 1333 3024 1369 a
3050 1315 3310 1386 Prageuxi
3341 1317 3584 1386 episcopo
3621 1317 3810 1374 ablata

2286 1396 2506 1458 repetat.

2200 1551 2209 1554 _
2287 1481 2598 1536 Caesonius
2620 1479 2928 1550 cpiscopus,
2953 1495 3144 1536 servus
3169 1494 3450 1534 servorum
3479 1475 3594 1546 Dei,
3615 1475 3806 1534 Jollas!

2216 1573 2523 1629 Moravensi
2569 1573 2827 1642 episcopo
2871 1573 3104 1628 salutent
3144 1581 3198 1627 et
3244 1572 3602 1642 apostolicam
3637 1574 3803 1627 bene-

503 1683 718 1724 -τιειηιο
755 1669 883 1724 duci
930 1668 1320 1724 [lubentiorqu
1375 1672 1609 1724 salutem
1659 1677 1714 1722 ct
1758 1665 2112 1736 apostolicam
2150 1679 2190 1734 ιι
2215 1667 2532 1722 dictionem.

502 1792 510 1802 ι
525 1759 982 1816 benedictionem.

501 1885 508 1890 -
594 1849 850 1905 Pervenit
870 1849 938 1905 ad
969 1865 1072 1904 nos
1103 1849 1330 1905 nuntius
1367 1858 1567 1916 vester,
1593 1848 1686 1920 qui
1718 1864 1929 1920 magnae
1945 1848 2114 1904 devo-

503 1966 508 1972 ·
527 1942 693 1998 tionis
716 1951 772 1998 et
793 1941 1068 1996 fidelitatis
1089 1951 1284 1998 vestra!
1305 1941 1696 1996 exhibitione":
1726 1941 1885 1994 nobis
1909 1939 2110 2005 retulit,

506 2045 580 2090 .et
601 2050 724 2106 qua:
752 2035 913 2090 beato
939 2024 1102 2089 Petro
1143 2035 1248 2090 sub
1271 2035 1493 2089 mmine
1517 2049 1717 2090 census
1743 2033 1994 2097 misistis,
2027 2031 2112 2086 vi-

527 2126 720 2180 delicet
755 2131 974 2179 centum
1005 2125 1260 2180 marebas
1285 2124 1493 2194 argenti
1517 2123 1582 2178 ad
1611 2137 1927 2178 mensuram
1950 2129 2115 2188 vestri

509 2216 806 2287 .pondcris,
839 2216 1070 2272 fideliter
1114 2213 1482 2288 pmseutavit.
1523 2213 1680 2282 Quod
1721 2213 1942 2284 quidem
1992 2225 2116 2284 gra—

529 2317 708 2364 tanter
753 2309 1097 2380 accepimus;
1151 2308 1244 2364 sed
1267 2307 1593 2362 cbaritatem
1651 2316 1888 2362 vestram
1943 2305 2116 2360 multo

526 2403 809 2460 ardentius
864 2404 1296 2474 amabiliusque,
1347 2401 1534 2472 quasi.
1568 2400 1896 2472 quibusdam
1948 2397 2118 2453 animi

528 2493 771 2550 brachiis
807 2493 877 2548 ad
923 2509 1022 2548 vos
1053 2507 1227 2563 usque
1249 2491 1546 2563 porrectis,
1585 2489 1983 2561 amplectimur,
2022 2488 2118 2560 qui

507 2595 765 2642 mentem
790 2594 1030 2641 vestram
1061 2593 1116 2640 et
1136 2583 1468 2640 desiderium
1493 2581 1670 2656 magis
1696 2597 1763 2637 ac
1784 2580 1958 2652 ntagis
1989 2595 2117 2650 erga

527 2677 890 2735 reverentiam
925 2676 1242 2748 apostolicae
1274 2676 1422 2732 sedis
1461 2675 1684 2730 accendi
1709 2673 2114 2744 perpendimus.

526 2767 726 2824 Beatus
753 2777 935 2822 autem
959 2766 1174 2830 Petrus,
1213 2781 1377 2836 quem
1406 2778 1503 2820 vos
1530 2763 1774 2836 diligitis,
1811 2773 1866 2819 et
1886 2764 1973 2819 cui
2010 2763 2117 2819 cel-

505 2860 822 2916 situdinem
849 2860 1106 2930 potentiae
1132 2866 1327 2912 vestra:
1366 2855 1688 2922 humiliatis,
1712 2855 1936 2926 copiosa
1963 2853 2118 2910 vobis

506 2952 720 3023 .procul
757 2951 926 3006 dubio
969 2949 1348 3006 retributionis
1391 2963 1625 3006 munera
1667 2948 2024 3020 praeparabit,
2064 2957 2120 3003 et

2286 1757 2625 1813 Cbaritatem
2659 1767 2831 1823 tuam,
2880 1756 3071 1825 frater,
3114 1773 3246 1829 erga
3288 1773 3390 1812 nos
3422 1769 3728 1828 promptam
3748 1767 3806 1812 ct

2201 1843 2486 1906 ‘sinecram
2520 1864 2642 1907 esse
2676 1857 3092 1920 cognoscentes,
3137 1848 3351 1904 debitas
3381 1848 3478 1902 tibi
3509 1857 3695 1919 grates
3715 1863 3806 1903 rc-

2215 1942 2534 2014 pendimus,
2592 1941 2812 2014 tuisque
2867 1939 3280 2013 fatigationibus
3344 1937 3587 1996 fraterno
3644 1941 3806 1996 corde

2203 2025 2488 2105 'compassi
2518 2049 2731 2092 sumus.
2773 2031 2992 2088 Scimus
3019 2033 3163 2087 enim
3208 2040 3413 2103 quanta
3447 2031 3641 2088 fraude
3673 2031 3804 2087 l'ra-

2215 2125 2399 2194 gensis
2435 2123 2727 2195 episcopus
2775 2119 2825 2178 te
2864 2122 3261 2178 circumvenit:
3316 2123 3409 2195 qui
3459 2131 3646 2178 tamen
3697 2136 3816 2184 non

2216 2213 2394 2268 solum
2417 2212 2484 2268 ad
2523 2223 2664 2280 tuas,
2688 2211 2783 2267 sed
2817 2212 2885 2267 de
2918 2212 3076 2268 nobis
3109 2213 3438 2279 mentiendo,
3468 2224 3521 2268 et
3557 2213 3715 2284 quasi
3737 2228 3803 2268 ex

2218 2318 2406 2364 nostra
2457 2307 2817 2365 concessione
2869 2307 3222 2378 rapacitatem
3272 2324 3430 2364 suam
3468 2307 3804 2374 roborando,

2217 2399 2286 2455 ad
2314 2411 2532 2456 nostras
2556 2401 2721 2454 etiam
2747 2398 2978 2470 injurias
3004 2407 3253 2469 patenter
3282 2399 3485 2470 erupit.
3515 2396 3636 2468 Qua
3659 2399 3724 2454 de
3744 2415 3803 2452 re

2217 2509 2384 2565 quam
2419 2494 2658 2563 graviter
2682 2491 2944 2549 commoti
2988 2491 3182 2558 simus,
3230 2493 3317 2548 vel
3336 2489 3483 2566 'quid
3519 2493 3646 2548 inde
3676 2508 3802 2548 ceu-

2219 2586 2516 2650 suerimus,
2551 2584 2638 2640 hic
2673 2583 2900 2640 nuntius
2947 2592 3073 2639 tuus
3100 2583 3221 2638 viva
3249 2599 3382 2640 voce
3425 2583 3526 2640 tibi
3567 2583 3804 2638 indicare

2218 2675 2439 2746 poterit,
2485 2685 2540 2729 et
2573 2684 2627 2729 tu
2677 2675 2789 2746 ipse
2816 2674 2871 2730 in
2904 2673 3103 2730 litteris
3136 2691 3276 2746 quas
3300 2674 3450 2741 duci,
3475 2684 3532 2730 et
3555 2673 3803 2744 exemplo

2219 2766 2529 2820 litterarum
2566 2781 2706 2837 quas
2747 2765 2923 2822 cidem
2964 2765 3223 2837 episc0po
3257 2767 3540 2834 misimus,
3577 2763 3802 2837 plcuitcr

2203 2873 2548 2940 _cognoscere
2581 2869 2756 2929 potes.
2810 2857 2877 2914 Et
2912 2854 2975 2914 ω’
3011 2853 3231 2930 quidem
3268 2857 3434 2916 nimis
3485 2857 3803 2930 simpliciter

2217 2948 2398 3020 egisti,
2435 2948 2584 3020 quod
2621 2963 2722 3003 nos
2755 2957 2949 3004 contra
2991 2948 3440 3012 decretauostra
3470 2963 3720 3020 surgere,
3749 2957 3803 3005 et

510 3057 739 3097 .suovos
763 3040 1065 3096 munimine
1079 3039 1256 3095 tamin
1274 3039 1702 3110 przesentiquam
1715 3038 1902 3094 futuro
1919 3040 2118 3096 saeculo
2146 3051 2187 3108 (ζ
2220 3037 2546 3096 sententiam
2575 3053 2818 3098 nostram
2850 3051 2963 3096 tam
2987 3041 3178 3097 leviter
3203 3052 3417 3098 mutare
3442 3045 3646 3114 putasti
3675 3062 3688 3098 :
3712 3044 3804 3115 qui

529 3133 843 3189 lzctilicabit.
892 3131 968 3187 De
1001 3140 1199 3188 cancro
1243 3141 1426 3202 grates
1475 3132 1630 3186 vobis
1666 3132 1933 3188 habemus
1971 3132 2120 3203 quod

509 3225 846 3279 .obedientcs
871 3223 1080 3278 nostris
1111 3221 1358 3288 monitis,
1393 3237 1520 3278 cum
1546 3222 1715 3277 fratre
1747 3232 1933 3278 vestro
1962 3222 2120 3278 Jero-

532 3322 679 3376 miro
701 3319 962 3391 Pragensi
1000 3319 1260 3388 episcopo
1303 3333 1495 3388 pacem
1538 3316 1786 3372 fecistis:
1821 3333 1984 3388 quem
2021 3332 2122 3373 nos

513 3409 752 3480 quidem
789 3411 896 3464 hoc
942 3409 996 3463 in
1044 3423 1191 3464 anno
1213 3407 1532 3478 apostolicae
1573 3407 1690 3462 sedi
1734 3416 2122 3478 praesentatum

511 3503 692 3574 vlonge
712 3500 1123 3556 misericordius
1144 3514 1309 3570 quam
1341 3514 1441 3554 sua
1480 3487 1722 3553 nieretur
1742 3499 1900 3568 culpa
1925 3483 2124 3553 tracta-

529 3597 734 3650 vimus.
779 3594 979 3648 Verum
1017 3593 1126 3659 ille,
1173 3592 1470 3672 indebitam
1501 3592 1666 3648 nobis
1705 3593 1880 3648 vicem
1935 3605 2125 3664 repea-

517 3689 687 3754 uleus,
730 3702 859 3741 mox
901 3695 964 3740 ut
987 3686 1214 3741 domum
1264 3699 1520 3741 reversus
1556 3694 1642 3740 est
1687 3685 1853 3759 (sicut
1887 3701 1987 3742 nos
2013 3698 2121 3740 non

514 3777 697 3834 ‘dubia
728 3779 998 3834 relatione
1027 3776 1421 3847 cognovimus)
1452 3777 1520 3832 de
1562 3786 1747 3833 castro
1790 3777 2029 3848 quodam
2069 3774 2125 3832 e't

515 3872 656 3926 aliis
683 3873 848 3926 rebus
870 3870 1013 3924 unde
1041 3870 1188 3924 Hem
1219 3869 1382 3924 habet
1414 3883 1540 3924 cum
1574 3867 1787 3925 Joanne
1816 3869 2124 3925 Moravensi

529 3965 808 4037 episcopo,
833 3971 1025 4018 contra
1053 3960 1405 4018 interdictum
1453 3971 1705 4023 nostrum
1737 3971 1791 4016 et
1817 3971 2008 4018 contra
2036 3956 2122 4017 sui

519 4057 706 4129 ipsius
732 4057 787 4111 in
811 4071 1008 4112 manus
1030 4061 1252 4109 nostras
1275 4053 1457 4109 datam
1488 4055 2122 4126 promissionem,'etiam

530 4151 600 4205 de
634 4146 794 4204 nobis
815 4145 1130 4202 mentiendo
1153 4145 1311 4216 quasi
1355 4146 1408 4202 id
1446 4146 1549 4201 sibi
1576 4149 2032 4214 concesserimus,
2063 4157 2124 4204 se

530 4241 898 4297 intromittcre
925 4255 1095 4294 ausus
1117 4248 1220 4294 est.
1260 4236 1338 4294 De
1373 4255 1486 4310 quo
1529 4241 1816 4296 mendacio
1841 4251 1897 4298 et
1931 4241 2122 4298 fraude

520 4335 668 4406 quid
716 4343 772 4390 ct
804 4334 1040 4405 qualiter
1069 4331 1260 4402 paucis
1297 4347 1424 4387 cum
1455 4334 1825 4405 corripiendo‘
1845 4348 2119 4406 przccepc-

2221 3150 2286 3191 ea
2320 3135 2503 3204 omnia
2531 3133 2678 3206 quze'
2705 3135 2848 3190 inter
2883 3147 2935 3191 te
2959 3146 3015 3192 et
3039 3135 3192 3192 illum
3237 3133 3291 3192 iu
3333 3137 3426 3193 lite
3454 3147 3610 3206 sunt,
3635 3153 3803 3210 usqne

2223 3226 2289 3282 ad
2312 3226 2554 3282 futuram
2592 3227 2884 3300 synodum,
2911 3237 2967 3284 et
3007 3227 3178 3284 totius
3207 3227 3574 3285 dissensionis
3614 3240 3805 3285 vestra:

2223 3319 2654 3388 discussioncm,
2690 3319 2798 3376 tuis
2845 3321 3286 3391 possessionibus
3315 3320 3626 3378 decrevisse
3671 3339 3806 3392 prte-

2209 3426 2353 3490 lsens
2379 3409 2744 3470 intellexeras.
2767 3409 2924 3466 Nune
2948 3411 3132 3482 igitur,
3159 3411 3460 3482 apostolica
3479 3413 3806 3468 auctoritate

2205 3503 2412 3584 jussus
2442 3511 2608 3574 atque
2634 3502 2913 3570 suffultus,
2937 3514 3203 3572 castrum,
3229 3513 3284 3558 et
3313 3503 3360 3558 si
3383 3519 3507 3574 quae
3527 3503 3636 3560 alia
3669 3520 3804 3575 pm:-

2225 3593 2372 3650 falus
2417 3595 2710 3666 cpiscopus
2761 3595 2856 3650 tibi
2907 3595 3158 3664 abstulit,
3197 3596 3316 3652 sine
3364 3611 3520 3652 mora
3571 3584 3804 3668 repetas.

2208 3681 2380 3769 illium
2396 3701 2640 3756 namque
2669 3687 3073 3755 admonuimus,
3111 3689 3446 3761 ﬁrmiterque
3470 3689 3570 3744 tibi
3600 3706 3666 3747 ea
3686 3706 3806 3746 om-

2226 3778 2317 3833 nia
2348 3778 2466 3834 sine
2485 3777 2919 3835 contradictione
2943 3781 3168 3838 reddere
3198 3781 3578 3853 prtecepimus.
3605 3783 3807 3841 Ducem

2209 3865 2356 3926 "vero
2388 3871 2702 3942 rogavimus
2730 3881 2808 3938 ut,
2833 3871 2880 3928 si
2905 3873 3196 3946 cpiscopus
3221 3875 3378 3932 nobis
3404 3891 3514 3932 non
3538 3877 3808 3948 obediret,

2211 3961 2349 4018 ‘eum
2375 3961 2442 4019 dc
2464 3963 2648 4017 eastro
2667 3963 2978 4033 expelleret,
3003 3974 3079 4031 et,
3117 3965 3382 4024 restitutis
3403 3967 3500 4023 tibi
3527 3970 3805 4039 omnibus,

2211 4051 2326 4123 ‘pro
2350 4068 2538 4110 amore
2565 4052 2661 4108 Dei
2701 4063 2772 4122 te,
2805 4065 2861 4110 et
2903 4055 3046 4111 bona
3076 4053 3436 4114 ece'lesizc‘cui
3470 4073 3672 4130 praes,
3700 4059 3806 4118 Deo

2215 4142 2539 4213 'adjuvantc,
2571 4141 2904 4201 defenderet.
2935 4143 3050 4202 Hoc
3076 4147 3221 4208 enim
3248 4147 3626 4208 indubitanter
3646 4151 3805 4218 scias,

2213 4233 2355 4304 'quia
2391 4249 2566 4306 neque
2591 4234 2645 4289 in
2673 4235 2778 4293 hac
2803 4253 2978 4310 neque
2999 4238 3052 4293 in
3084 4237 3190 4295 alia
3225 4254 3304 4306 re,
3329 4241 3400 4297 ad
3431 4240 3808 4301 defensionem

2219 4324 2450 4404 iustitiae
2493 4335 2619 4394 tute,
2655 4330 2956 4398 apostolica
2985 4330 3106 4400 tibi,
3147 4331 3464 4403 providente
3493 4333 3631 4404 Deo,
3657 4337 3810 4392 solli-

531 4429 728 4494 rimus,
761 4427 818 4481 in
854 4424 1185 4480 transmisso
1221 4423 1318 4478 tibi
1365 4424 1616 4494 exemplo
1642 4425 1947 4480 litteraru'm
1982 4439 2117 4496 quas

2224 4398 2409 4470 citudo
2438 4416 2612 4474 deerit
2639 4418 2723 4474 vel
2745 4421 3062 4476 auctoritas.
3089 4398 3448 4493 omnipotens
3471 4398 3627 4483 Deus
3642 4424 3698 4482 in
3719 4437 3811 4482 tua

517 4522 586 4576 'ei
611 4520 938 4586 direximus,
969 4517 1124 4588 plene
1156 4531 1487 4588 cognoscere
1505 4525 1678 4587 potes.
1707 4515 1861 4573 Unde
1881 4527 1936 4574 et
1973 4525 2120 4574 tuam

537 4611 874 4666 nobilitatem
888 4623 955 4664 ex
988 4615 1140 4679 parte
1157 4606 1299 4662 beati
1329 4605 1477 4661 Petri
1510 4615 1566 4662 et
1604 4617 1790 4664 nostra
1822 4611 2120 4680 apostolica

535 4700 861 4756 auctoritate
899 4713 1190 4770 rogamus,
1241 4704 1297 4752 et
1327 4695 1694 4768 prteeipieudo
1737 4713 2026 4755 mouemus
2063 4696 2125 4756 u‘t

534 4791 883 4864 nequaquam
911 4807 1038 4848 eum
1081 4792 1149 4847 de
1181 4801 1332 4846 tanta
1369 4789 1686 4862 deceptione
1715 4794 1944 4850 ulterius
1988 4800 2125 4868 gau-

535 4887 669 4942 dere
699 4883 850 4940 sinas
879 4901 892 4938 :
919 4885 1013 4938 sed
1057 4883 1164 4940 nisi
1213 4883 1331 4954 ipse
1371 4883 1537 4956 (sicut
1565 4883 1680 4955 ipse
1713 4885 1768 4938 in
1799 4885 1994 4943 litteris
2023 4904 2123 4942 no-

536 4977 669 5033 stris
693 4977 886 5048 jussus
909 4976 1012 5045 cst)
1059 4985 1324 5043 castrum,
1366 4983 1421 5030 et
1445 4975 1549 5030 alia
1595 4991 1718 5048 qum
1758 4976 1943 5032 inelite
1972 4985 2117 5042 sunt,

536 5067 849 5126 Moravensi
870 5065 1128 5137 episeopo
1153 5067 1273 5121 sine
1304 5082 1458 5122 mora
1482 5067 1702 5134 reddat,
1741 5077 1834 5122 tua
1855 5083 1982 5124 eum
2006 5069 2122 5124 vir-

538 5170 653 5218 tute
697 5159 908 5231 ejicias,
944 5165 1000 5212 et
1033 5156 1303 5212 restitutis
1338 5158 1595 5214 omnibus
1633 5157 1750 5230 jam
1787 5175 1930 5230 saepe
1974 5161 2119 5217 dicta

534 5249 848 5310 Moravensi
879 5247 1158 5318 episcopo,
1197 5245 1373 5316 ipsum
1399 5291 1414 5315 ,
1445 5259 1501 5304 et
1545 5249 1691 5305 bona
1737 5251 1982 5310 ecclesia:
2033 5251 2124 5307 cui

2211 4509 2870 4582 ‘saccrdotali‘vigilautia
2912 4521 2969 4568 et
2997 4512 3180 4569 cilicio
3207 4523 3424 4585 gratum
3455 4516 3558 4572 sibi
3597 4517 3810 4576 sacrifi—

2226 4600 2400 4668 cium,
2432 4609 2488 4656 et
2513 4599 2607 4656 tibi
2635 4609 2845 4657 statuat
2866 4611 3084 4660 aeterna:
3116 4603 3394 4662 felicitatis
3415 4609 3728 4678 praemium.

2205 4693 2220 4709 '
2299 4691 2431 4746 Data
2468 4691 2654 4748 Bonna!
2673 4693 2888 4749 decimo
2910 4693 3180 4754 Kalendas
3201 4695 3480 4768 Octobris,
3513 4703 3812 4762 indictione

2226 4781 2436 4838 decima
2455 4781 2644 4842 tertia.
2677 4835 2685 4842 .

2791 4912 3122 4971 EPISTOLA
3152 4915 3219 4972 lx
3229 4959 3247 4973 .

2397 5043 2462 5080 AD
2494 5039 2798 5082 BEATRICEI
2833 5044 2900 5083 ΕΤ
2935 5012 3057 5084 ειυέ
3089 5046 3269 5086 ῐ-ἰιιλιι
3303 5049 3638 5092 ηλτηιιοειι.

2825 5141 3006 5216 (Anno
3045 5141 3221 5218 lilii.)

2221 5271 2396 5348 'Suam
2442 5273 2497 5328 in
2519 5289 2609 5348 eas
2632 5273 2889 5346 ﬁduciam
2919 5277 3176 5332 declarat.
3223 5277 3380 5332 Dolet
3415 5296 3474 5335 se
3506 5298 3573 5336 ea:
3604 5284 3811 5348 peritu-
