3982 5316
176 453 276 532 soi

1273 477 1472 535 ιιιιειι
1513 460 1896 538 secessus.
1921 511 1990 520 —
2014 479 2230 536 Ειιιδτ.
2272 480 2336 534 x.

3348 479 3414 496 '—

3347 479 3452 533 ξιέο

241 605 354 674 qna
371 590 436 644 le
459 607 623 674 cause
658 607 711 644 se
734 589 954 646 Romam
979 609 1188 646 rat-asse
1225 592 1538 664 Papieumu
1565 607 1613 650 et
1642 595 1763 650 .llu-
1795 597 1840 654 Α
1868 603 2058 674 uotum
2103 594 2258 650 vobis
2303 603 2388 648 est
2433 593 2807 650 marehionem
2849 595 3091 648 Azouem
3135 594 3190 648 in
3245 593 3454 664 synodo

243 661 502 723 timum
532 662 818 732 episcopos.

243 769 557 830 Cosconius
599 774 909 846 episcopus,
935 761 1125 834 servus
1157 775 1440 834 servorum
1477 778 1594 846 Dei,
1619 779 1759 834 lim-

173 875 323 918 uIcr
347 863 496 932 duci,
519 873 576 920 et
600 865 719 937 ejus
740 865 863 922 ﬁlim
887 865 1181 938 “.tTIIILDI,
1209 869 1438 927 salutem
1457 880 1516 926 'ct
1540 881 1761 942 aposto-

177 953 339 1009 licam
365 953 826 1013 benedictionem.

241 1045 363 1130 Non
386 1063 490 1104 nos
508 1049 646 1121 fugit
666 1049 847 1107 varios
869 1065 1010 1123 saepe
1033 1053 1100 1109 a-l
1124 1069 1224 1110 vos
1245 1055 1312 1111 de
1333 1056 1491 1112 nobis
1515 1071 1763 1112 rumores

175 1137 379 1208 aﬂcrri,
403 1141 551 1197 sicut
574 1157 697 1198 mos
716 1157 905 1199 eorum
928 1147 1118 1217 estqui
1147 1147 1451 1204 amicarum
1483 1149 1762 1205 dilectioni

175 1231 419 1288 invident
453 1241 512 1288 et
550 1234 916 1291 unanimitati.
963 1233 1029 1292 Et
1071 1237 1292 1309 quidem
1345 1239 1392 1295 si
1425 1253 1526 1297 nos
1561 1241 1764 1300 talibus

169 1337 337 1380 aures
374 1321 551 1396 (quod
595 1322 788 1398 absit!)
824 1327 1096 1383 acclinare
1130 1330 1416 1399 vellemus,
1453 1345 1564 1386 non
1605 1329 1761 1386 ιιιιιιιί

172 1425 305 1473 Sunt
345 1417 400 1472 in
439 1417 648 1500 quibus
692 1421 919 1478 sincerae
960 1423 1270 1482 dilectionis
1303 1425 1556 1482 all‘eetum
1603 1427 1764 1483 nobis

173 1515 355 1577 patere
382 1509 757 1567 crederemus.
796 1512 901 1568 Sed
928 1528 1052 1581 nos,
1083 1514 1218 1570 nihil
1245 1513 1360 1571 fere
1390 1516 1573 1587 potius
1596 1530 1762 1587 quam

173 1603 488 1668 suspectum
515 1600 764 1659 animum
793 1602 1090 1675 fugientes,
1133 1607 1186 1660 in
1228 1607 1458 1664 veritate
1489 1607 1648 1664 vobis
1681 1607 1764 1662 lo-

172 1690 396 1762 quimur
427 1693 580 1765 quod
634 1695 688 1750 in
733 1695 899 1752 nullis
926 1705 1194 1753 terrarum
1229 1697 1570 1770 principibus
1591 1699 1764 1754 tutius

175 1797 334 1852 quam
365 1783 420 1837 in
446 1791 626 1840 vestra
651 1787 936 1844 nobilitate
956 1791 1286 1847 confidimus
1321 1810 1335 1846 :
1373 1793 1635 1862 quoniam
1659 1793 1763 1847 hoc

177 1873 356 1941 verba,
383 1875 489 1930 hoc
511 1875 680 1946 facta,
709 1879 813 1934 hoc
831 1880 940 1951 νὶω
957 1881 1266 1939 devotionis
1287 1885 1488 1951 studia,
1513 1885 1616 1940 hoc
1637 1883 1761 1940 thlei

1863 687 2022 745 nobis
2052 688 2405 760 promisisse,
2454 696 2508 743 et
2541 689 2702 744 tidem
2735 689 2789 744 in
2821 704 3046 744 manum
3079 696 3324 744 nostram
3355 687 3454 764 des

1862 781 2038 848 disse,
2091 797 2149 836 se
2191 781 2246 835 in
2289 788 2536 836 nostram
2582 782 2962 852 praesentiam,
3015 773 3458 853 quandocunque

1861 883 1989 924 eum
2020 880 2514 936 commonet-emus,
2539 885 2640 941 pro
2667 870 2940 926 reddenda
2970 871 3186 926 ratione
3211 870 3296 926 sui
3324 885 3451 925 con-

1857 957 1996 1038 jugii
2020 966 2330 1014 venturum.
2365 957 2433 1013 Et
2462 973 2564 1014 nos
2587 960 2811 1030 quidam
2843 962 2944 1017 hac
2975 961 3042 1016 de
3073 975 3242 1016 causa
3277 961 3451 1032 ipsum

1863 1051 2202 1106 vocavimus.
2237 1049 2590 1106 Guiliclmum
2637 1048 2960 1120 Papiensem
3013 1051 3356 1122 episcopum,
3403 1057 3456 1104 et

1863 1139 2210 1197 ileribertum
2255 1137 2641 1207 Mutinensem,
2692 1141 2786 1212 qui
2839 1139 3302 1212 prepinquitatem
3335 1153 3486 1228 mu-i

1863 1229 2016 1288 lieris
2055 1233 2258 1301 sciunt,
2314 1232 2382 1287 ad
2426 1245 2526 1288 nos
2555 1231 2742 1288 venire
2775 1248 2874 1305 per
2921 1231 3192 1304 epistolas
3233 1231 3492 1291 nostras'

1866 1323 2240 1391 invitavimus,
2265 1331 2558 1396 quatenus,
2593 1325 2674 1380 rei
2699 1325 2926 1381 veritate
2951 1325 3285 1398 percoguita,
3309 1325 3459 1398 quod

1861 1418 2074 1488 justum
2108 1415 2300 1482 fuerit,
2338 1415 2450 1473 Deo
2486 1414 2815 1488 adiuvante,
2854 1419 3186 1478 statuamus.
3211 1417 3461 1492 Quapro-

1866 1519 1987 1581 pter
2005 1509 2233 1581 dignum
2260 1509 2420 1565 nobis
2440 1510 2658 1566 videtur
2686 1521 2745 1566 ut
2773 1509 3001 1582 praefato
3029 1494 3335 1567 marchioni
3365 1523 3463 1582 per

1866 1607 2078 1657 certum
2130 1610 2372 1656 vestrum
2425 1602 2679 1656 nuntium
2726 1602 3000 1658 mandetis
3044 1611 3320 1674 quatenus
3368 1619 3465 1674 per

1868 1701 2070 1750 terram
2093 1702 2331 1753 vestram
2369 1695 2422 1748 in
2450 1679 2632 1750 eundo
2653 1701 2708 1750 et
2728 1695 3007 1751 redeundo
3029 1710 3260 1751 securus
3282 1704 3466 1750 trans-

1867 1785 1947 1841 ire
1977 1787 2171 1857 possit,
2193 1801 2282 1852 ne,
2338 1786 2628 1842 occasiOue
2657 1787 2826 1842 vestri
2854 1787 3073 1842 timoris
3097 1788 3153 1843 in
3184 1788 3287 1843 hac
3310 1796 3466 1858 parte

1865 1877 2078 1948 iustitia
2114 1876 2442 1932 Christiana:
2471 1878 2608 1949 legis
2631 1878 3021 1934 detrimentum
3055 1879 3277 1934 sentiat.

176 1975 366 2021 vestrae
397 1969 662 2041 praeclara
687 1987 788 2028 nos
815 1975 1126 2030 constantia
1157 1973 1484 2031 docuerunt.-
1511 1975 1620 2032 Nee
1664 1977 1767 2032 du-

1947 1969 2082 2026 Data
2107 1969 2296 2026 Roma:
2339 1970 2554 2025 decimo
2585 1980 2781 2026 octavo
2807 1965 3084 2027 kalendas
3118 1969 3460 2036 Novembris,

175 2054 412 2114 bitamus
439 2059 575 2128 quin
599 2071 783 2116 vestra
815 2061 870 2116 in
895 2063 1052 2119 nobis
1082 2081 1209 2121 vera
1233 2066 1467 2124 nitescat
1499 2068 1763 2136 charitas,

175 2165 292 2207 cum
319 2169 421 2224 per
446 2153 674 2211 Petnnu
686 2173 912 2226 servus,
940 2167 995 2215 et
1019 2159 1214 2217 Petrus
1237 2162 1290 2217 in
1313 2177 1472 2218 servo
1497 2163 1762 2234 diligitur.

143 2239 248 2321 'Be
291 2257 496 2301 (δι-ιω)
540 2249 742 2304 scitote
797 2265 918 2317 nos,
954 2261 1153 2322 praeter
1187 2269 1338 2326 spem
1375 2255 1623 2310 omnium
1671 2253 1768 2325 qui

177 2333 462 2390 nobiscum
515 2348 706 2406 erant,
740 2339 1115 2396 inﬁrmitatem
1168 2344 1420 2414 corporis
1483 2345 1728 2400 evasisse
1751 2388 1765 2414 ,

177 2437 226 2482 et
263 2428 380 2499 jam
439 2432 642 2486 bonam
693 2433 1058 2490 valetmi‘inem
1109 2436 1421 2507 recepisse:
1468 2437 1614 2492 unde
1664 2455 1766 2494 no-

177 2517 254 2574 bis
295 2519 596 2578 dolendum
637 2523 820 2594 potius
858 2542 1023 2597 quam
1059 2527 1405 2598 gaudendum
1441 2545 1564 2585 esse
1605 2540 1766 2600 putas

179 2625 312 2671 mils,
359 2609 646 2670 Tendebat
697 2615 844 2671 enim
883 2616 1068 2673 anima
1105 2627 1324 2684 nostra,
1371 2628 1427 2675 et
1464 2628 1579 2674 toto
1619 2620 1766 2675 desi-

180 2699 320 2755 derio
357 2701 428 2756 ad
473 2701 626 2756 illam
677 2703 912 2774 patriam
945 2705 1264 2773 anhelabat,
1311 2706 1368 2762 in
1407 2721 1516 2778 qua
1550 2707 1638 2762 ille
1672 2708 1767 2778 qui

181 2791 412 2848 laborem
451 2804 506 2849 et
540 2795 790 2866 dolorem
835 2797 1177 2866 considerat,
1226 2799 1387 2856 lassis
1439 2800 1675 2871 quietem
1716 2811 1771 2856 et

180 2887 516 2962 refrigerium
571 2899 816 2960 prastat.
878 2890 1078 2948 Verum
1137 2895 1398 2949 reservati
1433 2895 1639 2951 .adhuc
1701 2896 1769 2950 ad

179 2990 466 3036 consuetos
533 2983 754 3037 labores
817 2994 872 3038 et
926 2985 1168 3044 inﬁnitas
1217 2986 1648 3053 sollicitudines,
1713 2988 1767 3042 in

180 3073 419 3152 singulas
445 3074 638 3142 horas,
665 3075 825 3148 quasi
865 3079 1222 3148 parturientis
1258 3081 1479 3138 dolores
1509 3091 1565 3136 et
1595 3097 1770 3151 tingu-

180 3167 306 3221 stias
337 3168 618 3238 patimur,
654 3169 788 3224 dum
825 3186 963 3244 pem
993 3171 1047 3226 in
1082 3173 1259 3229 oculis
1299 3174 1507 3229 nostris
1539 3173 1767 3228 naufra-

179 3265 386 3325 gautem
405 3258 710 3316 Ecclesiae:
729 3261 878 3317 nullo
899 3259 1142 3320 valemus
1155 3265 1364 3337 eripere
1375 3263 1765 3337 gubernaculo.

180 3347 282 3417 Lex
316 3353 468 3408 enim
505 3361 562 3409 et
591 3353 784 3425 religio
813 3355 1130 3414 Christiana
1165 3332 1254 3412 ita—
1281 3332 1402 3413 fere
1424 3357 1634 3429 ubique
1667 3357 1765 3413 de—
1795 3332 1836 3388 C

181 3443 352 3510 periit,
405 3453 467 3498 ut
510 3442 794 3512 Saraceni,
843 3456 899 3501 et
928 3445 1158 3516 quilibet
1190 3447 1413 3519 Pagani,
1445 3466 1583 3504 suos
1627 3450 1768 3505 ritus

179 3531 384 3590 timtins
420 3545 648 3592 teneant
687 3552 859 3616 quam
887 3537 964 3595 iiii
1013 3539 1109 3610 qui
1146 3540 1524 3596 Christianum
1566 3557 1767 3596 mmn-n

180 3633 526 3694 acceperunt,
549 3625 646 3698 iet,
667 3628 872 3698 quibus
897 3629 952 3682 in
977 3641 1146 3700 regum
1165 3629 1345 3686 Patris
1369 3647 1466 3700 per
1486 3631 1766 3687 Christum

181 3713 467 3774 imi-editas
501 3726 556 3772 et
587 3728 807 3774 acterna:
836 3719 960 3777 vitae
995 3721 1167 3792 gloria
1201 3731 1395 3793 parata
1430 3733 1534 3790 est,
1571 3725 1770 3782 divinae

181 3804 308 3878 legis
333 3809 595 3869 inlaudata
613 3811 958 3885 custodiant]
986 3813 1156 3886 (56l).
1183 3814 1305 3883 Quo
1348 3818 1530 3874 minus
1556 3819 1767 3874 miran-

181 3899 300 3956 dtnu
343 3911 436 3957 est
462 3902 508 3963 si
533 3902 697 3973 hujus
731 3904 874 3961 lucis
902 3922 1180 3965 aerumnas
1212 3925 1310 3980 spe
1341 3917 1595 3980 supcrnze
1636 3917 1770 3966 cou-

181 3993 466 4052 solatieuis
495 3993 681 4066 fugere
702 3997 980 4067 cupimus,
1011 4000 1129 4069 qui,
1163 3999 1218 4056 in
1243 4000 1332 4056 his
1362 4001 1548 4072 positi,
1575 4002 1630 4057 in
1649 4002 1768 4058 sola

183 4085 492 4156 cognitione
553 4086 939 4144 inundantium
993 4091 1362 4161 periculorum
1426 4093 1767 4165 singulorum

182 4191 370 4248 peltas
405 4177 628 4254 luimus.
675 4179 946 4242 Praeterea
966 4183 1162 4240 scitote
1188 4183 1486 4241 iiolnrtum
1507 4186 1770 4243 Guiscar-

183 4268 304 4326 dum
339 4285 484 4340 saepe
505 4272 784 4343 supplices
807 4273 1106 4346 legatos-ad
1134 4292 1239 4333 nos
1267 4277 1502 4345 mittere,
1527 4286 1584 4334 et
1607 4288 1771 4336 tanta:

184 4359 458 4420 ﬁdelitatis
493 4367 848 4424 securitatem
881 4383 942 4424 se
973 4368 1028 4424 in
1055 4383 1256 4427 manus
1273 4381 1500 4428 nostras
1519 4373 1639 4429 dari
1673 4389 1771 4429 cu-

185 4467 327 4522 pere,
363 4463 428 4510 ut
447 4472 610 4512 nemo
637 4470 884 4528 unquam
933 4460 1162 4517 lirmiori
1195 4463 1529 4535 obligatione
1561 4475 1622 4520 se
1652 4467 1770 4521 eui-

187 4544 312 4602 libct
345 4547 568 4605 domino
611 4551 812 4607 debeat
841 4553 926 4608 vel
954 4554 1130 4624 possit
1170 4556 1489 4627 astringere.
1529 4555 1635 4612 Sed
1668 4574 1771 4612 nos

1867 2061 2173 2118 indictione
2197 2060 2410 2118 decima
2439 2061 2618 2117 tertia.

2437 2151 2775 2206 EPISTOLA
2811 2151 2878 2206 Χ.

2041 2240 2108 2278 AD
2140 2239 2354 2280 IJDONEI
2405 2236 2788 2280 Tlll-IVIIEXSEI'
2815 2237 3287 2280 Αιειιιειιιεςοιιωι.

2463 2304 2646 2373 (Anno
2681 2303 2864 2376 107i.)

1871 2383 2143 2454 Commilit
2179 2383 2226 2438 ei
2257 2393 2306 2437 et
2341 2383 2582 2454 episcopo
2631 2381 2851 2436 Metcnsi
2898 2399 3117 2454 causam
3161 2399 3278 2454 qua;
3326 2392 3467 2438 mter

1945 2451 2243 2508 Tullcnsem
2277 2451 2578 2524 episcopum
2625 2462 2675 2524 et
2727 2453 3006 2524 quemdam
3053 2451 3181 2524 ejus
3213 2453 3466 2508 clericum

1940 2526 2270 2580 versabatur.
2301 2523 2477 2578 Monet
2506 2533 2562 2578 ut
2594 2523 2748 2577 illum
2778 2530 2951 2578 tutum
2973 2523 3185 2588 reddat,
3209 2533 3260 2578 ct
3285 2525 3466 2578 omnia

1869 2641 1878 2649 .
1941 2597 2125 2652 ablata
2157 2598 2208 2650 ei
2239 2595 2448 2650 restitui
2469 2595 2656 2665 jubeat
2684 2609 2701 2648 :
2741 2603 2876 2660 tum,
2909 2595 3210 2650 convocatis
3251 2593 3468 2649 Tollen-

1942 2668 2088 2721 sibus
2134 2667 2378 2730 clericis,
2419 2667 2653 2738 inquiro}
2705 2665 2768 2719 de
2818 2665 3050 2738 mor-ilius
3096 2665 3350 2735 episcopi,
3403 2667 3468 2719 de

1941 2738 2131 2809 quibus
2161 2738 2356 2790 certior
2381 2735 2495 2790 rult
2521 2735 2639 2805 ﬁeri
2662 2745 2783 2789 (tute
2808 2735 3088 2804 synodum.

1942 2831 2251 2886 Cosconius
2268 2831 2579 2901 cpiscopus,
2607 2845 2799 2884 servus
2827 2847 3111 2886 servorum
3142 2829 3257 2896 Dei,
3287 2827 3462 2886 UDONI

1871 2921 2222 2978 Trevirorum
2259 2921 2700 2992 archiepiscopo,
2741 2922 2974 2977 salutem
3015 2930 3070 2977 ct
3101 2923 3465 2993 apostolicam

1869 3011 2328 3069 benedictionem.
2499 3005 2503 3011 ’

1941 3103 2250 3160 Admonere
2285 3113 2355 3169 te,
2395 3102 2581 3169 frater,
2617 3112 2675 3157 ut
2699 3121 2760 3158 ea
2789 3119 2911 3174 qua:
2935 3103 3032 3157 tibi
3068 3103 3467 3159 committimus

1873 3199 2101 3254 fideliter
2131 3213 2262 3269 agas
2297 3215 2362 3252 ex
2391 3199 2678 3263 charitatc,
2705 3207 2765 3253 ut
2787 3213 2915 3252 vero
2939 3198 3216 3266 velociter,
3238 3215 3302 3254 ex
3329 3216 3464 3254 con—

1875 3289 2110 3346 siderata
2147 3303 2441 3344 causarum
2477 3290 2559 3344 vei
2585 3297 2892 3362 temporum
2924 3293 2983 3345 lit
3014 3291 3378 3361 competentia
3414 3301 3470 3346 et

1871 3380 2198 3437 necessitate
2229 3401 2241 3436 :
2271 3397 2394 3452 quae
2419 3382 2638 3452 quidem
2667 3395 2902 3452 utraque
2939 3379 2990 3435 in
3029 3381 3341 3452 subscripti)
3366 3399 3466 3436 ne-

1869 3471 2018 3542 gotio
2053 3470 2129 3525 ita
2161 3478 2213 3524 te
2257 3470 2552 3526 observare
2582 3470 2858 3537 volumus,
2893 3477 2972 3536 ut,
3003 3471 3469 3548 quemadmodum

1869 3565 2165 3630 credimus,
2214 3564 2381 3619 tldum
2415 3573 2468 3619 te
2497 3573 2551 3619 et
2579 3561 2913 3620 indefessum
2959 3563 3120 3619 nobis
3143 3573 3480 3640 cooperato;

1869 3671 1986 3710 rem
2019 3669 2443 3726 cognoscamus.
2473 3654 2666 3710 Frater
2704 3656 2806 3712 iste
2833 3642 3126 3720 Tuti-ensis,
3161 3663 3222 3708 ut
3243 3653 3467 3723 fatetur,

1870 3746 2102 3802 clericus
2126 3747 2194 3802 ad
2231 3762 2332 3802 nos
2372 3747 2620 3813 veniens,
2655 3755 2992 3818 conquestus
3016 3754 3101 3800 est
3135 3745 3294 3802 nobis
3330 3763 3470 3818 quo-

1871 3838 2017 3892 niam
2050 3839 2222 3893 iratus
2248 3840 2319 3894 sit
2353 3838 2402 3893 ci
2422 3838 2680 3892 dominus
2705 3855 2865 3904 suus,
2895 3822 3145 3892 videlicet
3169 3835 3464 3900 Tullcnsis,

1871 3930 2171 3997 indicitur,
2197 3931 2510 4002 episcopus,
2531 3947 2588 3986 se
2613 3933 2855 3986 exsulem
2881 3930 3108 3998 factum,
3134 3941 3188 3986 et
3209 3930 3467 3986 omnibus

1871 4025 2034 4080 rebus
2055 4023 2172 4079 suis
2205 4024 2592 4093 cxspoliatum,
2627 4022 2944 4093 supplicans
2982 4031 3040 4076 ut
3063 4023 3207 4093 apud
3243 4029 3483 4092 aposto—.

1869 4115 2032 4170 licam
2061 4116 2318 4188 pietatem
2345 4125 2624 4170 tantarum
2663 4115 3008 4169 miseriarum
3037 4112 3276 4184 aliquam
3313 4113 3463 4168 inve-

1872 4189 2012 4262 niret
2041 4205 2498 4261 consolationem.
2545 4201 2714 4258 Nobis
2745 4219 2875 4258 vero
2905 4219 3006 4258 cur
3036 4205 3142 4259 hoc
3187 4203 3288 4258 sibi
3321 4201 3464 4256 arci;

1869 4299 2010 4355 derit
2043 4297 2329 4368 diligenter
2360 4295 2785 4366 inquirentibus,
2819 4296 3004 4350 retulit
3028 4311 3086 4352 se
3117 4297 3186 4350 ab
3208 4295 3466 4365 episc0po

1871 4391 2166 4463 quamdam
2215 4387 2502 4444 ecclesiam
2550 4387 2876 4458 postulasse,
2935 4402 3058 4458 qua:
3108 4385 3174 4441 ad
3226 4381 3465 4441 cilicium

1871 4482 2138 4539 custodia:
2167 4469 2315 4552 quod
2363 4477 2579 4534 tenebat
2619 4479 2777 4551 legali
2828 4479 3220 4535 constitutione
3264 4477 3469 4533 dicitur

1873 4576 2121 4632 attinere.
2173 4573 2293 4642 Qua
2341 4574 2410 4630 de
2445 4589 2508 4629 re
2553 4583 2866 4630 commotus
2900 4573 3210 4644 cpiscopus,
3253 4585 3378 4626 cum
3414 4567 3464 4623 ei

189 4651 290 4742 non
332 4637 568 4742 incertas
599 4639 849 4698 rationes
892 4659 994 4699 cur
1041 4644 1178 4742 illud
1205 4646 1276 4702 sit
1304 4647 1496 4742 adbth
1513 4647 1770 4704 ditl‘m'cn-
1807 4686 1850 4742 Β
1875 4682 1986 4722 non
2007 4637 2352 4722 solum—lianc
2379 4665 2673 4736 denegaret
2695 4637 3004 4729 ecclesiam,
3032 4637 3125 4719 sed
3154 4669 3326 4717 totum
3351 4659 3469 4714 olli-

189 4729 310 4788 tlum
339 4733 776 4800 considerantes,
811 4751 1065 4805 supernae
1106 4738 1532 4809 dispensationis
1554 4749 1607 4796 ct
1637 4755 1772 4812 apo-

189 4821 386 4879 stolica:
409 4825 824 4894 procurationis
853 4827 1084 4884 consilia
1120 4831 1520 4900 praestolamur.
1549 4831 1632 4887 Ad
1661 4834 1776 4888 haec

190 4915 404 4974 alteram
436 4928 683 4978 vestrum
719 4919 828 4976 hoc
873 4919 928 4989 in
969 4930 1213 4992 tempore
1249 4924 1774 4995 transalpinaturam

190 5003 574 5076 intelleximus;
627 5011 724 5066 sed
751 5011 932 5081 prius,
989 5011 1037 5068 si
1083 5012 1199 5070 tieri
1243 5025 1452 5086 posset,
1488 5019 1776 5074 ambarum

191 5096 454 5168 colloquio
480 5102 562 5156 uti
592 5102 836 5158 multum
859 5102 1242 5162 desideramus
1269 5125 1282 5162 :
1307 5106 1569 5180 quoniam
1595 5117 1780 5165 vestra

194 5190 404 5234 concilia
451 5195 596 5234 αἶριη
619 5211 882 5234 cna-nvnm
907 5203 1224 5234 laneis-annum
1271 5209 1322 5234 ιιι
1345 5203 1580 5234 alin—um
1604 5204 1778 5234 ιιιιηιηζ

1879 4756 2025 4812 cium
2049 4771 2146 4828 per
2159 4771 2433 4812 summam
2461 4755 2806 4810 interdiceret
2829 4753 3216 4820 obedientiam,
3242 4767 3472 4822 respon-

1876 4845 1956 4900 dit
1982 4859 2042 4901 se
2065 4861 2172 4898 non
2203 4846 2399 4901 debere
2431 4844 2535 4900 sibi
2559 4844 2886 4900 obedientize
2915 4842 3300 4910 reverentiam,
3329 4853 3471 4912 quo—

1879 4937 2025 4994 niam
2061 4937 2570 5002 archidiacouatus,
2601 4933 3047 4992 consecratioues
3087 4933 3471 4997 ecclesiarum,

1879 5039 1934 5086 et
1979 5030 2126 5101 ipsas
2170 5029 2430 5086 ecclesias
2476 5026 2783 5096 vendendo,
2819 5025 3134 5084 Simoniaca
3167 5023 3364 5083 haeresi
3416 5037 3477 5076 se

1881 5107 2365 5188 commaculassct;
2413 5134 2540 5175 cum
2591 5120 2823 5176 muliere
2873 5118 3114 5188 quadam
3157 5120 3214 5174 in
3257 5112 3478 5188 publica

1883 5212 2162 5234 P..__-.'--.!-
2193 5229 2233 5232 γ-
2263 5213 2458 5232 ο---..-ι
2511 5212 2570 5232 ,1-
2606 5225 2702 5232 ----
2743 5213 2910 5232 ιιι-7----
2947 5212 3220 5232 _---__!---.
3282 5219 3438 5230 ..-η-..ιι
