3982 5316
495 398 594 455 571

1137 393 1194 449 S.
1232 392 1562 452 GREGORII
1601 393 1694 450 VH
1728 395 1932 452 ΡΑΡᾹΞ
1974 394 2077 450 0P!

2188 393 2260 451 3M
2297 394 2536 450 PARS]
2597 427 2668 439 -ο
2707 392 3132 453 REGISTRUM.

3679 396 3802 452 372

494 513 1198 586 manifestaindignatione
1243 522 1298 568 et
1326 513 1406 567 ira
1445 528 1612 583 super
1661 513 1830 569 istum
1871 511 2084 567 inllam-
2112 513 2158 570 Α
2183 511 2418 566 libenter
2449 512 2724 568 intellectu
2778 511 3024 582 capiunt,
3073 520 3128 566 et
3173 518 3358 566 tenere
3412 510 3796 568 contendunt.

495 618 678 666 matus
701 616 804 664 est.
829 604 1174 677 Egressoque
1205 605 1274 660 ab
1304 605 1436 663 urbe
1464 603 1742 675 episcopo,
1774 603 1938 674 paulo
1959 611 2085 674 post

496 700 702 755 milites
727 697 870 768 ejus,
897 704 1086 767 utpote
1111 711 1220 750 non
1266 697 1584 765 ignorantes
1613 693 1950 748 voluntatem
1979 693 2082 747 do-

496 789 654 855 mini,
690 788 818 842 buic
839 799 1056 842 onmem
1100 786 1440 841 ‘eeuritatem
1467 785 1822 856 abnegavere,
1851 792 1909 838 et
1939 783 2086 840 intra

493 883 798 938 claustrum
822 881 872 936 ei
907 879 1099 934 minati
1134 889 1263 934 sunt
1289 879 1342 932 in
1367 876 1583 935 faciem.
1611 876 1764 944 Quos
1793 891 1920 932 cum
1948 875 2084 931 insi-

492 975 633 1030 diari
661 975 782 1030 vim:
812 989 926 1028 sua:
949 982 1004 1028 et
1029 973 1228 1028 honori
1254 972 1607 1044 intelligeret,
1633 971 1775 1027 clam
1799 969 2080 1037 discessit,

492 1077 685 1124 ut'sua
720 1067 970 1123 absentia
1001 1074 1335 1136 temperaret.
1353 1065 1703 1122 severitatem
1737 1063 1902 1136 hujus
1930 1061 2082 1120 furo-

491 1163 590 1218 ris.
614 1162 918 1234 Episcopus
959 1177 1092 1218 vero
1123 1161 1416 1218 confestim
1463 1178 1564 1219 sua
1605 1161 1796 1218 omnia
1831 1160 1993 1232 diripi
2029 1169 2084 1215 et

489 1255 760 1328 publicari
788 1253 1065 1326 praecepit,
1095 1263 1150 1310 et
1175 1253 1249 1308 ita
1285 1253 1388 1310 iste
1411 1254 1656 1310 exsulem
1691 1270 1750 1310 se
1772 1263 1828 1308 et
1847 1267 2081 1324 egenum

489 1347 603 1418 iam
634 1347 727 1402 diu
755 1346 924 1402 fuisse
959 1345 1343 1416 conqueritur;
1373 1358 1566 1402 verum
1590 1347 1708 1401 haec
1741 1345 1901 1401 nobis
1932 1345 2083 1401 inor—

489 1441 679 1498 dinata
707 1453 762 1498 et
800 1443 956 1498 valde
1003 1442 1192 1513 iniqua
1229 1441 1508 1510 videntur,
1557 1441 1852 1514 quoniam’,
1899 1442 1945 1498 si
1988 1443 2079 1498 illa

489 1552 620 1592 vera
658 1545 806 1603 sunt,
842 1537 1162 1607 episcopus,
1192 1536 1304 1593 imo
1345 1535 1728 1608 exepiseopus,
1765 1553 1876 1592 non
1909 1537 2076 1605 hunc,

490 1629 590 1684 sed
623 1629 1016 1684 conscientiam
1041 1645 1199 1685 suam
1226 1630 1410 1686 odisse
1429 1639 1484 1686 et
1505 1631 1757 1702 persequi
1782 1631 2075 1698 debuerat;

479 1719 578 1782 ain
604 1735 736 1774 vero
762 1719 920 1788 falsa,
945 1728 1002 1776 et
1035 1721 1247 1776 utinam
1296 1721 1461 1784 falsa!
1501 1739 1612 1778 non
1644 1733 1825 1778 tamen
1856 1724 2074 1791 milites,

487 1809 584 1865 sed
619 1810 974 1880 disciplinam
1007 1827 1318 1882 canonum,
1363 1813 1528 1870 istum
1577 1815 1855 1886 corripere
1891 1827 1944 1871 et
1980 1816 2079 1872 lla«

487 1899 689 1977 gellare
711 1915 929 1972 aequum
965 1902 1163 1963 fuerat.
1193 1903 1464 1972 Quocirca
1495 1884 1895 1962 fraternitatem
1930 1916 2078 1967 tuam
2117 1884 2157 1942 Β

488 1993 788 2061 apostolica
825 1995 1152 2051 auctoritate
1175 1998 1570 2054 commouitam
1595 2009 1652 2054 et
1683 1999 1736 2054 in
1772 2000 1876 2057 bac
1911 2016 2079 2060 causa

488 2084 768 2141 suffultam
810 2103 932 2144 esse
962 2089 1361 2159 volumus,'ut,
1394 2102 1700 2149 convocato
1731 2103 1787 2148 et
1819 2094 2082 2164 adjuncto

489 2175 590 2232 tibi
617 2178 816 2234 dilecto
851 2180 1131 2238 confratre
1179 2191 1372 2238 nostro
1413 2182 1748 2262 Herimanno
1779 2185 2079 2240 venerabili

487 2273 748 2347 episcopo
793 2275 1041 2346 Metrnsi,
1079 2276 1395 2334 Tullensem
1440 2279 1800 2349 conveniatis,
1845 2295 2081 2351 eumque

487 2375 552 2422 ut
579 2367 841 2423 clericum
873 2369 1040 2424 istum
1091 2371 1210 2426 sine
1240 2371 1392 2426 omni
1414 2371 1660 2442 periculo
1681 2371 1810 2428 vitae
1831 2381 1888 2428 et
1921 2389 2081 2429 secu-

487 2471 614 2512 rum
642 2458 715 2514 ab
754 2459 906 2513 omni
939 2460 1274 2521 contumelia
1319 2461 1372 2516 in
1415 2461 1720 2519 claustrum
1746 2479 1908 2518 suum
1937 2463 2081 2518 reci-

485 2551 622 2621 piat,
647 2561 702 2606 et
731 2552 969 2608 ofﬁcium
996 2554 1260 2610 custodiat
1289 2571 1414 2611 cum
1447 2556 1676 2612 ecclesia
1697 2572 1862 2629 quam
1888 2568 2082 2630 pastu-

485 2647 640 2715 lavit,
677 2648 724 2704 s-i
749 2649 898 2718 justo
933 2650 1145 2717 attinet,
1196 2667 1322 2706 cum
1373 2652 1586 2707 creteris
1623 2635 1884 2708 omnibus
1913 2652 2081 2723 jnstis

485 2739 836 2812 pertinentiis
883 2749 938 2796 et
983 2741 1310 2800 utilitatibus
1355 2743 1500 2810 suis,
1547 2752 1603 2798 et
1657 2744 2078 2815 prteposituram

488 2847 668 2899 suam,
705 2841 762 2888 et
793 2832 1029 2894 odieium
1057 2835 1394 2902 scholarum,
1421 2851 1522 2890 nec
1543 2850 1654 2890 non
1691 2835 1874 2891 omnia
1897 2837 2078 2894 ablata

489 2922 594 2978 sibi
616 2923 780 2993 bona,
807 2932 862 2980 et
885 2933 997 2981 tam
1031 2926 1480 2983 irrationabiliter
1512 2927 1661 2984 illata
1687 2929 1888 2985 damna
1921 2929 2078 2985 resti-

487 3021 628 3081 tuat,
665 3016 986 3087 apostolicis
1013 3017 1360 3088 jussionibus
1390 3020 1808 3077 eommoneatis.
1851 3019 2075 3088 Deinde,

486 3111 807 3168 convocatis
843 3111 1196 3172 Tullensibus
1222 3112 1438 3172 clericis
1478 3130 1577 3188 per
1611 3129 1798 3172 veram
1829 3131 1925 3172 eos
1955 3116 2080 3171 obe-

486 3199 772 3270 dientiam,
809 3202 921 3258 imo
943 3203 1047 3264 sub
1067 3205 1494 3271 comminatione
1523 3206 1910 3274 anathematis,
1940 3221 2076 3263 eon—

488 3292 770 3362 stringite,
805 3303 864 3349 ut
909 3295 1178 3366 quidquid
1213 3296 1281 3352 de
1311 3297 1539 3352 introitu
1589 3309 1644 3352 et
1687 3305 1800 3354 vita
1835 3297 2074 3368 episcopi

489 3383 692 3450 sciunt,
741 3386 897 3441 vobis
949 3387 1225 3456 aperiant;
1262 3397 1320 3443 et
1349 3403 1470 3455 vos,
1517 3389 1757 3461 undique
1795 3390 2074 3460 explorata

487 3475 738 3544 veritate,
776 3479 908 3548 quid
940 3479 1102 3536 nobis
1133 3479 1259 3536 inde
1281 3481 1614 3538 credendum
1645 3483 1734 3548 sit,
1765 3481 1820 3538 in
1867 3483 2076 3560 synodo

487 3570 722 3625 velante
747 3571 1020 3643 synodum
1041 3588 1209 3644 quam
1257 3573 1312 3630 in
1339 3574 1515 3645 prima
1541 3575 1882 3632 hebdomade
1929 3575 2077 3642 Qua-

488 3659 810 3732 dragesima:
837 3662 1168 3719 celebraturi
1212 3678 1437 3731 smnus,
1477 3681 1575 3737 per
1603 3666 1816 3723 litteras
1863 3675 2075 3724 vestras

487 3752 775 3809 notiﬁeare
795 3753 1112 3813 nullatenus
1142 3759 1558 3829 prtetermittite.
1601 3757 1757 3826 Quod
1785 3759 1830 3814 si
1863 3759 2076 3828 episco-

487 3859 613 3920 pus,
651 3853 710 3900 ut
735 3853 1012 3917 optamus,
1041 3849 1306 3908 innocens
1342 3850 1411 3905 de
1445 3859 1525 3909 tot
1547 3865 1612 3906 ac
1638 3849 1804 3906 tantis
1828 3849 2076 3904 crimini-

485 3935 593 3998 bus
619 3940 954 4012 apparuerit,
979 3941 1123 4022 quod
1150 3941 1384 4001 clericus
1409 3951 1613 4000 temere
1633 3943 1899 4014 peccavit,
1930 3957 2072 4012 quo-

489 4031 640 4088 niam
689 4033 757 4090 ad
805 4043 1052 4093 nostram
1079 4037 1227 4092 venit
1273 4036 1630 4105 audientiam,
1669 4039 1905 4116 qualiter
1927 4037 2073 4108 juste

487 4127 816 4199 corrigatur,
859 4127 972 4184 Deo
1002 4129 1299 4200 aspirante,
1350 4130 1789 4202 procurabimus.
1837 4131 1895 4186 Si
1943 4143 2072 4185 vero

485 4216 777 4288 episcopus
791 4235 857 4274 ea
877 4236 1001 4290 qua:
1015 4220 1119 4276 sibi
1134 4221 1492 4277 intenduntur
1507 4221 1773 4278 veraciter
1795 4234 2073 4277 removere

487 4324 604 4374 non,
635 4313 863 4380 poterit,
913 4312 1066 4376 nullo
1109 4313 1271 4370 modo
1320 4313 1604 4371 ferendum
1647 4322 1736 4371 est
1761 4313 1948 4379 nobis,
1989 4311 2072 4368 vel

486 4401 663 4467 vobis,
694 4411 757 4458 ut
779 4403 962 4460 locum
991 4407 1230 4474 pastoris
1259 4407 1422 4477 lupus
1455 4408 1718 4464 obtineat.
1749 4404 1862 4461 llas
1887 4413 2070 4460 autem

485 4491 700 4552 litteras
727 4495 934 4553 idcirco
962 4506 1150 4567 aperte
1179 4498 1404 4570 sigillari
1433 4500 1812 4570 praecepimus,
1845 4509 1904 4554 ut
1947 4513 2070 4554 cer-

485 4584 685 4642 tiorem
707 4589 863 4644 vobis
887 4590 1267 4646 auctoritatem
1299 4591 1654 4647 traderemus.

558 4675 708 4738 Data.
739 4678 924 4736 Romae
944 4681 1161 4738 decimo
1181 4685 1413 4754 septimo
1436 4680 1704 4740 Kalendas
1724 4679 2068 4752 Novembris,

485 4767 784 4830 indictione
805 4773 1018 4830 decima
1045 4776 1228 4836 tertia.

1047 4911 1380 4970 EI’ISTOLA
1415 4915 1506 4972 XI.

695 5013 756 5054 ιβ
787 5015 1070 5060 Αιεειιτιῑιι
1101 5022 1360 5075 CODIITEM,
1389 5027 1458 5066 ET
1489 5027 1614 5066 Ε]υὸ
1637 5025 1870 5076 UXOREM.

1075 5097 1257 5164 (Anno
1291 5100 1474 5174 1074.)

483 5179 698 5238 Laudat
721 5184 881 5254 ﬁdem
917 5193 974 5266 et
1005 5186 1308 5266 religionem
1344 5211 1544 5266 eorum.
1583 5193 1948 5262 Quorumdam
1971 5213 2080 5266 ept—

556 5268 833 5316 swporum
865 5254 1065 5311 scelera
1092 5254 1439 5316 reprehendit.
1484 5254 1658 5316 Μωῖρι
1682 5276 1738 5316 ut
1761 5254 2072 5316 net-sistant-

2105 3257 2148 3318 Ο

2102 4624 2147 4680 1)

2185 597 2321 658 Nam
2347 603 2422 658 illi
2453 603 2548 676 qui
2587 613 2808 676 propter
2833 604 3125 660 lucrandas
3165 603 3384 659 animas
3413 602 3654 674 episcopi
3684 590 3800 656 vo;

2185 696 2296 751 cati
2325 704 2380 751 et
2420 697 2706 754 constituti
2763 705 2914 764 sunt,
2957 705 3012 751 et
3057 695 3306 752 subditos
3347 711 3484 751 suos
3525 695 3699 750 verbo
3733 703 3798 750 et

2184 792 2440 862 exemplo
2468 787 2612 848 viam
2663 788 2910 847 veritatis
2943 790 3142 846 docere
3175 787 3458 855 deberent,
3515 789 3603 844 bis
3637 798 3798 844 tem-

2186 883 2414 953 poribus
2436 884 2648 940 seducti
2678 900 2709 938 a
2731 883 2971 950 diabolo,
3000 899 3112 938 non
3134 883 3313 938 solum
3357 883 3539 954 legem
3559 881 3656 937 Dei
3675 882 3794 938 de-

2183 985 2403 1043 serunt,
2431 977 2527 1032 sed
2579 961 2906 1048 impugnare
2937 983 2994 1031 et
3027 975 3181 1030 omni
3203 985 3408 1032 conatu
3455 975 3796 1032 subvertere

2185 1081 2296 1123 non
2331 1069 2625 1126 desistunt.
2680 1069 2802 1136 Quo
2833 1069 3042 1124 eminus
3085 1068 3398 1125 mirandum
3435 1076 3524 1124 est
3572 1069 3622 1124 si
3671 1067 3793 1139 ipsi

2182 1160 2470 1218 inferiores
2491 1163 2713 1218 ordines
2736 1178 2768 1216 a
2807 1161 3008 1218 delicto
3057 1177 3170 1216 non
3199 1161 3513 1232 prohibent,
3538 1175 3788 1232 quorum

2183 1264 2278 1309 aut
2303 1254 2576 1312 ordinatio
2596 1253 2703 1310 fuit
2723 1249 2996 1322 haeretica,
3025 1263 3122 1310 aut
3153 1255 3266 1309 vita
3295 1254 3449 1310 omni
3481 1252 3792 1308 immundi—-

2184 1345 2257 1400 tia
2282 1355 2338 1400 et
2373 1345 2718 1402 facinoribus
2738 1357 2994 1417 cooperta
3019 1363 3038 1402 :
3063 1347 3184 1418 qui,
3203 1347 3340 1402 dum
3372 1345 3430 1400 in
3467 1344 3789 1416 semetipsis

2181 1439 2402 1509 propria
2425 1439 2630 1496 scelera
2659 1455 2760 1496 nec
2787 1440 3075 1512 corrigunt
3101 1455 3204 1495 nec
3246 1439 3560 1506 attendunt,
3587 1438 3786 1498 subdi-

2181 1541 2364 1587 torum
2409 1547 2630 1604 quoque
2674 1532 2908 1589 crimina
2952 1541 3050 1588 aut
3099 1549 3196 1604 per
3244 1531 3642 1604 negligentiam
3683 1541 3788 1586 aut

2183 1625 2378 1680 timore
2401 1627 2636 1697 propriae
2658 1625 3011 1682 conscientia:
3040 1634 3278 1697 portant.
3305 1624 3382 1680 De
3403 1624 3608 1696 quibus
3635 1633 3783 1680 recte

2181 1734 2278 1789 per
2301 1717 2628 1790 Prophetam
2663 1718 2910 1774 dicitur:
2964 1710 3326 1774 Obscurcmur
3378 1718 3522 1772 oculi
3573 1726 3779 1783 eorum,

2183 1825 2247 1864 ne
2271 1810 2506 1876 rideant,
2553 1819 2604 1865 et
2631 1811 2852 1874 dorsum
2891 1826 3076 1866 eorum
3103 1827 3306 1882 semper
3339 1811 3561 1864 incurva
3599 1808 3775 1881 (Paul.

2185 1904 2399 1975 vatu).
2441 1902 2786 1976 Quapropter
2843 1903 3109 1975 quidquid
3168 1903 3244 1958 illi
3294 1911 3489 1958 contra
3520 1901 3780 1969 vos,imo

2183 2005 2376 2054 contra
2396 1995 2668 2066 justitiam
2689 1997 2953 2069 garriant,
2987 2005 3042 2052 et
3063 2010 3170 2068 pro
3205 1995 3552 2052 defendenda
3584 1995 3778 2066 nequi.

2183 2089 2256 2144 tia
2279 2105 2380 2144 sua
2403 2089 2582 2156 vobis,
2609 2089 2706 2160 qui
2727 2089 2966 2150 illiterati
2991 2089 3150 2156 estis,
3169 2086 3455 2160 objiciant,
3482 2102 3585 2142 vos
3607 2087 3664 2142 in
3678 2103 3778 2158 pus

2182 2181 2342 2237 ritate
2362 2191 2417 2236 et
2449 2183 2759 2238 constantia
2806 2181 2932 2237 ﬁdei
2958 2191 3157 2238 vestrm
3199 2187 3613 2251 permanentes,
3657 2194 3778 2250 qua

2181 2275 2249 2330 de
2277 2275 2552 2346 episcopis
2575 2284 2634 2332 et
2655 2274 3032 2332 sacerdotibus
3063 2273 3420 2340 Simoniacis',
3450 2281 3550 2326 ant
3569 2273 3628 2327 in
3667 2271 3780 2326 for,

2183 2366 2456 2422 nicatione
2485 2367 2820 2438 jacentibus,
2867 2367 2938 2422 ab
2969 2367 3272 2437 apostolica
3308 2366 3437 2422 sede
3464 2365 3776 2436 accepistis,

2181 2459 2412 2516 firmiter
2429 2460 2638 2518 credite
2665 2469 2722 2516 et
2749 2470 2952 2522 tenete.

2252 2551 2386 2608 Data
2425 2551 2610 2609 Romae
2658 2553 2895 2624 septimo
2939 2553 3210 2614 Kalendas
3239 2551 3603 2619 Novembris,
3639 2549 3784 2612 indi~

2181 2647 2364 2703 ctione
2385 2647 2601 2704 decima
2624 2647 2804 2702 tertia.
3299 2669 3302 2672 ’

2731 2761 3066 2818 EPISTULA
3103 2761 3216 2818 XII.

2496 2875 2522 2913 Α
2533 2875 2562 2912 υ
2593 2874 3114 2913 ηειιλιειιετλιιῐζκςιεδι
3147 2874 3460 2913 l-ZI'ISCOI‘I'SI.

2787 2949 2970 3023 (Anno
2989 2949 3172 3018 um.)

2183 3043 2394 3099 Laudat
2419 3044 2532 3116 ejus
2560 3062 2686 3117 erga
2715 3043 3016 3117 Romanam
3037 3043 3331 3099 Errlestam
3361 3044 3782 3117 observantium,

2182 3156 2184 3159 -
2251 3132 2411 3187 quam
2440 3113 2516 3172 ea;
2565 3113 2679 3187 ejus
2721 3116 2890 3187 animi
2924 3113 3106 3170 dolore
3139 3124 3496 3187 perspexerat,
3527 3115 3674 3185 quod
3697 3113 3778 3187 ιε’-ο

2250 3185 2363 3257 gati
2395 3185 2677 3258 apostolici
2701 3187 2758 3241 in
2779 3185 2876 3242 illo
2911 3202 3067 3257 regno
3103 3203 3206 3242 non
3227 3185 3288 3240 eo
3316 3201 3420 3258 quo
3441 3185 3668 3258 decebat
3685 3185 3780 3258 ξιον

2251 3255 2376 3311 nare
2415 3255 2644 3330 suscepti
2687 3255 2978 3330 [nimenta
3009 3274 3170 3330 quam
3211 3255 3338 3312 rem
3366 3256 3455 3330 eis
3495 3255 3782 3330 contigisse

2251 3328 2472 3452 putauit
2514 3327 2696 3404 quam’
2727 3327 3033 3403 apostolica}
3061 3328 3200 3386 sedis
3245 3327 3628 3383 auctoritatem
3669 3327 3780 3380 rio»

2273 3415 2409 3452 asse.

2273 3415 2409 3452 0889.

2247 3489 2558 3546 Gnncomus
2581 3491 2894 3563 episcopus,
2917 3506 3110 3548 servus
3141 3505 3426 3546 servorum
3446 3487 3570 3554 Dei,
3598 3487 3781 3544 llalbi-

2177 3583 2400 3639 stetensi
2426 3581 2774 3656 [Buncnanno
2804 3582 3229 3656 Alberstatensi]
3257 3582 3518 3653 episcopo
3540 3581 3777 3637 salutem

2175 3683 2229 3731 et
2255 3676 2612 3746 apostolicam
2643 3675 3102 3732 benedictionem.

2246 3767 2522 3834 Ostendis,
2560 3767 2746 3834 frater,
2773 3777 2824 3824 te
2849 3776 3096 3824 sanctam
3135 3767 3439 3824 Romanam
3466 3765 3775 3822 l-Jeclesiam

2175 3861 2396 3916 sincero
2418 3855 2614 3916 aﬁ'ectu
2641 3861 2888 3933 diligere,
2917 3859 3138 3932 quando
3171 3860 3224 3915 id
3254 3867 3436 3916 movet
3457 3873 3556 3914 cor
3584 3868 3642 3914 et
3658 3859 3777 3913 ani-

2175 3970 2327 4009 mum
2350 3962 2526 4019 tuum,
2561 3955 2770 4026 legatos
2793 3953 2940 4008 sedis
2963 3951 3278 4023 apostolica:
3305 3952 3359 4005 in
3393 3965 3566 4021 regno
3589 3959 3800 4020 vestro.

2177 4061 2284 4104 non
2307 4063 2374 4102 eo
2403 4062 2514 4117 quo
2537 4046 2780 4117 oportuit
2810 4046 3022 4100 honore
3045 4053 3331 4115 susceptos
3354 4041 3550 4107 fuisse,
3575 4057 3682 4098 nec
3709 4057 3774 4097 ea

2173 4138 2621 4211 quteChristiana
2637 4138 2831 4210 religio
2852 4137 3186 4208 postulabat,
3215 4145 3270 4192 et
3291 4135 3474 4191 adhuc
3503 4133 3772 4204 postulat,

2172 4240 2338 4304 prout
2381 4246 2606 4288 necesse
2641 4229 2802 4297 foret,
2856 4227 3068 4284 efficere
3107 4225 3373 4298 potuisse.
3415 4223 3626 4280 Verum
3672 4239 3773 4278 nos

2173 4326 2348 4381 multo
2375 4325 2551 4397 magis
2581 4324 2699 4380 hmo
2729 4323 2838 4379 illis
2871 4321 3137 4377 accidisse
3176 4320 3454 4398 volumus,
3492 4333 3667 4386 quam
3715 4323 3774 4370 ut

2173 4417 2297 4489 ipsi,
2326 4417 2644 4474 hominibus
2666 4415 2840 4488 magis
2870 4429 3036 4485 quam
3073 4413 3187 4468 Deo
3212 4412 3428 4485 placere
3461 4411 3769 4480 cupientes,

2172 4511 2456 4567 veritatem
2483 4519 2538 4566 et
2565 4509 2872 4566 libertatem
2917 4505 3064 4562 illius
3089 4521 3215 4578 quae
3250 4504 3304 4559 in
3351 4503 3433 4559 eis
3465 4517 3772 4572 reprarsen-

2175 4604 2393 4660 labatur
2441 4602 2783 4660 auctoritatis
2816 4599 3000 4672 aliqua
3037 4598 3388 4656 simulatione
3440 4595 3767 4650 violassent.

2173 4695 2311 4752 Nam
2359 4698 2405 4753 si
2445 4697 2786 4768 principibus
2824 4703 2880 4750 et
2930 4693 3192 4750 divitibus
3232 4701 3390 4747 terra:
3435 4697 3638 4745 vestrae
3683 4705 3769 4745 re-

2171 4807 2339 4862 gnare
2359 4807 2460 4862 pro
2488 4789 2711 4846 libidine
2735 4797 2790 4844 et
2827 4789 3098 4860 justitiam
3147 4786 3242 4842 Dei
3295 4785 3655 4850 conculcare,
3688 4794 3772 4840 ta-

2175 4885 2268 4939 citi
2294 4884 2607 4941 consentire
2621 4882 2907 4948 vellemus,
2923 4881 3170 4954 profecto
3185 4879 3482 4944 amicitias,
3511 4893 3769 4944 munera,

2177 4977 2566 5048 snbjectiones,
2621 4975 2859 5042 laudem,
2893 4983 2950 5030 et
2979 4971 3309 5044 magnificas
3342 4971 3413 5027 ab
3437 4969 3522 5027 eis
3544 4971 3772 5026 honori—

2178 5068 2425 5126 ficentias
2474 5069 2674 5124 habere
2726 5082 3035 5138 possemus.
3065 5064 3222 5132 Quod
3256 5063 3388 5136 quia
3411 5063 3537 5119 loco
3581 5063 3639 5118 in
3663 5077 3770 5134 quo

2176 5177 2372 5217 sumus
2413 5169 2470 5216 et
2510 5159 2686 5215 ofﬁcio
2732 5157 2880 5230 quod
2918 5165 3168 5213 tenemus
3216 5155 3446 5211 minime
3491 5155 3769 5228 congruit,

2177 5253 2316 5308 nihil
2347 5260 2432 5310 est
2464 5252 2612 5316 quod
2634 5266 2737 5308 nos
2771 5267 2800 5305 a
2843 5250 3110 5306 charitate
3153 5248 3384 5316 Christi,
3435 5247 3562 5316 ipso
3591 5256 3771 5316 prote-
