3982 5316
244 399 351 458 573

245 619 307 663 ut
339 624 395 662 ui
420 623 483 663 ea
503 624 670 679 quam
695 624 823 679 erga
861 617 1108 665 sanctam
1152 618 1208 664 et
1249 610 1601 680 apostolicam
1638 610 1821 665 Eccle-

244 699 383 755 siam
412 699 609 754 habere
637 702 847 771 coepisti
878 701 1167 756 dilectione
1193 701 1467 771 proﬁcias,
1515 718 1667 772 spem
1693 718 1822 757 vero

244 786 300 841 in
327 796 510 843 nostra
549 788 837 855 charitate,
876 790 985 844 imo
1021 789 1166 844 beati
1205 787 1351 844 Petri
1383 790 1721 861 protectione
1769 798 1820 844 et

242 875 363 945 ejus
407 876 705 945 apostolica
758 877 1127 933 indubitanter
1180 878 1575 947 benedictione,
1624 879 1823 935 habere

244 963 501 1020 conﬁdas.
538 962 539 971 “
710 966 713 983 ⁸

312 1052 672 1112 θείειῚὶοηιω
718 1074 791 1113 vu
827 1055 1094 1115 Kalendas
1137 1056 1480 1127 Novembris,
1530 1059 1823 1116 indictione

244 1142 457 1201 Irritus
481 1145 675 1202 tertia-
794 1150 797 1157 ’

602 1252 609 1261 ί
774 1290 1106 1347 EPISTOLA
1143 1290 1279 1353 χιιι.
1322 1326 1329 1333 γ
1412 1334 1415 1335 γ

484 1430 491 1435 “
520 1419 588 1460 ιιι
620 1418 937 1460 εαιιλοιιθκῑκ
963 1420 1137 1459 REGE!
1163 1420 1534 1460 ηιτκολθσιυι.

830 1517 1012 1589 (Anno
1045 1517 1226 1603 um.)

244 1626 493 1701 Queritur
514 1628 801 1701 quodcum
832 1627 1123 1701 [Iungaricc
1150 1646 1363 1701 regnum
1384 1630 1530 1701 juris
1559 1630 1628 1684 sit
1652 1631 1823 1684 sancti

304 1698 483 1771 Petri,
510 1698 543 1752 ἀ
578 1698 985 1771 Τετιιοηίεονιιηὶ
1021 1714 1133 1769 rege
1164 1698 1217 1753 in
1262 1698 1577 1769 beneficium
1609 1714 1823 1771 accepe-

242 1798 249 1803 ε
302 1770 394 1842 rit.
423 1768 608 1842 Monet
634 1779 696 1823 ut
719 1770 883 1835 illud,
921 1768 1155 1824 correcta
1177 1786 1355 1824 errore
1379 1768 1495 1837 suo,
1528 1771 1594 1824 ab
1619 1768 1829 1842 aposto-

248 1900 255 1907 ο
305 1838 415 1905 lica
436 1841 561 1899 sedc
584 1850 924 1912 recognoscat

239 1980 269 1991 --
302 1950 621 2008 Cosconius
638 1952 951 2023 episcopus,
975 1967 1168 2009 servus
1187 1967 1472 2009 servorum
1505 1952 1630 2019 Dei,
1652 1951 1824 2007 SALG-

1290 404 1493 459 LIBER
1532 403 1914 461 SECUNDUS.
1955 436 2026 445 —
2064 406 2279 461 EPIST.
2322 406 2453 461 XIV.

244 514 516 571 ﬂammam
550 516 604 570 in
636 525 853 588 pectore
876 526 969 573 tuo
1000 533 1216 588 semper
1259 535 1505 575 crescere
1552 520 1825 590 cupimus,
1857 521 1902 576 A

3396 405 3509 459 τῆξ

2459 516 2790 573 EPISTOLA
2818 515 2889 571 ΧΙ
2901 515 2957 570 ν.

1924 654 1991 691 ΔΙ)
2021 653 2363 694 ῦυληκειιιωι
2394 653 2827 693 ΑΩΟΕΝΤΙΝΕΝΒΕΜ
2859 653 2928 691 ΕΤ
2962 653 3313 691 θυιιεηλιωωι

2420 725 2652 763 ιεεκεειι
2685 724 2982 764 [1³18001⁵οᾶ

2511 818 2689 888 (Ληηο
2726 816 2905 885 ton.)

1929 931 1996 986 ιί
2048 947 2230 985 curam
2290 930 2582 984 advocatio:
2627 928 2933 982 monasterii
2983 925 3193 981 Sancta:
3240 924 3429 981 Cruci:
3470 942 3508 978 tt

1994 1000 2165 1054 Leone
2199 1000 2282 1054 IX
2310 1001 2620 1064 constructi,
2643 1000 2804 1069 juxta
2830 997 3069 1069 ejusdem
3092 996 3360 1069 pontiﬁcis
3383 1011 3506 1048 con-

1935 1078 1941 1082 ’
1993 1072 2340 1135 stitutionem,
2409 1065 2657 1124 Cerardo'
2734 1065 2862 1137 ejus
2899 1065 3307 1137 ncpoti‘inajori
3377 1073 3508 1120 nqu

1993 1140 2321 1212 adjudicent,
2348 1150 2396 1195 et
2431 1139 2706 1212 Hugonem
2730 1139 2794 1192 ab
2819 1155 2880 1193 ea
2914 1137 3218 1192 excludant.

1996 1279 2305 1335 GREGORIL‘S
2325 1279 2634 1349 episcopus,
2658 1292 2850 1331 servus
2874 1289 3155 1335 servorum
3181 1271 3295 1338 Dei,
3323 1270 3507 1327 (Ζωικ-

1924 1387 2084 1427 ncnio
2126 1370 2510 1442 Argeutinensi
2567 1379 2621 1425 et
2676 1368 2999 1424 Bracnunno
3056 1365 3352 1421 Basileensi
3403 1366 3510 1435 cpi-

1925 1465 2106 1535 sc0pis
2129 1465 2359 1520 salutem
2383 1473 2436 1518 et
2460 1462 2815 1534 apostolicam
2842 1459 3293 1516 benedictionem.
3382 1508 3387 1515 .
3424 1448 3429 1453 ’

1994 1575 2113 1631 Νοιι
2157 1576 2409 1647 ignorare
2456 1591 2554 1630 vos
2596 1573 2872 1629 credimus
2924 1571 3523 1647 dominum‘nostrum.

1924 1666 2096 1721 beatae
2120 1665 2399 1720 memoriae
2441 1663 2678 1718 Leonem
2713 1679 2909 1733 papam
2952 1661 3346 1716 monasterium
3381 1658 3515 1713 San-

1925 1766 2026 1812 ctzc
2055 1756 2251 1813 Crucis
2301 1755 2354 1810 in
2405 1764 2548 1810 terra
2598 1754 2930 1810 liacreditatis
2953 1769 3066 1809 sua:
3101 1752 3408 1816 fundatum,
3447 1766 3525 1805 at:

1858 1887 1899 1943 Β
1926 1851 2161 1922 propriis
2184 1850 2379 1920 Opibus
2409 1849 2528 1919 ejus
2572 1857 2972 1912 constructum,
3011 1855 3215 1902 sanctae
3251 1845 3512 1899 ltoiuana:

1925 1945 2206 2009 Ecclesiae,
2226 1943 2317 1997 cui
2347 1942 2433 2012 pie
2457 1950 2510 1996 et
2536 1950 2721 1997 sancte
2761 1940 3106 2011 prmsidebat,
3142 1938 3196 1992 in
3229 1937 3513 2007 proprium

237 2055 358 2096 nom
384 2042 539 2111 (363)
568 2044 684 2114 regi
722 2041 1128 2115 Hungarorum,
1179 2044 1412 2099 salutem
1454 2052 1509 2099 et
1555 2045 1822 2115 apostoli-
1917 2034 2010 2105 jus
2060 2032 2368 2107 tradidisse,
2416 2039 2688 2102 quatenus
2725 2028 3050 2085 venerabilis
3108 2028 3196 2081 ille
3222 2028 3376 2082 locus
3407 2026 3513 2081 sub

236 2146 353 2187 eam
387 2134 851 2190 benedictionem.

242 2247 249 2264 ι
301 2221 523 2279 Littera
547 2231 659 2282 tua:
693 2226 767 2279 ad
800 2240 905 2282 nos
946 2226 1098 2281 tarde
1130 2235 1355 2297 propter
1400 2240 1610 2281 moram
1646 2228 1823 2283 nuntii

238 2312 315 2368 tui
342 2314 523 2369 allata:
558 2322 730 2368 sunt:
758 2330 897 2385 quas
924 2315 1166 2386 quidem
1204 2318 1377 2371 multo
1400 2316 1689 2387 benignius
1710 2332 1826 2371 ma-

236 2419 336 2461 nus
360 2415 554 2461 nostra
579 2407 934 2475 suscepisset.
975 2408 1021 2461 si
1048 2417 1142 2462 tua
1187 2409 1407 2464 incauta
1439 2409 1683 2464 conditio
1714 2425 1824 2465 non

236 2496 367 2551 adeo
389 2496 614 2552 beatum
658 2494 881 2551 Petrum
919 2497 1252 2553 oﬂ'endisset.
1300 2496 1459 2564 Nam,
1489 2499 1632 2554 sicut
1655 2515 1685 2555 a
1707 2514 1827 2555 ma-

235 2586 442 2656 joribus
466 2588 664 2657 patria:
685 2595 796 2642 tua:
816 2602 1154 2658 cognoscere
1186 2597 1363 2658 potes,
1407 2602 1635 2660 regnum
1670 2589 1825 2643 Huiu-

239 2680 397 2751 garize
429 2688 639 2735 sancte
691 2678 953 2735 Romanae
1003 2679 1260 2737 Ecclesia:
1316 2682 1597 2752 proprium
1630 2691 1734 2748 est,
1794 2699 1825 2738 a

240 2785 363 2830 reae
387 2769 672 2841 Stephano
726 2770 875 2841 (565)
904 2771 1035 2825 olim
1086 2771 1247 2826 beato
1280 2771 1445 2828 Petro
1492 2788 1619 2827 cum
1674 2774 1826 2828 omni

237 2861 355 2932 jure
380 2871 436 2917 et
489 2870 766 2932 potestate
809 2878 907 2918 sua
943 2863 1185 2918 oblatum
1216 2870 1272 2919 et
1302 2863 1495 2919 devote
1541 2864 1823 2919 traditum.

240 2950 505 3008 Praeterea
534 2952 805 3009 Henricus
828 2952 979 3024 (564)
1004 2952 1108 3024 pia:
1129 2956 1406 3009 memoriae
1439 2954 1736 3025 imperator
1758 2954 1827 3011 ad

242 3041 503 3097 honorem
530 3043 708 3098 sancti
732 3041 879 3098 Petri
907 3059 1135 3114 regnum
1159 3045 1293 3100 illud
1317 3060 1660 3117 expugnans,
1685 3046 1827 3102 victo

243 3145 384 3201 rege,
411 3139 467 3186 et
493 3130 635 3187 facta
665 3133 918 3200 victoria,
967 3134 1037 3189 ad
1069 3149 1271 3205 corpus
1311 3136 1458 3191 beati
1513 3135 1660 3191 Petri
1704 3136 1827 3192 lan-

244 3235 390 3278 ceam
411 3237 791 3294 coronamque
826 3225 1149 3294 transmisit,
1167 3236 1221 3283 et
1245 3243 1347 3298 pro
1368 3228 1539 3300 gloria
1565 3230 1825 3301 triumphi

249 3313 333 3369 sui
355 3315 486 3370 illuc
509 3316 661 3387 regni
691 3316 893 3371 direxit
922 3317 1178 3389 insignia,
1205 3336 1315 3391 quo
1352 3321 1714 3393 principatum
1742 3323 1827 3378 di—

250 3406 467 3477 gnitatis
500 3408 619 3479 ejus
661 3409 896 3479 attinere
928 3412 1199 3482 cognovit.
1239 3413 1371 3480 Quae
1403 3430 1529 3470 cum
1579 3416 1653 3471 ita
1696 3417 1824 3483 sint,

251 3507 304 3552 tu
332 3508 542 3573 tamen,
578 3503 635 3556 in
662 3504 878 3559 caeteris
901 3519 1121 3575 quoque
1151 3522 1183 3560 a
1214 3507 1362 3578 regia
1395 3508 1594 3564 virtute
1615 3518 1672 3565 et
1706 3516 1827 3564 mo-

252 3589 398 3646 ribus
420 3591 585 3663 longe
630 3593 939 3661 discedens,
966 3595 1060 3666 jus
1081 3603 1137 3651 et
1167 3596 1433 3653 honorem
1489 3601 1664 3656 sancti
1685 3599 1829 3657 Petri

253 3690 513 3753 quantum
542 3682 611 3738 ad
651 3691 724 3750 te,
754 3683 1081 3740 imminuisti
1124 3693 1180 3740 et
1222 3685 1505 3754 alienasti,
1548 3688 1678 3744 dum
1712 3690 1832 3760 ejus

254 3790 476 3844 regnum
500 3791 529 3829 a
548 3790 674 3846 rege
694 3774 1117 3832 Teutonicorum
1134 3777 1188 3832 in
1210 3778 1555 3847 beneﬁcium,
1573 3782 1713 3837 sicut
1735 3799 1833 3837 au-

255 3863 505 3931 divimus,
552 3864 862 3937 suscepisti.
915 3865 1071 3933 Quod
1118 3867 1166 3923 si
1225 3884 1416 3924 verum
1445 3878 1547 3938 est,
1603 3873 1835 3943 qualiter

259 3955 480 4027 gratiam
506 3956 650 4013 beati
675 3946 855 4025 Petri,
875 3967 968 4013 aut
994 3966 1238 4015 nostram
1260 3960 1687 4017 benevolentiam
1713 3979 1836 4034 spe-

260 4061 373 4101 rare
393 4046 617 4113 debeas,
643 4056 702 4102 tu
726 4048 862 4119 ipse,
901 4049 947 4103 si
966 4048 1236 4120 justitiam
1286 4051 1371 4106 vis
1391 4053 1689 4123 attendere,
1724 4068 1833 4107 non

259 4137 494 4210 ignoras,
524 4138 773 4196 videlicet
794 4149 848 4197 te
876 4156 986 4195 non
1020 4142 1178 4197 aliter
1207 4158 1328 4197 eam
1361 4142 1698 4213 habiturum,
1736 4160 1835 4202 nec

261 4229 367 4284 sine
391 4228 692 4301 apostolica
716 4230 1190 4288 animadversione
1211 4232 1305 4288 diu
1328 4242 1703 4306 regnaturum,
1729 4235 1835 4291 nisi

263 4330 525 4394 sceptrum
579 4323 731 4397 regni
779 4324 927 4398 quod
976 4332 1150 4391 tenes,
1207 4334 1455 4407 correcto
1498 4342 1684 4383 errore
1717 4336 1834 4396 tuo,

263 4415 585 4487 apostolicae,
619 4431 730 4470 non
772 4414 955 4487 regiae,
1002 4416 1304 4487 majestatis
1326 4417 1647 4474 beneﬁcium
1683 4434 1837 4475 reco—

262 4522 482 4578 gnoscas
508 4525 524 4574 ;
555 4522 734 4578 neque
765 4507 913 4562 enim
957 4524 1059 4564 nos
1100 4509 1318 4578 timore,
1354 4510 1440 4564 vel
1483 4524 1690 4577 amore,
1744 4519 1839 4567 aut

1924 2127 2037 2182 alis”
2055 2125 2229 2181 sancti
2264 2123 2408 2179 Petri
2438 2123 2606 2179 tutior
2633 2132 2687 2177 et
2709 2121 2931 2177 liberior
2955 2120 3008 2175 in
3034 2120 3221 2175 divino
3244 2117 3513 2172 famulatu

1921 2222 2226 2292 proliceret.
2268 2218 2492 2285 Verum,
2520 2219 2661 2274 sicut
2692 2233 2794 2272 nos
2828 2225 2975 2271 certa
3014 2214 3278 2270 relatione
3300 2228 3515 2283 compe-

1923 2309 2118 2376 rimus,
2157 2319 2382 2380 nepotes
2425 2308 2591 2375 illius,
2624 2306 2792 2378 ,llugo
2845 2306 3094 2362 videlicet
3127 2314 3183 2360 et
3234 2304 3514 2359 Gerardus

1924 2386 2023 2459 sua
2051 2403 2234 2475 potius
2256 2419 2421 2473 quam
2448 2417 2570 2471 qua:
2614 2399 2707 2454 Dei
2744 2407 2873 2455 sunt
2916 2406 3244 2469 quaerentes,
3273 2412 3372 2452 nec
3401 2405 3512 2451 tam

1924 2493 2256 2550 sanctissimi
2285 2493 2384 2547 viri
2409 2491 3037 2548 excommunicationem
3067 2489 3344 2554 timentes,
3380 2487 3517 2546 dum

1924 2587 2067 2640 inter
2100 2601 2157 2641 se
2187 2584 2253 2640 de
2296 2581 2579 2639 advocatia
2611 2581 2970 2647 contendunt,
3015 2578 3336 2636 monasterii
3368 2578 3522 2646 bona

1924 2678 2209 2749 diripiunt,
2231 2685 2285 2732 et
2310 2694 2432 2748 qum
2461 2676 2529 2731 ad
2578 2675 3032 2731 sustentationem
3060 2673 3384 2730 ancillarum
3416 2671 3526 2728 Dei

1926 2772 2225 2848 constituta
2294 2779 2425 2826 sunt
2484 2769 2766 2841 sacrilegis
2832 2768 3208 2824 invasionibus
3250 2765 3531 2823 militibus,

1926 2864 2043 2938 suis
2069 2862 2305 2933 praedam
2330 2860 2555 2916 faciunt.
2607 2860 2950 2930 Quapropter
2991 2857 3388 2913 fraternitatem
3420 2871 3521 2911 νεῖ-ι

1927 2964 2099 3011 stram
2150 2955 2383 3012 multum
2433 2968 2693 3024 rogamus
2746 2959 2802 3005 et
2855 2950 3233 3014 admonemus,
3289 2956 3371 3013 ut,
3413 2961 3516 3016 pro

1927 3061 2113 3103 amore
2134 3054 2189 3101 et
2215 3046 2397 3101 debita
2439 3053 2631 3101 sancto
2657 3042 2818 3098 Petro
2862 3039 3192 3105 obedientia,
3239 3038 3432 3093 ambos
3457 3037 3515 3092 in

1928 3141 2109 3196 locum
2133 3140 2371 3210 aliquem
2404 3146 2589 3193 vestro
2622 3135 2917 3194 conventui
2952 3142 3136 3206 aptum
3181 3131 3515 3197 couvocetis,

1928 3240 2000 3298 et,
2036 3247 2259 3288 causam
2307 3230 2562 3300 utrinque
2611 3227 2896 3300 diligenter
2937 3226 3298 3297 inquirentcs,
3350 3223 3515 3277 ﬁnem

1928 3321 2265 3380 contentioni
2303 3336 2495 3377 eorum
2522 3321 2802 3391 imponere
2835 3332 3181 3388 summOperc
3229 3314 3516 3380 studentis,

1931 3413 1986 3470 in
2020 3413 2171 3470 nullo
2214 3413 2437 3484 quidem
2472 3412 2542 3468 ab
2586 3426 2653 3468 ea
2686 3427 2809 3482 qua:
2834 3410 2888 3465 in
2932 3409 3215 3481 privilegio
3251 3406 3520 3479 praelibati

1929 3504 2109 3561 Patris
2141 3504 2317 3561 nostri
2350 3501 2551 3560 Leonis
2572 3518 2731 3575 papa:
2747 3502 3019 3572 descripta
3063 3509 3146 3557 est
3169 3500 3518 3556 constitutio-

1931 3611 2000 3651 ne
2028 3593 2562 3651 etdetcrminatione
2609 3591 2994 3664 digredientes.
3051 3591 3130 3646 lbi
3180 3591 3326 3647 enim
3378 3590 3520 3645 inter

1931 3695 2127 3741 caetera
2163 3686 2282 3756 ejus
2341 3671 2970 3756 apostolica/sanctione
3004 3682 3284 3738 decretum
3317 3689 3422 3746 est,
3459 3690 3519 3735 ut

1932 3774 2027 3848 qui
2048 3777 2113 3832 de
2122 3776 2380 3848 progenie
2393 3792 2491 3832 sua
2506 3775 2560 3829 in
2577 3783 2760 3830 castro
2775 3773 3124 3846 Egeneschen
3138 3770 3519 3845 [Engesheim]

1933 3868 2146 3924 caeteris
2187 3868 2362 3937 major
2412 3875 2540 3922 natu
2584 3865 2745 3921 fuerit
2785 3881 2973 3922 curam
3028 3863 3324 3920 advocatis:
3367 3863 3521 3919 solus

1934 3967 2137 4025 teneat,
2167 3960 2297 4014 etin
2325 3974 2542 4013 omnem
2574 3959 2945 4029 posteritatem
2981 3956 3101 4027 ejus
3155 3956 3371 4028 generis
3404 3957 3522 4012 haec

1934 4056 2175 4120 potestas
2219 4048 2293 4102 ita
2346 4048 2623 4118 procedat.
2677 4047 2839 4102 Juxta
2893 4064 3059 4118 quam
3115 4046 3539 4103 ordinationem.

1935 4139 2236 4195 Gerardum
2287 4139 2505 4210 quidem
2561 4139 2806 4209 justitias
2864 4154 3044 4209 agere,
3087 4146 3141 4193 et
3179 4137 3540 4200 advocationi,-

1936 4234 2111 4306 magis
2155 4233 2352 4288 merito
2381 4249 2544 4304 quam
2601 4230 2883 4305 llugonem
2932 4230 3315 4287 administrare
3358 4238 3539 4303 putas,

1937 4342 2082 4392 mus,
2120 4325 2249 4397 quia
2280 4333 2437 4380 aetate
2472 4323 2711 4395 priorem
2738 4338 2859 4380 esse
2882 4321 3266 4379 intelleximus.
3292 4320 3449 4390 Quod
3471 4321 3538 4379 si.-

1937 4425 1992 4473 et
2013 4434 2109 4472 vos
2135 4418 2204 4471 ita
2231 4433 2351 4472 esse
2390 4415 2774 4488 cognoveritis,
2807 4431 2874 4472 ex
2918 4423 3071 4486 parte
3103 4415 3247 4471 beati
3270 4413 3542 4481 Petri,.et.

1940 4519 2128 4566 nostra
2155 4510 2471 4580 apostolica,
2514 4516 2698 4565 vestra
2746 4510 2908 4566 etiam
2935 4507 3231 4580 episcopali
3274 4506 3519 4567 auctori-

262 4598 429 4670 aliqua
454 4599 735 4672 personali
758 4599 1095 4671 acceptione,
1118 4609 1384 4670 quantum
1414 4598 1525 4655 Deo
1548 4602 1839 4672 adjuvante
1870 4622 1914 4677 D
1942 4612 2070 4670 tate,
2099 4602 2314 4676 Hugoni
2346 4603 2651 4660 interdicite
2705 4621 2773 4661 ne
2822 4604 3053 4660 ulterius
3108 4603 3220 4660 ullo
3261 4602 3520 4663 mododc

261 4690 577 4761 poterimus,
608 4690 852 4745 debitum
906 4691 1171 4745 honorem
1206 4691 1346 4761 ejus,
1380 4692 1537 4763 cujus
1573 4694 1714 4748 servi
1749 4709 1838 4749 su-

261 4797 392 4849 mus,
449 4781 829 4852 irrequisitum
894 4781 1287 4850 relinquemus.
1355 4780 1557 4836 Verum
1618 4783 1664 4837 si
1720 4782 1836 4839 haec

261 4875 563 4941 emendare,
612 4883 665 4929 et
708 4875 876 4930 vitam
912 4884 1085 4941 tuam,
1120 4883 1179 4928 ut
1233 4891 1415 4945 regem
1451 4875 1622 4941 decet,
1679 4878 1836 4932 insti-

260 4977 402 5023 tuere
437 4975 516 5032 et,
541 4966 652 5021 Deo
683 4967 1002 5033 miserante,
1040 4964 1308 5021 adornare
1348 4966 1607 5034 volueris,
1644 4971 1835 5038 procul

256 5059 415 5114 dubio
468 5056 812 5113 dilectionem
848 5062 1056 5115 sancta:
1099 5054 1356 5112 Romanae
1392 5055 1645 5113 Ecclesia
1695 5058 1837 5115 sicut

258 5148 443 5204 matris
472 5148 701 5205 dilectus
726 5150 892 5215 ﬁlius,
920 5157 977 5202 et
1023 5155 1267 5201 nostram
1298 5148 1349 5201 in
1394 5147 1615 5204 Christo
1645 5151 1836 5206 amici-

256 5240 380 5295 tiam
411 5238 574 5308 plene
594 5239 785 5296 habere
813 5237 1047 5312 poteris.

1937 4697 2126 4752 eadem
2177 4698 2463 4752 advocatia
2507 4712 2566 4753 se
2609 4697 2959 4763 inti-omittat,
3012 4713 3190 4768 neque
3246 4704 3533 4758 monastee.

1938 4787 2104 4854 rium,
2131 4796 2227 4842 aut
2248 4788 2390 4843 bona
2413 4788 2554 4860 ejus,
2580 4787 2959 4857 cujuscunque
2983 4788 3130 4843 modi
3183 4788 3314 4854 sint,
3339 4788 3523 4857 aliqua

1937 4878 2161 4935 laesione
2191 4880 2275 4935 vel
2308 4878 2693 4935 contrarietate
2738 4880 2982 4950 impetat,
3028 4881 3273 4957 alioquin
3296 4881 3434 4937 sciat
3467 4894 3527 4934 se

1939 4970 2223 5042 apostolici
2246 4971 2408 5045 gladii
2436 4972 2605 5027 ictum
2638 4972 2952 5028 nullatenus
2990 4976 3221 5032 evadere
3254 4987 3440 5044 posse,
3472 4980 3529 5026 et

1939 5080 2050 5120 non
2081 5063 2262 5133 solum
2296 5081 2326 5119 a
2350 5064 2524 5135 gratia
2554 5062 2702 5119 beati
2731 5064 2896 5133 Petri,
2949 5067 3042 5122 sed
3076 5083 3122 5125 a.
3136 5063 3528 5126 communione

1938 5154 2110 5210 totius
2135 5153 2394 5211 Ecclesiae
2408 5153 2619 5226 judicio
2643 5158 2821 5217 sancti
2871 5157 3108 5229 Spiritus
3147 5170 3203 5219 et
3228 5153 3531 5231 apostolica

1939 5245 2207 5303 sententia
2229 5241 2767 5305 excommunicatum
2783 5265 2846 5306 ac
2860 5250 3284 5316 condemnatum
3312 5247 3531 5316 penitus

3361 652 3420 689 ΒΑ
3429 653 3505 690 51-
3590 694 3597 712 |
