3982 5316
244 248 397 306 577—

1323 252 1541 309 LIBER
1566 252 1952 314 SECUNDBS.
1989 284 2062 297 -—-
2097 254 2321 315 EPIST.‘
2358 255 2535 325 XXII;

3452 258 3561 335 378,

244 365 383 422 sibi
406 365 721 432 aotiﬂcetis,
752 372 809 421 et
843 372 907 422 ut
941 365 1059 435 ipse
1088 365 1387 423 stultorum
1421 369 1866 441 suggestionibus
1895 376 1941 435 Α
2035 372 2210 441 facere
2255 372 2611 439 recusaverit,
2659 370 2974 427 canonicam
3016 387 3072 426 m
3114 387 3234 427 eum
3279 389 3558 435 censuram

244 457 648 513 renuntiando
679 464 844 527 atque
865 456 1137 513 honorum
1173 466 1231 514 et
1263 459 1595 529 sapientium
1618 460 1868 518 consiliis

245 548 606 609 adhaerendo
646 548 879 620 incipiat
913 548 1030 621 jam
1064 566 1097 606 ι
1139 549 1466 608 confusione
1506 553 1865 612 ecclesiarum

245 653 504 693 manum
529 640 830 707 retrahere,
854 648 914 699 et
931 641 1000 699 ad
1021 642 1299 713 exemplar
1326 643 1598 701 bonorum
1622 643 1871 705 Francia

246 744 721 801 regum-pravos
761 746 947 789 mores
995 745 1131 789 suos
1173 743 1549 802 commutare,
1586 736 1868 808 depmda-

248 820 453 878 tiones
475 838 622 893 quas
647 839 819 894 supra
850 828 1430 896 commemoravimus,
1453 829 1597 887 unde
1618 838 1867 890 oratores

246 911 449 969 meti
488 912 644 970 Petri
682 915 1078 985 impediuntur,
1116 917 1411 989 capiuntur
1458 929 1624 990 atque
1677 921 1869 979 multis

249 1004 451 1060 modis
479 1003 818 1072 adiciuntur,
852 1005 978 1064 sine
1022 1007 1288 1066 dilatione
1326 1010 1639 1069 emendare.
1672 1011 1779 1080 Qui
1817 1013 1868 1075 si

248 1098 519 1154 oonsiﬁis
542 1099 747 1155 rostris
766 1100 1122 1171 acquievcrit,
1158 1119 1264 1160 nos
1293 1118 1424 1163 eum
1461 1122 1573 1177 qua
1602 1106 1871 1167 debemus

248 1187 539 1244 εδει-ἣδε
569 1191 965 1247 tractabimus:
995 1194 1277 1265 alioquin,
1314 1195 1363 1254 si
1403 1196 1460 1254 in
1510 1201 1870 1269 perversitas

248 1279 580 1335 “radiorum
615 1297 847 1339 suorum
885 1284 1296 1355 perduraverit,
1329 1296 1387 1344 et
1418 1290 1725 1348 secundum
1757 1293 1866 1350 du-

252 1370 454 1428 ritiam
474 1380 535 1428 et
560 1372 917 1443 impcenitens
948 1391 1043 1432 eor
1087 1394 1250 1435 suum
1295 1380 1437 1436 iram
1468 1379 1563 1439 Dei
1593 1390 1649 1438 et
1687 1385 1864 1441 sancti

252 1460 412 1518 Petri
465 1464 572 1521 sibi
622 1464 1112 1536 tbesaurizavcrit,
1146 1485 1270 1537 nos,
1321 1470 1432 1529 Deo
1477 1474 1777 1533 auxiliante
1808 1487 1865 1535 et

580 1571 685 1610 sua
736 1569 1118 1628 promerente,
1168 1561 1225 1617 in
1271 1561 1519 1620 Romana
1569 1567 1779 1638 synodo
1829 1584 1863 1624 ει

253 1657 497 1714 corpore
538 1654 595 1703 et
644 1651 1034 1706 communione
1084 1662 1291 1710 sanctte
1334 1654 1597 1713 Ecclesia:
1643 1657 1861 1728 ipsum,

252 1750 320 1797 et
353 1743 677 1813 quicunque
719 1744 825 1800 sibi
868 1748 1109 1818 regalem
1155 1750 1423 1806 honorem
1475 1752 1557 1807 vel
1603 1753 1860 1808 obedien-

254 1834 395 1890 tiam
444 1836 797 1904 exhibuerit,
854 1839 974 1894 sine
1021 1840 1189 1897 dubio
1253 1842 1756 1914 sequestrahimus,
1807 1853 1862 1900 ct

255 1925 383 1996 ejus
425 1927 677 1997 quotidie
713 1945 881 2000 super
913 1931 1090 1986 altare
1125 1934 1300 1989 sancti
1341 1932 1491 1989 Petri
1541 1949 1859 1990 excommu-

256 2018 467 2073 nicatio
487 2019 931 2078 continuabitur.
962 2022 1064 2080 Diu
1096 2033 1182 2097 est
1198 2025 1347 2081 enim
1367 2026 1516 2097 quod
1538 2026 1858 2097 iniquitates

256 2122 391 2163 snas
437 2111 825 2179 portavimus;
869 2113 963 2168 diu
1014 2123 1099 2170 est
1146 2116 1296 2187 quod
1346 2126 1554 2174 sancte
1599 2117 1857 2174 Ecclesia:

257 2199 518 2270 injuriam
571 2203 855 2273 parcendo
900 2202 1286 2262 adolescentiae
1332 2222 1447 2263 sua:
1480 2208 1855 2265 dissimulavi-

257 2302 399 2355 mus.
425 2289 587 2348 Nune
613 2301 802 2349 autem
829 2296 964 2353 adeo
994 2297 1327 2368 perversitas
1363 2316 1581 2355 morum
1625 2314 1852 2357 suorum

258 2398 317 2438 se
342 2385 641 2455 notabilem
675 2386 941 2455 reddidit,
975 2398 1034 2445 ut
1075 2390 1120 2446 si
1159 2399 1324 2447 tantm
1364 2392 1694 2450 valetudinis
1733 2402 1853 2449 tan—

260 2481 437 2545 taeque
466 2474 816 2533 fortitudinis
848 2490 1026 2548 esset,
1066 2491 1337 2552 quantum
1372 2484 1568 2555 pagani
1615 2485 1853 2556 impera—

261 2573 404 2623 tores
458 2567 667 2623 sanctis
732 2571 1067 2642 martyribus
1108 2572 1446 2642 intulerunt,
1506 2590 1607 2631 nos
1656 2576 1854 2632 timore

262 2657 445 2727 aliquo
490 2668 571 2713 tot
614 2669 671 2715 et
718 2669 900 2719 tantas
952 2663 1268 2735 iniquitates
1314 2682 1444 2723 suas
1495 2668 1646 2723 nullo
1688 2669 1850 2724 modo

262 2749 555 2822 impunitas
575 2754 1003 2813 dimitteremus.
1564 2816 1571 2819 .
1771 2824 1775 2829 ,

330 2844 459 2901 Data
493 2845 686 2905 Romae
718 2847 905 2905 Idibus
939 2849 1283 2921 Novembris,
1314 2852 1615 2909 indictione
1637 2855 1850 2911 decima

261 2939 432 2999 tertia.

788 3033 1127 3091 EPISTOLA
1176 3036 1318 3092 XIX.
1336 3082 1340 3087 .

352 3142 415 3182 AD
466 3140 789 3184 RICHARDU!
826 3142 1217 3186 ιιτωιιεεκεειι
1263 3148 1734 3189 Λιιειιιεριδεοιτωι.

849 3222 1030 3294 (Anno
1068 3223 1251 3295 mu.)

255 3309 533 3386 Signiﬁcat
575 3328 632 3386 se
684 3313 739 3366 ei
795 3320 846 3367 et
906 3311 1198 3369 Turonensi
1247 3313 1640 3386 archiepiscopo
1674 3315 1845 3386 litem

314 3392 447 3435 mter
497 3382 788 3438 Dolensem
839 3386 1217 3440 mouasterimn
1275 3395 1323 3440 et
1371 3382 1610 3442 abbatem
1657 3385 1841 3442 Sancti

319 3450 537 3524 Sulpitii
584 3455 946 3524 commisisse,
982 3464 1254 3529 "tenetque
1292 3467 1349 3511 ut
1384 3474 1499 3512 eam
1535 3458 1765 3513 decidat.

318 3564 631 3624 Caesonius
703 3568 1031 3640 episcopus,
1093 3586 1285 3628 servus
1355 3588 1639 3629 servorum
1706 3571 1837 3637 Dei,

249 3654 525 3719 thnanno
560 3659 895 3716 Bituricensi
925 3662 1340 3737 archiepiscopo
1371 3666 1600 3721 salutem
1625 3674 1679 3721 et
1705 3681 1838 3737 apo-

248 3751 495 3806 stolicam
524 3751 986 3810 benedictionem.

313 3839 549 3896 Dolense
571 3845 973 3900 monasterium
994 3887 1009 3912 ,
1036 3846 1178 3902 sicut
1204 3848 1353 3902 novit
1378 3845 1690 3904 fraternitas
1716 3858 1833 3916 tua,

241 3932 380 4015 juris
430 3934 613 3989 sancti
647 3933 794 3989 Petri
834 3951 957 3993 esse
1000 3938 1363 4010 dignoscitur,
1399 3939 1488 3995 cui
1529 3942 1573 3995 si
1611 3942 1832 4012 aliquod

243 4024 541 4080 discrimen
591 4025 907 4095 inferretur,
948 4030 1171 4100 speciali
1212 4031 1576 4087 sollicitudine
1608 4049 1834 4088 succur-

241 4133 358 4173 rere
401 4119 688 4176 debemus.
736 4120 972 4178 Proindc
1026 4124 1453 4194 proclamatione
1503 4125 1675 4195 ipsius
1713 4142 1832 4181 mo-

239 4215 466 4271 nasterii
520 4231 684 4287 super
741 4217 936 4273 abbate
991 4218 1177 4274 Sancti
1233 4218 1450 4293 Sulpitii
1504 4220 1829 4292 jamdudum

236 4305 436 4375 pulsati
513 4307 895 4365 commisimus
957 4310 1221 4367 confratri
1291 4323 1481 4369 nostro
1544 4314 1830 4386 Rodulpho

237 4394 548 4455 Turonensi
573 4401 989 4475 archiepiscopo
1014 4406 1372 4475 quaestionem
1404 4407 1692 4481 utriusque
1710 4424 1828 4462 mo—

237 4493 464 4549 nasterii
535 4510 641 4550 una
699 4505 881 4552 tecum
943 4497 1232 4570 diligenter
1284 4499 1590 4565 discutere,
1649 4508 1703 4555 et
1759 4501 1825 4556 ad
1860 4512 1905 4566 Ι)

233 4585 568 4658 legitimum,
609 4588 723 4645 Deo
758 4591 1076 4659 auxiliante,
1118 4592 1452 4651 definitionis
1489 4595 1651 4650 finem
1696 4610 1823 4666 per-

233 4678 449 4737 ducere.
527 4680 756 4738 Studeat
827 4684 999 4756 igitur
1077 4684 1393 4744 fraternitas
1463 4696 1554 4743 tua
1626 4689 1707 4745 sic
1764 4703 1825 4744 se

234 4769 459 4855 praefato
480 4772 742 4831 confratri
785 4785 980 4833 nostro
1007 4776 1062 4834 in
1096 4779 1199 4836 hac
1220 4796 1389 4837 causa
1424 4781 1822 4838 auxiliatricem

237 4860 564 4932 impendere,
598 4875 873 4936 quatenus
903 4868 960 4922 in
998 4869 1356 4940 inquisitione
1398 4872 1565 4946 hujus
1599 4873 1676 4930 rei
1710 4889 1820 4929 non

238 4955 303 5009 sit
326 4957 487 5013 nobis
516 4962 893 5033 necessarium
925 4962 1230 5039 elaborare.

302 5045 434 5106 Data
461 5048 645 5109 Roma;
674 5054 895 5123 decimo
929 5055 1163 5126 septimo
1187 5059 1459 5117 Kalendas
1482 5060 1817 5128 Decembris,

241 5138 522 5212 indictione
547 5145 754 5211 decima
785 5147 981 5204 tertia.

759 5259 1112 5316 EPISTOLA
1149 5265 1267 5316 XX-

1893 1780 1936 1838 Β

2034 458 2271 499 exercere
2288 442 2460 513 jubet.
3558 520 3561 523 Ἴ

2041 534 2354 595 Caesonius
2423 536 2747 609 episcopus,
2809 549 3003 592 servus
3070 550 3355 593 servomm
3418 535 3514 593 Dei
3541 578 3560 602 ,

1967 626 2232 687 Βιωιειιιο
2254 625 2558 685 Senoncnsi
2594 627 3029 702 archiepiscOpo,
3064 626 3294 685 salutem
3329 636 3383 686 et
3420 643 3556 701 apo-

1966 719 2217 776 stolicam
2244 718 2703 776 benedictionem.

2036 807 2326 867 Confrater
2374 817 2562 865 noster
2616 803 2939 881 Rodulphus
2982 807 3321 868 Turonensis
3369 810 3557 866 archi-

1965 898 2279 972 episcopus,
2309 900 2536 957 veniens
2570 897 2640 957 ad
2667 915 2791 969 nos,
2824 900 3066 958 innotuit
3094 912 3154 959 se
3181 918 3291 960 non
3323 918 3552 975 parvam

1966 992 2227 1063 injuriam
2268 1009 2299 1050 a
2336 994 2579 1066 quodam
2625 995 2962 1067 parochiano
3000 1004 3123 1064 tuo,
3157 998 3379 1055 nomine
3403 996 3553 1053 Lan-

1968 1084 2162 1153 zelino,
2192 1085 2543 1142 sustinuisse.
2577 1086 2789 1143 Asserit
2828 1084 2974 1143 enim
3006 1084 3189 1161 ipsum
3228 1090 3285 1145 in
3331 1090 3419 1146 via
3448 1089 3553 1147 sibi

1964 1183 2178 1232 armata
2217 1192 2385 1232 manu
2421 1177 2706 1246 obviasse,
2739 1187 2795 1234 et
2824 1175 3156 1251 quibusdam
3190 1197 3417 1238 suorum
3452 1180 3553 1238 de-

1964 1267 2254 1341 prmdatis,
2305 1266 2636 1340 quibusdam
2692 1269 2859 1327 etiam
2903 1270 3238 1339 vulneratis,
3280 1281 3337 1328 et
3382 1271 3553 1345 (quod

1965 1362 2243 1418 crudelius
2278 1363 2384 1435 est)
2424 1364 2479 1418 in
2514 1362 2708 1421 faciem
2736 1377 2840 1420 suo
2884 1364 3109 1437 proprio
3144 1360 3554 1436 consanguineo

1965 1440 2285 1517 interfecto,
2347 1452 2536 1509 multis
2603 1451 2952 1509 contumeliis
3010 1471 3070 1512 se
3136 1453 3552 1511 dehonestasse.

1967 1535 2124 1596 Unde
2152 1541 2552 1599 fraternitatem
2595 1553 2743 1600 tuam
2781 1543 3144 1602 admonemus
3176 1552 3238 1603 ut
3262 1544 3551 1618 prmfatum

1966 1631 2320 1691 Lanzelinum
2360 1636 2678 1701 convenias,
2721 1647 2776 1692 et
2815 1636 2956 1694 tanti
3009 1638 3231 1693 sceleris
3277 1653 3549 1709 praesum-

1965 1726 2206 1797 ptionem
2243 1728 2407 1800 digne
2441 1730 2735 1786 emendare
2769 1730 2977 1786 facias:
3017 1731 3162 1801 quod
3188 1729 3407 1802 quidem
3442 1729 3556 1786 fra-

1963 1816 2193 1875 ternitas
2242 1829 2333 1876 tua
2378 1820 2541 1876 etiam
2586 1821 2706 1876 sine
2737 1831 3051 1877 nostrarum
3097 1822 3407 1878 litterarum
3449 1821 3552 1877 ad-

1961 1910 2264 1967 monitione
2287 1910 2468 1967 facere
2492 1913 2798 1979 debuisset;
2832 1921 2890 1968 et
2913 1913 2959 1969 si
2993 1913 3067 1968 ita
3094 1923 3198 1979 est,
3227 1921 3290 1968 ut
3325 1911 3550 1978 dicitur,

1957 1999 2112 2070 prius
2137 2001 2205 2056 ad
2241 2017 2344 2058 nos
2373 2003 2628 2059 vindictae
2677 2018 2841 2075 quam
2876 2005 3326 2075 proclamationis
3364 2004 3552 2070 venire

1957 2091 2104 2150 fama
2145 2092 2456 2163 debuisset,
2490 2097 2537 2151 si
2587 2096 2642 2150 in
2681 2105 2734 2151 te
2771 2096 3008 2152 fraterna
3045 2096 3290 2154 charitas
3317 2093 3548 2169 vigeret.

1955 2181 2112 2250 Quod
2159 2184 2207 2240 si
2254 2186 2372 2256 ipse
2414 2187 2610 2258 spiritu
2653 2187 2925 2259 superbia:
2977 2189 3180 2247 ductus
3229 2188 3551 2246 satisfacere

1952 2277 2308 2345 recusaverit,
2340 2279 2666 2335 canonicam
2700 2294 2869 2352 super
2894 2296 3021 2336 eum
3057 2294 3346 2337 censuram
3383 2295 3545 2336 exer-

1952 2382 2078 2434 cere
2102 2384 2215 2423 non
2234 2368 2482 2427 differas.

1966 2526 1973 2535 _
2023 2460 2159 2517 Data
2186 2461 2377 2520 Romae
2404 2465 2621 2522 decimo
2651 2466 2888 2537 septimo
2912 2466 3185 2524 Kalendas
3209 2466 3524 2529 Decembris

1952 2551 2250 2609 indictione
2280 2556 2492 2611 decima
2532 2558 2711 2613 tertia.
3538 2596 3543 2597 κ

2481 2644 2820 2703 EPISTULA
2864 2647 3006 2703 XXI.

2320 2732 2387 2770 AD
2426 2733 2556 2771 ΑΒΒᾹ
2565 2730 2671 2772 TER
2710 2734 3156 2774 BELLIIDCENSEM.

2544 2806 2725 2878 (Anno
2765 2807 2947 2879 1074.)

1952 2889 2019 2951 τι
2047 2896 2441 2968 archiepiscopo
2472 2898 2764 2971 Turonensi
2786 2908 3008 2969 pareat;
3038 2900 3121 2955 sin
3140 2899 3391 2971 aliquam
3420 2898 3542 2953 idco

2016 2981 2168 3041 mam
2208 2971 2599 3030 excusationem
2634 2970 2853 3037 habeat,
2886 2972 2955 3024 ad
2980 2970 3239 3041 synodum
3285 2986 3391 3023 una
3418 2985 3541 3041 cum

2015 3040 2201 3112 nuntio
2256 3040 2426 3112 ipsius
2485 3042 2868 3112 archiepiscopi
2931 3040 3137 3107 veniat,
3194 3041 3272 3096 rel
3322 3040 3545 3112 nuntios

1870 3143 1913 3201 ρ
2015 3111 2215 3176 mittat,
2251 3111 2315 3165 de
2349 3128 2449 3166 sua
2497 3111 2852 3168 inabedientia
2885 3122 2935 3168 et
2966 3114 3183 3184 objectis
3224 3111 3541 3183 criminibus

2019 3198 2379 3251 responsurus.

2014 3272 2324 3331 Caesonius
2360 3276 2675 3348 episc0pus,
2713 3294 2908 3334 servus
2951 3293 3236 3334 servorum
3272 3270 3391 3345 Dei,
3431 3275 3534 3331 al)-

1942 3366 2052 3421 bati
2093 3368 2471 3437 Belliloccnsi,
2519 3371 2752 3426 salutem
2797 3380 2853 3426 et
2903 3368 3263 3442 apostolicam
3307 3367 3535 3425 benedi-

1941 3459 2199 3515 ctionem.

1922 3560 1929 3568 ‘
2010 3552 2300 3609 Confrater
2342 3562 2529 3610 noster
2576 3534 2913 3626 Rodulphus'
2958 3549 3298 3610 Turonensis
3345 3551 3533 3609 archi-

1936 3643 2227 3714 episc0pns
2269 3644 2453 3699 retulit
2485 3644 2644 3702 nobis
2680 3654 2730 3700 te
2760 3644 2966 3700 nullam
3014 3644 3119 3701 sibi
3155 3644 3521 3700 obedientiam

1936 3736 2072 3791 velle
2094 3736 2428 3808 impendere,
2477 3748 2637 3809 teque
2668 3736 2856 3794 usuris
2883 3738 3205 3810 eaeterisquc
3229 3736 3532 3793 sceleribus

1934 3828 2194 3883 ell‘renata
2224 3829 2442 3885 licentia
2470 3830 2764 3885 deservire.
2793 3828 3139 3902 Quapropter
3164 3830 3530 3885 admonemus

1936 3925 1995 3971 ut
2024 3917 2284 3987 prmdicto
2332 3917 2599 3973 confratri
2634 3927 2828 3974 nostro
2874 3919 3112 3976 debitam
3151 3935 3260 3973 non
3294 3916 3531 3987 deneges

1933 3996 2319 4063 obedientiam.
2373 4007 2531 4076 Quod
2587 4009 2635 4063 si
2682 4008 2939 4079 aliquam
2990 4017 3041 4064 te
3098 4007 3384 4079 cognoscis
3406 4005 3529 4060 ido-

1933 4114 2093 4152 ncam
2128 4114 2291 4168 posse
2340 4098 2679 4169 praetendere
2723 4101 3167 4166 excusationem,
3216 4114 3340 4154 cum
3383 4110 3531 4177 prata

1931 4189 2063 4246 dicti
2097 4188 2394 4247 confratris
2422 4190 2597 4245 nostri
2628 4190 2822 4246 nuntio
2857 4191 2925 4246 ad
2956 4190 3224 4264 synodum
3261 4203 3427 4259 quam
3464 4186 3533 4267 in,

1931 4283 2109 4353 prima
2140 4281 2446 4353 septimana
2476 4280 2922 4354 Quadragesimaa
2949 4280 3275 4338 celebraturi
3307 4295 3529 4347 sumus,

1930 4374 2152 4444 venias,
2182 4375 2269 4431 vel
2305 4372 2534 4431 idoneos
2567 4374 2793 4430 nuntios
2821 4374 3006 4430 mittas
3030 4393 3043 4428 :
3081 4382 3353 4445 quatenus
3375 4379 3429 4427 ct
3457 4371 3531 4426 de

1932 4464 2302 4522 inobedientia
2359 4463 2792 4538 archiepiscopi,
2837 4473 2892 4522 et
2943 4467 3009 4521 de
3052 4464 3378 4539 criminibus
3425 4461 3529 4519 tibi

1930 4557 2162 4629 objectis
2195 4558 2551 4630 respondeas.
2582 4556 2707 4614 Non
2744 4559 2895 4615 enim
2931 4572 3247 4629 possumus,
3288 4554 3435 4626 quod
3465 4554 3525 4609 in

1928 4647 2084 4705 laicis
2126 4649 2375 4721 legalitcr
2422 4650 2901 4721 reprehendimus,
2940 4649 2999 4704 in
3039 4659 3090 4705 te
3128 4648 3526 4713 indiscussum,

1925 4748 1981 4797 et
2017 4741 2086 4813 (si
2121 4757 2315 4797 verum
2337 4751 2425 4799 est
2450 4742 2600 4814 quod
2633 4741 2894 4816 infertur)
2916 4742 3037 4799 sine.
3070 4743 3338 4816 condigna
3362 4753 3531 4810 poma

1926 4824 2264 4895 puniendum
2287 4826 2618 4899 relinquere.

1999 4920 2136 4978 Data
2163 4922 2351 4979 Romae
2364 4922 2580 4979 decimo
2613 4925 2856 4998 septimo
2881 4919 3158 4979 Kalendas
3189 4916 3533 4986 Decembris,

1926 5014 2225 5071 indictione
2258 5015 2473 5072 decima
2509 5015 2696 5074 tertia.

2452 5102 2803 5167 EPISTOLA
2836 5104 3003 5163 XXII.

2247 5194 2315 5232 AD
2354 5191 2609 5234 ﬂUGONBI
2651 5198 2721 5237 DE
2756 5195 2960 5238 SANCTA
2998 5194 3200 5235 IAUM.

2513 5266 2706 5316 (Anno
2744 5270 2929 5316 lﬂ'ﬂ.-\
