3982 5316
481 431 590 487 379

1123 432 1180 488 S.
1221 408 1550 490 GREGORII
1589 429 1680 487 VII
1717 430 1934 488 PAPE.
1957 430 2244 489 OPERUM
2279 428 2465 486 PARS
2499 429 2648 485 Ιν-
2681 427 3105 488 REGISTRUM.

3642 429 3750 482 380

494 559 503 572 '
548 545 840 605 Confrater
893 546 1081 604 noster
1123 546 1448 619 Bodulplius
1494 547 1852 606 Turonensis
1883 547 2064 606 archi—
2093 551 2140 608 Α
2165 549 2324 604 berto
2363 546 2670 604 Pictavensi
2713 547 2974 618 episcopo
3021 545 3407 612 mandati-isse,
3449 543 3544 617 [ex
3595 559 3758 614 supe-

479 639 772 712 episcopus
804 639 1162 712 conqueritur
1189 640 1337 710 quod
1375 648 1432 694 tu
1477 641 1621 696 bona
1661 640 1920 697 Ecclesize
1954 657 2069 697 suae

477 731 680 803 injuste
709 735 966 802 retineas,
992 743 1047 789 et
1067 748 1246 805 neque
1289 732 1487 788 timore
1527 731 1654 798 Dei,
1694 749 1873 805 neque
1911 749 2066 789 reve-

476 824 652 880 rentia
691 825 835 881 beati
885 823 1164 892 Mauritii,‘
1187 825 1255 880 ad
1289 824 1563 896 justitiam
1592 823 1898 880 faciendam
1932 825 2070 881 velis

475 929 714 995 mentem
739 925 888 972 tuam
917 917 1202 974 inclinare.
1229 915 1386 972 Unde
1411 916 1714 989 apostolica
1741 916 2070 972 auctoritate

475 1023 796 1079 monemus,
846 1019 938 1078 ut,
991 1009 1039 1066 si
1087 1011 1160 1064 ita
1195 1018 1299 1075 est,
1351 1010 1420 1064 de
1457 1008 1640 1065 ‘bonis
1679 1005 1802 1065 illis
1845 1007 2067 1080 dignam

473 1100 906 1159 satisfactionem
963 1102 1226 1174 praedicto
1284 1099 1547 1157 confratri
1600 1110 1790 1158 nostro
1844 1100 2062 1156 offeras.

473 1189 631 1258 Quod
671 1191 719 1248 si
751 1191 984 1248 fortasse
1017 1193 1087 1248 ab
1121 1193 1312 1250 eodem
1358 1191 1776 1264 archiepiscopo
1804 1192 2070 1264 przejudié

473 1279 621 1338 cium
681 1285 778 1347 tibi
826 1285 944 1340 fieri
989 1285 1270 1352 claruerit,
1315 1301 1444 1341 cum
1489 1286 1682 1342 nuntio
1719 1287 1786 1342 ad
1824 1286 2066 1342 futuram

473 1361 744 1446 sj'nodum
779 1384 1028 1432 nostram
1069 1377 1292 1445 venias,
1321 1385 1626 1449 quatenus,
1665 1380 1922 1450 utrinque
1963 1395 2066 1434 au-

473 1465 604 1522 ditis
654 1465 997 1531 rationibus,
1028 1465 1421 1541 unusquisque
1459 1479 1705 1525 vestrum
1757 1471 2067 1542 proclama-t

473 1556 642 1612 tionis
690 1573 806 1614 suae
853 1557 1129 1630 justitiam
1179 1569 1574 1632 consequatur.
1633 1559 1790 1629 Quod
1846 1561 1890 1616 si
1937 1560 2067 1617 huic

473 1646 836 1706 admonitioni
897 1656 1098 1708 nostra:
1153 1652 1473 1710 inobediens
1517 1652 1715 1720 fueris,
1773 1653 1827 1708 in
1877 1655 2066 1710 eadem

473 1742 705 1824 synodo,
748 1743 816 1799 ai
865 1760 1032 1816 quam
1071 1751 1122 1801 te
1156 1762 1441 1814 vocamus,
1487 1735 1608 1802 sine
1643 1745 1814 1802 dubio
1847 1762 2066 1802 excom—

473 1831 863 1889 municabcris.

480 1907 489 1914 ’
545 1919 677 1994 Data
707 1923 894 1981 Reum
925 1925 1139 1983 decimo
1167 1929 1400 2000 septimo
1432 1927 1704 1986 Kalendas
1728 1928 2066 1997 Decembris,
2098 1926 2144 1983 Β

473 2010 771 2072 indictione
794 2034 911 2074 xm.

988 2129 1330 2189 EPISTULA
1368 2131 1556 2192 XXIII.

649 2236 713 2288 AD
776 2235 1117 2280 ISEMBZBTIZM
1170 2240 1536 2281 I’ICTAVEINSESI
1593 2241 1883 2282 EPISCOI'II)!

1061 2315 1242 2388 (Anno
1288 2315 1474 2390 107i.)

473 2401 768 2476 Conﬁrmat
823 2407 1163 2464 interdictum
1215 2426 1366 2464 asuo
1423 2409 1595 2476 legato
1643 2427 1891 2464 (inversus
1945 2427 2064 2466 eum

543 2467 801 2552 factum,
836 2487 888 2552 et
933 2496 964 2532 α
1015 2496 1290 2552 sacrorum
1336 2467 1750 2552 participatione
1795 2479 2064 2552 excludit,

537 2563 704 2618 usque
733 2549 802 2602 ad
833 2549 1072 2619 futuram
1103 2549 1383 2621 synodum,
1413 2551 1490 2605 ari-
1516 2549 1676 2624 anam
1699 2553 1872 2606 conire
1889 2551 2059 2623 jubet.

499 2631 862 2698 ‘Gnscomus'
920 2642 1244 2714 cpiscopus,
1317 2655 1511 2700 servus
1572 2659 1856 2700 servorum
1931 2643 2062 2712 Dei,

469 2729 773 2788 Iseuusaro
798 2733 1108 2792 Pictavensi
1145 2736 1422 2808 episcopo.

457 2898 469 2906 ο
541 2821 812 2891 Quoniam
881 2826 1204 2895 interdictus
1265 2843 1298 2884 a
1353 2829 1534 2901 legato
1594 2835 1784 2886 nostro
1839 2827 2062 2886 Giraldo

468 2913 708 2972 Ostiensi
759 2917 1018 2990 epiScopo
1063 2919 1286 2976 obedire
1336 2920 2060 2992 contempsisti,concilium

467 3017 662 3088 nostro
685 3019 954 3082 prmcepto
975 3021 1367 3084 congregatum
1403 3013 1671 3068 violenter
1693 3012 2058 3080 conturbasti,

465 3101 628 3169 nobis
660 3119 880 3175 quoque
917 3102 1008 3178 [[2,
1045 3105 1286 3173 nostris;
1323 3105 1547 3172 Mutila,
1598 3105 1792 3163 matris
1813 3105 2060 3180 quoque]

465 3196 754 3275 praeceptis
779 3198 847 3254 de
889 3213 1055 3254 causa
1085 3199 1261 3256 sancti
1303 3197 1492 3255 Hilarii
1525 3199 1846 3257 inobediens
1883 3201 2056 3256 exsti-

464 3289 626 3356 tisri,
658 3291 986 3347 auctoritate
1023 3291 1398 3362 apostolorum
1426 3290 1572 3346 Petri
1614 3300 1670 3347 et
1710 3291 1864 3347 Pauli
1887 3292 2058 3349 inter-

467 3379 676 3438 dictum
730 3397 762 3436 a
817 3392 1012 3438 nostro
1066 3381 1248 3454 legato
1290 3383 1598 3454 episcopale
1637 3383 1886 3440 ‘ollicium
1949 3399 2058 3440 non

467 3457 648 3524 solum
679 3473 1092 3540 confirmamus,
1121 3486 1312 3528 verum
1343 3475 1506 3529 etiam
1539 3483 1590 3530 te
1611 3490 1640 3530 a
1671 3476 2062 3532 communione

467 3561 719 3632 corporis
755 3571 811 3618 et
849 3563 1136 3636 sanguinis
1180 3563 1398 3621 Domini
1439 3565 1614 3622 nostri
1673 3565 1802 3624 Jesu
1851 3566 2060 3624 Christi

467 3667 812 3738 separamus,
835 3671 1012 3727 usque
1032 3657 1098 3713 ad
1130 3655 1372 3713 futuram
1409 3659 1702 3731 synodum,
1733 3673 1922 3730 quam,
1947 3657 2061 3716 Deo

467 3755 764 3814 annuente,
796 3747 852 3802 in
881 3748 1055 3818 prima
1077 3749 1420 3806 hebdomada’
1439 3749 1886 3824 Quadragesima:
1912 3752 2058 3808 cele-

468 3835 680 3908 braturi
707 3853 921 3906 sumus,
939 3838 1041 3896 nisi
1068 3837 1210 3896 forte
1239 3839 1484 3910 periculo
1509 3841 1702 3897 mortis
1719 3840 2056 3910 imminente,

470 3936 526 3982 et
561 3928 664 3984 hoc
699 3931 1040 4000 praecedente
1081 3931 1456 3989 satisfactione
1485 3943 1831 3992 sacramento
1853 3937 2058 3994 confir-

467 4031 636 4077 mata.
684 4022 1040 4096 Praicipimus
1073 4026 1240 4082 etiam
1290 4028 1479 4084 eadem
1519 4030 1820 4100 apostolica
1864 4042 2058 4089 aucto-

467 4114 664 4193 ritate,
705 4127 766 4173 ut
809 4114 862 4174 in
915 4117 1102 4176 futuro
1139 4121 1377 4178 concilio
1418 4122 1533 4195 jam
1589 4123 1736 4180 dicto
1793 4134 1846 4182 te
1902 4127 2058 4184 nobis

467 4217 853 4276 repraisentes,
878 4218 934 4264 et
963 4208 1030 4264 de
1059 4211 1146 4268 his
1181 4212 1441 4270 omnibus
1475 4221 1530 4270 et
1563 4215 1776 4272 exteris
1803 4233 1926 4290 qua).
1959 4217 2054 4274 tibi

467 4295 619 4353 illata
651 4308 782 4356 sunt
812 4301 1080 4358 rationem
1117 4303 1433 4362 redditurus
1452 4307 1658 4365 venias.
1686 4307 1843 4377 Quod
1869 4309 1916 4368 si
1945 4325 2054 4371 non

462 4389 696 4479 feceris,
741 4395 964 4452 noveris
999 4405 1050 4452 te
1100 4398 1156 4454 in
1203 4401 1394 4458 eadem
1445 4404 1656 4476 synodo
1697 4407 1904 4478 absque
1959 4423 2057 4479 spe

456 4477 664 4537 futura:
691 4484 1157 4542 reconciliationis
1192 4487 1598 4560 deponendum.

533 4570 668 4630 Data
700 4574 887 4642 Itonia:
913 4575 1074 4652 [mi]
1107 4578 1320 4638 decimo
1343 4581 1791 4655 sextolialendas
1825 4583 2053 4644 Decem-

464 4659 606 4748 bris,
652 4666 954 4726 indictione
995 4687 1114 4726 xm.

963 4805 1304 4866 EPISTOLA
1351 4809 1544 4866 XXIV.

480 4904 565 4944 ,ιιι
601 4905 900 4950 ποικιικιτιι
939 4912 1377 4956 ιιιτιιιιιϐιιιλίιεεειι
1413 4916 1896 4971 Ακσιιιειιιεεοιιιιιι,
1943 4919 2016 4958 ET

801 4981 1127 5026 θυιιιειιιωι
1167 4987 1345 5027 ιιιιεειι
1382 4988 1710 5038 ΛΩυΙΪΛΝΙΒ.

1057 5063 1240 5133 (Anno
1276 5063 1464 5136 1074.)
1740 5101 1751 5131 ,~
1795 5087 1805 5106 ι

466 5143 816 5227 Principii}!
855 5148 1456 5226 Pictaoensiepiscopa,
1500 5157 1605 5213 nisi
1641 5159 1712 5214 ad
1753 5160 2044 5227 synodum,

529 5219 670 5270 sicut
699 5217 786 5270 illi
815 5233 1162 5270 mutauerat-
1183 5217 1378 5270 ulmei-ii
1433 5217 1466 5270 ἱι
1503 5229 1708 5270 nomina
1747 5217 2047 5270 ηἶρήὸοηιειὶ

2169 641 2315 697 riore
2337 639 2590 714 epistola]
2619 639 2880 712 quendam
2917 639 3240 696 interdictus
3266 655 3297 693 a
3337 637 3518 710 legato
3559 645 3750 694 nostro

2168 719 2391 792 Giraldo
2424 733 2675 791 Ostiense
2722 735 2984 806 episcopo
3025 731 3316 807 (usquead
3353 731 3410 786 id
3445 731 3698 802 quodni!
3731 746 3750 784 :

2168 829 2376 899 absque
2422 840 2520 898 spe
2569 825 2768 882 futui-te
2807 825 3268 882 reconciliationis
3317 822 3753 895 depmteudum.)

2167 919 2325 988 Quod
2357 918 2402 976 si
2431 919 2725 976 observare
2759 919 3016 984 noluerit,
3043 917 3343 990 apostolica
3369 916 3758 971 vobis'aucto-

2167 1013 2328 1068 ritate
2347 1011 2696 1082 pnecipimus
2729 1019 2792 1066 ut
2829 1011 3018 1067 nullus
3059 1018 3308 1065 vestrum
3349 1007 3457 1064 sibi
3497 1005 3754 1070 obediat,

2166 1115 2346 1173 neque
2367 1115 2498 1156 eum
2523 1106 2627 1172 pro
2653 1100 2918 1174 episeopo
2953 1099 3172 1157 habeat.
3199 1099 3322 1154 Tibi
3347 1107 3556 1165 autem,
3579 1095 3760 1153 Coae-

2165 1191 2279 1248 line
2313 1191 2725 1264 Burdigalensis
2752 1191 3193 1262 archiepiscope,
3223 1189 3628 1247 ecclesiasticas
3663 1202 3760 1242 res

2165 1283 2565 1342 committimus
2615 1285 2968 1352 tractandas;
3007 1283 3270 1355 populum
3315 1287 3375 1358 et
3426 1279 3640 1336 clerum
3683 1291 3758 1334 ne

2166 1374 2269 1430 sibi
2299 1375 2520 1432 obediat
2551 1389 2928 1432 commoneas.
2961 1373 3083 1430 Tibi
3131 1388 3296 1440 vero,
3337 1370 3628 1428 Guiiielne
3659 1383 3758 1424 co-

2165 1481 2282 1523 mes
2301 1509 2317 1534 ,
2359 1467 2630 1538 justitiam
2693 1467 2980 1523 committo
3036 1465 3378 1522 tractandam
3399 1503 3416 1530 ,
3469 1471 3637 1534 atque
3698 1459 3757 1516 in

2163 1558 2365 1614 vestris
2402 1559 2660 1615 manibus
2699 1571 2926 1615 causam
2957 1557 3132 1614 sancti
3177 1555 3368 1612 Hilarii
3426 1553 3752 1626 regendam,

2164 1657 2220 1705 et
2247 1649 2521 1720 justitiam
2547 1648 2672 1706 inde
2704 1644 3069 1705 exhibendam
3102 1647 3524 1703 committimus.
3599 1693 3606 1698 .

2235 1738 2373 1794 Data
2419 1739 2608 1795 Romae
2642 1738 2862 1796 decimo
2899 1747 3057 1796 sexto
3099 1737 3372 1796 Kalendas
3407 1735 3752 1802 Decembris,

2165 1829 2467 1886 indictione
2489 1830 2704 1887 decima
2732 1832 2912 1887 tertia.
3019 1865 3022 1872 -
3291 1843 3298 1849 '
3443 1855 3448 1860 α

2691 1923 3029 1981 EPISTOLA
3073 1923 3244 1980 XXV.

2321 2032 2390 2072 AD
2432 2031 2678 2072 ANXONEII
2721 2031 3087 2073 COLONIENSEI
3127 2030 3606 2072 ABCIIIEPISCOI’UI.

2675 2151 2678 2156 .
2765 2108 2947 2182 (Anno
2986 2109 3175 2180 i076.)

2173 2221 2349 2280 Monet
2395 2233 2454 2279 ut
2505 2213 2724 2280 causam
2769 2226 2908 2279 inter
2964 2223 3413 2292 Oscnbnrgcnscm
3455 2217 3757 2292 [Osnabur-

2237 2295 2472 2370 gemant]
2515 2297 2818 2370 episcopum
2875 2303 2924 2350 et
2988 2291 3373 2370 Corbciensent.
3403 2291 3650 2370 abbatem
3705 2295 3756 2370 et

2235 2361 2554 2440 quamdam'
2591 2361 2920 2440 abbatissam
2964 2365 3032 2440 ab
3091 2361 3400 2440 apostolicis
3461 2361 3652 2432 legatis
3699 2361 3754 2440 ei

2235 2435 2574 2492 commissam
2604 2437 2846 2508 deﬁniat.
2876 2435 3030 2503 Quod
3063 2437 3112 2491 si
3145 2435 3394 2508 perﬁcere
3430 2449 3536 2486 non
3568 2435 3752 2508 possit,

2235 2517 2564 2563 commoneat
2597 2499 2684 2563 eoi
2726 2509 2797 2564 ad
2826 2499 3085 2578 synodum
3127 2499 3318 2578 uenire,
3349 2499 3608 2576 prwterea
3647 2499 3753 2554 cle-

2237 2580 2364 2634 ricis
2389 2580 2691 2634 castitatem
2714 2577 3027 2634 senta’ndam
3057 2577 3306 2632 inculcet.

2235 2673 2544 2731 Gnscomcs
2587 2674 2907 2747 cpiscopus,
2937 2689 3130 2730 servus
3178 2685 3465 2728 servorum
3498 2667 3621 2732 Dei,
3647 2667 3754 2722 Ax-

2159 2781 2283 2822 nosi
2308 2766 2625 2825 Coloniensi
2660 2763 3365 2840 archiepiscopo,sahitem
3399 2771 3454 2819 et
3485 2761 3755 2834 apostoli-

2159 2873 2282 2916 cam
2318 2858 2772 2916 benedictionem.

2233 2949 2304 3008 Ut
2333 2952 2611 3025 diligentia
2651 2961 2775 3019 tua,
2821 2950 3176 3008 dilectissime
3226 2947 3415 3016 frater,
3467 2942 3756 3002 reminisci

2159 3049 2361 3116 potest,
2396 3042 2559 3115 legati
2601 3041 2776 3098 nostri
2807 3040 3046 3098 Ubertus
3085 3038 3457 3096 Praenestinus
3485 3045 3542 3093 et
3579 3035 3757 3092 Ciral—

2159 3134 2264 3191 dus
2288 3133 2559 3192 Ostiensis
2607 3135 2850 3206 episcopi
2879 3135 2947 3190 ad
2985 3142 3170 3206 partes
3209 3139 3420 3188 vestras
3469 3129 3754 3197 destinati,

2157 3227 2309 3283 litem
2335 3227 2624 3299 quaeinter
2655 3221 2976 3283 Bennonem
3007 3225 3482 3297 Oscnburgenscm
3515 3221 3755 3296 [Osbur-

2085 3297 2128 3356 C
2161 3297 2409 3394 gensem]
2440 3320 2756 3391 episcopum
2797 3327 2943 3375 et....
2979 3317 3368 3374 Corbeiensem
3404 3315 3660 3371 abbatem
3691 3328 3756 3369 ac

2161 3409 2456 3481 quamdam
2485 3409 2817 3467 abbatissam
2863 3409 3206 3476 versabatur,
3230 3409 3296 3464 ad
3335 3422 3394 3462 se
3431 3413 3494 3462 ut
3523 3405 3746 3461 dirime-

2163 3507 2316 3556 retur
2347 3500 2604 3570 delatam,
2641 3509 2750 3557 tute
2778 3501 3107 3557 venerandae
3157 3499 3394 3556 solertixc
3431 3491 3584 3568 justc
3611 3497 3754 3553 ditii-

2162 3590 2418 3646 niendam
2443 3591 2860 3648 commiserunt.
2897 3587 3100 3647 Verum
3137 3588 3326 3646 nescio
3359 3603 3467 3660 qua
3500 3588 3754 3643 obstante

2161 3671 2328 3738 causa
2364 3682 2543 3737 adhuc
2575 3681 2880 3738 indiscussa
2915 3697 3198 3738 remanere
3221 3679 3380 3736 nobis
3408 3677 3750 3750 perhibetur.

2161 3775 2504 3849 Quapropter
2564 3776 2892 3834 charitatem
2939 3787 3126 3845 tuam,
3171 3773 3340 3830 frater
3392 3773 3750 3840 charissima,

2162 3865 2360 3924 iterum
2401 3869 2660 3924 duximus
2705 3868 3104 3924 adhortandam
3143 3858 3208 3922 ut
3246 3862 3536 3937 pricfatum
3580 3878 3752 3935 nego-

2161 3963 2299 4018 tium
2347 3962 2636 4033 diligenter
2669 3961 2885 4028 audias,
2917 3969 2973 4016 et
3018 3957 3255 4032 legitime
3289 3956 3545 4014 diﬂinias.
3571 3953 3753 4010 Crete-

2159 4069 2283 4110 rum
2324 4053 2369 4110 si
2419 4053 2602 4126 aliqua
2655 4053 2796 4110 ratio
2853 4066 2964 4125 qua
3021 4053 3126 4108 hoc
3184 4050 3446 4124 perficere
3507 4063 3753 4120 nequeas

2158 4147 2452 4215 obstiterit,
2487 4148 2574 4204 his
2601 4147 2704 4204 sibi
2736 4145 2934 4203 litteris
2965 4145 3208 4202 ostensis
3238 4159 3340 4201 nos
3362 4143 3430 4200 ad
3475 4143 3750 4216 synodu

2158 4241 2212 4296 in
2243 4241 2421 4313 prima
2456 4241 2719 4312 proximae
2747 4238 3191 4310 Quadragesimae
3214 4235 3556 4293 hebdomada
3580 4250 3751 4307 agen-

2157 4329 2282 4386 dam
2306 4331 2456 4386 adire
2474 4344 2828 4386 commoneas
2848 4347 2863 4398 ;
2887 4337 3160 4400 quatenus
3193 4325 3569 4384 controversia
3608 4327 3752 4381 inter

2155 4437 2254 4478 eos
2287 4421 2379 4478 diu
2415 4430 2715 4493 protracta,
2749 4421 2902 4476 omni
2929 4421 3221 4477 occasione
3255 4419 3538 4490 propulsa,
3575 4433 3747 4474 cano-

2159 4512 2342 4568 nicum
2374 4513 2546 4567 finem
2573 4511 2824 4584 accipiat.
2841 4509 3108 4568 Praeterea
3141 4509 3567 4566 sollicitudinem
3593 4517 3753 4564 tuam

2156 4617 2221 4658 ex
2272 4611 2426 4674 parte
2463 4604 2607 4659 beati
2659 4601 2806 4658 Petri
2847 4603 3158 4659 communis
3201 4601 3380 4658 Patris
3431 4609 3488 4658 et
3535 4600 3748 4657 domini

2087 4675 2131 4731 Β
2156 4695 2426 4751 instanter
2445 4695 2827 4764 admonemus,
2857 4704 2918 4751 ut
2939 4711 3049 4750 non
3082 4694 3262 4752 solum
3287 4695 3342 4750 in
3368 4693 3618 4750 ecclesia:
3639 4701 3752 4749 tua:

2154 4787 2406 4856 dimcesi,
2467 4789 2563 4845 sed
2624 4789 2787 4844 etiam
2843 4789 2900 4844 in
2953 4789 3210 4845 omnibus
3270 4785 3747 4859 sutfraganeorum

2157 4889 2376 4936 tuorum
2411 4880 2712 4952 parochiis,
2738 4881 3110 4954 presbyteros,
3133 4879 3397 4936 diaconos
3432 4889 3486 4935 et
3520 4880 3746 4936 subdia-

2077 4998 2079 5000 ·
2155 4987 2362 5040 conos,
2411 4972 2880 5028 admonitionibus
2928 4973 3041 5029 tuis
3091 4980 3238 5028 caste
3287 4971 3473 5027 vivere
3533 4970 3745 5039 facias,

2155 5067 2439 5140 quoniam,
2471 5073 2534 5122 ut
2577 5064 2889 5122 fraternitas
2911 5075 3006 5121 tua
3037 5066 3223 5132 novit,
3263 5075 3473 5121 caetera!
3511 5065 3744 5120 virtutes

2153 5159 2297 5230 apud
2338 5158 2510 5214 Deum
2557 5158 2676 5214 sine
2718 5159 2969 5215 castitate
3015 5157 3153 5214 nihil
3190 5157 3402 5223 valent,
3447 5157 3596 5213 sicut
3643 5171 3744 5212 nec

2645 5250 2844 5270 Δ,-ι¹ι..-.-
2891 5250 3122 5270 ---a.n--~
3167 5249 3220 5270 '._
3263 5250 3364 5270 Ι---
3409 5249 3580 5270 ξ-ξι-ν-
3625 5249 3706 5270 ..ΞΙΈ
