  <div class='ocr_page' id='page_1' title='image "/cluster/home/n/w/nwhite01/storage/ocr_20150623/148/hvd.32044015471840/196.png"; bbox 0 0 3982 5316; ppageno 0'>
   <div class='ocr_carea' id='block_1_1' title="bbox 1243 194 2456 269">
    <p class='ocr_par' dir='ltr' id='par_1_1' title="bbox 1243 194 2456 269">
     <span class='ocr_line' id='line_1_1' title="bbox 1243 194 2456 269; baseline 0.001 -16"><span class='ocrx_word' id='word_1_1' title='bbox 1243 195 1449 269; x_wconf 68' lang='grc' dir='ltr'><strong>ιιβειι</strong></span> <span class='ocrx_word' id='word_1_2' title='bbox 1485 194 1871 259; x_wconf 64' lang='lat' dir='ltr'><strong>sunmus.</strong></span> <span class='ocrx_word' id='word_1_3' title='bbox 1899 227 1969 238; x_wconf 79' lang='grc'><strong><em>-</em></strong></span> <span class='ocrx_word' id='word_1_4' title='bbox 2003 195 2222 255; x_wconf 72' lang='lat' dir='ltr'><strong>EPIST.</strong></span> <span class='ocrx_word' id='word_1_5' title='bbox 2266 197 2456 255; x_wconf 70' lang='lat' dir='ltr'><strong>xxxx.</strong></span> 
     </span>
    </p>
   </div>
   <div class='ocr_carea' id='block_1_2' title="bbox 3383 214 3491 270">
    <p class='ocr_par' dir='ltr' id='par_1_2' title="bbox 3383 214 3491 270">
     <span class='ocr_line' id='line_1_2' title="bbox 3383 214 3491 270; baseline 0.019 -1"><span class='ocrx_word' id='word_1_6' title='bbox 3383 214 3491 270; x_wconf 76' lang='lat'><strong>586</strong></span> 
     </span>
    </p>
   </div>
   <div class='ocr_carea' id='block_1_3' title="bbox 192 278 3493 413">
    <p class='ocr_par' dir='ltr' id='par_1_3' title="bbox 192 278 3493 413">
     <span class='ocr_line' id='line_1_3' title="bbox 192 278 3493 413; baseline 0.002 -40"><span class='ocrx_word' id='word_1_7' title='bbox 192 292 540 413; x_wconf 60' lang='lat' dir='ltr'><strong>Lpotestatem</strong></span> <span class='ocrx_word' id='word_1_8' title='bbox 570 297 740 372; x_wconf 46' lang='lat' dir='ltr'><strong>recte.</strong></span> <span class='ocrx_word' id='word_1_9' title='bbox 762 296 1132 387; x_wconf 39' lang='lat' dir='ltr'><strong>[fortefrecte</strong></span> <span class='ocrx_word' id='word_1_10' title='bbox 1176 319 1248 368; x_wconf 86' lang='lat' dir='ltr'><strong>te.</strong></span> <span class='ocrx_word' id='word_1_11' title='bbox 1286 310 1381 387; x_wconf 67' lang='lat'><strong>1].]</strong></span> <span class='ocrx_word' id='word_1_12' title='bbox 1412 278 1678 393; x_wconf 24' lang='lat' dir='ltr'><strong>Iobti‘nerc</strong></span> <span class='ocrx_word' id='word_1_13' title='bbox 1700 326 1797 368; x_wconf 88' lang='lat' dir='ltr'><strong>co-</strong></span> <span class='ocrx_word' id='word_1_14' title='bbox 1827 316 1872 374; x_wconf 80' lang='lat' dir='ltr'><strong>A</strong></span> <span class='ocrx_word' id='word_1_15' title='bbox 1899 311 2222 413; x_wconf 65' lang='lat' dir='ltr'><strong>praeparatis</strong></span> <span class='ocrx_word' id='word_1_16' title='bbox 2262 327 2361 413; x_wconf 74' lang='lat' dir='ltr'><strong>sua</strong></span> <span class='ocrx_word' id='word_1_17' title='bbox 2396 313 3217 413; x_wconf 48' lang='lat' dir='ltr'><strong>possint-captamco&#39;mmda,</strong></span> <span class='ocrx_word' id='word_1_18' title='bbox 3243 339 3345 393; x_wconf 77' lang='lat' dir='ltr'><strong>sua</strong></span> <span class='ocrx_word' id='word_1_19' title='bbox 3372 336 3493 409; x_wconf 70' lang='lat' dir='ltr'><strong>pot-</strong></span> 
     </span>
    </p>
   </div>
   <div class='ocr_carea' id='block_1_4' title="bbox 214 400 1798 481">
    <p class='ocr_par' dir='ltr' id='par_1_4' title="bbox 214 400 1798 481">
     <span class='ocr_line' id='line_1_4' title="bbox 214 400 1798 481; baseline -0.003 -16"><span class='ocrx_word' id='word_1_20' title='bbox 214 400 471 481; x_wconf 67' lang='lat' dir='ltr'><strong>&quot;gnoscas,</strong></span> <span class='ocrx_word' id='word_1_21' title='bbox 512 408 559 464; x_wconf 88' lang='lat' dir='ltr'><strong>si</strong></span> <span class='ocrx_word' id='word_1_22' title='bbox 586 406 704 479; x_wconf 78' lang='lat' dir='ltr'><strong>regi</strong></span> <span class='ocrx_word' id='word_1_23' title='bbox 742 421 940 478; x_wconf 81' lang='lat' dir='ltr'><strong>regum</strong></span> <span class='ocrx_word' id='word_1_24' title='bbox 968 403 1195 461; x_wconf 89' lang='lat' dir='ltr'><strong>Christo</strong></span> <span class='ocrx_word' id='word_1_25' title='bbox 1231 405 1299 463; x_wconf 84' lang='lat' dir='ltr'><strong>ad</strong></span> <span class='ocrx_word' id='word_1_26' title='bbox 1338 406 1798 465; x_wconf 83' lang='lat' dir='ltr'><strong>restaurationem</strong></span> 
     </span>
    </p>
   </div>
   <div class='ocr_carea' id='block_1_5' title="bbox 192 497 1799 572">
    <p class='ocr_par' dir='ltr' id='par_1_5' title="bbox 192 497 1799 572">
     <span class='ocr_line' id='line_1_5' title="bbox 192 497 1799 572; baseline -0.004 -11"><span class='ocrx_word' id='word_1_27' title='bbox 192 501 701 572; x_wconf 65' lang='lat' dir='ltr'><strong>-Mensionemque</strong></span> <span class='ocrx_word' id='word_1_28' title='bbox 729 499 1087 556; x_wconf 82' lang='lat' dir='ltr'><strong>ecclesiarum</strong></span> <span class='ocrx_word' id='word_1_29' title='bbox 1113 514 1340 555; x_wconf 87' lang='lat' dir='ltr'><strong>suarum</strong></span> <span class='ocrx_word' id='word_1_30' title='bbox 1370 497 1675 563; x_wconf 80' lang='lat' dir='ltr'><strong>faciendam</strong></span> <span class='ocrx_word' id='word_1_31' title='bbox 1696 500 1799 555; x_wconf 89' lang='lat' dir='ltr'><strong>do-</strong></span> 
     </span>
    </p>
   </div>
   <div class='ocr_carea' id='block_1_6' title="bbox 191 590 1804 672">
    <p class='ocr_par' dir='ltr' id='par_1_6' title="bbox 191 590 1804 672">
     <span class='ocr_line' id='line_1_6' title="bbox 191 590 1804 672; baseline -0.003 -20"><span class='ocrx_word' id='word_1_32' title='bbox 191 595 534 667; x_wconf 43' lang='lat' dir='ltr'><strong>.miuationis</strong></span> <span class='ocrx_word' id='word_1_33' title='bbox 561 602 671 650; x_wconf 73' lang='lat' dir='ltr'><strong>tua:</strong></span> <span class='ocrx_word' id='word_1_34' title='bbox 693 593 1032 649; x_wconf 75' lang='lat' dir='ltr'><strong>altitudinem</strong></span> <span class='ocrx_word' id='word_1_35' title='bbox 1055 591 1312 659; x_wconf 83' lang='lat' dir='ltr'><strong>inclinas,</strong></span> <span class='ocrx_word' id='word_1_36' title='bbox 1345 600 1400 646; x_wconf 89' lang='lat' dir='ltr'><strong>et</strong></span> <span class='ocrx_word' id='word_1_37' title='bbox 1428 591 1591 672; x_wconf 78' lang='lat' dir='ltr'><strong>verba</strong></span> <span class='ocrx_word' id='word_1_38' title='bbox 1628 590 1804 662; x_wconf 79' lang='lat' dir='ltr'><strong>ipsius</strong></span> 
     </span>
    </p>
   </div>
   <div class='ocr_carea' id='block_1_7' title="bbox 214 672 1802 755">
    <p class='ocr_par' dir='ltr' id='par_1_7' title="bbox 214 672 1802 755">
     <span class='ocr_line' id='line_1_7' title="bbox 214 672 1802 755; baseline -0.005 -10"><span class='ocrx_word' id='word_1_39' title='bbox 214 688 448 745; x_wconf 79' lang='lat' dir='ltr'><strong>dicentis</strong></span> <span class='ocrx_word' id='word_1_40' title='bbox 469 702 598 743; x_wconf 89' lang='lat' dir='ltr'><strong>cum</strong></span> <span class='ocrx_word' id='word_1_41' title='bbox 624 672 863 742; x_wconf 87' lang='lat' dir='ltr'><strong>tremore</strong></span> <span class='ocrx_word' id='word_1_42' title='bbox 900 682 1212 755; x_wconf 82' lang='lat' dir='ltr'><strong>recogitas:</strong></span> <span class='ocrx_word' id='word_1_43' title='bbox 1253 680 1367 753; x_wconf 83' lang='lat' dir='ltr'><strong>Ego</strong></span> <span class='ocrx_word' id='word_1_44' title='bbox 1409 682 1690 754; x_wconf 79' lang='lat' dir='ltr'><strong>diligentes</strong></span> <span class='ocrx_word' id='word_1_45' title='bbox 1720 699 1802 737; x_wconf 86' lang='lat' dir='ltr'><strong>me</strong></span> 
     </span>
    </p>
   </div>
   <div class='ocr_carea' id='block_1_8' title="bbox 192 775 1800 852">
    <p class='ocr_par' dir='ltr' id='par_1_8' title="bbox 192 775 1800 852">
     <span class='ocr_line' id='line_1_8' title="bbox 192 775 1800 852; baseline -0.002 -17"><span class='ocrx_word' id='word_1_46' title='bbox 192 777 716 852; x_wconf 46' lang='lat' dir='ltr'><strong>-diiigo&#39;(Proetvrrt,</strong></span> <span class='ocrx_word' id='word_1_47' title='bbox 736 777 845 849; x_wconf 74' lang='grc'><strong>1⁸1),</strong></span> <span class='ocrx_word' id='word_1_48' title='bbox 867 777 1350 847; x_wconf 75' lang='lat' dir='ltr'><strong>ethouoriﬁeantes</strong></span> <span class='ocrx_word' id='word_1_49' title='bbox 1371 793 1453 832; x_wconf 79' lang='lat' dir='ltr'><strong>me</strong></span> <span class='ocrx_word' id='word_1_50' title='bbox 1477 775 1800 847; x_wconf 75' lang='lat' dir='ltr'><strong>honoriﬁco:</strong></span> 
     </span>
    </p>
   </div>
   <div class='ocr_carea' id='block_1_9' title="bbox 194 868 1798 944">
    <p class='ocr_par' dir='ltr' id='par_1_9' title="bbox 194 868 1798 944">
     <span class='ocr_line' id='line_1_9' title="bbox 194 868 1798 944; baseline -0.001 -17"><span class='ocrx_word' id='word_1_51' title='bbox 331 881 513 927; x_wconf 72' lang='lat' dir='ltr'><strong>autem</strong></span> <span class='ocrx_word' id='word_1_52' title='bbox 547 889 629 926; x_wconf 71' lang='lat' dir='ltr'><strong>me</strong></span> <span class='ocrx_word' id='word_1_53' title='bbox 664 881 1000 928; x_wconf 74' lang='lat' dir='ltr'><strong>contemnunt</strong></span> <span class='ocrx_word' id='word_1_54' title='bbox 1029 880 1185 927; x_wconf 67' lang='lat' dir='ltr'><strong>erant</strong></span> <span class='ocrx_word' id='word_1_55' title='bbox 1219 870 1478 943; x_wconf 75' lang='lat' dir='ltr'><strong>ignobiles</strong></span> <span class='ocrx_word' id='word_1_56' title='bbox 1502 868 1558 944; x_wconf 86' lang='grc'><strong>(1</strong></span> <span class='ocrx_word' id='word_1_57' title='bbox 1579 870 1707 943; x_wconf 82' lang='lat' dir='ltr'><strong>Reg.</strong></span> <span class='ocrx_word' id='word_1_58' title='bbox 1738 885 1798 938; x_wconf 83' lang='grc' dir='ltr'><strong>ιι,</strong></span> 
     </span>
    </p>
   </div>
   <div class='ocr_carea' id='block_1_10' title="bbox 212 963 1803 1037">
    <p class='ocr_par' dir='ltr' id='par_1_10' title="bbox 212 963 1803 1037">
     <span class='ocr_line' id='line_1_10' title="bbox 212 963 1803 1037; baseline -0.001 -16"><span class='ocrx_word' id='word_1_59' title='bbox 212 965 324 1037; x_wconf 77' lang='lat'><strong>30).</strong></span> <span class='ocrx_word' id='word_1_60' title='bbox 357 963 627 1020; x_wconf 69' lang='lat' dir='ltr'><strong>Praeterea</strong></span> <span class='ocrx_word' id='word_1_61' title='bbox 658 964 873 1020; x_wconf 88' lang='lat' dir='ltr'><strong>noverit</strong></span> <span class='ocrx_word' id='word_1_62' title='bbox 910 963 1266 1022; x_wconf 74' lang='lat' dir='ltr'><strong>sublimitatis</strong></span> <span class='ocrx_word' id='word_1_63' title='bbox 1297 973 1407 1021; x_wconf 65' lang='lat' dir='ltr'><strong>tua</strong></span> <span class='ocrx_word' id='word_1_64' title='bbox 1426 963 1671 1036; x_wconf 78' lang='lat' dir='ltr'><strong>dignatio</strong></span> <span class='ocrx_word' id='word_1_65' title='bbox 1699 978 1803 1020; x_wconf 84' lang='lat' dir='ltr'><strong>nos</strong></span> 
     </span>
    </p>
   </div>
   <div class='ocr_carea' id='block_1_11' title="bbox 198 1054 1799 1128">
    <p class='ocr_par' dir='ltr' id='par_1_11' title="bbox 198 1054 1799 1128">
     <span class='ocr_line' id='line_1_11' title="bbox 198 1054 1799 1128; baseline 0.007 -26"><span class='ocrx_word' id='word_1_66' title='bbox 198 1054 487 1128; x_wconf 65' lang='lat' dir='ltr'><strong>Sigeia-mo</strong></span> <span class='ocrx_word' id='word_1_67' title='bbox 517 1055 842 1127; x_wconf 72' lang='lat' dir='ltr'><strong>Moguntina</strong></span> <span class='ocrx_word' id='word_1_68' title='bbox 865 1056 1282 1128; x_wconf 79' lang='lat' dir='ltr'><strong>archiepiscopo</strong></span> <span class='ocrx_word' id='word_1_69' title='bbox 1318 1057 1531 1113; x_wconf 78' lang='lat' dir='ltr'><strong>litteras</strong></span> <span class='ocrx_word' id='word_1_70' title='bbox 1555 1054 1799 1124; x_wconf 86' lang='lat' dir='ltr'><strong>misisse,</strong></span> 
     </span>
    </p>
   </div>
   <div class='ocr_carea' id='block_1_12' title="bbox 211 1146 1800 1219">
    <p class='ocr_par' dir='ltr' id='par_1_12' title="bbox 211 1146 1800 1219">
     <span class='ocr_line' id='line_1_12' title="bbox 211 1146 1800 1219; baseline 0.001 -17"><span class='ocrx_word' id='word_1_71' title='bbox 211 1155 508 1203; x_wconf 81' lang='lat' dir='ltr'><strong>evocantes</strong></span> <span class='ocrx_word' id='word_1_72' title='bbox 548 1161 678 1203; x_wconf 86' lang='lat' dir='ltr'><strong>eum</strong></span> <span class='ocrx_word' id='word_1_73' title='bbox 719 1146 787 1202; x_wconf 89' lang='lat' dir='ltr'><strong>ad</strong></span> <span class='ocrx_word' id='word_1_74' title='bbox 827 1147 1119 1219; x_wconf 83' lang='lat' dir='ltr'><strong>synodum,</strong></span> <span class='ocrx_word' id='word_1_75' title='bbox 1163 1162 1354 1219; x_wconf 90' lang='lat' dir='ltr'><strong>quam,</strong></span> <span class='ocrx_word' id='word_1_76' title='bbox 1391 1146 1505 1205; x_wconf 88' lang='lat' dir='ltr'><strong>Deo</strong></span> <span class='ocrx_word' id='word_1_77' title='bbox 1552 1155 1800 1216; x_wconf 86' lang='lat' dir='ltr'><strong>auctore,</strong></span> 
     </span>
    </p>
   </div>
   <div class='ocr_carea' id='block_1_13' title="bbox 210 1240 1802 1313">
    <p class='ocr_par' dir='ltr' id='par_1_13' title="bbox 210 1240 1802 1313">
     <span class='ocr_line' id='line_1_13' title="bbox 210 1240 1802 1313; baseline 0.002 -16"><span class='ocrx_word' id='word_1_78' title='bbox 210 1241 481 1312; x_wconf 66' lang='lat' dir='ltr'><strong>proxima:</strong></span> <span class='ocrx_word' id='word_1_79' title='bbox 509 1240 957 1313; x_wconf 68' lang='lat' dir='ltr'><strong>Quadragesimm</strong></span> <span class='ocrx_word' id='word_1_80' title='bbox 977 1242 1154 1313; x_wconf 85' lang='lat' dir='ltr'><strong>prima</strong></span> <span class='ocrx_word' id='word_1_81' title='bbox 1183 1243 1533 1302; x_wconf 80' lang='lat' dir='ltr'><strong>behdomada</strong></span> <span class='ocrx_word' id='word_1_82' title='bbox 1557 1244 1802 1300; x_wconf 86' lang='lat' dir='ltr'><strong>celebra-</strong></span> 
     </span>
    </p>
   </div>
   <div class='ocr_carea' id='block_1_14' title="bbox 212 1332 1802 1406">
    <p class='ocr_par' dir='ltr' id='par_1_14' title="bbox 212 1332 1802 1406">
     <span class='ocr_line' id='line_1_14' title="bbox 212 1332 1802 1406; baseline 0.003 -18"><span class='ocrx_word' id='word_1_83' title='bbox 212 1333 323 1388; x_wconf 85' lang='lat' dir='ltr'><strong>turi</strong></span> <span class='ocrx_word' id='word_1_84' title='bbox 350 1348 567 1389; x_wconf 84' lang='lat' dir='ltr'><strong>sumus.</strong></span> <span class='ocrx_word' id='word_1_85' title='bbox 607 1332 767 1400; x_wconf 83' lang='lat' dir='ltr'><strong>Quod</strong></span> <span class='ocrx_word' id='word_1_86' title='bbox 794 1333 843 1389; x_wconf 89' lang='lat' dir='ltr'><strong>si</strong></span> <span class='ocrx_word' id='word_1_87' title='bbox 869 1334 1058 1388; x_wconf 82' lang='lat' dir='ltr'><strong>venire</strong></span> <span class='ocrx_word' id='word_1_88' title='bbox 1086 1336 1388 1405; x_wconf 66' lang='lat' dir='ltr'><strong>nonfposse</strong></span> <span class='ocrx_word' id='word_1_89' title='bbox 1416 1337 1674 1406; x_wconf 88' lang='lat' dir='ltr'><strong>patuerit,</strong></span> <span class='ocrx_word' id='word_1_90' title='bbox 1715 1343 1802 1391; x_wconf 89' lang='lat' dir='ltr'><strong>ta-</strong></span> 
     </span>
    </p>
   </div>
   <div class='ocr_carea' id='block_1_15' title="bbox 212 1426 1801 1499">
    <p class='ocr_par' dir='ltr' id='par_1_15' title="bbox 212 1426 1801 1499">
     <span class='ocr_line' id='line_1_15' title="bbox 212 1426 1801 1499; baseline -0.001 -14"><span class='ocrx_word' id='word_1_91' title='bbox 212 1426 292 1485; x_wconf 74' lang='lat' dir='ltr'><strong>lea</strong></span> <span class='ocrx_word' id='word_1_92' title='bbox 322 1426 507 1485; x_wconf 81' lang='lat' dir='ltr'><strong>mittat</strong></span> <span class='ocrx_word' id='word_1_93' title='bbox 549 1426 778 1496; x_wconf 76' lang='lat' dir='ltr'><strong>legatos,</strong></span> <span class='ocrx_word' id='word_1_94' title='bbox 812 1426 909 1497; x_wconf 90' lang='lat' dir='ltr'><strong>qui</strong></span> <span class='ocrx_word' id='word_1_95' title='bbox 943 1426 1119 1485; x_wconf 88' lang='lat' dir='ltr'><strong>vicem</strong></span> <span class='ocrx_word' id='word_1_96' title='bbox 1160 1428 1287 1498; x_wconf 83' lang='lat' dir='ltr'><strong>ejus</strong></span> <span class='ocrx_word' id='word_1_97' title='bbox 1324 1428 1563 1483; x_wconf 87' lang='lat' dir='ltr'><strong>concilio</strong></span> <span class='ocrx_word' id='word_1_98' title='bbox 1595 1443 1801 1499; x_wconf 70' lang='lat' dir='ltr'><strong>repraz-</strong></span> 
     </span>
    </p>
   </div>
   <div class='ocr_carea' id='block_1_16' title="bbox 192 1514 1803 1592">
    <p class='ocr_par' dir='ltr' id='par_1_16' title="bbox 192 1514 1803 1592">
     <span class='ocr_line' id='line_1_16' title="bbox 192 1514 1803 1592; baseline 0.001 -19"><span class='ocrx_word' id='word_1_99' title='bbox 192 1524 449 1573; x_wconf 60' lang='lat' dir='ltr'><strong>sentent.</strong></span> <span class='ocrx_word' id='word_1_100' title='bbox 516 1514 782 1573; x_wconf 84' lang='lat' dir='ltr'><strong>Similiter</strong></span> <span class='ocrx_word' id='word_1_101' title='bbox 846 1516 1335 1589; x_wconf 82' lang='lat' dir='ltr'><strong>Bamhergensem,</strong></span> <span class='ocrx_word' id='word_1_102' title='bbox 1403 1517 1803 1592; x_wconf 68' lang='lat' dir='ltr'><strong>Strathurgen-</strong></span> 
     </span>
    </p>
   </div>
   <div class='ocr_carea' id='block_1_17' title="bbox 196 1608 1802 1681">
    <p class='ocr_par' dir='ltr' id='par_1_17' title="bbox 196 1608 1802 1681">
     <span class='ocr_line' id='line_1_17' title="bbox 196 1608 1802 1681; baseline 0.001 -14"><span class='ocrx_word' id='word_1_103' title='bbox 196 1625 327 1667; x_wconf 82' lang='lat' dir='ltr'><strong>.sem</strong></span> <span class='ocrx_word' id='word_1_104' title='bbox 355 1608 675 1681; x_wconf 74' lang='lat' dir='ltr'><strong>Spirensem</strong></span> <span class='ocrx_word' id='word_1_105' title='bbox 708 1609 903 1666; x_wconf 88' lang='lat' dir='ltr'><strong>adesse</strong></span> <span class='ocrx_word' id='word_1_106' title='bbox 944 1611 1314 1681; x_wconf 57' lang='lat' dir='ltr'><strong>praecipimus,</strong></span> <span class='ocrx_word' id='word_1_107' title='bbox 1340 1610 1602 1668; x_wconf 87' lang='lat' dir='ltr'><strong>introitus</strong></span> <span class='ocrx_word' id='word_1_108' title='bbox 1627 1613 1713 1669; x_wconf 90' lang='lat' dir='ltr'><strong>sui</strong></span> <span class='ocrx_word' id='word_1_109' title='bbox 1746 1622 1802 1669; x_wconf 90' lang='lat' dir='ltr'><strong>et</strong></span> 
     </span>
    </p>
   </div>
   <div class='ocr_carea' id='block_1_18' title="bbox 1901 400 3498 483">
    <p class='ocr_par' dir='ltr' id='par_1_18' title="bbox 1901 400 3498 483">
     <span class='ocr_line' id='line_1_18' title="bbox 1901 400 3498 483; baseline 0.017 -28"><span class='ocrx_word' id='word_1_110' title='bbox 1901 400 2036 456; x_wconf 89' lang='lat' dir='ltr'><strong>liare</strong></span> <span class='ocrx_word' id='word_1_111' title='bbox 2059 400 2213 471; x_wconf 87' lang='lat' dir='ltr'><strong>vitia,</strong></span> <span class='ocrx_word' id='word_1_112' title='bbox 2241 404 2443 475; x_wconf 85' lang='lat' dir='ltr'><strong>quibus</strong></span> <span class='ocrx_word' id='word_1_113' title='bbox 2465 405 2606 463; x_wconf 87' lang='lat' dir='ltr'><strong>iram</strong></span> <span class='ocrx_word' id='word_1_114' title='bbox 2637 406 2732 463; x_wconf 86' lang='lat' dir='ltr'><strong>Dci</strong></span> <span class='ocrx_word' id='word_1_115' title='bbox 2766 417 2822 464; x_wconf 88' lang='lat' dir='ltr'><strong>et</strong></span> <span class='ocrx_word' id='word_1_116' title='bbox 2849 410 3092 483; x_wconf 72' lang='lat' dir='ltr'><strong>gladium</strong></span> <span class='ocrx_word' id='word_1_117' title='bbox 3135 417 3313 477; x_wconf 79' lang='lat' dir='ltr'><strong>sancti</strong></span> <span class='ocrx_word' id='word_1_118' title='bbox 3347 405 3498 481; x_wconf 55' lang='lat' dir='ltr'><strong>Pelii</strong></span> 
     </span>
    </p>
   </div>
   <div class='ocr_carea' id='block_1_19' title="bbox 1901 494 3494 581">
    <p class='ocr_par' dir='ltr' id='par_1_19' title="bbox 1901 494 3494 581">
     <span class='ocr_line' id='line_1_19' title="bbox 1901 494 3494 581; baseline 0.012 -33"><span class='ocrx_word' id='word_1_119' title='bbox 1901 500 2092 549; x_wconf 89' lang='lat' dir='ltr'><strong>contra</strong></span> <span class='ocrx_word' id='word_1_120' title='bbox 2125 508 2184 550; x_wconf 82' lang='lat' dir='ltr'><strong>se</strong></span> <span class='ocrx_word' id='word_1_121' title='bbox 2208 494 2403 552; x_wconf 88' lang='lat' dir='ltr'><strong>insana</strong></span> <span class='ocrx_word' id='word_1_122' title='bbox 2434 505 2617 581; x_wconf 65' lang='lat' dir='ltr'><strong>mente</strong></span> <span class='ocrx_word' id='word_1_123' title='bbox 2638 510 2958 575; x_wconf 77' lang='lat' dir='ltr'><strong>provocant.</strong></span> <span class='ocrx_word' id='word_1_124' title='bbox 2986 501 3183 561; x_wconf 78' lang='lat' dir='ltr'><strong>Moneo</strong></span> <span class='ocrx_word' id='word_1_125' title='bbox 3204 506 3390 580; x_wconf 77' lang='lat' dir='ltr'><strong>itaque</strong></span> <span class='ocrx_word' id='word_1_126' title='bbox 3414 517 3494 578; x_wconf 74' lang='lat' dir='ltr'><strong>te,</strong></span> 
     </span>
    </p>
   </div>
   <div class='ocr_carea' id='block_1_20' title="bbox 1900 587 3494 674">
    <p class='ocr_par' dir='ltr' id='par_1_20' title="bbox 1900 587 3494 674">
     <span class='ocr_line' id='line_1_20' title="bbox 1900 587 3494 674; baseline 0.012 -31"><span class='ocrx_word' id='word_1_127' title='bbox 1900 595 1957 643; x_wconf 91' lang='lat' dir='ltr'><strong>ct</strong></span> <span class='ocrx_word' id='word_1_128' title='bbox 1983 587 2195 658; x_wconf 87' lang='lat' dir='ltr'><strong>hortor,</strong></span> <span class='ocrx_word' id='word_1_129' title='bbox 2232 589 2559 648; x_wconf 87' lang='lat' dir='ltr'><strong>charissime</strong></span> <span class='ocrx_word' id='word_1_130' title='bbox 2588 592 2687 662; x_wconf 83' lang='lat' dir='ltr'><strong>ﬁli,</strong></span> <span class='ocrx_word' id='word_1_131' title='bbox 2711 594 2781 650; x_wconf 91' lang='lat' dir='ltr'><strong>ah</strong></span> <span class='ocrx_word' id='word_1_132' title='bbox 2798 590 2902 653; x_wconf 82' lang='lat' dir='ltr'><strong>his</strong></span> <span class='ocrx_word' id='word_1_133' title='bbox 2925 611 3089 657; x_wconf 84' lang='lat' dir='ltr'><strong>aures</strong></span> <span class='ocrx_word' id='word_1_134' title='bbox 3132 607 3494 674; x_wconf 67' lang='lat' dir='ltr'><strong>tuasaverte,</strong></span> 
     </span>
    </p>
   </div>
   <div class='ocr_carea' id='block_1_21' title="bbox 1902 679 3498 764">
    <p class='ocr_par' dir='ltr' id='par_1_21' title="bbox 1902 679 3498 764">
     <span class='ocr_line' id='line_1_21' title="bbox 1902 679 3498 764; baseline 0.013 -30"><span class='ocrx_word' id='word_1_135' title='bbox 1902 687 1958 734; x_wconf 88' lang='lat' dir='ltr'><strong>et</strong></span> <span class='ocrx_word' id='word_1_136' title='bbox 1981 679 2064 735; x_wconf 89' lang='lat' dir='ltr'><strong>eis</strong></span> <span class='ocrx_word' id='word_1_137' title='bbox 2086 681 2338 741; x_wconf 86' lang='lat' dir='ltr'><strong>auditum</strong></span> <span class='ocrx_word' id='word_1_138' title='bbox 2364 682 2738 743; x_wconf 83' lang='lat' dir='ltr'><strong>indubitanter</strong></span> <span class='ocrx_word' id='word_1_139' title='bbox 2758 689 2960 759; x_wconf 66' lang='lat' dir='ltr'><strong>praebe,</strong></span> <span class='ocrx_word' id='word_1_140' title='bbox 2983 691 3079 761; x_wconf 87' lang='lat' dir='ltr'><strong>qui</strong></span> <span class='ocrx_word' id='word_1_141' title='bbox 3108 706 3219 750; x_wconf 90' lang='lat' dir='ltr'><strong>non</strong></span> <span class='ocrx_word' id='word_1_142' title='bbox 3249 709 3374 764; x_wconf 82' lang='lat' dir='ltr'><strong>sua,</strong></span> <span class='ocrx_word' id='word_1_143' title='bbox 3398 697 3498 759; x_wconf 70' lang='lat' dir='ltr'><strong>sed</strong></span> 
     </span>
    </p>
   </div>
   <div class='ocr_carea' id='block_1_22' title="bbox 1902 772 3498 861">
    <p class='ocr_par' dir='ltr' id='par_1_22' title="bbox 1902 772 3498 861">
     <span class='ocr_line' id='line_1_22' title="bbox 1902 772 3498 861; baseline 0.012 -35"><span class='ocrx_word' id='word_1_144' title='bbox 1902 788 2025 843; x_wconf 69' lang='lat' dir='ltr'><strong>qua:</strong></span> <span class='ocrx_word' id='word_1_145' title='bbox 2053 782 2182 830; x_wconf 90' lang='lat' dir='ltr'><strong>sunt</strong></span> <span class='ocrx_word' id='word_1_146' title='bbox 2209 772 2340 831; x_wconf 83' lang='lat' dir='ltr'><strong>Jesu</strong></span> <span class='ocrx_word' id='word_1_147' title='bbox 2366 775 2571 834; x_wconf 81' lang='lat' dir='ltr'><strong>Christi</strong></span> <span class='ocrx_word' id='word_1_148' title='bbox 2604 790 2859 850; x_wconf 69' lang='lat' dir='ltr'><strong>quaerunt</strong></span> <span class='ocrx_word' id='word_1_149' title='bbox 2892 782 2947 853; x_wconf 84' lang='grc' dir='ltr'><strong>(Ι</strong></span> <span class='ocrx_word' id='word_1_150' title='bbox 2978 783 3103 841; x_wconf 84' lang='lat' dir='ltr'><strong>Cor.</strong></span> <span class='ocrx_word' id='word_1_151' title='bbox 3138 788 3286 859; x_wconf 72' lang='lat' dir='ltr'><strong>xui),</strong></span> <span class='ocrx_word' id='word_1_152' title='bbox 3312 803 3498 861; x_wconf 62' lang='lat' dir='ltr'><strong>nequ</strong></span> 
     </span>
    </p>
   </div>
   <div class='ocr_carea' id='block_1_23' title="bbox 1902 861 3500 949">
    <p class='ocr_par' dir='ltr' id='par_1_23' title="bbox 1902 861 3500 949">
     <span class='ocr_line' id='line_1_23' title="bbox 1902 861 3500 949; baseline 0.013 -32"><span class='ocrx_word' id='word_1_153' title='bbox 1902 861 2168 919; x_wconf 90' lang='lat' dir='ltr'><strong>honorem</strong></span> <span class='ocrx_word' id='word_1_154' title='bbox 2203 881 2369 923; x_wconf 89' lang='lat' dir='ltr'><strong>suum</strong></span> <span class='ocrx_word' id='word_1_155' title='bbox 2415 868 2499 925; x_wconf 88' lang='lat' dir='ltr'><strong>vel</strong></span> <span class='ocrx_word' id='word_1_156' title='bbox 2535 868 2750 937; x_wconf 88' lang='lat' dir='ltr'><strong>lucrum</strong></span> <span class='ocrx_word' id='word_1_157' title='bbox 2789 871 3018 943; x_wconf 71' lang='lat' dir='ltr'><strong>justitim</strong></span> <span class='ocrx_word' id='word_1_158' title='bbox 3058 887 3500 949; x_wconf 56' lang='lat' dir='ltr'><strong>prapoumt.‘</strong></span> 
     </span>
    </p>
   </div>
   <div class='ocr_carea' id='block_1_24' title="bbox 1902 956 3495 1037">
    <p class='ocr_par' dir='ltr' id='par_1_24' title="bbox 1902 956 3495 1037">
     <span class='ocr_line' id='line_1_24' title="bbox 1902 956 3495 1037; baseline 0.012 -30"><span class='ocrx_word' id='word_1_159' title='bbox 1902 968 2093 1009; x_wconf 89' lang='lat' dir='ltr'><strong>eorum</strong></span> <span class='ocrx_word' id='word_1_160' title='bbox 2116 956 2349 1014; x_wconf 89' lang='lat' dir='ltr'><strong>consilio</strong></span> <span class='ocrx_word' id='word_1_161' title='bbox 2374 957 2542 1037; x_wconf 81' lang='lat' dir='ltr'><strong>hujus</strong></span> <span class='ocrx_word' id='word_1_162' title='bbox 2564 960 2689 1017; x_wconf 67' lang='lat' dir='ltr'><strong>vita:</strong></span> <span class='ocrx_word' id='word_1_163' title='bbox 2718 961 2949 1032; x_wconf 77' lang='lat' dir='ltr'><strong>gloriam</strong></span> <span class='ocrx_word' id='word_1_164' title='bbox 2982 980 3092 1023; x_wconf 89' lang='lat' dir='ltr'><strong>non</strong></span> <span class='ocrx_word' id='word_1_165' title='bbox 3129 967 3371 1036; x_wconf 77' lang='lat' dir='ltr'><strong>amittas,</strong></span> <span class='ocrx_word' id='word_1_166' title='bbox 3396 967 3495 1026; x_wconf 77' lang='lat' dir='ltr'><strong>sed</strong></span> 
     </span>
    </p>
   </div>
   <div class='ocr_carea' id='block_1_25' title="bbox 1902 1047 3491 1129">
    <p class='ocr_par' dir='ltr' id='par_1_25' title="bbox 1902 1047 3491 1129">
     <span class='ocr_line' id='line_1_25' title="bbox 1902 1047 3491 1129; baseline 0.015 -31"><span class='ocrx_word' id='word_1_167' title='bbox 1902 1057 2023 1099; x_wconf 90' lang='lat' dir='ltr'><strong>eam</strong></span> <span class='ocrx_word' id='word_1_168' title='bbox 2060 1061 2183 1116; x_wconf 66' lang='lat' dir='ltr'><strong>quae</strong></span> <span class='ocrx_word' id='word_1_169' title='bbox 2214 1056 2302 1103; x_wconf 89' lang='lat' dir='ltr'><strong>est</strong></span> <span class='ocrx_word' id='word_1_170' title='bbox 2335 1047 2391 1102; x_wconf 90' lang='lat' dir='ltr'><strong>in</strong></span> <span class='ocrx_word' id='word_1_171' title='bbox 2433 1048 2655 1105; x_wconf 81' lang='lat' dir='ltr'><strong>Christo</strong></span> <span class='ocrx_word' id='word_1_172' title='bbox 2685 1049 2814 1121; x_wconf 81' lang='lat' dir='ltr'><strong>Jcsu</strong></span> <span class='ocrx_word' id='word_1_173' title='bbox 2856 1053 3181 1117; x_wconf 82' lang='lat' dir='ltr'><strong>ﬁducialiter</strong></span> <span class='ocrx_word' id='word_1_174' title='bbox 3215 1059 3491 1129; x_wconf 62' lang='lat' dir='ltr'><strong>aequitas.</strong></span> 
     </span>
    </p>
   </div>
   <div class='ocr_carea' id='block_1_26' title="bbox 1902 1132 3494 1219">
    <p class='ocr_par' dir='ltr' id='par_1_26' title="bbox 1902 1132 3494 1219">
     <span class='ocr_line' id='line_1_26' title="bbox 1902 1132 3494 1219; baseline 0.014 -32"><span class='ocrx_word' id='word_1_175' title='bbox 1902 1132 2171 1192; x_wconf 59' lang='lat' dir='ltr'><strong>Praeterea</strong></span> <span class='ocrx_word' id='word_1_176' title='bbox 2206 1136 2389 1195; x_wconf 90' lang='lat' dir='ltr'><strong>indico</strong></span> <span class='ocrx_word' id='word_1_177' title='bbox 2430 1148 2540 1196; x_wconf 76' lang='lat' dir='ltr'><strong>tua:</strong></span> <span class='ocrx_word' id='word_1_178' title='bbox 2581 1143 2966 1216; x_wconf 83' lang='lat' dir='ltr'><strong>magnitudini,</strong></span> <span class='ocrx_word' id='word_1_179' title='bbox 3003 1147 3133 1217; x_wconf 89' lang='lat' dir='ltr'><strong>quia</strong></span> <span class='ocrx_word' id='word_1_180' title='bbox 3173 1149 3494 1219; x_wconf 62' lang='lat' dir='ltr'><strong>Christiani.</strong></span> 
     </span>
    </p>
   </div>
   <div class='ocr_carea' id='block_1_27' title="bbox 1902 1229 3498 1312">
    <p class='ocr_par' dir='ltr' id='par_1_27' title="bbox 1902 1229 3498 1312">
     <span class='ocr_line' id='line_1_27' title="bbox 1902 1229 3498 1312; baseline 0.012 -30"><span class='ocrx_word' id='word_1_181' title='bbox 1902 1241 1970 1283; x_wconf 77' lang='lat' dir='ltr'><strong>ex</strong></span> <span class='ocrx_word' id='word_1_182' title='bbox 1994 1229 2244 1299; x_wconf 89' lang='lat' dir='ltr'><strong>partibus</strong></span> <span class='ocrx_word' id='word_1_183' title='bbox 2278 1232 2421 1288; x_wconf 87' lang='lat' dir='ltr'><strong>ultra</strong></span> <span class='ocrx_word' id='word_1_184' title='bbox 2461 1232 2713 1303; x_wconf 87' lang='lat' dir='ltr'><strong>marinis,</strong></span> <span class='ocrx_word' id='word_1_185' title='bbox 2752 1252 2991 1308; x_wconf 90' lang='lat' dir='ltr'><strong>quorum</strong></span> <span class='ocrx_word' id='word_1_186' title='bbox 3022 1240 3260 1297; x_wconf 78' lang='lat' dir='ltr'><strong>maxima</strong></span> <span class='ocrx_word' id='word_1_187' title='bbox 3298 1257 3428 1312; x_wconf 80' lang='lat' dir='ltr'><strong>pars</strong></span> <span class='ocrx_word' id='word_1_188' title='bbox 3458 1252 3498 1300; x_wconf 69' lang='grc' dir='ltr'>α</span> 
     </span>
    </p>
   </div>
   <div class='ocr_carea' id='block_1_28' title="bbox 1902 1323 3497 1407">
    <p class='ocr_par' dir='ltr' id='par_1_28' title="bbox 1902 1323 3497 1407">
     <span class='ocr_line' id='line_1_28' title="bbox 1902 1323 3497 1407; baseline 0.013 -33"><span class='ocrx_word' id='word_1_189' title='bbox 1902 1323 2133 1393; x_wconf 79' lang='lat' dir='ltr'><strong>paganis</strong></span> <span class='ocrx_word' id='word_1_190' title='bbox 2154 1323 2398 1382; x_wconf 89' lang='lat' dir='ltr'><strong>inaudita</strong></span> <span class='ocrx_word' id='word_1_191' title='bbox 2424 1328 2577 1386; x_wconf 85' lang='lat' dir='ltr'><strong>clade</strong></span> <span class='ocrx_word' id='word_1_192' title='bbox 2610 1330 2931 1400; x_wconf 89' lang='lat' dir='ltr'><strong>destruitur,</strong></span> <span class='ocrx_word' id='word_1_193' title='bbox 2961 1342 3017 1389; x_wconf 87' lang='lat' dir='ltr'><strong>et</strong></span> <span class='ocrx_word' id='word_1_194' title='bbox 3047 1350 3199 1395; x_wconf 88' lang='lat' dir='ltr'><strong>more</strong></span> <span class='ocrx_word' id='word_1_195' title='bbox 3224 1339 3497 1407; x_wconf 70' lang='lat' dir='ltr'><strong>pecudum</strong></span> 
     </span>
    </p>
   </div>
   <div class='ocr_carea' id='block_1_29' title="bbox 1904 1414 3498 1493">
    <p class='ocr_par' dir='ltr' id='par_1_29' title="bbox 1904 1414 3498 1493">
     <span class='ocr_line' id='line_1_29' title="bbox 1904 1414 3498 1493; baseline 0.013 -27"><span class='ocrx_word' id='word_1_196' title='bbox 1904 1414 2149 1483; x_wconf 88' lang='lat' dir='ltr'><strong>quotidie</strong></span> <span class='ocrx_word' id='word_1_197' title='bbox 2188 1417 2478 1488; x_wconf 88' lang='lat' dir='ltr'><strong>occiditur,</strong></span> <span class='ocrx_word' id='word_1_198' title='bbox 2518 1437 2765 1493; x_wconf 81' lang='lat' dir='ltr'><strong>gensque</strong></span> <span class='ocrx_word' id='word_1_199' title='bbox 2798 1423 3113 1485; x_wconf 83' lang='lat' dir='ltr'><strong>Christiana</strong></span> <span class='ocrx_word' id='word_1_200' title='bbox 3155 1428 3224 1487; x_wconf 84' lang='lat' dir='ltr'><strong>ad</strong></span> <span class='ocrx_word' id='word_1_201' title='bbox 3264 1429 3498 1487; x_wconf 73' lang='lat' dir='ltr'><strong>nihilum</strong></span> 
     </span>
    </p>
   </div>
   <div class='ocr_carea' id='block_1_30' title="bbox 1903 1505 3501 1585">
    <p class='ocr_par' dir='ltr' id='par_1_30' title="bbox 1903 1505 3501 1585">
     <span class='ocr_line' id='line_1_30' title="bbox 1903 1505 3501 1585; baseline 0.013 -27"><span class='ocrx_word' id='word_1_202' title='bbox 1903 1505 2302 1583; x_wconf 79' lang='lat' dir='ltr'><strong>rcdigitur,_ad</strong></span> <span class='ocrx_word' id='word_1_203' title='bbox 2351 1527 2438 1567; x_wconf 88' lang='lat' dir='ltr'><strong>me</strong></span> <span class='ocrx_word' id='word_1_204' title='bbox 2479 1513 2761 1581; x_wconf 83' lang='lat' dir='ltr'><strong>humiliter</strong></span> <span class='ocrx_word' id='word_1_205' title='bbox 2789 1516 3083 1585; x_wconf 87' lang='lat' dir='ltr'><strong>miserunt,</strong></span> <span class='ocrx_word' id='word_1_206' title='bbox 3134 1520 3305 1583; x_wconf 88' lang='lat' dir='ltr'><strong>nimia</strong></span> <span class='ocrx_word' id='word_1_207' title='bbox 3346 1537 3501 1579; x_wconf 59' lang='lat' dir='ltr'><strong>com.-</strong></span> 
     </span>
    </p>
   </div>
   <div class='ocr_carea' id='block_1_31' title="bbox 1902 1594 3500 1683">
    <p class='ocr_par' dir='ltr' id='par_1_31' title="bbox 1902 1594 3500 1683">
     <span class='ocr_line' id='line_1_31' title="bbox 1902 1594 3500 1683; baseline 0.015 -36"><span class='ocrx_word' id='word_1_208' title='bbox 1902 1594 2045 1664; x_wconf 90' lang='lat' dir='ltr'><strong>pulsi</strong></span> <span class='ocrx_word' id='word_1_209' title='bbox 2073 1598 2296 1655; x_wconf 79' lang='lat' dir='ltr'><strong>miseria</strong></span> <span class='ocrx_word' id='word_1_210' title='bbox 2324 1600 2701 1677; x_wconf 81' lang='lat' dir='ltr'><strong>implorantes,</strong></span> <span class='ocrx_word' id='word_1_211' title='bbox 2740 1614 2800 1660; x_wconf 88' lang='lat' dir='ltr'><strong>ut</strong></span> <span class='ocrx_word' id='word_1_212' title='bbox 2833 1608 3012 1663; x_wconf 85' lang='lat' dir='ltr'><strong>modis</strong></span> <span class='ocrx_word' id='word_1_213' title='bbox 3049 1610 3252 1680; x_wconf 85' lang='lat' dir='ltr'><strong>quibus</strong></span> <span class='ocrx_word' id='word_1_214' title='bbox 3274 1626 3500 1683; x_wconf 69' lang='lat' dir='ltr'><strong>possem</strong></span> 
     </span>
    </p>
   </div>
   <div class='ocr_carea' id='block_1_32' title="bbox 210 1681 3500 1773">
    <p class='ocr_par' dir='ltr' id='par_1_32' title="bbox 210 1681 3500 1773">
     <span class='ocr_line' id='line_1_32' title="bbox 210 1681 3500 1773; baseline 0.013 -52"><span class='ocrx_word' id='word_1_215' title='bbox 210 1703 338 1759; x_wconf 47' lang='lat' dir='ltr'><strong>vim</strong></span> <span class='ocrx_word' id='word_1_216' title='bbox 363 1702 640 1761; x_wconf 48' lang='lat' dir='ltr'><strong>“amem</strong></span> <span class='ocrx_word' id='word_1_217' title='bbox 677 1702 976 1773; x_wconf 44' lang='lat' dir='ltr'><strong>posimms.</strong></span> <span class='ocrx_word' id='word_1_218' title='bbox 1007 1700 1113 1771; x_wconf 64' lang='lat' dir='ltr'><strong>Qui</strong></span> <span class='ocrx_word' id='word_1_219' title='bbox 1136 1704 1185 1759; x_wconf 64' lang='lat' dir='ltr'><strong>si</strong></span> <span class='ocrx_word' id='word_1_220' title='bbox 1212 1702 1374 1771; x_wconf 53' lang='lat' dir='ltr'><strong>forte,</strong></span> <span class='ocrx_word' id='word_1_221' title='bbox 1405 1714 1469 1760; x_wconf 67' lang='grc' dir='ltr'>ω</span> <span class='ocrx_word' id='word_1_222' title='bbox 1504 1714 1592 1762; x_wconf 60' lang='grc' dir='ltr'><strong>εει</strong></span> <span class='ocrx_word' id='word_1_223' title='bbox 1618 1704 1802 1760; x_wconf 57' lang='grc' dir='ltr'><strong>δοιοί,</strong></span> <span class='ocrx_word' id='word_1_224' title='bbox 1835 1681 1879 1737; x_wconf 89' lang='grc' dir='ltr'><strong>Β</strong></span> <span class='ocrx_word' id='word_1_225' title='bbox 1904 1686 2108 1743; x_wconf 89' lang='lat' dir='ltr'><strong>eisdem</strong></span> <span class='ocrx_word' id='word_1_226' title='bbox 2140 1689 2406 1749; x_wconf 78' lang='lat' dir='ltr'><strong>fratribus</strong></span> <span class='ocrx_word' id='word_1_227' title='bbox 2432 1696 2638 1752; x_wconf 87' lang='lat' dir='ltr'><strong>nostris</strong></span> <span class='ocrx_word' id='word_1_228' title='bbox 2663 1696 3063 1767; x_wconf 76' lang='lat' dir='ltr'><strong>sucCurrcrcm,</strong></span> <span class='ocrx_word' id='word_1_229' title='bbox 3094 1718 3164 1759; x_wconf 83' lang='lat' dir='ltr'><strong>ne</strong></span> <span class='ocrx_word' id='word_1_230' title='bbox 3184 1681 3500 1763; x_wconf 71' lang='lat' dir='ltr'><strong>Christiana</strong></span> 
     </span>
    </p>
   </div>
   <div class='ocr_carea' id='block_1_33' title="bbox 212 1797 1801 1872">
    <p class='ocr_par' dir='ltr' id='par_1_33' title="bbox 212 1797 1801 1872">
     <span class='ocr_line' id='line_1_33' title="bbox 212 1797 1801 1872; baseline 0.004 -20"><span class='ocrx_word' id='word_1_231' title='bbox 212 1812 344 1852; x_wconf 67' lang='lat' dir='ltr'><strong>nam</strong></span> <span class='ocrx_word' id='word_1_232' title='bbox 394 1797 699 1867; x_wconf 70' lang='lat' dir='ltr'><strong>proter-via,</strong></span> <span class='ocrx_word' id='word_1_233' title='bbox 743 1797 930 1853; x_wconf 87' lang='lat' dir='ltr'><strong>venire</strong></span> <span class='ocrx_word' id='word_1_234' title='bbox 975 1797 1309 1867; x_wconf 80' lang='lat' dir='ltr'><strong>distulerint,</strong></span> <span class='ocrx_word' id='word_1_235' title='bbox 1350 1800 1516 1872; x_wconf 68' lang='lat' dir='ltr'><strong>regiae</strong></span> <span class='ocrx_word' id='word_1_236' title='bbox 1548 1809 1657 1857; x_wconf 69' lang='lat' dir='ltr'><strong>tute</strong></span> <span class='ocrx_word' id='word_1_237' title='bbox 1699 1817 1801 1872; x_wconf 91' lang='lat' dir='ltr'><strong>po-</strong></span> 
     </span>
    </p>
   </div>
   <div class='ocr_carea' id='block_1_34' title="bbox 198 1887 1805 1963">
    <p class='ocr_par' dir='ltr' id='par_1_34' title="bbox 198 1887 1805 1963">
     <span class='ocr_line' id='line_1_34' title="bbox 198 1887 1805 1963; baseline 0.004 -21"><span class='ocrx_word' id='word_1_238' title='bbox 198 1887 440 1943; x_wconf 76' lang='lat' dir='ltr'><strong>testatis-</strong></span> <span class='ocrx_word' id='word_1_239' title='bbox 468 1887 714 1957; x_wconf 86' lang='lat' dir='ltr'><strong>impulsu</strong></span> <span class='ocrx_word' id='word_1_240' title='bbox 758 1888 998 1958; x_wconf 87' lang='lat' dir='ltr'><strong>petimus</strong></span> <span class='ocrx_word' id='word_1_241' title='bbox 1028 1897 1092 1944; x_wconf 89' lang='lat' dir='ltr'><strong>ut</strong></span> <span class='ocrx_word' id='word_1_242' title='bbox 1118 1889 1306 1946; x_wconf 84' lang='lat' dir='ltr'><strong>venire</strong></span> <span class='ocrx_word' id='word_1_243' title='bbox 1339 1900 1608 1963; x_wconf 76' lang='lat' dir='ltr'><strong>cogantur</strong></span> <span class='ocrx_word' id='word_1_244' title='bbox 1633 1910 1646 1947; x_wconf 90' lang='lat'><strong>:</strong></span> <span class='ocrx_word' id='word_1_245' title='bbox 1677 1904 1805 1949; x_wconf 86' lang='lat' dir='ltr'><strong>cum</strong></span> 
     </span>
    </p>
   </div>
   <div class='ocr_carea' id='block_1_35' title="bbox 200 1978 1805 2053">
    <p class='ocr_par' dir='ltr' id='par_1_35' title="bbox 200 1978 1805 2053">
     <span class='ocr_line' id='line_1_35' title="bbox 200 1978 1805 2053; baseline 0.001 -16"><span class='ocrx_word' id='word_1_246' title='bbox 200 1978 417 2047; x_wconf 57' lang='lat' dir='ltr'><strong>ﬁnibus</strong></span> <span class='ocrx_word' id='word_1_247' title='bbox 443 1979 702 2034; x_wconf 85' lang='lat' dir='ltr'><strong>volumus</strong></span> <span class='ocrx_word' id='word_1_248' title='bbox 738 1995 769 2034; x_wconf 86' lang='lat' dir='ltr'><strong>a</strong></span> <span class='ocrx_word' id='word_1_249' title='bbox 812 1978 985 2035; x_wconf 86' lang='lat' dir='ltr'><strong>latere</strong></span> <span class='ocrx_word' id='word_1_250' title='bbox 1032 1987 1127 2036; x_wconf 90' lang='lat' dir='ltr'><strong>tuo</strong></span> <span class='ocrx_word' id='word_1_251' title='bbox 1178 1981 1391 2053; x_wconf 77' lang='lat' dir='ltr'><strong>legatos</strong></span> <span class='ocrx_word' id='word_1_252' title='bbox 1432 1983 1570 2038; x_wconf 88' lang='lat' dir='ltr'><strong>tales</strong></span> <span class='ocrx_word' id='word_1_253' title='bbox 1620 1990 1805 2038; x_wconf 89' lang='lat' dir='ltr'><strong>trans-</strong></span> 
     </span>
    </p>
   </div>
   <div class='ocr_carea' id='block_1_36' title="bbox 202 2070 1808 2147">
    <p class='ocr_par' dir='ltr' id='par_1_36' title="bbox 202 2070 1808 2147">
     <span class='ocr_line' id='line_1_36' title="bbox 202 2070 1808 2147; baseline 0.005 -22"><span class='ocrx_word' id='word_1_254' title='bbox 202 2070 375 2135; x_wconf 62' lang='lat' dir='ltr'><strong>mitti,</strong></span> <span class='ocrx_word' id='word_1_255' title='bbox 405 2072 501 2142; x_wconf 87' lang='lat' dir='ltr'><strong>qui</strong></span> <span class='ocrx_word' id='word_1_256' title='bbox 525 2087 630 2127; x_wconf 86' lang='lat' dir='ltr'><strong>nos</strong></span> <span class='ocrx_word' id='word_1_257' title='bbox 667 2070 902 2127; x_wconf 83' lang='lat' dir='ltr'><strong>ﬁdeliter</strong></span> <span class='ocrx_word' id='word_1_258' title='bbox 926 2071 1163 2128; x_wconf 85' lang='lat' dir='ltr'><strong>doceant</strong></span> <span class='ocrx_word' id='word_1_259' title='bbox 1189 2080 1246 2129; x_wconf 87' lang='lat' dir='ltr'><strong>et</strong></span> <span class='ocrx_word' id='word_1_260' title='bbox 1275 2074 1344 2130; x_wconf 90' lang='lat' dir='ltr'><strong>de</strong></span> <span class='ocrx_word' id='word_1_261' title='bbox 1366 2074 1618 2147; x_wconf 88' lang='lat' dir='ltr'><strong>ingressu</strong></span> <span class='ocrx_word' id='word_1_262' title='bbox 1652 2084 1708 2132; x_wconf 89' lang='lat' dir='ltr'><strong>et</strong></span> <span class='ocrx_word' id='word_1_263' title='bbox 1740 2077 1808 2133; x_wconf 83' lang='lat' dir='ltr'><strong>de</strong></span> 
     </span>
    </p>
   </div>
   <div class='ocr_carea' id='block_1_37' title="bbox 204 2167 1808 2244">
    <p class='ocr_par' dir='ltr' id='par_1_37' title="bbox 204 2167 1808 2244">
     <span class='ocr_line' id='line_1_37' title="bbox 204 2167 1808 2244; baseline 0.004 -22"><span class='ocrx_word' id='word_1_264' title='bbox 352 2182 592 2224; x_wconf 70' lang='lat' dir='ltr'><strong>eorum;</strong></span> <span class='ocrx_word' id='word_1_265' title='bbox 625 2178 864 2240; x_wconf 88' lang='lat' dir='ltr'><strong>quorum</strong></span> <span class='ocrx_word' id='word_1_266' title='bbox 902 2169 1166 2225; x_wconf 86' lang='lat' dir='ltr'><strong>relatione</strong></span> <span class='ocrx_word' id='word_1_267' title='bbox 1203 2172 1422 2244; x_wconf 82' lang='lat' dir='ltr'><strong>cognita</strong></span> <span class='ocrx_word' id='word_1_268' title='bbox 1456 2173 1704 2239; x_wconf 84' lang='lat' dir='ltr'><strong>veritate,</strong></span> <span class='ocrx_word' id='word_1_269' title='bbox 1740 2173 1808 2229; x_wconf 87' lang='lat' dir='ltr'><strong>ad</strong></span> 
     </span>
    </p>
   </div>
   <div class='ocr_carea' id='block_1_38' title="bbox 210 2257 1808 2335">
    <p class='ocr_par' dir='ltr' id='par_1_38' title="bbox 210 2257 1808 2335">
     <span class='ocr_line' id='line_1_38' title="bbox 210 2257 1808 2335; baseline 0.004 -22"><span class='ocrx_word' id='word_1_270' title='bbox 210 2257 480 2328; x_wconf 70' lang='lat' dir='ltr'><strong>liquidum</strong></span> <span class='ocrx_word' id='word_1_271' title='bbox 511 2258 719 2316; x_wconf 85' lang='lat' dir='ltr'><strong>certius</strong></span> <span class='ocrx_word' id='word_1_272' title='bbox 763 2260 1045 2329; x_wconf 87' lang='lat' dir='ltr'><strong>possimus</strong></span> <span class='ocrx_word' id='word_1_273' title='bbox 1088 2263 1156 2318; x_wconf 92' lang='lat' dir='ltr'><strong>de</strong></span> <span class='ocrx_word' id='word_1_274' title='bbox 1195 2263 1518 2320; x_wconf 87' lang='lat' dir='ltr'><strong>indubitatis</strong></span> <span class='ocrx_word' id='word_1_275' title='bbox 1561 2264 1808 2335; x_wconf 74' lang='lat' dir='ltr'><strong>proferre</strong></span> 
     </span>
    </p>
   </div>
   <div class='ocr_carea' id='block_1_39' title="bbox 207 2349 496 2420">
    <p class='ocr_par' dir='ltr' id='par_1_39' title="bbox 207 2349 496 2420">
     <span class='ocr_line' id='line_1_39' title="bbox 207 2349 496 2420; baseline 0.007 -16"><span class='ocrx_word' id='word_1_276' title='bbox 207 2349 496 2420; x_wconf 80' lang='lat' dir='ltr'><strong>judicium.</strong></span> 
     </span>
    </p>
   </div>
   <div class='ocr_carea' id='block_1_40' title="bbox 228 2443 1807 2519">
    <p class='ocr_par' dir='ltr' id='par_1_40' title="bbox 228 2443 1807 2519">
     <span class='ocr_line' id='line_1_40' title="bbox 228 2443 1807 2519; baseline 0.006 -21"><span class='ocrx_word' id='word_1_277' title='bbox 228 2474 229 2477; x_wconf 60' lang='grc' dir='ltr'><strong>η</strong></span> <span class='ocrx_word' id='word_1_278' title='bbox 280 2443 416 2499; x_wconf 81' lang='lat' dir='ltr'><strong>Data</strong></span> <span class='ocrx_word' id='word_1_279' title='bbox 460 2444 656 2503; x_wconf 61' lang='lat' dir='ltr'><strong>Romae</strong></span> <span class='ocrx_word' id='word_1_280' title='bbox 684 2448 920 2517; x_wconf 87' lang='lat' dir='ltr'><strong>septimo</strong></span> <span class='ocrx_word' id='word_1_281' title='bbox 947 2446 1076 2505; x_wconf 87' lang='lat' dir='ltr'><strong>ldus</strong></span> <span class='ocrx_word' id='word_1_282' title='bbox 1122 2448 1462 2519; x_wconf 87' lang='lat' dir='ltr'><strong>Decembris,</strong></span> <span class='ocrx_word' id='word_1_283' title='bbox 1510 2451 1807 2509; x_wconf 89' lang='lat' dir='ltr'><strong>indictione</strong></span> 
     </span>
    </p>
   </div>
   <div class='ocr_carea' id='block_1_41' title="bbox 213 2537 637 2601">
    <p class='ocr_par' dir='ltr' id='par_1_41' title="bbox 213 2537 637 2601">
     <span class='ocr_line' id='line_1_41' title="bbox 213 2537 637 2601; baseline 0.009 -9"><span class='ocrx_word' id='word_1_284' title='bbox 213 2537 421 2596; x_wconf 71' lang='lat' dir='ltr'><strong>decium</strong></span> <span class='ocrx_word' id='word_1_285' title='bbox 452 2542 637 2601; x_wconf 78' lang='lat' dir='ltr'><strong>tertia.</strong></span> 
     </span>
    </p>
   </div>
   <div class='ocr_carea' id='block_1_42' title="bbox 206 2635 1262 2694">
    <p class='ocr_par' dir='ltr' id='par_1_42' title="bbox 206 2635 1262 2694">
     <span class='ocr_line' id='line_1_42' title="bbox 206 2635 1262 2694; baseline 0.009 -9"><span class='ocrx_word' id='word_1_286' title='bbox 206 2646 223 2677; x_wconf 77' lang='grc' dir='ltr'><strong>ῖ</strong></span> <span class='ocrx_word' id='word_1_287' title='bbox 536 2674 539 2677; x_wconf 93' lang='grc'><strong>-</strong></span> <span class='ocrx_word' id='word_1_288' title='bbox 709 2635 1053 2694; x_wconf 77' lang='lat' dir='ltr'><strong>EPISTOLA</strong></span> <span class='ocrx_word' id='word_1_289' title='bbox 1080 2638 1262 2694; x_wconf 67' lang='lat' dir='ltr'><strong>XXXI</strong></span> 
     </span>
    </p>
   </div>
   <div class='ocr_carea' id='block_1_43' title="bbox 836 2747 1181 2788">
    <p class='ocr_par' dir='ltr' id='par_1_43' title="bbox 836 2747 1181 2788">
     <span class='ocr_line' id='line_1_43' title="bbox 836 2747 1181 2788; baseline 0.003 -2"><span class='ocrx_word' id='word_1_290' title='bbox 836 2747 902 2786; x_wconf 74' lang='lat' dir='ltr'><strong>AD</strong></span> <span class='ocrx_word' id='word_1_291' title='bbox 942 2749 1181 2788; x_wconf 66' lang='lat' dir='ltr'><strong>EUIDEM.</strong></span> 
     </span>
    </p>
   </div>
   <div class='ocr_carea' id='block_1_44' title="bbox 713 2818 1302 2896">
    <p class='ocr_par' dir='ltr' id='par_1_44' title="bbox 713 2818 1302 2896">
     <span class='ocr_line' id='line_1_44' title="bbox 713 2818 1302 2896; baseline 0.01 -22"><span class='ocrx_word' id='word_1_292' title='bbox 713 2818 721 2824; x_wconf 81' lang='lat'><strong><em>&#39;</em></strong></span> <span class='ocrx_word' id='word_1_293' title='bbox 818 2818 1000 2895; x_wconf 80' lang='lat' dir='ltr'><strong>(Anno</strong></span> <span class='ocrx_word' id='word_1_294' title='bbox 1026 2822 1211 2896; x_wconf 64' lang='lat'><strong>1074.)</strong></span> <span class='ocrx_word' id='word_1_295' title='bbox 1298 2856 1302 2860; x_wconf 23' lang='grc' dir='ltr'><strong>Α</strong></span> 
     </span>
    </p>
   </div>
   <div class='ocr_carea' id='block_1_45' title="bbox 214 2905 1804 2991">
    <p class='ocr_par' dir='ltr' id='par_1_45' title="bbox 214 2905 1804 2991">
     <span class='ocr_line' id='line_1_45' title="bbox 214 2905 1804 2991; baseline 0.009 -29"><span class='ocrx_word' id='word_1_296' title='bbox 214 2905 489 2965; x_wconf 76' lang='lat' dir='ltr'><strong>Summum</strong></span> <span class='ocrx_word' id='word_1_297' title='bbox 507 2912 579 2991; x_wconf 64' lang='lat' dir='ltr'><strong>in</strong></span> <span class='ocrx_word' id='word_1_298' title='bbox 598 2925 1276 2991; x_wconf 5' lang='lat' dir='ltr'><strong>-eum_amorentgtestatur.</strong></span> <span class='ocrx_word' id='word_1_299' title='bbox 1310 2917 1480 2991; x_wconf 83' lang='lat' dir='ltr'><strong>Rogat</strong></span> <span class='ocrx_word' id='word_1_300' title='bbox 1510 2929 1569 2991; x_wconf 82' lang='lat' dir='ltr'><strong>ut</strong></span> <span class='ocrx_word' id='word_1_301' title='bbox 1598 2931 1804 2977; x_wconf 80' lang='lat' dir='ltr'><strong>avertat</strong></span> 
     </span>
    </p>
   </div>
   <div class='ocr_carea' id='block_1_46' title="bbox 282 2983 1801 3054">
    <p class='ocr_par' dir='ltr' id='par_1_46' title="bbox 282 2983 1801 3054">
     <span class='ocr_line' id='line_1_46' title="bbox 282 2983 1801 3054; baseline 0.009 -20"><span class='ocrx_word' id='word_1_302' title='bbox 282 2997 436 3036; x_wconf 75' lang='lat' dir='ltr'><strong>aures</strong></span> <span class='ocrx_word' id='word_1_303' title='bbox 462 2984 531 3054; x_wconf 78' lang='lat' dir='ltr'><strong>ab</strong></span> <span class='ocrx_word' id='word_1_304' title='bbox 553 2983 638 3037; x_wconf 79' lang='lat' dir='ltr'><strong>his</strong></span> <span class='ocrx_word' id='word_1_305' title='bbox 660 2986 752 3054; x_wconf 81' lang='lat' dir='ltr'><strong>qui</strong></span> <span class='ocrx_word' id='word_1_306' title='bbox 782 2986 1107 3045; x_wconf 78' lang='lat' dir='ltr'><strong>discordiam</strong></span> <span class='ocrx_word' id='word_1_307' title='bbox 1133 2989 1271 3044; x_wconf 80' lang='lat' dir='ltr'><strong>inter</strong></span> <span class='ocrx_word' id='word_1_308' title='bbox 1299 3006 1354 3044; x_wconf 93' lang='lat' dir='ltr'><strong>se</strong></span> <span class='ocrx_word' id='word_1_309' title='bbox 1389 2983 1439 3043; x_wconf 67' lang='lat' dir='ltr'><strong>Et</strong></span> <span class='ocrx_word' id='word_1_310' title='bbox 1463 2990 1618 3045; x_wconf 82' lang='lat' dir='ltr'><strong>illum</strong></span> <span class='ocrx_word' id='word_1_311' title='bbox 1643 2995 1801 3047; x_wconf 87' lang='lat' dir='ltr'><strong>semi—</strong></span> 
     </span>
    </p>
   </div>
   <div class='ocr_carea' id='block_1_47' title="bbox 1908 1779 3502 1862">
    <p class='ocr_par' dir='ltr' id='par_1_47' title="bbox 1908 1779 3502 1862">
     <span class='ocr_line' id='line_1_47' title="bbox 1908 1779 3502 1862; baseline 0.013 -29"><span class='ocrx_word' id='word_1_312' title='bbox 1908 1779 2100 1852; x_wconf 79' lang='lat' dir='ltr'><strong>religio</strong></span> <span class='ocrx_word' id='word_1_313' title='bbox 2132 1785 2338 1840; x_wconf 89' lang='lat' dir='ltr'><strong>nostris</strong></span> <span class='ocrx_word' id='word_1_314' title='bbox 2368 1789 2730 1859; x_wconf 80' lang='lat' dir='ltr'><strong>temporibus,</strong></span> <span class='ocrx_word' id='word_1_315' title='bbox 2757 1792 2906 1862; x_wconf 89' lang='lat' dir='ltr'><strong>quod</strong></span> <span class='ocrx_word' id='word_1_316' title='bbox 2953 1794 3114 1862; x_wconf 91' lang='lat' dir='ltr'><strong>absit,</strong></span> <span class='ocrx_word' id='word_1_317' title='bbox 3142 1796 3370 1851; x_wconf 89' lang='lat' dir='ltr'><strong>omnino</strong></span> <span class='ocrx_word' id='word_1_318' title='bbox 3405 1797 3502 1853; x_wconf 88' lang='lat' dir='ltr'><strong>de-</strong></span> 
     </span>
    </p>
   </div>
   <div class='ocr_carea' id='block_1_48' title="bbox 1906 1871 3501 1959">
    <p class='ocr_par' dir='ltr' id='par_1_48' title="bbox 1906 1871 3501 1959">
     <span class='ocr_line' id='line_1_48' title="bbox 1906 1871 3501 1959; baseline 0.014 -35"><span class='ocrx_word' id='word_1_319' title='bbox 1906 1871 2129 1953; x_wconf 82' lang='lat' dir='ltr'><strong>periret.</strong></span> <span class='ocrx_word' id='word_1_320' title='bbox 2156 1873 2271 1947; x_wconf 88' lang='lat' dir='ltr'><strong>Ego</strong></span> <span class='ocrx_word' id='word_1_321' title='bbox 2292 1885 2486 1934; x_wconf 83' lang='lat' dir='ltr'><strong>autem</strong></span> <span class='ocrx_word' id='word_1_322' title='bbox 2514 1881 2688 1937; x_wconf 91' lang='lat' dir='ltr'><strong>nimio</strong></span> <span class='ocrx_word' id='word_1_323' title='bbox 2712 1883 2902 1939; x_wconf 89' lang='lat' dir='ltr'><strong>dolore</strong></span> <span class='ocrx_word' id='word_1_324' title='bbox 2926 1892 3129 1953; x_wconf 87' lang='lat' dir='ltr'><strong>tactus,</strong></span> <span class='ocrx_word' id='word_1_325' title='bbox 3151 1894 3207 1944; x_wconf 86' lang='lat' dir='ltr'><strong>et</strong></span> <span class='ocrx_word' id='word_1_326' title='bbox 3232 1904 3408 1959; x_wconf 80' lang='lat' dir='ltr'><strong>usque</strong></span> <span class='ocrx_word' id='word_1_327' title='bbox 3429 1889 3501 1945; x_wconf 78' lang='lat' dir='ltr'><strong>ad</strong></span> 
     </span>
    </p>
   </div>
   <div class='ocr_carea' id='block_1_49' title="bbox 1862 1965 3503 2053">
    <p class='ocr_par' dir='ltr' id='par_1_49' title="bbox 1862 1965 3503 2053">
     <span class='ocr_line' id='line_1_49' title="bbox 1862 1965 3503 2053; baseline 0.015 -38"><span class='ocrx_word' id='word_1_328' title='bbox 1862 1992 1870 1999; x_wconf 94' lang='lat'><strong><em>-</em></strong></span> <span class='ocrx_word' id='word_1_329' title='bbox 1907 1965 2102 2021; x_wconf 87' lang='lat' dir='ltr'><strong>mortis</strong></span> <span class='ocrx_word' id='word_1_330' title='bbox 2147 1967 2478 2025; x_wconf 90' lang='lat' dir='ltr'><strong>desiderium</strong></span> <span class='ocrx_word' id='word_1_331' title='bbox 2510 1971 2732 2041; x_wconf 82' lang='lat' dir='ltr'><strong>ductus,</strong></span> <span class='ocrx_word' id='word_1_332' title='bbox 2770 1976 2947 2049; x_wconf 77' lang='lat' dir='ltr'><strong>magis</strong></span> <span class='ocrx_word' id='word_1_333' title='bbox 2987 1978 3136 2033; x_wconf 89' lang='lat' dir='ltr'><strong>enim</strong></span> <span class='ocrx_word' id='word_1_334' title='bbox 3169 1980 3363 2037; x_wconf 81' lang='lat' dir='ltr'><strong>vellem</strong></span> <span class='ocrx_word' id='word_1_335' title='bbox 3397 1997 3503 2053; x_wconf 86' lang='lat' dir='ltr'><strong>pro</strong></span> 
     </span>
    </p>
   </div>
   <div class='ocr_carea' id='block_1_50' title="bbox 1908 2055 3503 2144">
    <p class='ocr_par' dir='ltr' id='par_1_50' title="bbox 1908 2055 3503 2144">
     <span class='ocr_line' id='line_1_50' title="bbox 1908 2055 3503 2144; baseline 0.012 -33"><span class='ocrx_word' id='word_1_336' title='bbox 1908 2055 1996 2114; x_wconf 91' lang='lat' dir='ltr'><strong>his</strong></span> <span class='ocrx_word' id='word_1_337' title='bbox 2028 2059 2269 2116; x_wconf 88' lang='lat' dir='ltr'><strong>animam</strong></span> <span class='ocrx_word' id='word_1_338' title='bbox 2300 2078 2482 2119; x_wconf 85' lang='lat' dir='ltr'><strong>meam</strong></span> <span class='ocrx_word' id='word_1_339' title='bbox 2507 2080 2712 2135; x_wconf 90' lang='lat' dir='ltr'><strong>ponere</strong></span> <span class='ocrx_word' id='word_1_340' title='bbox 2737 2083 2906 2144; x_wconf 86' lang='lat' dir='ltr'><strong>quam</strong></span> <span class='ocrx_word' id='word_1_341' title='bbox 2937 2084 3036 2125; x_wconf 86' lang='lat' dir='ltr'><strong>eos</strong></span> <span class='ocrx_word' id='word_1_342' title='bbox 3068 2072 3351 2144; x_wconf 78' lang='lat' dir='ltr'><strong>negligens</strong></span> <span class='ocrx_word' id='word_1_343' title='bbox 3376 2073 3503 2129; x_wconf 82' lang='lat' dir='ltr'><strong>uni-</strong></span> 
     </span>
    </p>
   </div>
   <div class='ocr_carea' id='block_1_51' title="bbox 1907 2141 3505 2235">
    <p class='ocr_par' dir='ltr' id='par_1_51' title="bbox 1907 2141 3505 2235">
     <span class='ocr_line' id='line_1_51' title="bbox 1907 2141 3505 2235; baseline 0.011 -32"><span class='ocrx_word' id='word_1_344' title='bbox 1907 2162 2070 2204; x_wconf 81' lang='lat' dir='ltr'><strong>verso</strong></span> <span class='ocrx_word' id='word_1_345' title='bbox 2105 2150 2228 2206; x_wconf 87' lang='lat' dir='ltr'><strong>orbi</strong></span> <span class='ocrx_word' id='word_1_346' title='bbox 2266 2152 2335 2207; x_wconf 87' lang='lat' dir='ltr'><strong>ad</strong></span> <span class='ocrx_word' id='word_1_347' title='bbox 2387 2154 2603 2210; x_wconf 86' lang='lat' dir='ltr'><strong>libitum</strong></span> <span class='ocrx_word' id='word_1_348' title='bbox 2646 2141 2834 2213; x_wconf 63' lang='lat' dir='ltr'><strong>carnis</strong></span> <span class='ocrx_word' id='word_1_349' title='bbox 2872 2141 3164 2231; x_wconf 82' lang='lat' dir='ltr'><strong>imperare,</strong></span> <span class='ocrx_word' id='word_1_350' title='bbox 3200 2141 3505 2235; x_wconf 81' lang='lat' dir='ltr'><strong>procuravi</strong></span> 
     </span>
    </p>
   </div>
   <div class='ocr_carea' id='block_1_52' title="bbox 1907 2237 3502 2321">
    <p class='ocr_par' dir='ltr' id='par_1_52' title="bbox 1907 2237 3502 2321">
     <span class='ocr_line' id='line_1_52' title="bbox 1907 2237 3502 2321; baseline 0.011 -26"><span class='ocrx_word' id='word_1_351' title='bbox 1907 2237 2257 2298; x_wconf 88' lang='lat' dir='ltr'><strong>Christianos</strong></span> <span class='ocrx_word' id='word_1_352' title='bbox 2277 2258 2529 2316; x_wconf 87' lang='lat' dir='ltr'><strong>quosque</strong></span> <span class='ocrx_word' id='word_1_353' title='bbox 2558 2247 2627 2302; x_wconf 92' lang='lat' dir='ltr'><strong>ad</strong></span> <span class='ocrx_word' id='word_1_354' title='bbox 2668 2248 2789 2303; x_wconf 86' lang='lat' dir='ltr'><strong>hoc</strong></span> <span class='ocrx_word' id='word_1_355' title='bbox 2810 2263 3129 2321; x_wconf 83' lang='lat' dir='ltr'><strong>provocare,</strong></span> <span class='ocrx_word' id='word_1_356' title='bbox 3160 2253 3229 2308; x_wconf 88' lang='lat' dir='ltr'><strong>ad</strong></span> <span class='ocrx_word' id='word_1_357' title='bbox 3253 2254 3359 2312; x_wconf 89' lang='lat' dir='ltr'><strong>hoc</strong></span> <span class='ocrx_word' id='word_1_358' title='bbox 3394 2255 3502 2311; x_wconf 88' lang='lat' dir='ltr'><strong>im-</strong></span> 
     </span>
    </p>
   </div>
   <div class='ocr_carea' id='block_1_53' title="bbox 1900 2332 3505 2425">
    <p class='ocr_par' dir='ltr' id='par_1_53' title="bbox 1900 2332 3505 2425">
     <span class='ocr_line' id='line_1_53' title="bbox 1900 2332 3505 2425; baseline 0.011 -40"><span class='ocrx_word' id='word_1_359' title='bbox 1900 2332 2129 2401; x_wconf 90' lang='lat' dir='ltr'><strong>pellere,</strong></span> <span class='ocrx_word' id='word_1_360' title='bbox 2155 2342 2216 2388; x_wconf 90' lang='lat' dir='ltr'><strong>ut</strong></span> <span class='ocrx_word' id='word_1_361' title='bbox 2250 2345 2531 2406; x_wconf 86' lang='lat' dir='ltr'><strong>appetant,</strong></span> <span class='ocrx_word' id='word_1_362' title='bbox 2554 2337 2897 2398; x_wconf 81' lang='lat' dir='ltr'><strong>defendendo</strong></span> <span class='ocrx_word' id='word_1_363' title='bbox 2928 2343 3101 2416; x_wconf 84' lang='lat' dir='ltr'><strong>legem</strong></span> <span class='ocrx_word' id='word_1_364' title='bbox 3127 2344 3356 2425; x_wconf 79' lang='lat' dir='ltr'><strong>Christi,</strong></span> <span class='ocrx_word' id='word_1_365' title='bbox 3382 2348 3505 2404; x_wconf 85' lang='lat' dir='ltr'><strong>ani-</strong></span> 
     </span>
    </p>
   </div>
   <div class='ocr_carea' id='block_1_54' title="bbox 1900 2426 3507 2509">
    <p class='ocr_par' dir='ltr' id='par_1_54' title="bbox 1900 2426 3507 2509">
     <span class='ocr_line' id='line_1_54' title="bbox 1900 2426 3507 2509; baseline 0.01 -32"><span class='ocrx_word' id='word_1_366' title='bbox 1900 2439 2056 2501; x_wconf 88' lang='lat' dir='ltr'><strong>mam</strong></span> <span class='ocrx_word' id='word_1_367' title='bbox 2089 2439 2245 2480; x_wconf 89' lang='lat' dir='ltr'><strong>suam</strong></span> <span class='ocrx_word' id='word_1_368' title='bbox 2284 2442 2385 2497; x_wconf 91' lang='lat' dir='ltr'><strong>pro</strong></span> <span class='ocrx_word' id='word_1_369' title='bbox 2418 2426 2683 2488; x_wconf 82' lang='lat' dir='ltr'><strong>fratribus</strong></span> <span class='ocrx_word' id='word_1_370' title='bbox 2722 2448 2929 2503; x_wconf 84' lang='lat' dir='ltr'><strong>ponere</strong></span> <span class='ocrx_word' id='word_1_371' title='bbox 2973 2434 3164 2508; x_wconf 74' lang='lat' dir='ltr'><strong>(Joau.</strong></span> <span class='ocrx_word' id='word_1_372' title='bbox 3200 2437 3268 2509; x_wconf 68' lang='grc' dir='ltr'><strong>ι)</strong></span> <span class='ocrx_word' id='word_1_373' title='bbox 3315 2446 3371 2494; x_wconf 87' lang='lat' dir='ltr'><strong>et</strong></span> <span class='ocrx_word' id='word_1_374' title='bbox 3402 2454 3507 2499; x_wconf 80' lang='lat' dir='ltr'><strong>no-</strong></span> 
     </span>
    </p>
   </div>
   <div class='ocr_carea' id='block_1_55' title="bbox 1907 2514 3502 2598">
    <p class='ocr_par' dir='ltr' id='par_1_55' title="bbox 1907 2514 3502 2598">
     <span class='ocr_line' id='line_1_55' title="bbox 1907 2514 3502 2598; baseline 0.011 -29"><span class='ocrx_word' id='word_1_375' title='bbox 1907 2514 2173 2571; x_wconf 86' lang='lat' dir='ltr'><strong>bilitatem</strong></span> <span class='ocrx_word' id='word_1_376' title='bbox 2206 2516 2446 2577; x_wconf 83' lang='lat' dir='ltr'><strong>ﬁliorum</strong></span> <span class='ocrx_word' id='word_1_377' title='bbox 2481 2520 2576 2576; x_wconf 88' lang='lat' dir='ltr'><strong>Dei</strong></span> <span class='ocrx_word' id='word_1_378' title='bbox 2607 2522 2729 2579; x_wconf 91' lang='lat' dir='ltr'><strong>luce</strong></span> <span class='ocrx_word' id='word_1_379' title='bbox 2756 2520 2964 2581; x_wconf 87' lang='lat' dir='ltr'><strong>clarius</strong></span> <span class='ocrx_word' id='word_1_380' title='bbox 2991 2534 3286 2584; x_wconf 87' lang='lat' dir='ltr'><strong>ostentare.</strong></span> <span class='ocrx_word' id='word_1_381' title='bbox 3321 2528 3502 2598; x_wconf 79' lang='lat' dir='ltr'><strong>Quam</strong></span> 
     </span>
    </p>
   </div>
   <div class='ocr_carea' id='block_1_56' title="bbox 1907 2607 3502 2694">
    <p class='ocr_par' dir='ltr' id='par_1_56' title="bbox 1907 2607 3502 2694">
     <span class='ocr_line' id='line_1_56' title="bbox 1907 2607 3502 2694; baseline 0.011 -34"><span class='ocrx_word' id='word_1_382' title='bbox 1907 2607 2341 2665; x_wconf 82' lang='lat' dir='ltr'><strong>admonitionem</strong></span> <span class='ocrx_word' id='word_1_383' title='bbox 2392 2610 2565 2668; x_wconf 91' lang='lat' dir='ltr'><strong>ltalici</strong></span> <span class='ocrx_word' id='word_1_384' title='bbox 2613 2622 2668 2669; x_wconf 91' lang='lat' dir='ltr'><strong>et</strong></span> <span class='ocrx_word' id='word_1_385' title='bbox 2713 2616 3130 2691; x_wconf 86' lang='lat' dir='ltr'><strong>ultramontaui,</strong></span> <span class='ocrx_word' id='word_1_386' title='bbox 3174 2620 3289 2679; x_wconf 90' lang='lat' dir='ltr'><strong>Deo</strong></span> <span class='ocrx_word' id='word_1_387' title='bbox 3325 2622 3502 2694; x_wconf 60' lang='lat' dir='ltr'><strong>inspiv</strong></span> 
     </span>
    </p>
   </div>
   <div class='ocr_carea' id='block_1_57' title="bbox 1905 2703 3505 2779">
    <p class='ocr_par' dir='ltr' id='par_1_57' title="bbox 1905 2703 3505 2779">
     <span class='ocr_line' id='line_1_57' title="bbox 1905 2703 3505 2779; baseline 0.011 -26"><span class='ocrx_word' id='word_1_388' title='bbox 1905 2708 2084 2767; x_wconf 86' lang='lat' dir='ltr'><strong>rante,</strong></span> <span class='ocrx_word' id='word_1_389' title='bbox 2115 2710 2175 2755; x_wconf 90' lang='lat' dir='ltr'><strong>ut</strong></span> <span class='ocrx_word' id='word_1_390' title='bbox 2220 2718 2366 2770; x_wconf 87' lang='lat' dir='ltr'><strong>reor,</strong></span> <span class='ocrx_word' id='word_1_391' title='bbox 2391 2703 2505 2761; x_wconf 90' lang='lat' dir='ltr'><strong>imo</strong></span> <span class='ocrx_word' id='word_1_392' title='bbox 2533 2704 2699 2765; x_wconf 86' lang='lat' dir='ltr'><strong>etiam</strong></span> <span class='ocrx_word' id='word_1_393' title='bbox 2736 2708 2964 2765; x_wconf 86' lang='lat' dir='ltr'><strong>omnino</strong></span> <span class='ocrx_word' id='word_1_394' title='bbox 3001 2710 3234 2779; x_wconf 83' lang='lat' dir='ltr'><strong>atlirmo,</strong></span> <span class='ocrx_word' id='word_1_395' title='bbox 3269 2713 3505 2773; x_wconf 73' lang='lat' dir='ltr'><strong>libenter</strong></span> 
     </span>
    </p>
   </div>
   <div class='ocr_carea' id='block_1_58' title="bbox 1904 2795 3505 2871">
    <p class='ocr_par' dir='ltr' id='par_1_58' title="bbox 1904 2795 3505 2871">
     <span class='ocr_line' id='line_1_58' title="bbox 1904 2795 3505 2871; baseline 0.012 -25"><span class='ocrx_word' id='word_1_396' title='bbox 1904 2800 2253 2861; x_wconf 86' lang='lat' dir='ltr'><strong>acceperunt,</strong></span> <span class='ocrx_word' id='word_1_397' title='bbox 2285 2802 2339 2849; x_wconf 88' lang='lat' dir='ltr'><strong>et</strong></span> <span class='ocrx_word' id='word_1_398' title='bbox 2363 2795 2478 2865; x_wconf 87' lang='lat' dir='ltr'><strong>jam</strong></span> <span class='ocrx_word' id='word_1_399' title='bbox 2514 2797 2657 2853; x_wconf 86' lang='lat' dir='ltr'><strong>ultra</strong></span> <span class='ocrx_word' id='word_1_400' title='bbox 2679 2798 3081 2871; x_wconf 77' lang='lat' dir='ltr'><strong>quinquaginta</strong></span> <span class='ocrx_word' id='word_1_401' title='bbox 3107 2803 3276 2869; x_wconf 83' lang='lat' dir='ltr'><strong>millia</strong></span> <span class='ocrx_word' id='word_1_402' title='bbox 3300 2804 3369 2865; x_wconf 86' lang='lat' dir='ltr'><strong>ad</strong></span> <span class='ocrx_word' id='word_1_403' title='bbox 3398 2806 3505 2864; x_wconf 81' lang='lat' dir='ltr'><strong>hoc</strong></span> 
     </span>
    </p>
   </div>
   <div class='ocr_carea' id='block_1_59' title="bbox 1904 2886 3503 2969">
    <p class='ocr_par' dir='ltr' id='par_1_59' title="bbox 1904 2886 3503 2969">
     <span class='ocr_line' id='line_1_59' title="bbox 1904 2886 3503 2969; baseline 0.013 -34"><span class='ocrx_word' id='word_1_404' title='bbox 1904 2897 1964 2937; x_wconf 90' lang='lat' dir='ltr'><strong>se</strong></span> <span class='ocrx_word' id='word_1_405' title='bbox 1998 2893 2330 2953; x_wconf 66' lang='lat' dir='ltr'><strong>praeparant,</strong></span> <span class='ocrx_word' id='word_1_406' title='bbox 2369 2895 2429 2941; x_wconf 92' lang='lat' dir='ltr'><strong>ut</strong></span> <span class='ocrx_word' id='word_1_407' title='bbox 2459 2886 2507 2942; x_wconf 90' lang='lat' dir='ltr'><strong>si</strong></span> <span class='ocrx_word' id='word_1_408' title='bbox 2547 2903 2635 2944; x_wconf 89' lang='lat' dir='ltr'><strong>me</strong></span> <span class='ocrx_word' id='word_1_409' title='bbox 2668 2900 2901 2960; x_wconf 89' lang='lat' dir='ltr'><strong>possunt</strong></span> <span class='ocrx_word' id='word_1_410' title='bbox 2932 2891 2987 2947; x_wconf 91' lang='lat' dir='ltr'><strong>in</strong></span> <span class='ocrx_word' id='word_1_411' title='bbox 3024 2895 3373 2965; x_wconf 83' lang='lat' dir='ltr'><strong>expeditione</strong></span> <span class='ocrx_word' id='word_1_412' title='bbox 3399 2914 3503 2969; x_wconf 79' lang='lat' dir='ltr'><strong>pro</strong></span> 
     </span>
    </p>
   </div>
   <div class='ocr_carea' id='block_1_60' title="bbox 1907 2973 3506 3049">
    <p class='ocr_par' dir='ltr' id='par_1_60' title="bbox 1907 2973 3506 3049">
     <span class='ocr_line' id='line_1_60' title="bbox 1907 2973 3506 3049; baseline 0.013 -21"><span class='ocrx_word' id='word_1_413' title='bbox 1907 2973 2045 3029; x_wconf 90' lang='lat' dir='ltr'><strong>duce</strong></span> <span class='ocrx_word' id='word_1_414' title='bbox 2068 2989 2133 3029; x_wconf 90' lang='lat' dir='ltr'><strong>ac</strong></span> <span class='ocrx_word' id='word_1_415' title='bbox 2172 2976 2430 3046; x_wconf 83' lang='lat' dir='ltr'><strong>pontiﬁce</strong></span> <span class='ocrx_word' id='word_1_416' title='bbox 2461 2978 2685 3049; x_wconf 88' lang='lat' dir='ltr'><strong>habere,</strong></span> <span class='ocrx_word' id='word_1_417' title='bbox 2718 2992 2931 3038; x_wconf 88' lang='lat' dir='ltr'><strong>armata</strong></span> <span class='ocrx_word' id='word_1_418' title='bbox 2966 3000 3135 3041; x_wconf 89' lang='lat' dir='ltr'><strong>manu</strong></span> <span class='ocrx_word' id='word_1_419' title='bbox 3167 2996 3360 3049; x_wconf 80' lang='lat' dir='ltr'><strong>contra</strong></span> <span class='ocrx_word' id='word_1_420' title='bbox 3395 2989 3506 3047; x_wconf 80' lang='lat' dir='ltr'><strong>ini-</strong></span> 
     </span>
    </p>
   </div>
   <div class='ocr_carea' id='block_1_61' title="bbox 283 3053 3503 3157">
    <p class='ocr_par' dir='ltr' id='par_1_61' title="bbox 283 3053 3503 3157">
     <span class='ocr_line' id='line_1_61' title="bbox 283 3053 3503 3157; baseline 0.011 -52"><span class='ocrx_word' id='word_1_421' title='bbox 283 3063 429 3157; x_wconf 70' lang='lat' dir='ltr'><strong>nant.</strong></span> <span class='ocrx_word' id='word_1_422' title='bbox 463 3053 715 3138; x_wconf 63' lang='lat' dir='ltr'><strong>Recenset</strong></span> <span class='ocrx_word' id='word_1_423' title='bbox 750 3054 1173 3157; x_wconf 51' lang='lat' dir='ltr'><strong>Christianorum</strong></span> <span class='ocrx_word' id='word_1_424' title='bbox 1214 3059 1705 3157; x_wconf 51' lang='lat' dir='ltr'><strong>calantt&#39;taies,;qui</strong></span> <span class='ocrx_word' id='word_1_425' title='bbox 1747 3066 1803 3157; x_wconf 53' lang='grc' dir='ltr'><strong>ἕξ</strong></span> <span class='ocrx_word' id='word_1_426' title='bbox 1830 3055 1871 3113; x_wconf 88' lang='lat' dir='ltr'><strong>C</strong></span> <span class='ocrx_word' id='word_1_427' title='bbox 1906 3064 2078 3120; x_wconf 90' lang='lat' dir='ltr'><strong>micos</strong></span> <span class='ocrx_word' id='word_1_428' title='bbox 2102 3063 2196 3120; x_wconf 89' lang='lat' dir='ltr'><strong>Dei</strong></span> <span class='ocrx_word' id='word_1_429' title='bbox 2240 3068 2433 3124; x_wconf 87' lang='lat' dir='ltr'><strong>volunt</strong></span> <span class='ocrx_word' id='word_1_430' title='bbox 2465 3070 2771 3144; x_wconf 73' lang='lat' dir='ltr'><strong>insurgere,</strong></span> <span class='ocrx_word' id='word_1_431' title='bbox 2805 3082 2860 3130; x_wconf 89' lang='lat' dir='ltr'><strong>et</strong></span> <span class='ocrx_word' id='word_1_432' title='bbox 2890 3092 3068 3148; x_wconf 90' lang='lat' dir='ltr'><strong>usque</strong></span> <span class='ocrx_word' id='word_1_433' title='bbox 3091 3079 3162 3135; x_wconf 90' lang='lat' dir='ltr'><strong>ad</strong></span> <span class='ocrx_word' id='word_1_434' title='bbox 3188 3082 3503 3157; x_wconf 83' lang='lat' dir='ltr'><strong>sepulcrum</strong></span> 
     </span>
    </p>
   </div>
   <div class='ocr_carea' id='block_1_62' title="bbox 211 3127 1802 3201">
    <p class='ocr_par' dir='ltr' id='par_1_62' title="bbox 211 3127 1802 3201">
     <span class='ocr_line' id='line_1_62' title="bbox 211 3127 1802 3201; baseline 0.009 -26"><span class='ocrx_word' id='word_1_435' title='bbox 211 3134 217 3139; x_wconf 78' lang='lat'><strong><em>‘</em></strong></span> <span class='ocrx_word' id='word_1_436' title='bbox 288 3127 669 3201; x_wconf 62' lang='lat' dir='ltr'><strong>transmarinis</strong></span> <span class='ocrx_word' id='word_1_437' title='bbox 701 3128 1008 3201; x_wconf 47' lang='lat' dir='ltr'><strong>partibus}:</strong></span> <span class='ocrx_word' id='word_1_438' title='bbox 1063 3132 1287 3201; x_wconf 82' lang='lat' dir='ltr'><strong>paganis</strong></span> <span class='ocrx_word' id='word_1_439' title='bbox 1338 3127 1705 3190; x_wconf 62' lang='lat' dir='ltr'><strong>vexabantur:</strong></span> <span class='ocrx_word' id='word_1_440' title='bbox 1732 3136 1802 3190; x_wconf 85' lang='lat' dir='ltr'><strong>ad</strong></span> 
     </span>
    </p>
   </div>
   <div class='ocr_carea' id='block_1_63' title="bbox 284 3195 1801 3275">
    <p class='ocr_par' dir='ltr' id='par_1_63' title="bbox 284 3195 1801 3275">
     <span class='ocr_line' id='line_1_63' title="bbox 284 3195 1801 3275; baseline 0.008 -25"><span class='ocrx_word' id='word_1_441' title='bbox 284 3210 409 3264; x_wconf 78' lang='lat' dir='ltr'><strong>quos</strong></span> <span class='ocrx_word' id='word_1_442' title='bbox 436 3195 789 3251; x_wconf 81' lang='lat' dir='ltr'><strong>sublevandos</strong></span> <span class='ocrx_word' id='word_1_443' title='bbox 813 3215 867 3251; x_wconf 73' lang='lat' dir='ltr'><strong>se</strong></span> <span class='ocrx_word' id='word_1_444' title='bbox 903 3195 1236 3275; x_wconf 49' lang='lat' dir='ltr'><strong>Christianos</strong></span> <span class='ocrx_word' id='word_1_445' title='bbox 1266 3220 1444 3259; x_wconf 83' lang='lat' dir='ltr'><strong>omnes</strong></span> <span class='ocrx_word' id='word_1_446' title='bbox 1472 3221 1801 3275; x_wconf 82' lang='lat' dir='ltr'><strong>provocasse,</strong></span> 
     </span>
    </p>
   </div>
   <div class='ocr_carea' id='block_1_64' title="bbox 210 3272 1804 3340">
    <p class='ocr_par' dir='ltr' id='par_1_64' title="bbox 210 3272 1804 3340">
     <span class='ocr_line' id='line_1_64' title="bbox 210 3272 1804 3340; baseline 0.009 -22"><span class='ocrx_word' id='word_1_447' title='bbox 210 3275 227 3283; x_wconf 84' lang='lat'>&#39;</span> <span class='ocrx_word' id='word_1_448' title='bbox 283 3276 714 3340; x_wconf 62' lang='lat' dir='ltr'><strong>mperatum</strong></span> <span class='ocrx_word' id='word_1_449' title='bbox 741 3282 852 3323; x_wconf 79' lang='lat' dir='ltr'><strong>esse</strong></span> <span class='ocrx_word' id='word_1_450' title='bbox 881 3272 1107 3340; x_wconf 74' lang='lat' dir='ltr'><strong>afﬁrmat</strong></span> <span class='ocrx_word' id='word_1_451' title='bbox 1132 3288 1150 3325; x_wconf 91' lang='lat'><strong><em>:</em></strong></span> <span class='ocrx_word' id='word_1_452' title='bbox 1185 3276 1295 3327; x_wconf 80' lang='lat' dir='ltr'><strong>tum</strong></span> <span class='ocrx_word' id='word_1_453' title='bbox 1321 3292 1383 3329; x_wconf 89' lang='lat' dir='ltr'><strong>ea</strong></span> <span class='ocrx_word' id='word_1_454' title='bbox 1403 3272 1566 3330; x_wconf 78' lang='lat' dir='ltr'><strong>causa</strong></span> <span class='ocrx_word' id='word_1_455' title='bbox 1591 3294 1650 3332; x_wconf 86' lang='lat' dir='ltr'><strong>eo</strong></span> <span class='ocrx_word' id='word_1_456' title='bbox 1675 3272 1804 3337; x_wconf 49' lang='lat' dir='ltr'><strong>con?</strong></span> 
     </span>
    </p>
   </div>
   <div class='ocr_carea' id='block_1_65' title="bbox 285 3338 1806 3411">
    <p class='ocr_par' dir='ltr' id='par_1_65' title="bbox 285 3338 1806 3411">
     <span class='ocr_line' id='line_1_65' title="bbox 285 3338 1806 3411; baseline 0.009 -21"><span class='ocrx_word' id='word_1_457' title='bbox 285 3338 514 3411; x_wconf 65' lang='lat' dir='ltr'><strong>tendere,</strong></span> <span class='ocrx_word' id='word_1_458' title='bbox 552 3348 666 3394; x_wconf 79' lang='lat' dir='ltr'><strong>tum</strong></span> <span class='ocrx_word' id='word_1_459' title='bbox 708 3350 767 3393; x_wconf 81' lang='lat' dir='ltr'><strong>ut</strong></span> <span class='ocrx_word' id='word_1_460' title='bbox 801 3338 1078 3397; x_wconf 73' lang='lat' dir='ltr'><strong>orientalis</strong></span> <span class='ocrx_word' id='word_1_461' title='bbox 1100 3343 1356 3402; x_wconf 77' lang='lat' dir='ltr'><strong>Ecclesia:</strong></span> <span class='ocrx_word' id='word_1_462' title='bbox 1398 3363 1518 3402; x_wconf 83' lang='lat' dir='ltr'><strong>cum</strong></span> <span class='ocrx_word' id='word_1_463' title='bbox 1562 3346 1806 3405; x_wconf 84' lang='lat' dir='ltr'><strong>Romana</strong></span> 
     </span>
    </p>
   </div>
   <div class='ocr_carea' id='block_1_66' title="bbox 212 3404 616 3480">
    <p class='ocr_par' dir='ltr' id='par_1_66' title="bbox 212 3404 616 3480">
     <span class='ocr_line' id='line_1_66' title="bbox 212 3404 616 3480; baseline 0.01 -19"><span class='ocrx_word' id='word_1_464' title='bbox 212 3436 225 3443; x_wconf 85' lang='lat'><strong>-</strong></span> <span class='ocrx_word' id='word_1_465' title='bbox 285 3406 412 3464; x_wconf 69' lang='lat' dir='ltr'><strong>auio</strong></span> <span class='ocrx_word' id='word_1_466' title='bbox 445 3404 616 3480; x_wconf 68' lang='lat' dir='ltr'><strong>ﬁeret.</strong></span> 
     </span>
    </p>
   </div>
   <div class='ocr_carea' id='block_1_67' title="bbox 220 3493 1805 3578">
    <p class='ocr_par' dir='ltr' id='par_1_67' title="bbox 220 3493 1805 3578">
     <span class='ocr_line' id='line_1_67' title="bbox 220 3493 1805 3578; baseline 0.008 -23"><span class='ocrx_word' id='word_1_467' title='bbox 220 3532 243 3549; x_wconf 61' lang='grc' dir='ltr'>κ</span> <span class='ocrx_word' id='word_1_468' title='bbox 284 3500 597 3558; x_wconf 69' lang='lat' dir='ltr'><strong>Caesonius</strong></span> <span class='ocrx_word' id='word_1_469' title='bbox 629 3493 944 3577; x_wconf 83' lang='lat' dir='ltr'><strong>episcopus,</strong></span> <span class='ocrx_word' id='word_1_470' title='bbox 969 3520 1161 3563; x_wconf 86' lang='lat' dir='ltr'><strong>servus</strong></span> <span class='ocrx_word' id='word_1_471' title='bbox 1195 3521 1481 3564; x_wconf 83' lang='lat' dir='ltr'><strong>servorum</strong></span> <span class='ocrx_word' id='word_1_472' title='bbox 1516 3508 1633 3578; x_wconf 87' lang='lat' dir='ltr'><strong>Dei,</strong></span> <span class='ocrx_word' id='word_1_473' title='bbox 1658 3494 1805 3569; x_wconf 51' lang='lat' dir='ltr'><strong>Hes;</strong></span> 
     </span>
    </p>
   </div>
   <div class='ocr_carea' id='block_1_68' title="bbox 219 3594 1804 3673">
    <p class='ocr_par' dir='ltr' id='par_1_68' title="bbox 219 3594 1804 3673">
     <span class='ocr_line' id='line_1_68' title="bbox 219 3594 1804 3673; baseline 0.009 -27"><span class='ocrx_word' id='word_1_474' title='bbox 219 3607 335 3648; x_wconf 81' lang='lat' dir='ltr'><strong>lthO</strong></span> <span class='ocrx_word' id='word_1_475' title='bbox 360 3594 605 3666; x_wconf 84' lang='lat' dir='ltr'><strong>glorioso</strong></span> <span class='ocrx_word' id='word_1_476' title='bbox 644 3597 780 3669; x_wconf 88' lang='lat' dir='ltr'><strong>regi,</strong></span> <span class='ocrx_word' id='word_1_477' title='bbox 816 3598 1047 3653; x_wconf 89' lang='lat' dir='ltr'><strong>salutem</strong></span> <span class='ocrx_word' id='word_1_478' title='bbox 1086 3608 1141 3654; x_wconf 91' lang='lat' dir='ltr'><strong>et</strong></span> <span class='ocrx_word' id='word_1_479' title='bbox 1184 3603 1553 3673; x_wconf 82' lang='lat' dir='ltr'><strong>apostolicam</strong></span> <span class='ocrx_word' id='word_1_480' title='bbox 1576 3605 1804 3662; x_wconf 86' lang='lat' dir='ltr'><strong>benedi-</strong></span> 
     </span>
    </p>
   </div>
   <div class='ocr_carea' id='block_1_69' title="bbox 286 3778 1809 3857">
    <p class='ocr_par' dir='ltr' id='par_1_69' title="bbox 286 3778 1809 3857">
     <span class='ocr_line' id='line_1_69' title="bbox 286 3778 1809 3857; baseline 0.007 -23"><span class='ocrx_word' id='word_1_481' title='bbox 286 3778 346 3834; x_wconf 90' lang='lat' dir='ltr'><strong>Si</strong></span> <span class='ocrx_word' id='word_1_482' title='bbox 375 3779 523 3837; x_wconf 84' lang='lat' dir='ltr'><strong>Deus</strong></span> <span class='ocrx_word' id='word_1_483' title='bbox 557 3782 725 3838; x_wconf 89' lang='lat' dir='ltr'><strong>modo</strong></span> <span class='ocrx_word' id='word_1_484' title='bbox 758 3782 944 3854; x_wconf 83' lang='lat' dir='ltr'><strong>aliquo</strong></span> <span class='ocrx_word' id='word_1_485' title='bbox 985 3801 1101 3841; x_wconf 72' lang='lat' dir='ltr'><strong>sua:</strong></span> <span class='ocrx_word' id='word_1_486' title='bbox 1138 3786 1356 3857; x_wconf 83' lang='lat' dir='ltr'><strong>pietatis</strong></span> <span class='ocrx_word' id='word_1_487' title='bbox 1385 3789 1711 3846; x_wconf 87' lang='lat' dir='ltr'><strong>concederet</strong></span> <span class='ocrx_word' id='word_1_488' title='bbox 1738 3791 1809 3846; x_wconf 77' lang='lat' dir='ltr'><strong>&#39;nt</strong></span> 
     </span>
    </p>
   </div>
   <div class='ocr_carea' id='block_1_70' title="bbox 209 3872 1806 3955">
    <p class='ocr_par' dir='ltr' id='par_1_70' title="bbox 209 3872 1806 3955">
     <span class='ocr_line' id='line_1_70' title="bbox 209 3872 1806 3955; baseline 0.008 -30"><span class='ocrx_word' id='word_1_489' title='bbox 209 3884 375 3927; x_wconf 69' lang='lat' dir='ltr'><strong>nens</strong></span> <span class='ocrx_word' id='word_1_490' title='bbox 409 3885 535 3928; x_wconf 84' lang='lat' dir='ltr'><strong>mea</strong></span> <span class='ocrx_word' id='word_1_491' title='bbox 562 3872 662 3927; x_wconf 76' lang='lat' dir='ltr'><strong>tibi</strong></span> <span class='ocrx_word' id='word_1_492' title='bbox 698 3882 928 3955; x_wconf 60' lang='lat' dir='ltr'><strong>pateret,</strong></span> <span class='ocrx_word' id='word_1_493' title='bbox 974 3875 1347 3934; x_wconf 81' lang='lat' dir='ltr'><strong>indubitanter</strong></span> <span class='ocrx_word' id='word_1_494' title='bbox 1380 3881 1515 3947; x_wconf 83' lang='lat' dir='ltr'><strong>scio,</strong></span> <span class='ocrx_word' id='word_1_495' title='bbox 1545 3897 1643 3937; x_wconf 92' lang='lat' dir='ltr'><strong>sua</strong></span> <span class='ocrx_word' id='word_1_496' title='bbox 1693 3883 1806 3938; x_wconf 89' lang='lat' dir='ltr'><strong>lar-</strong></span> 
     </span>
    </p>
   </div>
   <div class='ocr_carea' id='block_1_71' title="bbox 208 3964 1810 4046">
    <p class='ocr_par' dir='ltr' id='par_1_71' title="bbox 208 3964 1810 4046">
     <span class='ocr_line' id='line_1_71' title="bbox 208 3964 1810 4046; baseline 0.007 -29"><span class='ocrx_word' id='word_1_497' title='bbox 208 3964 396 4034; x_wconf 77' lang='lat' dir='ltr'><strong>giente</strong></span> <span class='ocrx_word' id='word_1_498' title='bbox 414 3965 614 4036; x_wconf 82' lang='lat' dir='ltr'><strong>gratia,</strong></span> <span class='ocrx_word' id='word_1_499' title='bbox 643 3966 830 4022; x_wconf 83' lang='lat' dir='ltr'><strong>nullus</strong></span> <span class='ocrx_word' id='word_1_500' title='bbox 854 3974 907 4022; x_wconf 87' lang='lat' dir='ltr'><strong>te</strong></span> <span class='ocrx_word' id='word_1_501' title='bbox 932 3984 963 4024; x_wconf 87' lang='lat' dir='ltr'><strong>a</strong></span> <span class='ocrx_word' id='word_1_502' title='bbox 984 3983 1108 4024; x_wconf 88' lang='lat' dir='ltr'><strong>mea</strong></span> <span class='ocrx_word' id='word_1_503' title='bbox 1130 3971 1421 4026; x_wconf 87' lang='lat' dir='ltr'><strong>dilectione</strong></span> <span class='ocrx_word' id='word_1_504' title='bbox 1445 3980 1631 4041; x_wconf 90' lang='lat' dir='ltr'><strong>posset</strong></span> <span class='ocrx_word' id='word_1_505' title='bbox 1651 3990 1810 4046; x_wconf 83' lang='lat' dir='ltr'><strong>sepa-</strong></span> 
     </span>
    </p>
   </div>
   <div class='ocr_carea' id='block_1_72' title="bbox 212 4054 1805 4138">
    <p class='ocr_par' dir='ltr' id='par_1_72' title="bbox 212 4054 1805 4138">
     <span class='ocr_line' id='line_1_72' title="bbox 212 4054 1805 4138; baseline 0.007 -27"><span class='ocrx_word' id='word_1_506' title='bbox 212 4068 357 4112; x_wconf 65' lang='lat' dir='ltr'><strong>tam</strong></span> <span class='ocrx_word' id='word_1_507' title='bbox 402 4056 657 4112; x_wconf 80' lang='lat' dir='ltr'><strong>Attamen</strong></span> <span class='ocrx_word' id='word_1_508' title='bbox 704 4057 772 4113; x_wconf 88' lang='lat' dir='ltr'><strong>de</strong></span> <span class='ocrx_word' id='word_1_509' title='bbox 806 4058 950 4117; x_wconf 77' lang='lat' dir='ltr'><strong>iuius</strong></span> <span class='ocrx_word' id='word_1_510' title='bbox 987 4063 1205 4119; x_wconf 75' lang='lat' dir='ltr'><strong>conﬁdo</strong></span> <span class='ocrx_word' id='word_1_511' title='bbox 1244 4065 1642 4134; x_wconf 77' lang='lat' dir='ltr'><strong>misericordia,</strong></span> <span class='ocrx_word' id='word_1_512' title='bbox 1680 4054 1805 4138; x_wconf 76' lang='lat' dir='ltr'><strong>quia</strong></span> 
     </span>
    </p>
   </div>
   <div class='ocr_carea' id='block_1_73' title="bbox 208 4134 1808 4223">
    <p class='ocr_par' dir='ltr' id='par_1_73' title="bbox 208 4134 1808 4223">
     <span class='ocr_line' id='line_1_73' title="bbox 208 4134 1808 4223; baseline 0.008 -20"><span class='ocrx_word' id='word_1_513' title='bbox 208 4134 550 4221; x_wconf 62' lang='lat' dir='ltr'><strong>quandoque</strong></span> <span class='ocrx_word' id='word_1_514' title='bbox 586 4151 839 4219; x_wconf 82' lang='lat' dir='ltr'><strong>clarehit,</strong></span> <span class='ocrx_word' id='word_1_515' title='bbox 866 4153 1013 4223; x_wconf 82' lang='lat' dir='ltr'><strong>quod</strong></span> <span class='ocrx_word' id='word_1_516' title='bbox 1045 4163 1105 4211; x_wconf 82' lang='lat' dir='ltr'><strong>te</strong></span> <span class='ocrx_word' id='word_1_517' title='bbox 1128 4156 1341 4212; x_wconf 87' lang='lat' dir='ltr'><strong>sincera</strong></span> <span class='ocrx_word' id='word_1_518' title='bbox 1379 4158 1645 4217; x_wconf 87' lang='lat' dir='ltr'><strong>charitate</strong></span> <span class='ocrx_word' id='word_1_519' title='bbox 1679 4134 1808 4217; x_wconf 86' lang='lat' dir='ltr'><strong>dili-</strong></span> 
     </span>
    </p>
   </div>
   <div class='ocr_carea' id='block_1_74' title="bbox 210 4243 1809 4329">
    <p class='ocr_par' dir='ltr' id='par_1_74' title="bbox 210 4243 1809 4329">
     <span class='ocr_line' id='line_1_74' title="bbox 210 4243 1809 4329; baseline 0.011 -34"><span class='ocrx_word' id='word_1_520' title='bbox 210 4257 360 4310; x_wconf 69' lang='lat' dir='ltr'><strong>gam.</strong></span> <span class='ocrx_word' id='word_1_521' title='bbox 404 4243 491 4298; x_wconf 84' lang='lat' dir='ltr'><strong>Ad</strong></span> <span class='ocrx_word' id='word_1_522' title='bbox 525 4243 637 4300; x_wconf 81' lang='lat' dir='ltr'><strong>hoc</strong></span> <span class='ocrx_word' id='word_1_523' title='bbox 668 4246 818 4301; x_wconf 82' lang='lat' dir='ltr'><strong>enim</strong></span> <span class='ocrx_word' id='word_1_524' title='bbox 864 4262 950 4302; x_wconf 87' lang='lat' dir='ltr'><strong>me</strong></span> <span class='ocrx_word' id='word_1_525' title='bbox 992 4262 1283 4307; x_wconf 83' lang='lat' dir='ltr'><strong>commune</strong></span> <span class='ocrx_word' id='word_1_526' title='bbox 1321 4252 1651 4329; x_wconf 69' lang='lat' dir='ltr'><strong>praeceptum</strong></span> <span class='ocrx_word' id='word_1_527' title='bbox 1689 4262 1809 4311; x_wconf 90' lang='lat' dir='ltr'><strong>om-&#39;</strong></span> 
     </span>
    </p>
   </div>
   <div class='ocr_carea' id='block_1_75' title="bbox 214 4333 1806 4421">
    <p class='ocr_par' dir='ltr' id='par_1_75' title="bbox 214 4333 1806 4421">
     <span class='ocr_line' id='line_1_75' title="bbox 214 4333 1806 4421; baseline 0.011 -33"><span class='ocrx_word' id='word_1_528' title='bbox 214 4333 371 4389; x_wconf 83' lang='lat' dir='ltr'><strong>nium</strong></span> <span class='ocrx_word' id='word_1_529' title='bbox 392 4334 848 4394; x_wconf 76' lang='lat' dir='ltr'><strong>Christianorum</strong></span> <span class='ocrx_word' id='word_1_530' title='bbox 880 4340 1087 4414; x_wconf 76' lang='lat' dir='ltr'><strong>dirigit,</strong></span> <span class='ocrx_word' id='word_1_531' title='bbox 1125 4343 1193 4399; x_wconf 90' lang='lat' dir='ltr'><strong>ad</strong></span> <span class='ocrx_word' id='word_1_532' title='bbox 1235 4344 1341 4401; x_wconf 90' lang='lat' dir='ltr'><strong>hoc</strong></span> <span class='ocrx_word' id='word_1_533' title='bbox 1370 4345 1537 4403; x_wconf 82' lang='lat' dir='ltr'><strong>etiarn</strong></span> <span class='ocrx_word' id='word_1_534' title='bbox 1567 4348 1806 4421; x_wconf 74' lang='lat' dir='ltr'><strong>impera—</strong></span> 
     </span>
    </p>
   </div>
   <div class='ocr_carea' id='block_1_76' title="bbox 217 4409 1886 4512">
    <p class='ocr_par' dir='ltr' id='par_1_76' title="bbox 217 4409 1886 4512">
     <span class='ocr_line' id='line_1_76' title="bbox 217 4409 1886 4512; baseline 0.01 -30"><span class='ocrx_word' id='word_1_535' title='bbox 217 4429 419 4484; x_wconf 60' lang='lat' dir='ltr'><strong>rateria</strong></span> <span class='ocrx_word' id='word_1_536' title='bbox 463 4430 751 4501; x_wconf 77' lang='lat' dir='ltr'><strong>maiestas,</strong></span> <span class='ocrx_word' id='word_1_537' title='bbox 780 4440 835 4488; x_wconf 85' lang='lat' dir='ltr'><strong>et</strong></span> <span class='ocrx_word' id='word_1_538' title='bbox 867 4409 1180 4505; x_wconf 66' lang='lat' dir='ltr'><strong>apostolica:</strong></span> <span class='ocrx_word' id='word_1_539' title='bbox 1207 4437 1351 4494; x_wconf 85' lang='lat' dir='ltr'><strong>sedis</strong></span> <span class='ocrx_word' id='word_1_540' title='bbox 1387 4409 1673 4497; x_wconf 75' lang='lat' dir='ltr'><strong>mansueta</strong></span> <span class='ocrx_word' id='word_1_541' title='bbox 1705 4458 1807 4512; x_wconf 85' lang='lat' dir='ltr'><strong>po-</strong></span> <span class='ocrx_word' id='word_1_542' title='bbox 1836 4409 1886 4487; x_wconf 59' lang='grc' dir='ltr'><strong>θ</strong></span> 
     </span>
    </p>
   </div>
   <div class='ocr_carea' id='block_1_77' title="bbox 217 4521 1807 4608">
    <p class='ocr_par' dir='ltr' id='par_1_77' title="bbox 217 4521 1807 4608">
     <span class='ocr_line' id='line_1_77' title="bbox 217 4521 1807 4608; baseline 0.01 -34"><span class='ocrx_word' id='word_1_543' title='bbox 217 4528 384 4576; x_wconf 82' lang='lat' dir='ltr'><strong>testas</strong></span> <span class='ocrx_word' id='word_1_544' title='bbox 410 4521 668 4592; x_wconf 88' lang='lat' dir='ltr'><strong>impellit;</strong></span> <span class='ocrx_word' id='word_1_545' title='bbox 707 4524 840 4595; x_wconf 84' lang='lat' dir='ltr'><strong>quia</strong></span> <span class='ocrx_word' id='word_1_546' title='bbox 871 4526 916 4581; x_wconf 92' lang='lat' dir='ltr'><strong>si</strong></span> <span class='ocrx_word' id='word_1_547' title='bbox 952 4532 1027 4594; x_wconf 89' lang='lat' dir='ltr'><strong>te,</strong></span> <span class='ocrx_word' id='word_1_548' title='bbox 1054 4526 1115 4583; x_wconf 85' lang='lat' dir='ltr'><strong>ut</strong></span> <span class='ocrx_word' id='word_1_549' title='bbox 1144 4536 1379 4601; x_wconf 87' lang='lat' dir='ltr'><strong>oportet,</strong></span> <span class='ocrx_word' id='word_1_550' title='bbox 1414 4547 1523 4587; x_wconf 89' lang='lat' dir='ltr'><strong>non</strong></span> <span class='ocrx_word' id='word_1_551' title='bbox 1549 4531 1716 4608; x_wconf 88' lang='lat' dir='ltr'><strong>diligo</strong></span> <span class='ocrx_word' id='word_1_552' title='bbox 1752 4533 1807 4591; x_wconf 92' lang='lat' dir='ltr'><strong>in</strong></span> 
     </span>
    </p>
   </div>
   <div class='ocr_carea' id='block_1_78' title="bbox 215 4614 1809 4699">
    <p class='ocr_par' dir='ltr' id='par_1_78' title="bbox 215 4614 1809 4699">
     <span class='ocr_line' id='line_1_78' title="bbox 215 4614 1809 4699; baseline 0.01 -33"><span class='ocrx_word' id='word_1_553' title='bbox 215 4625 419 4668; x_wconf 77' lang='lat' dir='ltr'><strong>vanum</strong></span> <span class='ocrx_word' id='word_1_554' title='bbox 449 4614 519 4671; x_wconf 90' lang='lat' dir='ltr'><strong>de</strong></span> <span class='ocrx_word' id='word_1_555' title='bbox 540 4614 921 4674; x_wconf 84' lang='lat' dir='ltr'><strong>misericOrdia</strong></span> <span class='ocrx_word' id='word_1_556' title='bbox 952 4617 1068 4685; x_wconf 79' lang='lat' dir='ltr'><strong>Dei,</strong></span> <span class='ocrx_word' id='word_1_557' title='bbox 1096 4620 1307 4678; x_wconf 84' lang='lat' dir='ltr'><strong>meritis</strong></span> <span class='ocrx_word' id='word_1_558' title='bbox 1333 4622 1477 4680; x_wconf 88' lang='lat' dir='ltr'><strong>beati</strong></span> <span class='ocrx_word' id='word_1_559' title='bbox 1502 4620 1649 4679; x_wconf 83' lang='lat' dir='ltr'><strong>Petri</strong></span> <span class='ocrx_word' id='word_1_560' title='bbox 1675 4641 1809 4699; x_wconf 41' lang='lat' dir='ltr'><strong>con:-</strong></span> 
     </span>
    </p>
   </div>
   <div class='ocr_carea' id='block_1_79' title="bbox 216 4702 1807 4780">
    <p class='ocr_par' dir='ltr' id='par_1_79' title="bbox 216 4702 1807 4780">
     <span class='ocr_line' id='line_1_79' title="bbox 216 4702 1807 4780; baseline 0.011 -24"><span class='ocrx_word' id='word_1_561' title='bbox 216 4703 342 4759; x_wconf 83' lang='lat' dir='ltr'><strong>iido.</strong></span> <span class='ocrx_word' id='word_1_562' title='bbox 387 4702 497 4760; x_wconf 83' lang='lat' dir='ltr'><strong>Sed</strong></span> <span class='ocrx_word' id='word_1_563' title='bbox 519 4706 650 4777; x_wconf 89' lang='lat' dir='ltr'><strong>quia</strong></span> <span class='ocrx_word' id='word_1_564' title='bbox 684 4707 777 4763; x_wconf 88' lang='lat' dir='ltr'><strong>die</strong></span> <span class='ocrx_word' id='word_1_565' title='bbox 807 4716 1077 4780; x_wconf 82' lang='lat' dir='ltr'><strong>nocteque</strong></span> <span class='ocrx_word' id='word_1_566' title='bbox 1114 4711 1169 4765; x_wconf 92' lang='lat' dir='ltr'><strong>in</strong></span> <span class='ocrx_word' id='word_1_567' title='bbox 1209 4711 1367 4769; x_wconf 86' lang='lat' dir='ltr'><strong>vinea</strong></span> <span class='ocrx_word' id='word_1_568' title='bbox 1400 4711 1616 4770; x_wconf 90' lang='lat' dir='ltr'><strong>Domini</strong></span> <span class='ocrx_word' id='word_1_569' title='bbox 1654 4715 1807 4773; x_wconf 69' lang='lat' dir='ltr'><strong>labo—</strong></span> 
     </span>
    </p>
   </div>
   <div class='ocr_carea' id='block_1_80' title="bbox 217 4798 1810 4883">
    <p class='ocr_par' dir='ltr' id='par_1_80' title="bbox 217 4798 1810 4883">
     <span class='ocr_line' id='line_1_80' title="bbox 217 4798 1810 4883; baseline 0.011 -35"><span class='ocrx_word' id='word_1_570' title='bbox 217 4808 360 4862; x_wconf 85' lang='lat' dir='ltr'><strong>rare,</strong></span> <span class='ocrx_word' id='word_1_571' title='bbox 388 4810 489 4867; x_wconf 84' lang='lat' dir='ltr'><strong>per</strong></span> <span class='ocrx_word' id='word_1_572' title='bbox 510 4798 684 4854; x_wconf 89' lang='lat' dir='ltr'><strong>multa</strong></span> <span class='ocrx_word' id='word_1_573' title='bbox 714 4799 954 4870; x_wconf 85' lang='lat' dir='ltr'><strong>pericula</strong></span> <span class='ocrx_word' id='word_1_574' title='bbox 975 4803 1141 4858; x_wconf 89' lang='lat' dir='ltr'><strong>etiam</strong></span> <span class='ocrx_word' id='word_1_575' title='bbox 1170 4818 1344 4876; x_wconf 87' lang='lat' dir='ltr'><strong>usque</strong></span> <span class='ocrx_word' id='word_1_576' title='bbox 1367 4806 1434 4862; x_wconf 91' lang='lat' dir='ltr'><strong>ad</strong></span> <span class='ocrx_word' id='word_1_577' title='bbox 1459 4815 1692 4864; x_wconf 88' lang='lat' dir='ltr'><strong>mortem</strong></span> <span class='ocrx_word' id='word_1_578' title='bbox 1713 4804 1810 4883; x_wconf 46' lang='lat' dir='ltr'><strong>de;</strong></span> 
     </span>
    </p>
   </div>
   <div class='ocr_carea' id='block_1_81' title="bbox 218 4886 1809 4966">
    <p class='ocr_par' dir='ltr' id='par_1_81' title="bbox 218 4886 1809 4966">
     <span class='ocr_line' id='line_1_81' title="bbox 218 4886 1809 4966; baseline 0.01 -24"><span class='ocrx_word' id='word_1_579' title='bbox 218 4886 432 4958; x_wconf 80' lang='lat' dir='ltr'><strong>sidera,</strong></span> <span class='ocrx_word' id='word_1_580' title='bbox 462 4898 574 4945; x_wconf 87' lang='lat' dir='ltr'><strong>non</strong></span> <span class='ocrx_word' id='word_1_581' title='bbox 608 4892 790 4948; x_wconf 85' lang='lat' dir='ltr'><strong>solum</strong></span> <span class='ocrx_word' id='word_1_582' title='bbox 817 4894 941 4961; x_wconf 89' lang='lat' dir='ltr'><strong>tibi,</strong></span> <span class='ocrx_word' id='word_1_583' title='bbox 971 4910 1138 4966; x_wconf 89' lang='lat' dir='ltr'><strong>quem</strong></span> <span class='ocrx_word' id='word_1_584' title='bbox 1174 4895 1320 4956; x_wconf 88' lang='lat' dir='ltr'><strong>Dens</strong></span> <span class='ocrx_word' id='word_1_585' title='bbox 1351 4900 1405 4954; x_wconf 91' lang='lat' dir='ltr'><strong>in</strong></span> <span class='ocrx_word' id='word_1_586' title='bbox 1437 4916 1657 4958; x_wconf 91' lang='lat' dir='ltr'><strong>summo</strong></span> <span class='ocrx_word' id='word_1_587' title='bbox 1691 4903 1809 4960; x_wconf 91' lang='lat' dir='ltr'><strong>cul-</strong></span> 
     </span>
    </p>
   </div>
   <div class='ocr_carea' id='block_1_82' title="bbox 218 4976 1809 5062">
    <p class='ocr_par' dir='ltr' id='par_1_82' title="bbox 218 4976 1809 5062">
     <span class='ocr_line' id='line_1_82' title="bbox 218 4976 1809 5062; baseline 0.012 -29"><span class='ocrx_word' id='word_1_588' title='bbox 218 4979 363 5036; x_wconf 85' lang='lat' dir='ltr'><strong>mine</strong></span> <span class='ocrx_word' id='word_1_589' title='bbox 396 4996 585 5037; x_wconf 85' lang='lat' dir='ltr'><strong>rerum</strong></span> <span class='ocrx_word' id='word_1_590' title='bbox 618 4985 824 5053; x_wconf 85' lang='lat' dir='ltr'><strong>posuit,</strong></span> <span class='ocrx_word' id='word_1_591' title='bbox 860 4976 959 5057; x_wconf 74' lang='lat' dir='ltr'><strong>per</strong></span> <span class='ocrx_word' id='word_1_592' title='bbox 999 5003 1162 5058; x_wconf 88' lang='lat' dir='ltr'><strong>quem</strong></span> <span class='ocrx_word' id='word_1_593' title='bbox 1198 4990 1352 5044; x_wconf 89' lang='lat' dir='ltr'><strong>multi</strong></span> <span class='ocrx_word' id='word_1_594' title='bbox 1388 5002 1621 5062; x_wconf 90' lang='lat' dir='ltr'><strong>possunt</strong></span> <span class='ocrx_word' id='word_1_595' title='bbox 1652 5004 1747 5050; x_wconf 89' lang='lat' dir='ltr'><strong>aut</strong></span> <span class='ocrx_word' id='word_1_596' title='bbox 1775 5011 1809 5053; x_wconf 90' lang='lat' dir='ltr'><strong>a</strong></span> 
     </span>
    </p>
   </div>
   <div class='ocr_carea' id='block_1_83' title="bbox 204 5075 1811 5157">
    <p class='ocr_par' dir='ltr' id='par_1_83' title="bbox 204 5075 1811 5157">
     <span class='ocr_line' id='line_1_83' title="bbox 204 5075 1811 5157; baseline 0.011 -30"><span class='ocrx_word' id='word_1_597' title='bbox 204 5081 367 5144; x_wconf 68' lang='lat' dir='ltr'><strong>recto</strong></span> <span class='ocrx_word' id='word_1_598' title='bbox 400 5075 624 5131; x_wconf 79' lang='lat' dir='ltr'><strong>tramite</strong></span> <span class='ocrx_word' id='word_1_599' title='bbox 649 5077 927 5147; x_wconf 82' lang='lat' dir='ltr'><strong>aberrare,</strong></span> <span class='ocrx_word' id='word_1_600' title='bbox 956 5088 1053 5135; x_wconf 90' lang='lat' dir='ltr'><strong>aut</strong></span> <span class='ocrx_word' id='word_1_601' title='bbox 1086 5078 1454 5141; x_wconf 86' lang='lat' dir='ltr'><strong>Christianam</strong></span> <span class='ocrx_word' id='word_1_602' title='bbox 1490 5085 1811 5157; x_wconf 72' lang='lat' dir='ltr'><strong>religionem</strong></span> 
     </span>
    </p>
   </div>
   <div class='ocr_carea' id='block_1_84' title="bbox 214 5166 1812 5250">
    <p class='ocr_par' dir='ltr' id='par_1_84' title="bbox 214 5166 1812 5250">
     <span class='ocr_line' id='line_1_84' title="bbox 214 5166 1812 5250; baseline 0.009 -28"><span class='ocrx_word' id='word_1_603' title='bbox 214 5166 533 5235; x_wconf 76' lang='lat' dir='ltr'><strong>observare,</strong></span> <span class='ocrx_word' id='word_1_604' title='bbox 572 5171 666 5226; x_wconf 82' lang='lat' dir='ltr'><strong>sed</strong></span> <span class='ocrx_word' id='word_1_605' title='bbox 691 5171 859 5228; x_wconf 84' lang='lat' dir='ltr'><strong>etiam</strong></span> <span class='ocrx_word' id='word_1_606' title='bbox 886 5172 1119 5227; x_wconf 88' lang='lat' dir='ltr'><strong>minimo</strong></span> <span class='ocrx_word' id='word_1_607' title='bbox 1148 5172 1485 5245; x_wconf 85' lang='lat' dir='ltr'><strong>Christiano,</strong></span> <span class='ocrx_word' id='word_1_608' title='bbox 1514 5172 1812 5250; x_wconf 83' lang='lat' dir='ltr'><strong>adjuvante</strong></span> 
     </span>
    </p>
   </div>
   <div class='ocr_carea' id='block_1_85' title="bbox 213 5256 1813 5316">
    <p class='ocr_par' dir='ltr' id='par_1_85' title="bbox 213 5256 1813 5316">
     <span class='ocr_line' id='line_1_85' title="bbox 213 5256 1813 5316; baseline 0 0"><span class='ocrx_word' id='word_1_609' title='bbox 213 5256 346 5316; x_wconf 51' lang='grc' dir='ltr'><strong>ΝΟ.</strong></span> <span class='ocrx_word' id='word_1_610' title='bbox 384 5276 611 5316; x_wconf 77' lang='lat' dir='ltr'><strong>semper</strong></span> <span class='ocrx_word' id='word_1_611' title='bbox 639 5266 871 5316; x_wconf 78' lang='lat' dir='ltr'><strong>stmlelm</strong></span> <span class='ocrx_word' id='word_1_612' title='bbox 908 5274 1157 5316; x_wconf 79' lang='lat' dir='ltr'><strong>sanctam</strong></span> <span class='ocrx_word' id='word_1_613' title='bbox 1183 5274 1236 5316; x_wconf 73' lang='lat' dir='ltr'><strong>et</strong></span> <span class='ocrx_word' id='word_1_614' title='bbox 1265 5271 1595 5316; x_wconf 71' lang='lat' dir='ltr'><strong>onmlirmam</strong></span> <span class='ocrx_word' id='word_1_615' title='bbox 1629 5274 1813 5316; x_wconf 65' lang='grc' dir='ltr'><strong>(διιπιυί-</strong></span> 
     </span>
    </p>
   </div>
   <div class='ocr_carea' id='block_1_86' title="bbox 1908 3157 3507 3237">
    <p class='ocr_par' dir='ltr' id='par_1_86' title="bbox 1908 3157 3507 3237">
     <span class='ocr_line' id='line_1_86' title="bbox 1908 3157 3507 3237; baseline 0.014 -25"><span class='ocrx_word' id='word_1_616' title='bbox 1908 3157 2149 3229; x_wconf 89' lang='lat' dir='ltr'><strong>Domini,</strong></span> <span class='ocrx_word' id='word_1_617' title='bbox 2177 3158 2300 3231; x_wconf 89' lang='lat' dir='ltr'><strong>ipso</strong></span> <span class='ocrx_word' id='word_1_618' title='bbox 2327 3162 2582 3232; x_wconf 89' lang='lat' dir='ltr'><strong>ducente,</strong></span> <span class='ocrx_word' id='word_1_619' title='bbox 2617 3168 2922 3237; x_wconf 78' lang='lat' dir='ltr'><strong>pervenire.</strong></span> <span class='ocrx_word' id='word_1_620' title='bbox 2950 3169 3087 3227; x_wconf 81' lang='lat' dir='ltr'><strong>illud</strong></span> <span class='ocrx_word' id='word_1_621' title='bbox 3118 3174 3287 3233; x_wconf 86' lang='lat' dir='ltr'><strong>etiam</strong></span> <span class='ocrx_word' id='word_1_622' title='bbox 3311 3191 3401 3233; x_wconf 88' lang='lat' dir='ltr'><strong>me</strong></span> <span class='ocrx_word' id='word_1_623' title='bbox 3428 3177 3507 3235; x_wconf 84' lang='lat' dir='ltr'><strong>ad</strong></span> 
     </span>
    </p>
   </div>
   <div class='ocr_carea' id='block_1_87' title="bbox 1906 3246 3507 3343">
    <p class='ocr_par' dir='ltr' id='par_1_87' title="bbox 1906 3246 3507 3343">
     <span class='ocr_line' id='line_1_87' title="bbox 1906 3246 3507 3343; baseline 0.014 -37"><span class='ocrx_word' id='word_1_624' title='bbox 1906 3246 2015 3307; x_wconf 87' lang='lat' dir='ltr'><strong>hoc</strong></span> <span class='ocrx_word' id='word_1_625' title='bbox 2042 3268 2182 3324; x_wconf 92' lang='lat' dir='ltr'><strong>opus</strong></span> <span class='ocrx_word' id='word_1_626' title='bbox 2216 3255 2554 3325; x_wconf 80' lang='lat' dir='ltr'><strong>permaxime</strong></span> <span class='ocrx_word' id='word_1_627' title='bbox 2584 3258 2828 3330; x_wconf 85' lang='lat' dir='ltr'><strong>instigat,</strong></span> <span class='ocrx_word' id='word_1_628' title='bbox 2862 3263 3009 3333; x_wconf 88' lang='lat' dir='ltr'><strong>quod</strong></span> <span class='ocrx_word' id='word_1_629' title='bbox 3038 3263 3507 3343; x_wconf 58' lang='lat' dir='ltr'><strong>Constantinopoo</strong></span> 
     </span>
    </p>
   </div>
   <div class='ocr_carea' id='block_1_88' title="bbox 1908 3341 3503 3429">
    <p class='ocr_par' dir='ltr' id='par_1_88' title="bbox 1908 3341 3503 3429">
     <span class='ocr_line' id='line_1_88' title="bbox 1908 3341 3503 3429; baseline 0.016 -33"><span class='ocrx_word' id='word_1_630' title='bbox 1908 3341 2079 3400; x_wconf 86' lang='lat' dir='ltr'><strong>litana</strong></span> <span class='ocrx_word' id='word_1_631' title='bbox 2108 3343 2355 3403; x_wconf 85' lang='lat' dir='ltr'><strong>Ecclesia</strong></span> <span class='ocrx_word' id='word_1_632' title='bbox 2387 3349 2454 3404; x_wconf 86' lang='lat' dir='ltr'><strong>de</strong></span> <span class='ocrx_word' id='word_1_633' title='bbox 2489 3359 2682 3408; x_wconf 84' lang='lat' dir='ltr'><strong>sancto</strong></span> <span class='ocrx_word' id='word_1_634' title='bbox 2720 3351 2928 3423; x_wconf 86' lang='lat' dir='ltr'><strong>Spiritu</strong></span> <span class='ocrx_word' id='word_1_635' title='bbox 2950 3370 2981 3410; x_wconf 89' lang='lat' dir='ltr'><strong>a</strong></span> <span class='ocrx_word' id='word_1_636' title='bbox 3013 3357 3174 3414; x_wconf 80' lang='lat' dir='ltr'><strong>nobis</strong></span> <span class='ocrx_word' id='word_1_637' title='bbox 3204 3341 3503 3429; x_wconf 69' lang='lat' dir='ltr'><strong>dissidens,</strong></span> 
     </span>
    </p>
   </div>
   <div class='ocr_carea' id='block_1_89' title="bbox 1909 3438 3501 3528">
    <p class='ocr_par' dir='ltr' id='par_1_89' title="bbox 1909 3438 3501 3528">
     <span class='ocr_line' id='line_1_89' title="bbox 1909 3438 3501 3528; baseline 0.013 -36"><span class='ocrx_word' id='word_1_638' title='bbox 1909 3438 2258 3499; x_wconf 87' lang='lat' dir='ltr'><strong>concordiam</strong></span> <span class='ocrx_word' id='word_1_639' title='bbox 2301 3443 2617 3511; x_wconf 64' lang='lat' dir='ltr'><strong>apostolicae</strong></span> <span class='ocrx_word' id='word_1_640' title='bbox 2665 3445 2811 3500; x_wconf 89' lang='lat' dir='ltr'><strong>sedis</strong></span> <span class='ocrx_word' id='word_1_641' title='bbox 2848 3458 3131 3519; x_wconf 83' lang='lat' dir='ltr'><strong>exspectat</strong></span> <span class='ocrx_word' id='word_1_642' title='bbox 3180 3450 3501 3528; x_wconf 53' lang='lat' dir='ltr'><strong>[jexpetat].</strong></span> 
     </span>
    </p>
   </div>
   <div class='ocr_carea' id='block_1_90' title="bbox 1909 3529 3503 3613">
    <p class='ocr_par' dir='ltr' id='par_1_90' title="bbox 1909 3529 3503 3613">
     <span class='ocr_line' id='line_1_90' title="bbox 1909 3529 3503 3613; baseline 0.016 -31"><span class='ocrx_word' id='word_1_643' title='bbox 1909 3529 2134 3585; x_wconf 85' lang='lat' dir='ltr'><strong>Armeni</strong></span> <span class='ocrx_word' id='word_1_644' title='bbox 2162 3532 2327 3589; x_wconf 86' lang='lat' dir='ltr'><strong>etiam</strong></span> <span class='ocrx_word' id='word_1_645' title='bbox 2355 3532 2469 3590; x_wconf 84' lang='lat' dir='ltr'><strong>fere</strong></span> <span class='ocrx_word' id='word_1_646' title='bbox 2495 3550 2689 3593; x_wconf 90' lang='lat' dir='ltr'><strong>omnes</strong></span> <span class='ocrx_word' id='word_1_647' title='bbox 2718 3553 2749 3593; x_wconf 90' lang='lat' dir='ltr'><strong>a</strong></span> <span class='ocrx_word' id='word_1_648' title='bbox 2781 3539 3054 3607; x_wconf 69' lang='lat' dir='ltr'><strong>catholica</strong></span> <span class='ocrx_word' id='word_1_649' title='bbox 3082 3541 3188 3603; x_wconf 83' lang='lat' dir='ltr'><strong>ﬁde</strong></span> <span class='ocrx_word' id='word_1_650' title='bbox 3221 3545 3503 3613; x_wconf 67' lang='lat' dir='ltr'><strong>aberrant,</strong></span> 
     </span>
    </p>
   </div>
   <div class='ocr_carea' id='block_1_91' title="bbox 1909 3620 3508 3706">
    <p class='ocr_par' dir='ltr' id='par_1_91' title="bbox 1909 3620 3508 3706">
     <span class='ocr_line' id='line_1_91' title="bbox 1909 3620 3508 3706; baseline 0.014 -33"><span class='ocrx_word' id='word_1_651' title='bbox 1909 3628 1965 3674; x_wconf 92' lang='lat' dir='ltr'><strong>et</strong></span> <span class='ocrx_word' id='word_1_652' title='bbox 1989 3620 2140 3690; x_wconf 62' lang='lat' dir='ltr'><strong>ﬁpeue</strong></span> <span class='ocrx_word' id='word_1_653' title='bbox 2179 3622 2421 3680; x_wconf 86' lang='lat' dir='ltr'><strong>universi</strong></span> <span class='ocrx_word' id='word_1_654' title='bbox 2462 3625 2757 3682; x_wconf 87' lang='lat' dir='ltr'><strong>orientales</strong></span> <span class='ocrx_word' id='word_1_655' title='bbox 2787 3632 3174 3699; x_wconf 63' lang='lat' dir='ltr'><strong>praestolamur</strong></span> <span class='ocrx_word' id='word_1_656' title='bbox 3202 3636 3334 3706; x_wconf 84' lang='lat' dir='ltr'><strong>quid</strong></span> <span class='ocrx_word' id='word_1_657' title='bbox 3367 3637 3508 3695; x_wconf 77' lang='lat' dir='ltr'><strong>ﬁdes</strong></span> 
     </span>
    </p>
   </div>
   <div class='ocr_carea' id='block_1_92' title="bbox 1908 3712 3505 3793">
    <p class='ocr_par' dir='ltr' id='par_1_92' title="bbox 1908 3712 3505 3793">
     <span class='ocr_line' id='line_1_92' title="bbox 1908 3712 3505 3793; baseline 0.011 -28"><span class='ocrx_word' id='word_1_658' title='bbox 1908 3713 2142 3792; x_wconf 78' lang='lat' dir='ltr'><strong>apostoli</strong></span> <span class='ocrx_word' id='word_1_659' title='bbox 2166 3712 2314 3770; x_wconf 89' lang='lat' dir='ltr'><strong>Petri</strong></span> <span class='ocrx_word' id='word_1_660' title='bbox 2345 3715 2489 3773; x_wconf 89' lang='lat' dir='ltr'><strong>inter</strong></span> <span class='ocrx_word' id='word_1_661' title='bbox 2513 3718 2757 3775; x_wconf 81' lang='lat' dir='ltr'><strong>diversas</strong></span> <span class='ocrx_word' id='word_1_662' title='bbox 2782 3721 3072 3793; x_wconf 81' lang='lat' dir='ltr'><strong>Opiniones</strong></span> <span class='ocrx_word' id='word_1_663' title='bbox 3092 3740 3285 3783; x_wconf 86' lang='lat' dir='ltr'><strong>corum</strong></span> <span class='ocrx_word' id='word_1_664' title='bbox 3311 3727 3505 3786; x_wconf 53' lang='lat' dir='ltr'><strong>decere</strong></span> 
     </span>
    </p>
   </div>
   <div class='ocr_carea' id='block_1_93' title="bbox 1911 3802 3504 3893">
    <p class='ocr_par' dir='ltr' id='par_1_93' title="bbox 1911 3802 3504 3893">
     <span class='ocr_line' id='line_1_93' title="bbox 1911 3802 3504 3893; baseline 0.014 -37"><span class='ocrx_word' id='word_1_665' title='bbox 1911 3810 2023 3859; x_wconf 88' lang='lat' dir='ltr'><strong>nat.</strong></span> <span class='ocrx_word' id='word_1_666' title='bbox 2057 3802 2232 3861; x_wconf 89' lang='lat' dir='ltr'><strong>Instat</strong></span> <span class='ocrx_word' id='word_1_667' title='bbox 2258 3808 2407 3863; x_wconf 91' lang='lat' dir='ltr'><strong>enim</strong></span> <span class='ocrx_word' id='word_1_668' title='bbox 2430 3819 2624 3867; x_wconf 87' lang='lat' dir='ltr'><strong>nostro</strong></span> <span class='ocrx_word' id='word_1_669' title='bbox 2652 3819 2898 3882; x_wconf 88' lang='lat' dir='ltr'><strong>tempore</strong></span> <span class='ocrx_word' id='word_1_670' title='bbox 2928 3823 2990 3871; x_wconf 89' lang='lat' dir='ltr'><strong>ut</strong></span> <span class='ocrx_word' id='word_1_671' title='bbox 3029 3816 3322 3889; x_wconf 81' lang='lat' dir='ltr'><strong>impleatur</strong></span> <span class='ocrx_word' id='word_1_672' title='bbox 3354 3821 3504 3893; x_wconf 85' lang='lat' dir='ltr'><strong>quod</strong></span> 
     </span>
    </p>
   </div>
   <div class='ocr_carea' id='block_1_94' title="bbox 1911 3894 3513 3986">
    <p class='ocr_par' dir='ltr' id='par_1_94' title="bbox 1911 3894 3513 3986">
     <span class='ocr_line' id='line_1_94' title="bbox 1911 3894 3513 3986; baseline 0.016 -40"><span class='ocrx_word' id='word_1_673' title='bbox 1911 3894 2034 3963; x_wconf 88' lang='lat' dir='ltr'><strong>pius</strong></span> <span class='ocrx_word' id='word_1_674' title='bbox 2065 3894 2397 3969; x_wconf 85' lang='lat' dir='ltr'><strong>Redemptor</strong></span> <span class='ocrx_word' id='word_1_675' title='bbox 2419 3902 2642 3973; x_wconf 89' lang='lat' dir='ltr'><strong>speciali</strong></span> <span class='ocrx_word' id='word_1_676' title='bbox 2678 3906 2854 3975; x_wconf 81' lang='lat' dir='ltr'><strong>gratia</strong></span> <span class='ocrx_word' id='word_1_677' title='bbox 2877 3908 3137 3980; x_wconf 79' lang='lat' dir='ltr'><strong>dignatus</strong></span> <span class='ocrx_word' id='word_1_678' title='bbox 3166 3921 3253 3971; x_wconf 86' lang='lat' dir='ltr'><strong>est</strong></span> <span class='ocrx_word' id='word_1_679' title='bbox 3276 3924 3513 3986; x_wconf 64' lang='lat' dir='ltr'><strong>aposto~.</strong></span> 
     </span>
    </p>
   </div>
   <div class='ocr_carea' id='block_1_95' title="bbox 1912 3987 3506 4081">
    <p class='ocr_par' dir='ltr' id='par_1_95' title="bbox 1912 3987 3506 4081">
     <span class='ocr_line' id='line_1_95' title="bbox 1912 3987 3506 4081; baseline 0.018 -42"><span class='ocrx_word' id='word_1_680' title='bbox 1912 3987 2090 4042; x_wconf 92' lang='lat' dir='ltr'><strong>lorum</strong></span> <span class='ocrx_word' id='word_1_681' title='bbox 2125 3990 2360 4063; x_wconf 90' lang='lat' dir='ltr'><strong>principi</strong></span> <span class='ocrx_word' id='word_1_682' title='bbox 2395 3994 2641 4052; x_wconf 89' lang='lat' dir='ltr'><strong>indicare</strong></span> <span class='ocrx_word' id='word_1_683' title='bbox 2675 4014 2745 4053; x_wconf 87' lang='lat' dir='ltr'><strong>ac</strong></span> <span class='ocrx_word' id='word_1_684' title='bbox 2768 4002 3084 4073; x_wconf 69' lang='lat' dir='ltr'><strong>praecipere,</strong></span> <span class='ocrx_word' id='word_1_685' title='bbox 3120 4006 3351 4065; x_wconf 74' lang='lat' dir='ltr'><strong>dicens:</strong></span> <span class='ocrx_word' id='word_1_686' title='bbox 3386 4007 3506 4081; x_wconf 70' lang='lat' dir='ltr'><strong>Ego</strong></span> 
     </span>
    </p>
   </div>
   <div class='ocr_carea' id='block_1_96' title="bbox 1910 4084 3506 4166">
    <p class='ocr_par' dir='ltr' id='par_1_96' title="bbox 1910 4084 3506 4166">
     <span class='ocr_line' id='line_1_96' title="bbox 1910 4084 3506 4166; baseline 0.016 -34"><span class='ocrx_word' id='word_1_687' title='bbox 1910 4096 2006 4151; x_wconf 85' lang='lat' dir='ltr'><strong>pro</strong></span> <span class='ocrx_word' id='word_1_688' title='bbox 2030 4090 2078 4135; x_wconf 83' lang='lat' dir='ltr'><strong>te</strong></span> <span class='ocrx_word' id='word_1_689' title='bbox 2111 4084 2311 4154; x_wconf 84' lang='lat' dir='ltr'><strong>rogavi,</strong></span> <span class='ocrx_word' id='word_1_690' title='bbox 2352 4084 2530 4154; x_wconf 84' lang='lat' dir='ltr'><strong>Petre,</strong></span> <span class='ocrx_word' id='word_1_691' title='bbox 2562 4099 2621 4144; x_wconf 86' lang='lat' dir='ltr'><strong>ut</strong></span> <span class='ocrx_word' id='word_1_692' title='bbox 2649 4107 2753 4145; x_wconf 67' lang='lat' dir='ltr'><strong>non</strong></span> <span class='ocrx_word' id='word_1_693' title='bbox 2786 4092 3004 4163; x_wconf 77' lang='lat' dir='ltr'><strong>deficiat</strong></span> <span class='ocrx_word' id='word_1_694' title='bbox 3034 4096 3165 4165; x_wconf 73' lang='lat' dir='ltr'><strong>ﬁdes</strong></span> <span class='ocrx_word' id='word_1_695' title='bbox 3206 4106 3320 4166; x_wconf 77' lang='lat' dir='ltr'><strong>tua,</strong></span> <span class='ocrx_word' id='word_1_696' title='bbox 3350 4108 3403 4155; x_wconf 80' lang='lat' dir='ltr'><strong>et</strong></span> <span class='ocrx_word' id='word_1_697' title='bbox 3445 4109 3506 4156; x_wconf 69' lang='lat' dir='ltr'><strong>ut</strong></span> 
     </span>
    </p>
   </div>
   <div class='ocr_carea' id='block_1_97' title="bbox 1910 4169 3500 4262">
    <p class='ocr_par' dir='ltr' id='par_1_97' title="bbox 1910 4169 3500 4262">
     <span class='ocr_line' id='line_1_97' title="bbox 1910 4169 3500 4262; baseline 0.016 -39"><span class='ocrx_word' id='word_1_698' title='bbox 1910 4169 2204 4243; x_wconf 83' lang='lat' dir='ltr'><strong>aliquando</strong></span> <span class='ocrx_word' id='word_1_699' title='bbox 2223 4189 2499 4233; x_wconf 75' lang='lat' dir='ltr'><strong>conversus</strong></span> <span class='ocrx_word' id='word_1_700' title='bbox 2517 4178 2991 4255; x_wconf 54' lang='lat' dir='ltr'><strong>conﬁrma’fratres</strong></span> <span class='ocrx_word' id='word_1_701' title='bbox 3016 4194 3135 4240; x_wconf 78' lang='lat' dir='ltr'><strong>tuos</strong></span> <span class='ocrx_word' id='word_1_702' title='bbox 3159 4185 3313 4259; x_wconf 74' lang='lat' dir='ltr'><strong>(Luc.</strong></span> <span class='ocrx_word' id='word_1_703' title='bbox 3339 4191 3500 4262; x_wconf 74' lang='lat' dir='ltr'><strong>nn).</strong></span> 
     </span>
    </p>
   </div>
   <div class='ocr_carea' id='block_1_98' title="bbox 1911 4261 3506 4355">
    <p class='ocr_par' dir='ltr' id='par_1_98' title="bbox 1911 4261 3506 4355">
     <span class='ocr_line' id='line_1_98' title="bbox 1911 4261 3506 4355; baseline 0.014 -36"><span class='ocrx_word' id='word_1_704' title='bbox 1911 4261 1980 4355; x_wconf 83' lang='lat' dir='ltr'><strong>Et</strong></span> <span class='ocrx_word' id='word_1_705' title='bbox 2002 4266 2132 4339; x_wconf 89' lang='lat' dir='ltr'><strong>quia</strong></span> <span class='ocrx_word' id='word_1_706' title='bbox 2157 4274 2345 4339; x_wconf 85' lang='lat' dir='ltr'><strong>patres</strong></span> <span class='ocrx_word' id='word_1_707' title='bbox 2370 4270 2568 4338; x_wconf 83' lang='lat' dir='ltr'><strong>nostri,</strong></span> <span class='ocrx_word' id='word_1_708' title='bbox 2598 4288 2838 4345; x_wconf 68' lang='lat' dir='ltr'><strong>quarum</strong></span> <span class='ocrx_word' id='word_1_709' title='bbox 2869 4276 3099 4351; x_wconf 71' lang='lat' dir='ltr'><strong>vestigia</strong></span> <span class='ocrx_word' id='word_1_710' title='bbox 3133 4261 3506 4355; x_wconf 71' lang='lat' dir='ltr'><strong>licet,indigui</strong></span> 
     </span>
    </p>
   </div>
   <div class='ocr_carea' id='block_1_99' title="bbox 1913 4354 3506 4443">
    <p class='ocr_par' dir='ltr' id='par_1_99' title="bbox 1913 4354 3506 4443">
     <span class='ocr_line' id='line_1_99' title="bbox 1913 4354 3506 4443; baseline 0.014 -29"><span class='ocrx_word' id='word_1_711' title='bbox 1913 4354 2068 4432; x_wconf 82' lang='lat' dir='ltr'><strong>sequi</strong></span> <span class='ocrx_word' id='word_1_712' title='bbox 2110 4369 2387 4439; x_wconf 88' lang='lat' dir='ltr'><strong>optamus,</strong></span> <span class='ocrx_word' id='word_1_713' title='bbox 2422 4374 2608 4443; x_wconf 84' lang='lat' dir='ltr'><strong>partes</strong></span> <span class='ocrx_word' id='word_1_714' title='bbox 2651 4368 2777 4427; x_wconf 84' lang='lat' dir='ltr'><strong>illas</strong></span> <span class='ocrx_word' id='word_1_715' title='bbox 2796 4386 2900 4443; x_wconf 85' lang='lat' dir='ltr'><strong>pro</strong></span> <span class='ocrx_word' id='word_1_716' title='bbox 2930 4372 3036 4432; x_wconf 86' lang='lat' dir='ltr'><strong>tide</strong></span> <span class='ocrx_word' id='word_1_717' title='bbox 3070 4375 3339 4433; x_wconf 81' lang='lat' dir='ltr'><strong>catholica</strong></span> <span class='ocrx_word' id='word_1_718' title='bbox 3368 4354 3506 4435; x_wconf 59' lang='lat' dir='ltr'><strong>con-‘-</strong></span> 
     </span>
    </p>
   </div>
   <div class='ocr_carea' id='block_1_100' title="bbox 1914 4454 3508 4541">
    <p class='ocr_par' dir='ltr' id='par_1_100' title="bbox 1914 4454 3508 4541">
     <span class='ocr_line' id='line_1_100' title="bbox 1914 4454 3508 4541; baseline 0.015 -32"><span class='ocrx_word' id='word_1_719' title='bbox 1914 4454 2183 4512; x_wconf 79' lang='lat' dir='ltr'><strong>ﬁrmanda</strong></span> <span class='ocrx_word' id='word_1_720' title='bbox 2211 4471 2357 4535; x_wconf 72' lang='lat' dir='ltr'><strong>smpe</strong></span> <span class='ocrx_word' id='word_1_721' title='bbox 2382 4458 2658 4530; x_wconf 76' lang='lat' dir='ltr'><strong>adierunt,</strong></span> <span class='ocrx_word' id='word_1_722' title='bbox 2694 4479 2798 4521; x_wconf 87' lang='lat' dir='ltr'><strong>nos</strong></span> <span class='ocrx_word' id='word_1_723' title='bbox 2836 4465 3004 4525; x_wconf 85' lang='lat' dir='ltr'><strong>etiam</strong></span> <span class='ocrx_word' id='word_1_724' title='bbox 3042 4469 3508 4541; x_wconf 64' lang='lat' dir='ltr'><strong>adjutiJl‘ccibIB</strong></span> 
     </span>
    </p>
   </div>
   <div class='ocr_carea' id='block_1_101' title="bbox 1914 4546 3505 4634">
    <p class='ocr_par' dir='ltr' id='par_1_101' title="bbox 1914 4546 3505 4634">
     <span class='ocr_line' id='line_1_101' title="bbox 1914 4546 3505 4634; baseline 0.013 -34"><span class='ocrx_word' id='word_1_725' title='bbox 1914 4546 2165 4603; x_wconf 90' lang='lat' dir='ltr'><strong>omnium</strong></span> <span class='ocrx_word' id='word_1_726' title='bbox 2184 4548 2649 4622; x_wconf 86' lang='lat' dir='ltr'><strong>Christianorum,</strong></span> <span class='ocrx_word' id='word_1_727' title='bbox 2674 4555 2722 4612; x_wconf 89' lang='lat' dir='ltr'><strong>si</strong></span> <span class='ocrx_word' id='word_1_728' title='bbox 2738 4556 2963 4621; x_wconf 85' lang='lat' dir='ltr'><strong>Christo</strong></span> <span class='ocrx_word' id='word_1_729' title='bbox 2981 4559 3118 4617; x_wconf 84' lang='lat' dir='ltr'><strong>duce</strong></span> <span class='ocrx_word' id='word_1_730' title='bbox 3138 4560 3226 4626; x_wconf 59' lang='lat' dir='ltr'><strong>tia</strong></span> <span class='ocrx_word' id='word_1_731' title='bbox 3245 4563 3505 4634; x_wconf 69' lang='lat' dir='ltr'><strong>patum-it,</strong></span> 
     </span>
    </p>
   </div>
   <div class='ocr_carea' id='block_1_102' title="bbox 1913 4638 3509 4723">
    <p class='ocr_par' dir='ltr' id='par_1_102' title="bbox 1913 4638 3509 4723">
     <span class='ocr_line' id='line_1_102' title="bbox 1913 4638 3509 4723; baseline 0.013 -31"><span class='ocrx_word' id='word_1_732' title='bbox 1913 4638 2044 4710; x_wconf 87' lang='lat' dir='ltr'><strong>quia</strong></span> <span class='ocrx_word' id='word_1_733' title='bbox 2065 4653 2182 4716; x_wconf 87' lang='lat' dir='ltr'><strong>non</strong></span> <span class='ocrx_word' id='word_1_734' title='bbox 2203 4648 2289 4698; x_wconf 88' lang='lat' dir='ltr'><strong>est</strong></span> <span class='ocrx_word' id='word_1_735' title='bbox 2316 4642 2409 4699; x_wconf 87' lang='lat' dir='ltr'><strong>via</strong></span> <span class='ocrx_word' id='word_1_736' title='bbox 2428 4644 2670 4704; x_wconf 86' lang='lat' dir='ltr'><strong>hominis</strong></span> <span class='ocrx_word' id='word_1_737' title='bbox 2698 4648 2757 4704; x_wconf 87' lang='lat' dir='ltr'><strong>in</strong></span> <span class='ocrx_word' id='word_1_738' title='bbox 2776 4665 2945 4706; x_wconf 86' lang='lat' dir='ltr'><strong>manu</strong></span> <span class='ocrx_word' id='word_1_739' title='bbox 2970 4651 3113 4723; x_wconf 86' lang='lat' dir='ltr'><strong>ejus,</strong></span> <span class='ocrx_word' id='word_1_740' title='bbox 3140 4662 3196 4709; x_wconf 90' lang='lat' dir='ltr'><strong>et</strong></span> <span class='ocrx_word' id='word_1_741' title='bbox 3216 4670 3251 4710; x_wconf 87' lang='lat' dir='ltr'><strong>a</strong></span> <span class='ocrx_word' id='word_1_742' title='bbox 3270 4653 3509 4713; x_wconf 88' lang='lat' dir='ltr'><strong>Domino</strong></span> 
     </span>
    </p>
   </div>
   <div class='ocr_carea' id='block_1_103' title="bbox 1913 4731 3510 4815">
    <p class='ocr_par' dir='ltr' id='par_1_103' title="bbox 1913 4731 3510 4815">
     <span class='ocr_line' id='line_1_103' title="bbox 1913 4731 3510 4815; baseline 0.014 -31"><span class='ocrx_word' id='word_1_743' title='bbox 1913 4746 2138 4802; x_wconf 82' lang='lat' dir='ltr'><strong>gressus</strong></span> <span class='ocrx_word' id='word_1_744' title='bbox 2161 4731 2405 4791; x_wconf 86' lang='lat' dir='ltr'><strong>hominis</strong></span> <span class='ocrx_word' id='word_1_745' title='bbox 2415 4736 2732 4810; x_wconf 86' lang='lat' dir='ltr'><strong>diriguntur</strong></span> <span class='ocrx_word' id='word_1_746' title='bbox 2753 4738 2929 4813; x_wconf 78' lang='lat' dir='ltr'><strong>(Psal.</strong></span> <span class='ocrx_word' id='word_1_747' title='bbox 2953 4742 3510 4815; x_wconf 61' lang='lat' dir='ltr'><strong>unumunum</strong></span> 
     </span>
    </p>
   </div>
   <div class='ocr_carea' id='block_1_104' title="bbox 1914 4821 3513 4905">
    <p class='ocr_par' dir='ltr' id='par_1_104' title="bbox 1914 4821 3513 4905">
     <span class='ocr_line' id='line_1_104' title="bbox 1914 4821 3513 4905; baseline 0.012 -26"><span class='ocrx_word' id='word_1_748' title='bbox 1914 4821 1995 4897; x_wconf 86' lang='lat' dir='ltr'><strong>ire</strong></span> <span class='ocrx_word' id='word_1_749' title='bbox 2051 4838 2154 4896; x_wconf 90' lang='lat' dir='ltr'><strong>pro</strong></span> <span class='ocrx_word' id='word_1_750' title='bbox 2200 4826 2392 4885; x_wconf 84' lang='lat' dir='ltr'><strong>eadem</strong></span> <span class='ocrx_word' id='word_1_751' title='bbox 2443 4828 2548 4885; x_wconf 81' lang='lat' dir='ltr'><strong>ﬁde</strong></span> <span class='ocrx_word' id='word_1_752' title='bbox 2592 4837 2649 4885; x_wconf 91' lang='lat' dir='ltr'><strong>et</strong></span> <span class='ocrx_word' id='word_1_753' title='bbox 2704 4831 3167 4891; x_wconf 77' lang='lat' dir='ltr'><strong>Christianorum.</strong></span> <span class='ocrx_word' id='word_1_754' title='bbox 3190 4836 3513 4905; x_wconf 75' lang='lat' dir='ltr'><strong>defensione</strong></span> 
     </span>
    </p>
   </div>
   <div class='ocr_carea' id='block_1_105' title="bbox 1914 4915 3519 5001">
    <p class='ocr_par' dir='ltr' id='par_1_105' title="bbox 1914 4915 3519 5001">
     <span class='ocr_line' id='line_1_105' title="bbox 1914 4915 3519 5001; baseline 0.01 -33"><span class='ocrx_word' id='word_1_755' title='bbox 1914 4915 2315 4999; x_wconf 86' lang='lat' dir='ltr'><strong>compellimur.</strong></span> <span class='ocrx_word' id='word_1_756' title='bbox 2370 4917 2478 4976; x_wconf 88' lang='lat' dir='ltr'><strong>Sed</strong></span> <span class='ocrx_word' id='word_1_757' title='bbox 2521 4919 2651 4989; x_wconf 86' lang='lat' dir='ltr'><strong>quia</strong></span> <span class='ocrx_word' id='word_1_758' title='bbox 2710 4936 2910 4995; x_wconf 80' lang='lat' dir='ltr'><strong>magna</strong></span> <span class='ocrx_word' id='word_1_759' title='bbox 2944 4938 3033 4983; x_wconf 73' lang='lat' dir='ltr'><strong>res</strong></span> <span class='ocrx_word' id='word_1_760' title='bbox 3067 4941 3270 5000; x_wconf 76' lang='lat' dir='ltr'><strong>magno</strong></span> <span class='ocrx_word' id='word_1_761' title='bbox 3311 4927 3519 5001; x_wconf 68' lang='lat' dir='ltr'><strong>indiget</strong></span> 
     </span>
    </p>
   </div>
   <div class='ocr_carea' id='block_1_106' title="bbox 1914 4992 3516 5090">
    <p class='ocr_par' dir='ltr' id='par_1_106' title="bbox 1914 4992 3516 5090">
     <span class='ocr_line' id='line_1_106' title="bbox 1914 4992 3516 5090; baseline 0.009 -28"><span class='ocrx_word' id='word_1_762' title='bbox 1914 5006 2153 5079; x_wconf 84' lang='lat' dir='ltr'><strong>consilio</strong></span> <span class='ocrx_word' id='word_1_763' title='bbox 2178 4992 2234 5064; x_wconf 75' lang='lat' dir='ltr'><strong>et</strong></span> <span class='ocrx_word' id='word_1_764' title='bbox 2253 5023 2580 5081; x_wconf 66' lang='lat' dir='ltr'><strong>magnarum</strong></span> <span class='ocrx_word' id='word_1_765' title='bbox 2607 4992 2852 5082; x_wconf 72' lang='lat' dir='ltr'><strong>auxilio,</strong></span> <span class='ocrx_word' id='word_1_766' title='bbox 2881 5013 2929 5069; x_wconf 89' lang='lat' dir='ltr'><strong>si</strong></span> <span class='ocrx_word' id='word_1_767' title='bbox 2960 5014 3066 5072; x_wconf 85' lang='lat' dir='ltr'><strong>hoc</strong></span> <span class='ocrx_word' id='word_1_768' title='bbox 3088 4992 3236 5077; x_wconf 69' lang='lat' dir='ltr'><strong>Deus</strong></span> <span class='ocrx_word' id='word_1_769' title='bbox 3266 5033 3355 5075; x_wconf 84' lang='lat' dir='ltr'><strong>me</strong></span> <span class='ocrx_word' id='word_1_770' title='bbox 3386 5033 3516 5090; x_wconf 79' lang='lat' dir='ltr'><strong>per-</strong></span> 
     </span>
    </p>
   </div>
   <div class='ocr_carea' id='block_1_107' title="bbox 1915 5096 3527 5179">
    <p class='ocr_par' dir='ltr' id='par_1_107' title="bbox 1915 5096 3527 5179">
     <span class='ocr_line' id='line_1_107' title="bbox 1915 5096 3527 5179; baseline 0.008 -25"><span class='ocrx_word' id='word_1_771' title='bbox 1915 5096 2127 5154; x_wconf 87' lang='lat' dir='ltr'><strong>miserit</strong></span> <span class='ocrx_word' id='word_1_772' title='bbox 2161 5098 2421 5170; x_wconf 89' lang='lat' dir='ltr'><strong>incipere,</strong></span> <span class='ocrx_word' id='word_1_773' title='bbox 2465 5117 2497 5157; x_wconf 89' lang='lat' dir='ltr'><strong>a</strong></span> <span class='ocrx_word' id='word_1_774' title='bbox 2535 5110 2585 5156; x_wconf 88' lang='lat' dir='ltr'><strong>te</strong></span> <span class='ocrx_word' id='word_1_775' title='bbox 2624 5120 2836 5179; x_wconf 64' lang='lat' dir='ltr'><strong>quan-0</strong></span> <span class='ocrx_word' id='word_1_776' title='bbox 2875 5107 3282 5178; x_wconf 81' lang='lat' dir='ltr'><strong>consiliumet,</strong></span> <span class='ocrx_word' id='word_1_777' title='bbox 3315 5118 3378 5166; x_wconf 76' lang='lat' dir='ltr'><strong>ut</strong></span> <span class='ocrx_word' id='word_1_778' title='bbox 3421 5112 3527 5167; x_wconf 63' lang='lat' dir='ltr'><strong>tibi</strong></span> 
     </span>
    </p>
   </div>
   <div class='ocr_carea' id='block_1_108' title="bbox 1913 5190 3524 5269">
    <p class='ocr_par' dir='ltr' id='par_1_108' title="bbox 1913 5190 3524 5269">
     <span class='ocr_line' id='line_1_108' title="bbox 1913 5190 3524 5269; baseline 0.009 -26"><span class='ocrx_word' id='word_1_779' title='bbox 1913 5190 2110 5259; x_wconf 86' lang='lat' dir='ltr'><strong>placet,</strong></span> <span class='ocrx_word' id='word_1_780' title='bbox 2154 5192 2452 5269; x_wconf 77' lang='lat' dir='ltr'><strong>auxilium,</strong></span> <span class='ocrx_word' id='word_1_781' title='bbox 2489 5194 2653 5266; x_wconf 61' lang='lat' dir='ltr'><strong>quia-</strong></span> <span class='ocrx_word' id='word_1_782' title='bbox 2697 5207 2750 5265; x_wconf 83' lang='lat' dir='ltr'><strong>si</strong></span> <span class='ocrx_word' id='word_1_783' title='bbox 2779 5202 2907 5260; x_wconf 78' lang='lat' dir='ltr'><strong>illuc</strong></span> <span class='ocrx_word' id='word_1_784' title='bbox 2940 5197 3150 5259; x_wconf 78' lang='lat' dir='ltr'><strong>favente</strong></span> <span class='ocrx_word' id='word_1_785' title='bbox 3189 5203 3301 5258; x_wconf 87' lang='lat' dir='ltr'><strong>Deo</strong></span> <span class='ocrx_word' id='word_1_786' title='bbox 3348 5201 3524 5267; x_wconf 82' lang='lat' dir='ltr'><strong>ivero,</strong></span> 
     </span>
    </p>
   </div>
   <div class='ocr_carea' id='block_1_109' title="bbox 1914 5278 3525 5316">
    <p class='ocr_par' dir='ltr' id='par_1_109' title="bbox 1914 5278 3525 5316">
     <span class='ocr_line' id='line_1_109' title="bbox 1914 5278 3525 5316; baseline 0 0"><span class='ocrx_word' id='word_1_787' title='bbox 1914 5286 2037 5316; x_wconf 65' lang='lat' dir='ltr'><strong>nnc!</strong></span> <span class='ocrx_word' id='word_1_788' title='bbox 2081 5278 2251 5316; x_wconf 73' lang='lat' dir='ltr'><strong>nouum</strong></span> <span class='ocrx_word' id='word_1_789' title='bbox 2293 5282 2388 5316; x_wconf 72' lang='grc' dir='ltr'><strong>Ιῖιιῖ</strong></span> <span class='ocrx_word' id='word_1_790' title='bbox 2433 5282 2691 5316; x_wconf 52' lang='lat' dir='ltr'><strong>nam“..-</strong></span> <span class='ocrx_word' id='word_1_791' title='bbox 2752 5314 2761 5316; x_wconf 97' lang='lat'><strong>_</strong></span> <span class='ocrx_word' id='word_1_792' title='bbox 2817 5289 3107 5316; x_wconf 64' lang='lat' dir='ltr'><strong>n-..1..-:.....</strong></span> <span class='ocrx_word' id='word_1_793' title='bbox 3160 5295 3401 5316; x_wconf 48' lang='grc' dir='ltr'><strong>--ηρ-μ-</strong></span> <span class='ocrx_word' id='word_1_794' title='bbox 3467 5301 3525 5316; x_wconf 72' lang='grc' dir='ltr'><strong>-.ι</strong></span> 
     </span>
    </p>
   </div>
  </div>
