3982 5316
439 241 546 301 387

427 447 756 507 sinceritate
783 443 1095 502 dilectionis
1117 445 1256 498 mea:
1291 441 1472 498 adhuc
1501 437 1877 530 indubitanter
1907 453 2030 494 cre-

427 541 558 610 das,
589 538 820 612 Spiritui
847 543 1060 604 sancto,
1089 533 1184 607 qui
1213 533 1400 589 omnia
1427 539 1630 604 potest,
1662 530 1947 586 committo
1975 536 2036 584 ut

439 631 614 687 menti
641 637 748 686 tua:
773 643 876 684 suo
905 640 1058 682 more
1083 625 1285 681 indicet
1305 623 1436 695 quid
1470 622 1568 678 tibi
1593 621 1832 692 cupiam,
1859 637 2036 692 quan-

441 727 628 775 tumve
658 726 712 774 te
739 717 962 787 diligam
993 733 1005 769 :
1049 721 1106 771 et
1145 715 1338 771 eodem
1380 713 1548 768 modo
1583 711 1730 768 circa
1761 726 1849 766 me
1884 719 2034 766 tuam

427 818 682 866 mentem
717 814 1034 878 componat,
1064 814 1127 862 ut
1163 805 1458 878 impiorum
1495 803 1829 860 desiderium
1867 803 2034 874 depe-

437 906 559 955 reat
580 906 636 954 et
659 898 932 953 bonorum
959 907 1259 952 accrescat.
1294 894 1424 952 Haec
1446 894 1594 951 enim
1629 899 1742 950 duo
1766 892 2035 950 desideria

437 990 587 1045 circa
611 1004 715 1045 nos
749 989 912 1056 duos,
954 989 1082 1044 licet
1108 987 1328 1044 diverso
1359 987 1546 1056 modo,
1579 985 1920 1042 incessanter
1952 984 2039 1040 in-

435 1083 686 1155 vigilant,
713 1089 769 1138 et
789 1081 1092 1138 secundum
1114 1081 1454 1136 voluntatem
1476 1095 1692 1148 eorum,
1719 1095 1750 1134 a
1773 1094 1884 1150 quo
1905 1093 2036 1150 pro-

432 1174 627 1242 deunt,
659 1175 962 1230 decertant.
1009 1172 1371 1245 Omnipotens
1419 1172 1586 1241 Deus,
1629 1189 1662 1228 a
1693 1188 1805 1245 quo
1841 1180 2038 1228 cuncta

437 1265 584 1321 bona
635 1265 970 1336 procedunt,
1019 1266 1232 1322 meritis
1275 1274 1332 1322 et
1371 1259 1699 1322 auctoritate
1751 1263 2037 1319 beatorum

433 1357 814 1428 apostolorum
860 1356 1010 1413 Petri
1050 1367 1105 1413 et
1146 1356 1323 1426 Pauli,
1373 1373 1405 1414 a
1450 1357 1664 1414 cunctis
1708 1355 1947 1428 peccatis
1988 1363 2040 1410 te

436 1450 710 1517 absolvat,
737 1458 792 1505 et
813 1466 912 1521 per
941 1451 1086 1506 viam
1110 1451 1497 1506 mandatorum
1525 1465 1756 1506 suorum
1787 1447 2040 1503 incedere
2072 1473 2074 1476 ν

439 1538 626 1607 faciat,
652 1550 817 1611 atque
843 1542 908 1598 ad
937 1542 1106 1597 vitam
1143 1551 1406 1598 aeternam
1436 1541 1718 1614 perducat.

516 1631 656 1688 Data
703 1633 892 1692 Romae
921 1635 1156 1706 septimo
1198 1634 1326 1692 ldus
1361 1635 1698 1704 Decembris,
1745 1633 2041 1690 indictione

447 1721 661 1779 decima
698 1725 881 1780 tertia.

935 1813 1274 1871 EPISTOLA
1323 1815 1538 1872 XXXII.

621 1919 690 1960 ΔΙ)
739 1920 1014 1961 ΠΑΝΔΕδΕΙ
1057 1922 1340 1963 REIIENSEI
1387 1923 1858 1963 ARCNIEPISCOPUII.

1041 1997 1226 2068 (Anno
1259 1998 1446 2071 1074.)

440 2087 653 2163 Accipit
673 2090 1070 2163 accusationem
1096 2091 1478 2163 archiepiscopi
1505 2091 1796 2158 Bernensis,
1819 2092 1910 2162 qui
1935 2107 2042 2163 non

514 2161 746 2234 uisitauit
773 2159 961 2230 limina
992 2159 1382 2234 apostolorum;
1421 2159 1578 2234 sgqne
1612 2159 1864 2234 magnoin
1893 2162 2038 2216 dele-

433 2231 444 2313 :
513 2231 798 2314 ctationcnt
851 2240 1152 2314 capturum,
1202 2233 1252 2286 si
1301 2250 1400 2314 rex
1422 2231 1690 2314 .Fi'ancite.
1704 2231 1913 2314 scelera
1941 2251 2040 2288 sua

436 2308 442 2313 '
515 2303 835 2376 correxerit;
879 2299 964 2356 sin
1011 2303 1216 2376 minus,
1263 2299 1315 2358 ei
1363 2303 1636 2359 adversari
1671 2305 1726 2358 in
1761 2304 2036 2376 futurum,

433 2401 440 2406 -
509 2371 815 2446 legatosque
847 2375 1200 2430 commendat.

443 2493 448 2498 -
515 2465 827 2526 Caesonius
859 2469 1174 2541 episcopus,
1222 2486 1413 2528 servus
1450 2485 1734 2528 servorum
1774 2470 1891 2538 Dei,
1925 2469 2041 2524 MA-

439 2574 620 2618 msss
651 2559 918 2645 θεωριηεὶ
951 2562 1386 2634 archiepiscopo,
1420 2563 1653 2620 salutem
1689 2571 1747 2619 et
1777 2565 2040 2634 apostoli-

440 2668 568 2708 cam
590 2652 1046 2710 benedictionem.
1089 2673 1097 2680 τ
2019 2653 2026 2662 ’

520 2741 714 2798 Tantis
745 2741 1014 2817 [Sanctis]
1057 2743 1371 2802 dilectionis
1393 2743 1751 2818 {amplexibus
1793 2752 2038 2802 sanctam
2072 2756 2074 2758 '

441 2833 754 2892 Romanam
790 2833 1093 2892 Ecclesiam
1138 2844 1194 2892 et
1229 2851 1335 2893 nos
1371 2837 1458 2892 sui
1493 2837 1678 2892 debito
1721 2843 1774 2892 te
1813 2835 2042 2907 diligere

441 2934 724 2999 putamus,
761 2935 916 2982 tanto
937 2927 1251 2984 dilectionis
1275 2927 1491 2984 fervore
1535 2929 1592 2983 in
1628 2941 1730 2983 suo
1756 2935 1812 2983 et
1849 2935 2040 2982 nostro

443 3210 528 3258 set
551 3201 784 3260 facultas
807 3212 863 3259 et
888 3204 1082 3271 libera,
1111 3206 1384 3262 visitares.
1417 3204 1575 3261 Nunc
1597 3206 1765 3276 igitur
1797 3213 1956 3261 caute
1986 3213 2041 3260 et

445 3292 764 3364 diligenter,
807 3304 871 3350 ut
914 3297 1100 3363 debes,
1149 3297 1408 3368 accipias,
1455 3298 1660 3352 malum
1707 3297 2037 3365 inauditum,

448 3383 632 3440 scelus
653 3385 992 3453 detestabile,
1018 3387 1166 3456 quod
1195 3385 1476 3456 Philippus
1507 3401 1602 3442 rex
1637 3383 1904 3454 Francim,
1929 3387 2042 3441 imo

451 3473 618 3544 lupus
661 3491 857 3546 rapax,
909 3485 1177 3550 tyrannus
1222 3478 1474 3548 iniquus,
1523 3477 1618 3533 Dei
1659 3487 1716 3534 et
1762 3479 2044 3550 religionis

449 3575 656 3624 sancte
679 3568 938 3626 Ecclesia
971 3569 1253 3636 inimicus,
1289 3570 1439 3626 Italis
1463 3580 1521 3627 et
1553 3572 1786 3626 aliarum
1815 3572 2041 3642 provin-‘

448 3658 662 3714 ciarum
691 3661 1094 3718 mercatoribus
1127 3671 1320 3718 contra
1355 3661 1525 3718 Deum
1552 3671 1608 3718 et
1642 3663 1796 3734 regni
1823 3663 1907 3718 Sui
1945 3664 2046 3718 ho-

450 3764 645 3806 norem
679 3749 828 3818 fecit,
857 3761 914 3808 et
941 3754 1048 3808 alia
1083 3769 1320 3825 quorum
1363 3755 1432 3810 ad
1467 3770 1628 3812 aures
1673 3765 1893 3812 nostras
1928 3757 2044 3812 ela-

451 3857 642 3905 mores
688 3843 1132 3916 frequentissime
1171 3857 1460 3916 venerunt,
1514 3849 1582 3917 si,
1629 3857 1790 3921 prout
1833 3849 2046 3920 iustitia

450 3935 758 4005 dictaverit,
781 3939 1107 4006 correxerit,
1139 3955 1242 3996 nos
1271 3942 1462 4012 procul
1491 3942 1661 3998 dubio
1691 3943 1882 4010 laetari,
1918 3960 2044 4015 gra-

450 4027 656 4084 tiarum
691 4030 1008 4088 actionibus
1043 4031 1216 4090 Deum
1247 4034 1493 4102 laudare,
1531 4043 1722 4106 ut'pro
1755 4036 1963 4107 perdita
1993 4043 2048 4092 et

453 4119 676 4178 inventa
707 4125 810 4180 ove
831 4124 972 4181 sciat
993 4124 1308 4184 fraternitas
1333 4133 1448 4184 tua.
1481 4127 1542 4183 Si
1564 4139 1693 4185 vero
1718 4137 1909 4185 contra
1932 4129 2048 4184 haec

454 4215 636 4286 (quod
659 4215 944 4290 nolumus)
967 4213 1160 4290 egerit,
1193 4219 1364 4276 Deum
1390 4220 1585 4292 procul
1607 4221 1774 4276 dubio
1807 4220 1909 4276 sibi
1937 4219 2046 4274 ini-

451 4305 681 4375 micam,
725 4317 1090 4380 sanctamque
1132 4308 1440 4367 Romanam
1465 4311 1786 4368 'Ecclesiam
1823 4319 1879 4368 et
1921 4325 2044 4378 nos,

450 4397 540 4453 cui
572 4399 700 4456 licet
735 4400 946 4472 indigni
971 4403 1350 4472 praesidemus,
1385 4405 1598 4460 viribus
1633 4413 1687 4460 et
1716 4404 1893 4460 modis
1923 4421 2044 4460 om-

451 4485 617 4545 nibus
658 4489 768 4547 sibi
799 4489 1504 4562 adversaripromittimus.
1543 4493 1602 4548 Si
1645 4493 1808 4565 legati
1847 4495 2041 4562 nostri,

452 4588 516 4636 ut
537 4589 820 4650 putamus,
846 4581 915 4636 ad
943 4589 1128 4652 partes
1160 4589 1284 4638 tuas
1309 4584 1580 4652 venerint,
1607 4584 1675 4640 de
1716 4584 1804 4640 his
1833 4593 1888 4640 et
1922 4599 2044 4657 quae

453 4669 619 4726 nobis
639 4671 912 4742 scripsisti
944 4673 1302 4744 pluribusque
1331 4674 1476 4738 aliis,
1519 4683 1698 4731 tecum
1725 4686 1779 4731 et
1805 4685 1860 4732 te
1883 4676 2044 4732 auxi-

451 4759 622 4816 liante
643 4763 954 4836 tractaturi,
981 4757 1102 4820 vice
1139 4763 1286 4821 Petri
1326 4765 1563 4837 suscipe,
1591 4767 1717 4845 vice
1744 4776 1929 4824 nostra
1957 4769 2012 4824 di

453 4851 581 4922 ligo,
619 4862 679 4908 ut
719 4863 927 4926 quanto
959 4856 1336 4926 apostolorum
1365 4857 1601 4929 principi
1641 4873 1828 4914 amore
1859 4859 2046 4916 nobis—

452 4963 563 5019 que
589 4947 892 5018 adhaerens,
924 4949 980 5005 in
1006 4950 1092 5006 his
1119 4950 1285 5006 etiam
1311 4952 1545 5022 probare
1566 4967 1754 5024 queas.

473 5073 478 5078 -
525 5036 890 5086 Datakomm
923 5048 1077 5086 senm
1110 5040 1234 5086 hinc
1264 5041 1578 5086 Memini-ie
1630 5042 1926 5086 inﬂintimm
1951 5042 2045 5086 (In-

1064 192 1146 294 's.
1190 229 1518 294 cnneonu
1557 225 1649 288 vn
1688 227 1892 287 pars:
1927 221 2214 288 ornaun
2251 227 2434 286 rans
2467 227 2506 285 ι.
2545 261 2617 270 --
2654 195 3078 286 nscis'rnun.

325 341 338 350 ’
437 355 762 430 proferrem.
803 352 917 410 Sed
959 351 1087 424 quia
1129 349 1316 407 forsan
1357 364 1470 404 non
1503 355 1590 404 est
1624 347 1814 416 homo,
1845 346 1934 402 cui
1965 345 2032 401 de
2062 349 2107 404 Α
2203 345 2335 417 cipit
2365 353 2422 430 ut
2456 345 2526 427 ad
2553 344 3296 430 aliatn‘synodummaccedat,
3335 351 3388 398 et
3425 359 3490 398 ne
3522 343 3742 400 dictum

2123 453 2129 462 .
2212 415 2590 470 monasterium
2622 415 2940 470 detrimento
2965 415 3179 485 (iniciat.

2119 535 2126 541 ν
2206 508 2518 565 ϐιιεςοιιιυε
2553 509 2868 580 episcopus,
2911 522 3102 564 servus
3137 523 3426 564 servorum
3465 505 3585 578 Dei,
3617 507 3744 568 σε·
3774 519 3786 528 ‘

2123 614 2366 658 'mrnnro
2387 599 2734 674 [Cuniberto]
2757 600 3083 658 Taurinensi
3107 601 3385 671 episcopo,
3416 600 3646 656 salutem
3672 606 3744 656 et

3616 231 3746 290 388

2136 689 2497 762 apostolicam
2525 690 2986 747 benedictionem.

2129 823 2134 830 .
2207 778 2360 835 Licet
2397 780 2664 836 adversus
2704 782 3186 852 praesumptionem
3231 789 3384 836 tuam
3413 781 3608 838 durius
3640 782 3744 837 in-

2135 869 2260 924 vehi
2298 870 2647 938 deberemus,
2691 872 2820 943 quia
2861 881 3092 928 vocatus
3128 872 3194 928 ad
3225 874 3521 945 synodum,
3560 888 3740 946 quam

2136 965 2283 1021 circa
2313 963 2664 1022 festivitatem
2693 966 2870 1022 sancti
2912 966 3142 1022 Andreae
3174 967 3598 1035 celebravimus,
3633 982 3742 1023 ve—

2138 1057 2256 1112 nire
2285 1055 2686 1129 contempsisti,
2724 1065 2780 1112 et
2817 1056 3116 1113 venerabili
3161 1059 3498 1114 monasterio
3540 1055 3742 1115 Sancti

2137 1145 2436 1214 Michaelis,
2472 1162 2653 1218 neque
2677 1154 2928 1218 respectu
2955 1147 3128 1203 divini
3161 1147 3397 1215 timoris,
3439 1165 3624 1220 neque
3647 1149 3745 1204 in—

2137 1238 2278 1294 tuitu
2313 1239 2627 1310 apostolicae
2662 1237 3021 1305 defensionis,
3059 1239 3457 1310 inquietudinis
3501 1255 3738 1298 manum

2139 1330 2464 1391 subtrahere
2492 1329 2746 1398 voluisti;
2773 1330 2951 1386 adhuc
2979 1337 3165 1386 tamen.
3191 1329 3496 1388 fraternam
3524 1329 3625 1386 tibi
3643 1331 3740 1386 di-

2138 1423 2432 1481 lectionem
2473 1437 2836 1490 reservamus,
2872 1433 2929 1478 et
2963 1422 3162 1478 debitae
3193 1421 3596 1480 satisfactionis
3627 1432 3744 1478 tuae

2138 1512 2382 1569 fructum
2407 1521 2808 1584 exspectamus.
2835 1510 3182 1585 Quapropter
3206 1514 3405 1570 iterum
3437 1523 3493 1570 te
3517 1520 3746 1585 aposto-

2139 1603 2244 1660 lica
2268 1602 2594 1660 auctoritate
2626 1617 2938 1674 monemus,
2971 1613 3035 1660 ut
3058 1605 3128 1660 ad
3157 1606 3452 1678 synodum,
3485 1605 3740 1677 quamin

2138 1699 2315 1770 prima
2345 1699 2652 1770 septimana
2681 1697 3128 1770 Quadragesimae
3158 1700 3489 1767 celebraturi
3519 1713 3762 1766 sumus,.

2140 1791 2350 1848 venias.
2375 1789 2489 1847 Nos
2517 1791 2942 1849 enimabbatem
2971 1791 3186 1863 praefati
3213 1791 3539 1849 monasterii
3563 1806 3744 1862 usque

2140 1883 2208 1939 ad
2232 1883 2548 1954 praedictam
2574 1883 2846 1955 synodum
2869 1883 3156 1939 nobiscum
3187 1884 3568 1950 retinebimus,
3601 1897 3744 1954 quan

2062 1995 2066 2000 ι
2128 1982 2320 2038 tenus,
2343 1973 2544 2030 auditis
2571 1973 2832 2046 utrinque
2866 1974 3342 2042 rationibus,'tam
3374 1973 3621 2030 Ecclesia
3643 1981 3742 2028 tua

2140 2080 2306 2137 quam
2331 2065 2730 2122 monasterium
2773 2065 2908 2122 illud
2937 2065 3216 2136 propriam
3243 2071 3624 2136 consumatur
3642 2062 3742 2133 in-

2141 2155 2370 2211 stitiam.
2401 2153 2626 2211 Interim
2649 2156 2816 2212 etiam
2847 2171 3158 2224 monemus,
3184 2164 3245 2211 ut
3271 2156 3482 2212 nullam
3516 2154 3740 2226 inqn'm-

2141 2247 2386 2303 tudinem
2424 2246 2655 2320 praefato
2691 2249 2814 2304 loco
2851 2247 3076 2305 inferas.
3124 2248 3182 2304 Si
3224 2264 3357 2305 vero
3404 2249 3496 2304 his
3530 2247 3740 2304 nostris

2141 2339 2338 2396 litteris
2386 2337 2706 2396 inobediens
2753 2339 2957 2409 fueris,
3005 2341 3154 2413 quod
3203 2341 3380 2398 sancti
3431 2340 3631 2396 Patres
3680 2340 3737 2394 in

2141 2430 2459 2502 hujusmodi
2488 2433 2726 2505 negotiis
2748 2431 2944 2501 fecere,
2981 2448 3084 2490 nos
3115 2433 3314 2500 facere,
3357 2441 3436 2489 et.
3456 2432 3641 2489 locum
3671 2431 3740 2484 il-

2141 2527 2254 2581 lum
2283 2525 2608 2580 auctoritate
2630 2525 2772 2581 beati
2793 2523 2943 2580 Petri
2971 2525 3262 2580 defendere
3287 2524 3607 2596 compelles.
3709 2561 3721 2572 ο

2216 2614 2352 2670 Data
2389 2613 2580 2670 Romae
2619 2615 2862 2672 secundo
2898 2613 3024 2672 lius
3058 2614 3401 2684 Decembris,
3438 2613 3739 2670 indictione

2145 2705 2358 2776 decima
2384 2705 2564 2760 tertia.

2630 2805 2966 2863 EPISTOLA
3009 2805 3247 2865 XXXIV.

2668 2961 2672 2965 ν
2729 2915 2795 2954 AD
2827 2915 3142 2955 RMNHUCII.

2738 2992 2920 3063 (Anno
2957 2991 3142 3063 ton.)

2191 3085 2384 3156 acernit
2405 3085 2563 3138 irrita
2583 3100 2694 3138 esse
2717 3097 3038 3156 quiscunque
3064 3085 3130 3139 ab
3157 3086 3343 3140 abbate
3370 3085 3560 3142 Sancti
3589 3085 3740 3142 Gau-

2211 3154 2378 3208 dentii
2409 3165 2554 3226 gesta
2587 3154 2737 3210 sunt.
2763 3154 2896 3222 Qua:
2916 3154 3036 3210 vero
3060 3156 3170 3227 ipse
3191 3156 3477 3212 Rainerius
3501 3175 3623 3212 cum
3643 3158 3742 3213 illo

2213 3227 2516 3296 contraxit,
2554 3227 2858 3298 diﬂ‘inienda
2895 3227 3075 3298 diﬁcrt
3113 3229 3168 3282 in
3201 3229 3376 3282 nuntii
3418 3231 3506 3283 sui
3541 3231 3742 3286 adcen-

2140 3317 2146 3322 ‘
2215 3305 2348 3352 tum.

2146 3401 2150 3406 ‘
2212 3384 2520 3444 Gnsccnws
2552 3387 2863 3460 cpiscopus,
2898 3405 3090 3445 servus
3125 3405 3410 3446 servorum
3445 3391 3566 3458 Dei,
3599 3390 3736 3446 11.n-

2144 3493 2302 3532 snnlo
2340 3479 2538 3534 illustri
2578 3479 2698 3535 viro
2740 3481 2973 3536 salutem
3014 3488 3070 3537 et
3108 3481 3466 3552 apostolicam
3509 3482 3734 3540 benedi-

2145 3571 2403 3625 ctionem.
2504 3567 2514 3580 '
3265 3555 3272 3560 ’

2217 3657 2490 3726 Quoniam
2542 3660 2892 3716 devotionem
2939 3671 3090 3718 tuam
3148 3681 3212 3719 ac
3251 3665 3436 3734 ﬁdenti,
3489 3666 3638 3723 sicut
3691 3677 3742 3722 te

2146 3749 2320 3816 decet,
2352 3766 2482 3822 erga
2509 3751 2727 3807 beatum
2761 3751 2982 3808 Petrum
3004 3755 3328 3829 jamdudum
3359 3757 3742 3828 probavimus,

2145 3848 2200 3894 et
2229 3840 2512 3910 praemium
2539 3847 2590 3894 te
2618 3841 2846 3913 dignum
2871 3843 2983 3899 tuis
3017 3844 3276 3914 operibus
3309 3855 3362 3902 te
3387 3847 3742 3918 accepturam

2148 3932 2372 3988 minime
2406 3933 2744 4000 dubitamus,
2780 3935 2848 3990 de
2889 3937 3113 3992 servitio
3143 3948 3196 3994 ct
3229 3939 3444 4010 iustitia
3477 3941 3602 4012 ejus
3647 3940 3742 3996 tibi

2147 4024 2482 4081 confidenter
2506 4025 2854 4096 mandamus,
2893 4023 3178 4101 sperantes
3205 4033 3548 4090 nobilitatem
3591 4045 3742 4091 tuam

2149 4132 2258 4172 non
2282 4116 2459 4172 solum
2483 4132 2542 4174 se
2562 4119 2814 4176 devotam
2841 4123 3101 4192 praebere,
3129 4127 3220 4182 sed
3246 4127 3410 4182 etiam
3435 4129 3581 4187 alios
3602 4118 3745 4204 quos

2147 4207 2349 4277 poterit
2372 4207 2441 4262 ad
2481 4209 2805 4280 obsequium
2833 4227 3146 4285 perurgere.
3181 4213 3318 4284 Quia
3356 4219 3528 4292 igitur
3551 4233 3744 4280 notum

2147 4299 2244 4356 tibi
2271 4302 2548 4359 credimus
2587 4319 2728 4371 esse,
2765 4305 3117 4375 charissime,
3148 4311 3616 4381 quemadmodum
3649 4317 3738 4372 ab-

2144 4392 2329 4448 batem
2367 4392 2516 4466 (368)
2547 4392 2737 4450 Sancti
2761 4396 3075 4469 Gaudentii,
3103 4401 3427 4458 sceleratum
3452 4405 3568 4460 imo
3594 4407 3738 4464 inva-

2149 4499 2330 4540 sorcm
2367 4483 2708 4556 haereticum,
2757 4503 2857 4558 pro
2901 4505 3002 4544 sua
3047 4492 3291 4562 nequitia
3321 4493 3474 4564 juste
3515 4495 3738 4553 Camna-

2150 4577 2352 4644 vimus,
2388 4593 2535 4633 nunc
2563 4577 2658 4633 tibi
2685 4579 3079 4638 notitieandum
3115 4599 3238 4640 esse
3269 4565 3565 4644 censemus
3597 4589 3744 4662 quo)

2150 4669 2335 4724 omnia
2359 4684 2482 4740 qua:
2503 4669 2574 4724 ab
2596 4669 2715 4741 ipso
2737 4671 3061 4742 perditionis
3081 4674 3194 4730 tilio
3216 4677 3283 4732 de
3306 4678 3471 4736 rebus
3491 4677 3742 4738 Ecclesia

2152 4761 2356 4829 illicito,
2408 4771 2600 4834 utpote
2645 4763 2716 4818 ab
2772 4764 3051 4833 haeretico,
3097 4777 3407 4840 perpetrata
3459 4783 3614 4840 sunt,
3667 4776 3744 4830 ν]

2152 4853 2406 4920 alienata,
2435 4855 2701 4912 canonica
2735 4865 2791 4913 et
2818 4858 2978 4930 legali
3024 4863 3350 4921 auctoritate
3393 4867 3666 4921 cassanda
3697 4875 3742 4926 ct

2146 4945 2364 5016 penitus
2385 4947 2701 5004 evaeuanda
2724 4965 2848 5005 esse
2871 4951 3238 5008 decernimus.
3263 4951 3340 5008 De
3361 4953 3450 5010 his
3473 4972 3606 5011 vero
3628 4973 3741 5028 qua

2146 5045 2325 5086 trcnm
2357 5039 2528 5086 αιιςςίι
2555 5039 2792 5086 inimme
2827 5043 3078 5086 νίιιρΙῖορί
3104 5045 3172 5086 εἷο
3200 5045 3590 5086 ροοῖραίοαιῖρία
3618 5063 3740 5086 nou-
