3982 5316
183 177 286 233 589

1158 182 1363 241 LIBER
1404 181 1788 241 SECUNDUS.
1826 211 1892 222 --
1928 181 2147 239 EPIST.
2188 182 2475 243 XXXVIII.

3353 188 3458 247 590

184 306 236 353 te
257 312 426 367 posse
451 297 703 364 retinere,
726 295 948 354 studeas
973 311 1067 352 cas
1095 312 1194 368 pro
1218 313 1406 354 amore
1433 298 1607 354 sancti
1629 297 1771 353 Petri
1804 302 1847 354 Α
1874 300 1968 367 qui
1996 297 2173 352 eidem
2208 313 2389 354 causae
2425 298 2536 354 inte
2573 260 2811 368 fuerunt,
2834 296 3095 371 poterunt
3112 290 3212 359 iibi
3228 288 3455 383 ieferre.

182 405 248 446 ac
269 398 468 446 nostro
501 389 832 462 quantocius
873 388 1129 447 Ecclesia:
1156 391 1401 459 reddere,
1439 408 1540 448 nec
1566 407 1676 447 non
1703 391 1772 447 ab

181 482 307 538 aliis
333 482 543 553 injuste
571 490 778 537 retenta
804 497 1146 553 recuperare.
1171 481 1405 539 Nuntios
1430 499 1649 554 quoque
1672 498 1775 539 no-

182 582 331 629 stros
360 573 431 628 ad
453 581 638 644 partes
661 581 783 628 tuas
808 579 1085 639 venturos,
1113 573 1257 629 sicut
1280 574 1455 630 sancti
1479 572 1626 628 Petri
1648 587 1773 644 gra-

182 663 314 718 tiam
358 671 725 734 nostrumque
761 663 1090 718 beneficium
1132 664 1333 721 habere
1367 664 1668 732 desideras,
1704 678 1773 720 ne

181 753 421 809 desistas
445 754 500 808 in
540 754 795 810 omnibus
820 754 1098 825 adjuvare.

254 844 391 900 Data
430 844 622 900 Roma:
650 844 834 901 Idibus
864 843 1196 914 Decembris,
1234 845 1531 903 indictione
1560 847 1773 903 decima

180 940 361 995 tertia.

683 1033 1024 1091 EPlSTOLA
1070 1032 1288 1088 XXXV.

431 1142 499 1180 λι)
532 1142 860 1181 ςυιιιεωιωι
898 1140 1185 1181 PAPIE‘NSEI
1215 1138 1521 1179 εριειῖοιιωι.

779 1214 960 1288 (Anno
1001 1213 1183 1285 ιιι-ιι.)

181 1306 371 1377 Argei!
425 1305 569 1378 quod
618 1306 691 1378 ad
738 1322 791 1360 se
843 1314 1061 1378 uocatus
1096 1320 1199 1357 non
1242 1304 1459 1378 venerit.
1517 1301 1777 1378 Praecipit

254 1374 313 1429 ut
346 1374 566 1430 accedat
599 1377 669 1430 ad
705 1375 1007 1441 concilium,
1044 1375 1099 1428 in
1119 1391 1220 1447 quo
1244 1374 1292 1429 ei
1324 1375 1485 1428 datur
1508 1374 1655 1427 locus
1679 1374 1775 1428 de»

252 1448 505 1516 [cadendi
537 1449 842 1518 conjuginm
866 1447 1066 1500 sororis
1094 1446 1209 1501 sita:
1231 1462 1353 1518 cum
1386 1446 1584 1518 Ama,
1620 1460 1781 1516 quo.

212 1560 221 1567 .
250 1518 402 1574 illius
438 1517 891 1590 consanguineum
909 1534 1021 1573 esse
1053 1527 1208 1573 testes
1238 1517 1592 1587 ﬁrmabant.

251 1611 568 1669 Caesonius
600 1612 914 1683 episcopus,
944 1626 1139 1668 servus
1181 1624 1467 1667 servorum
1511 1608 1607 1665 Dei
1639 1607 1775 1664 Gur-

184 1720 378 1762 usuo
421 1703 683 1775 Papiensi
716 1703 996 1773 episeopo,

184 1795 646 1857 benedictionem.

251 1886 405 1943 licet
425 1893 628 1941 contra
670 1898 773 1939 nos
796 1883 852 1938 id
876 1882 1059 1954 egisse
1082 1882 1343 1949 videaris,
1379 1890 1438 1938 ut
1466 1897 1568 1938 nec
1605 1881 1769 1939 etiam

183 1978 543 2049 apostolicam
572 1975 1013 2039 benedictionem
1039 1974 1136 2030 tibi
1171 1975 1388 2031 mittere
1424 1974 1771 2041 deberemus,

184 2071 411 2136 scilicet,
449 2069 584 2149 quia
612 2069 683 2127 ad
712 2068 1071 2129 constitutum
1095 2068 1191 2123 tibi
1230 2068 1526 2125 terminum
1553 2083 1655 2123 nec
1675 2083 1771 2122 ve-

184 2164 333 2230 nisti,
362 2178 467 2219 nec
509 2162 743 2233 legalem
782 2160 1192 2219 excusationem
1238 2158 1457 2226 misisti,
1497 2159 1774 2214 malumus

184 2264 365 2310 tamen
391 2254 462 2309 de
482 2252 707 2324 pietatis
733 2250 1001 2308 modestia
1034 2249 1378 2322 reprehendi,
1409 2265 1577 2320 quam
1607 2264 1774 2305 cano-

185 2363 315 2402 num
346 2347 587 2416 rigorem
617 2344 901 2415 sequendo
924 2342 1353 2399 inobedientiam
1387 2350 1536 2397 tuam
1575 2342 1775 2398 acriter

185 2438 392 2495 ulcisci.
417 2437 762 2508 Quapropter
787 2436 1087 2506 apostolica
1112 2433 1209 2491 tibi
1234 2433 1558 2489 auctoritate
1584 2434 1775 2504 praeci-

184 2534 364 2603 pimus
408 2542 472 2586 ut
510 2531 581 2588 ad
616 2529 911 2601 synodum,
941 2543 1133 2600 quam,
1158 2525 1271 2582 Deo
1298 2534 1596 2593 annuente,
1628 2527 1773 2583 cele-

185 2626 396 2682 braturi
440 2640 636 2685 sumus
681 2623 859 2693 prima
908 2620 1247 2685 bebdomada
1297 2618 1771 2692 Quadragesimae,

185 2720 372 2775 venias
408 2726 467 2773 et
502 2716 571 2772 de
611 2732 781 2772 causa
831 2714 1040 2771 sororis
1082 2721 1190 2769 tua:
1225 2713 1575 2783 respondeas.
1624 2711 1776 2768 Licet

183 2812 331 2867 enim
368 2809 744 2866 clarissimum
784 2807 855 2862 sit
892 2822 1014 2862 eam
1056 2806 1361 2861 Guidsnem
1401 2806 1774 2860 marcbionem

185 2903 661 2974 consanguineum
716 2900 919 2956 Azonis
975 2899 1310 2955 tuarcliionis
1363 2899 1622 2955 maritum
1672 2900 1773 2955 ba-

186 2999 392 3064 buisse,
432 2996 567 3052 illud
605 2994 772 3050 etiam
802 2993 1160 3049 sacramentis
1184 3002 1238 3048 et
1279 2992 1508 3049 testibus
1543 2992 1599 3047 in
1632 3008 1771 3062 pne-
1799 3019 1840 3077 ρ

186 3093 359 3148 sentin
393 3098 586 3146 nostra
621 3088 912 3159 probatum
945 3087 1035 3153 sit,
1058 3087 1307 3141 eamiem
1343 3100 1587 3142 sororem
1620 3093 1769 3139 tuam

183 3194 350 3255 atque
379 3183 625 3238 Azonem
657 3187 911 3251 quartam
945 3179 1367 3250 propinquitatis
1409 3178 1608 3233 lineam
1636 3193 1775 3232 non-

186 3278 316 3332 dum
346 3274 640 3340 excedere;
670 3272 925 3328 dabimus
960 3279 1141 3326 tamen
1170 3270 1325 3327 vobis
1351 3270 1687 3351 audientiam
1717 3270 1774 3328 in

166 3368 411 3441 .prazfata
453 3366 687 3440 synodo,
731 3373 1002 3437 quatenus
1040 3364 1087 3419 si
1132 3364 1360 3435 legalem
1400 3363 1775 3421 defensionem

188 3476 284 3515 vos
318 3460 522 3514 habere
555 3457 831 3513 contiditis
889 3465 944 3511 et
980 3456 1292 3511 testimonia
1331 3465 1386 3512 et
1431 3467 1775 3514 sacramenta

189 3562 314 3607 ante
342 3566 448 3607 nos
473 3550 619 3606 facta
650 3549 961 3619 improbare
1006 3547 1275 3619 poteritis,
1304 3550 1623 3622 conjugium
1656 3551 1778 3606 illo-

188 3662 309 3701 rum
340 3652 682 3724 permaneat.
716 3643 995 3714 Alioquin,
1029 3643 1075 3697 si
1117 3643 1223 3700 hoc
1262 3651 1394 3700 tunc
1437 3644 1615 3703 facere
1665 3662 1775 3702 non

189 3740 455 3811 poteritis,
470 3740 553 3794 vel
570 3756 602 3793 a
618 3738 876 3809 praedicta
897 3737 1107 3810 synodo
1119 3754 1217 3795 vos
1230 3740 1629 3810 subtraxeritis,
1655 3743 1778 3799 nul-

188 3833 295 3888 lam
326 3831 585 3901 deinceps
624 3829 753 3886 inde
787 3830 904 3885 fieri
939 3830 1300 3900 quaestionem
1344 3832 1643 3902 apostolica
1673 3849 1776 3888 au-

188 3924 440 3980 ctoritate
464 3923 798 3978 inhibemus.
834 3918 986 3977 Unde
1021 3922 1076 3976 in
1104 3932 1468 3989 sacramento,
1498 3939 1611 3994 quo
1639 3940 1779 3995 prm—

187 4016 391 4071 dictum
424 4013 668 4069 Azonem
700 4008 1152 4089 constrinximus,
1188 4014 1260 4068 ita
1296 4014 1441 4070 cauti
1464 4013 1691 4081 fuimus,
1719 4024 1780 4071 ut

189 4125 312 4167 cum
349 4106 570 4163 licentia
606 4117 817 4172 nostra,
848 4105 892 4160 si
922 4106 1165 4163 rationes
1191 4115 1385 4162 vestra:
1418 4106 1625 4163 idoneae
1659 4104 1779 4162 fue-

189 4200 316 4265 rint,
340 4200 458 4271 ipse
479 4198 657 4271 possit
688 4213 812 4253 eam
840 4196 1098 4253 reducere
1126 4206 1289 4269 atque
1325 4198 1381 4252 in
1418 4214 1644 4255 uxorem
1675 4199 1776 4255 ba-

168 4348 175 4355 .
188 4294 332 4353 bere.

1877 385 2029 443 Unde
2072 389 2201 460 quia
2243 388 2484 444 Azonem
2527 389 2903 447 marchionem
2940 402 3282 451 sacramento
3321 409 3458 453 con-

1870 477 2215 547 strinximus,
2272 480 2478 535 nullam
2528 480 2785 554 deinceps
2835 483 2953 539 sine
2997 484 3214 541 licentia
3269 466 3459 542 nostra

1871 570 2177 626 maritalem
2201 579 2379 627 tecum
2412 574 2883 631 conversationem
2916 575 3139 644 habere,
3166 577 3264 632 tibi
3293 577 3460 633 etiam

1870 678 1937 718 ex
1966 669 2122 733 parte
2160 663 2302 717 beati
2338 662 2483 718 Petri
2518 666 2887 737 praecipimus,
2922 677 2981 724 ut
3019 685 3051 725 a
3082 670 3365 726 consortio
3406 679 3463 725 et

1871 755 2276 811 cohabitatione
2314 774 2413 812 sua
2448 758 2673 814 omnino
2716 768 2765 815 te
2805 759 3041 828 auferas,
3078 770 3132 816 et
3167 762 3235 818 de
3262 779 3461 835 perpe-

1871 854 2015 902 trata
2037 846 2325 919 iniquitate
2348 848 2423 904 ita
2443 850 2602 922 digne
2624 852 2910 921 pmniteas,
2937 862 3208 924 quatenus
3230 855 3462 927 gratiam

1873 936 1969 993 Dei
2015 940 2196 995 valeas
2230 956 2573 1012 recuperare,
2613 951 2668 998 et
2713 944 2847 998 tanti
2894 953 3115 1016 tamque
3157 945 3460 1017 turpissimi

1864 1030 2117 1107 incestus
2147 1031 2430 1089 infamiam
2460 1035 2752 1092 declinare.
2780 1036 2935 1104 Quod
2971 1038 3017 1093 si
3054 1036 3286 1095 fortasse
3318 1054 3461 1109 pra:-

1871 1121 2138 1192 judicium
2178 1134 2229 1179 te
2260 1124 2372 1197 pati
2397 1126 2700 1195 existimas,
2737 1136 2791 1184 et
2825 1129 3134 1202 testimonia
3171 1138 3333 1200 atque
3368 1145 3463 1186 sa-

1875 1224 2156 1271 cramenta
2186 1216 2252 1271 de
2274 1218 2747 1290 consanguinitate
2769 1230 2946 1277 vestra
2971 1219 3280 1292 improbare
3303 1235 3464 1291 posse

1876 1305 2125 1374 confidis,
2151 1307 2345 1364 damus
2380 1308 2476 1363 tibi
2502 1310 2835 1366 audientiam
2863 1312 2917 1366 in
2944 1311 3194 1383 proxima
3219 1309 3463 1367 Romana

1877 1398 2106 1472 synodo,
2148 1400 2260 1466 ubi,
2316 1398 2428 1455 Deo
2478 1402 2806 1467 auxiliante,
2857 1418 3033 1473 neque
3071 1402 3138 1456 ad
3182 1402 3465 1457 dexteram

1877 1505 2054 1560 neque
2081 1490 2149 1545 ad
2185 1490 2467 1546 sinistram
2504 1492 2559 1547 in
2594 1492 2943 1547 exsecutione
2968 1492 3195 1565 justitia'.
3221 1492 3464 1548 declina-

1876 1580 2081 1645 bimus,
2110 1580 2203 1635 sed
2226 1580 2372 1652 quod
2398 1581 2610 1652 justum
2641 1592 2725 1639 est
2755 1592 3078 1639 statuemus.

1050 1661 1292 1757 ngg
1316 1661 1771 1771 ξιῄξίηθιξηξεῶ
1805 1661 1848 1717 Β
1944 1670 2080 1727 Data
2114 1671 2302 1728 Romae
2326 1672 3221 1771 xvii-lini:Janua_i:ii,_indictione
3247 1691 3370 1733 xm.

2329 1762 2687 1837 ~EPISTOLA
2720 1764 2984 1822 XXXVII.

2332 1850 2398 1890 AD
2438 1852 2728 1891 UNIVEBSOS
2763 1853 3002 1892 FIDELES.

2467 1906 2650 1977 (Anno
2684 1907 2869 1979 1074.)

1875 1996 2226 2072 Hortatnred
2250 1998 2604 2072 defensionem
2627 1998 3079 2072 Christianorum,
3100 2002 3265 2072 quiin
3288 2010 3467 2056 transi

2002 2070 2226 2123 marinis
2251 2070 2492 2139 partibus
2517 2072 2583 2125 ab
2608 2071 2912 2142 infidelibus
2946 2070 3336 2143 premebantur.

1944 2160 2255 2217 Caesonius
2278 2162 2592 2233 episcopus,
2621 2179 2814 2219 servus
2835 2179 3118 2219 servorum
3146 2162 3263 2230 Dei,
3291 2162 3471 2218 omni-

1873 2251 1979 2307 bus
2011 2251 2262 2309 ﬁdelibus
2285 2251 2475 2306 Sancti
2517 2251 2687 2321 Petri,
2735 2253 2971 2311 maxime
3003 2251 3176 2328 [deest
3207 2250 3470 2324 maxime]

1874 2343 2319 2413 ultramontanis,
2369 2346 2601 2401 salutem
2623 2355 2679 2401 et
2721 2347 3081 2419 apostolicam
3130 2345 3471 2403 benedictio-

1874 2452 2002 2493 nem
2015 2477 2024 2492 .

1862 2580 1868 2585 .
1935 2530 2020 2586 Ad
2054 2546 2152 2588 vos
2179 2530 2296 2602 jam
2326 2534 2642 2604 pervenisse
2673 2535 2949 2597 credimus
2999 2550 3123 2605 quae
3157 2530 3231 2590 sit
3278 2537 3474 2588 nostra

1875 2624 2150 2692 voluntas,
2181 2633 2236 2680 et
2268 2625 2401 2696 quid
2432 2642 2501 2681 ex
2548 2635 2705 2697 parte
2752 2625 2938 2682 Sancti
2991 2625 3139 2683 Petri
3169 2624 3477 2681 dixerimus

1876 2712 2229 2789 [direximus]
2259 2717 2326 2773 de
2347 2718 2626 2787 adiutorio
2652 2717 2903 2774 faciendo
2928 2717 3192 2774 fratribus
3242 2715 3473 2783 nostris,

1876 2808 1970 2876 qui
2000 2808 2143 2863 ultra
2169 2824 2323 2864 mare
2346 2808 2402 2863 in
2442 2808 3051 2881 Constantinopolitano
3095 2809 3325 2879 imperio
3368 2806 3473 2861 ba-

1877 2898 2076 2965 bitant,
2106 2915 2249 2970 quos
2273 2899 2530 2956 diabolus
2552 2918 2649 2972 per
2672 2918 2731 2957 se
2773 2902 2954 2973 ipsum
2986 2918 3018 2956 a
3061 2901 3168 2957 [ide
3203 2898 3495 2955 catholica

1876 3000 2108 3048 conatur
2131 3001 2397 3058 avertere,
2442 3002 2498 3049 et
2551 3010 2650 3065 per
2682 2994 2928 3051 membra
2977 3010 3079 3050 sua
3131 3008 3243 3049 non
3295 2999 3477 3061 cessat

1872 3086 2117 3156 quotidie
2143 3087 2379 3158 pecudes
2399 3101 2631 3143 enecare
2644 3087 2959 3143 crudeliter.
2990 3086 3097 3143 Sed
3118 3086 3247 3157 quia
3271 3084 3477 3144 invidet

1872 3180 2036 3237 bonis
2067 3180 2380 3246 desideriis,
2416 3188 2612 3248 tentat,
2640 3181 2689 3237 si
2719 3188 2921 3252 potest,
2957 3195 3061 3236 nos
3098 3178 3364 3251 impedire
3407 3192 3476 3232 ne

1874 3270 1952 3326 illi
1986 3271 2162 3343 gratia
2193 3271 2380 3328 divina
2413 3272 2681 3344 largiente
2710 3268 3033 3339 liberentur,
3063 3280 3143 3328 et»
3163 3286 3267 3328 nos
3294 3270 3476 3343 dando

1872 3364 2090 3420 animas
2146 3372 2365 3421 nostras
2391 3380 2490 3436 pro
2541 3363 2808 3422 fratribus
2865 3364 3071 3441 nostris
3123 3379 3472 3421 coronemur.

1875 3452 2111 3510 Proinde
2143 3471 2208 3510 ex
2239 3464 2397 3526 parte
2441 3456 2588 3511 beati
2613 3456 2761 3512 Petri
2785 3471 3063 3527 rcgamus,
3114 3470 3402 3511 monemus
3422 3447 3481 3510 ει

1874 3542 2173 3601 invitamus
2198 3554 2259 3601 ut
2289 3563 2355 3602 eo
2380 3547 2566 3615 modo,
2588 3562 2751 3619 quem
2776 3548 3010 3618 portitor
3035 3548 3232 3602 borum
3256 3546 3475 3611 dixerit,

1876 3636 1944 3691 ad
1969 3653 2070 3693 nos
2099 3639 2322 3709 quidam
2366 3648 2612 3695 vestrum
2666 3641 2912 3707 veniant,
2961 3640 3055 3712 qui
3101 3639 3475 3695 Christianam

1868 3730 2037 3806 iidem
2070 3733 2235 3788 vultis
2271 3732 2584 3802 defendere,
2607 3741 2662 3791 et
2692 3734 2902 3792 caelesti
2936 3733 3051 3807 regi
3097 3732 3357 3801 militare,
3418 3724 3481 3788 ut

1877 3837 2005 3877 cum
2034 3822 2116 3878 eis
2148 3824 2291 3879 viam
2328 3823 2568 3895 (favente
2624 3824 2759 3896 Deo)
2800 3840 3174 3896 praeparemus
3216 3823 3479 3881 omnibus

1878 3914 1974 3985 qui
1996 3915 2274 3972 caelestem
2296 3916 2637 3974 nobilitatem
2661 3918 3004 3974 defendendo
3045 3934 3152 3989 per
3197 3934 3300 3975 nos
3334 3919 3479 3974 ultra

1879 4022 2031 4062 mare
2050 4005 2242 4062 volunt
2273 4009 2531 4074 transire,
2560 4017 2615 4067 et
2634 4010 2783 4080 quod
2825 4009 2923 4065 Dei
2967 4017 3097 4065 sunt
3120 4010 3238 4076 filii,
3272 4025 3383 4065 non
3407 4007 3479 4062 ti-

1879 4106 2032 4154 ment
2052 4098 2593 4169 ostendere.,ltaque,
2623 4098 2823 4155 fratres
2852 4099 3183 4165 charissimi,
3209 4107 3384 4155 estote
3408 4098 3478 4153 ad

1879 4190 2232 4262 pugnandum
2260 4188 2547 4245 fortissimi
2578 4204 2679 4260 pro
2714 4190 2874 4245 laude
2895 4190 2988 4245 illa
3041 4198 3098 4245 et
3119 4189 3315 4259 gloria,
3353 4204 3481 4259 quia

1880 4295 2044 4335 omne
2067 4278 2401 4335 desiderium
2427 4287 2706 4349 superant,
2731 4279 2827 4350 qui
2862 4279 3126 4335 hactenus
3170 4276 3342 4334 fortes
3363 4276 3485 4332 fui-

259 4386 390 4441 Data
426 4384 618 4441 Roma:
660 4384 877 4439 decimo
914 4372 1147 4454 septimo
1197 4381 1467 4440 Kalendas
1506 4382 1775 4453 Januarii,
1808 4362 1854 4419 D
1880 4371 1981 4429 δῐίε
2007 4385 2250 4444 Pugnare
2285 4386 2386 4442 Ρΐο
2417 4370 2583 4427 rebus
2603 4387 2744 4443 ίιιιιιε
2777 4388 2889 4429 11011
2921 4372 3154 4443 Potestis
3206 4369 3474 4433 detinere.

190 4480 482 4535 indictione
502 4479 719 4535 decima
752 4477 929 4532 tertia.

679 4588 1020 4646 EPISTOLA
1054 4588 1200 4644 XXX
1214 4589 1297 4647 VI.

590 4699 660 4737 AD
686 4696 1010 4740 COIITISSAI
1039 4698 1373 4738 IATBILDEI.

787 4773 966 4845 (Anno
1005 4772 1191 4846 1074.)

193 4867 437 4938 l’mcipit
475 4876 533 4921 nt
569 4884 603 4920 a
628 4866 897 4920 consortio
930 4864 1132 4939 Amnis
1160 4882 1217 4920 se
1241 4867 1484 4938 scjnngat
1510 4884 1529 4921 :
1561 4870 1701 4939 quod
1732 4872 1779 4925 si

255 4937 407 4992 illum
451 4954 623 5011 suum
670 4937 1119 5011 consanguineum
1166 4953 1426 5011 nonﬂesse
1468 4937 1690 5011 probare
1725 4959 1781 4997 se

255 5026 401 5078 posse
442 5007 714 5092 conﬁdat,
761 5007 814 5061 in
848 5007 1096 5080 proximo
1130 5009 1354 5063 concilio
1389 5028 1443 5064 se
1469 5007 1600 5081 'ejus
1654 5029 1782 5067 can-

257 5096 368 5135 ιιιιι
401 5088 768 5151 cogniturum.

258 5190 569 5248 Caesonius
599 5190 910 5262 episcopus,
947 5205 1146 5246 servus
1190 5206 1476 5247 servorum
1512 5189 1628 5260 Dei,
1667 5192 1780 5249 Mi-

199 5298 299 5316 .nn
315 5300 366 5316 ιιι
423 5286 662 5316 ,δι-ειη...
691 5292 739 5316 nl
764 5283 1123 5316 ηηΛτνοηιῖηηπη
1150 5284 1576 5316 ΙιηηΔιΙῖηιῖΛ-ιηνη

1883 4480 1985 4522 nec
2014 4464 2134 4521 sine
2156 4464 2346 4521 dolore
2368 4464 2669 4535 possidere.
2708 4464 2845 4522 Nam
2880 4482 2978 4538 per
3031 4472 3474 4525 momentaneum

1883 4556 1972 4629 (11
2014 4556 2162 4624 Cor.,
2192 4554 2266 4629 tv)
2312 4556 2556 4615 laborem
2599 4566 2863 4615 aeternam
2915 4556 3144 4627 potestis
3191 4552 3479 4625 acquirere

1881 4646 2208 4708 mercedem.
2262 4640 2619 4721 Omnipotens
2672 4648 2837 4717 D.us,
2888 4649 2984 4720 qui
3037 4662 3257 4703 omnem
3301 4646 3477 4717 legem

1882 4757 2041 4798 suam
2062 4742 2119 4797 in
2141 4751 2412 4815 praecepto
2437 4739 2775 4798 abbreviavit
2830 4736 3139 4804 cbaritatis,
3193 4737 3285 4791 dct
3323 4735 3480 4791 vobis

1882 4848 1941 4888 se
1979 4840 2094 4888 toto
2129 4834 2314 4902 corde,
2342 4841 2456 4889 tota
2503 4830 2707 4898 anima,
2744 4839 2856 4887 tota
2892 4828 3086 4884 virtute
3130 4828 3377 4900 diligere,
3421 4836 3483 4882 ut

1883 4925 2166 4999 proximos
2192 4935 2411 4983 vestros
2440 4925 2702 4980 sicutvos
2736 4916 2886 4994 ipsos
2921 4919 3214 4991 diligentes
3271 4935 3483 4997 merca-
3558 4980 3559 4983 η

1882 5018 2041 5087 mini,
2069 5018 2115 5075 si
2141 5016 2465 5089 oportuerit,
2489 5030 2587 5086 pro
2609 5014 2693 5070 eis
2716 5017 2931 5072 animas
2986 5022 3201 5071 vestras
3259 5027 3481 5086 ponere.

1954 5108 2091 5165 Data
2123 5108 2310 5167 Roma:
2336 5126 2448 5165 xvn
2482 5106 2599 5161 Kal.
2624 5105 2898 5176 Januarii,
2928 5105 3231 5162 indictione
3256 5122 3374 5161 xm.
3464 5176 3469 5181 ἡ

2344 5196 2678 5255 EPISTOLA
2717 5195 2992 5257 XXXVIII

2010 5288 2071 5316 An
2114 5286 2363 5316 ιγιιιξιιτινει
2403 5285 2660 5316 ΓΠὶΙῐΤΙῖΜ-
2706 5289 2776 5316 l-‘T
2815 5292 2862 5316 ΓΙ
2882 5284 3031 5316 PRIT“
3068 5282 3362 5316 FIRIIAKITM.
