3982 5316
187 148 310 205 593

1234 145 1434 203 LIBER
1474 137 1859 205 SECUNDUS.
1893 176 1965 190 —
2002 144 2218 207 EPIST.
2259 150 2446 209 XLIV.

3367 146 3470 226 sit

183 262 544 333 praesentiam
577 262 844 330 exhiberi,
875 261 1130 317 misimus
1154 262 1220 317 ad
1247 278 1346 318 vos
1382 254 1612 320 dilectos
1647 279 1779 319 san-
1808 263 1855 320 Α
1881 263 2101 331 sentiat,
2132 281 2234 322 nec
2270 267 2324 322 in
2355 268 2592 341 aliquem
2617 281 2860 330 vestrum
2909 274 3090 348 aliqua
3138 279 3477 352 suspicimus

185 367 293 411 cla:
349 350 617 412 Romanae
657 354 916 414 Ecclesiae
949 355 1113 422 filios,
1158 355 1406 411 videlicet
1451 355 1786 427 Gepizonem

185 447 514 520 [Geizonem
537 456 589 501 et
623 449 703 501 sic
736 445 951 521 ubique]
981 448 1232 502 abbatem
1268 446 1458 503 Sancti
1495 444 1786 517 Bonifacii,

182 550 241 593 et
271 538 531 594 Maurum
565 539 821 596 abbatem
850 539 1039 595 Sancti
1063 540 1278 607 Sabbaz,
1306 556 1403 612 per
1432 557 1578 612 quos
1604 550 1661 596 et
1685 557 1790 599 no-

190 638 312 686 stra
348 630 507 686 vobis
536 641 958 702 repraesentetur
1008 634 1328 700 auctoritas,
1361 642 1415 688 et
1457 642 1649 690 nostra
1668 634 1790 691 vico

182 737 251 775 ca
279 738 409 792 qum
437 722 507 777 ad
537 724 832 780 utilitatem
863 735 1066 781 sancta:
1081 724 1339 782 Ecclesia
1365 725 1641 796 pertinent
1661 742 1787 781 cum

182 809 285 869 Dei
315 815 594 885 adiutorio
616 817 861 873 studiosa
887 819 1274 888 procuratione
1298 827 1647 889 peragantur.
1676 816 1790 876 Vos

182 905 361 977 igitur
375 923 655 965 memores
678 908 850 965 divini
880 927 977 981 per
993 908 1347 982 Evangelium
1375 910 1504 967 dicti
1539 930 1552 966 :
1581 911 1685 978 Qui
1702 928 1789 968 vos

183 1000 373 1067 audit,
409 1017 494 1055 me
526 1002 719 1067 audit;
745 1011 797 1057 et
824 1005 915 1074 qui
945 1020 1033 1057 vos
1060 1004 1282 1073 spernit,
1306 1021 1387 1058 me
1417 1006 1616 1075 spernit
1632 1003 1784 1077 (Luc.

182 1090 246 1169 ᾳ)
266 1095 428 1157 ;'eos,
453 1093 601 1149 sicut
628 1095 697 1150 de
718 1103 906 1151 nostra
931 1095 1194 1162 amicitia,
1224 1095 1335 1152 imo
1358 1097 1425 1151 de
1446 1098 1619 1169 gratia
1651 1095 1791 1152 Sam-

182 1165 263 1236 cti
296 1182 446 1239 Petri
469 1187 634 1257 cujus
659 1188 839 1243 nuntii
877 1197 1025 1256 sunt,
1083 1206 1271 1245 curam
1320 1165 1556 1259 habetis,
1605 1191 1790 1248 debita

184 1288 317 1328 cum
346 1277 706 1334 veneratione
731 1287 784 1335 et
806 1282 1072 1338 charitate
1100 1283 1414 1353 recipiatis;
1443 1291 1509 1356 et
1527 1283 1582 1337 in
1613 1283 1791 1339 omni-

188 1355 296 1419 bus
305 1382 430 1448 quae
440 1369 526 1423 vel
539 1385 708 1426 causa
723 1372 1010 1443 legationis
1023 1391 1236 1444 eorum,
1256 1378 1342 1432 vel
1353 1355 1689 1448 fatigationis
1702 1394 1794 1433 ne-

185 1446 423 1514 cessitas
453 1464 836 1531 postulaverit,
850 1466 1061 1522 ﬁdelem
1076 1468 1182 1525 illis
1198 1446 1567 1525 obedientiam
1578 1478 1634 1526 et
1657 1487 1792 1527 con-

187 1561 414 1604 sensum
442 1555 755 1622 praebeatis.
774 1555 1040 1614 Praeterea
1069 1560 1117 1616 si
1140 1562 1429 1632 contigerit
1444 1578 1553 1646 eos.
1567 1579 1631 1618 ex
1646 1579 1792 1646 ‘con;

188 1640 431 1699 sidente
449 1654 507 1700 et
530 1652 860 1719 competenti
884 1654 1210 1711 necessitate
1232 1640 1578 1727 negotiorum
1601 1640 1790 1724 dividi,

191 1740 251 1786 et
274 1737 579 1805 separatim
608 1737 665 1794 in
690 1741 934 1799 diversas
956 1755 1140 1815 partes
1162 1734 1461 1818 proficisci,
1496 1751 1565 1806 ad
1620 1765 1792 1821 quos-

190 1842 411 1898 cunque
454 1831 600 1887 alter
653 1849 844 1891 eorum
878 1840 1111 1908 venerit,
1147 1858 1274 1898 eum
1301 1843 1446 1899 sicut
1475 1860 1578 1901 nos
1604 1847 1796 1903 audia-

191 1922 281 1987 tis,
306 1931 363 1977 et
384 1925 543 1994 quod
577 1936 780 1983 nostra:
803 1931 1075 1990 deberetis
1096 1938 1401 2005 praesentiae
1434 1940 1492 1995 in
1512 1957 1578 1998 eo
1605 1952 1794 2001 osten-

189 2012 386 2070 dereet
412 2018 649 2088 exsequi
667 2035 777 2074 non
805 2022 1085 2081 dubitetis.

256 2104 394 2162 Data
442 2107 657 2178 Romae,
699 2123 897 2184 quarto
946 2115 1133 2172 Nonas
1179 2118 1450 2191 Januarii,
1495 2123 1794 2185 indictione

191 2194 401 2255 decima
428 2201 618 2270 tertia,
645 2220 794 2260 anno
814 2205 1024 2265 Christi
1053 2211 1212 2268 l075.

752 2296 1089 2356 EPISTOLA
1126 2302 1263 2360 XLI.

551 2402 620 2441 ω
660 2404 1005 2449 FERETRANOS
1030 2410 1100 2449 Ετ
1124 2411 1434 2455 ευευιιιηοε.

791 2484 975 2556 (Auno
1012 2486 1199 2562 1075.)

194 2552 560 2639 Signiﬁcatu
592 2552 810 2653 togatos
841 2595 905 2632 ea
941 2580 1029 2653 de
1057 2552 1223 2637 causa
1279 2584 1503 2653 misisse,
1564 2598 1621 2642 ut
1667 2589 1792 2645 dent

255 2652 476 2731 ciperem
504 2653 561 2731 ut
582 2645 999 2731 idoneuspastor
1014 2652 1070 2705 in
1088 2668 1267 2731 eorum
1292 2645 1529 2712 Ecclesia
1540 2659 1787 2731 eligatur.

262 2710 444 2766 Monet
472 2723 531 2766 ut
554 2715 629 2769 eis
656 2710 1013 2774 obedientiam
1047 2723 1342 2780 exhibeant.

260 2800 578 2863 CBECOMUS
606 2809 919 2882 episcopus,
949 2830 1140 2872 servus
1172 2833 1459 2876 servorum
1480 2820 1610 2889 'Jel,
1644 2808 1790 2880 clero

193 2901 246 2946 et
265 2894 471 2986 popu‘lo
493 2897 812 2971 Feretrano,
836 2914 998 2977 atque
1013 2908 1159 2964 clero
1187 2920 1242 2965 et
1262 2913 1463 2983 populo
1478 2912 1786 2986 Eugubino,

200 2985 433 3042 salutem
474 2998 529 3045 et
550 2995 911 3062 apostolicam
937 2992 1392 3060 benedictionem.
1573 2985 1580 2986 ﬁ
1740 3084 1747 3089 ,

269 3074 352 3133 Ex
377 3097 492 3152 quo
525 3080 826 3144 Ecclesiam
854 3100 1094 3171 vestram
1127 3105 1345 3165 pastore
1374 3098 1651 3157 viduatam
1668 3084 1799 3160 esse

195 3173 581 3245 cognovimus,
616 3181 789 3236 multa
807 3196 905 3254 pro
930 3185 1086 3243 vobis
1111 3190 1481 3249 sollicitudine
1505 3195 1653 3250 anxii
1684 3195 1797 3253 fui-

198 3279 343 3334 mus,
377 3276 434 3323 et
460 3284 783 3353 quanquam
808 3277 979 3333 multa
1015 3288 1067 3335 et
1091 3283 1275 3353 gravia
1303 3302 1404 3343 nos
1431 3291 1649 3361 negotia
1707 3304 1802 3367 oc-

198 3370 422 3429 cupent,
455 3360 727 3422 ea'tamen
757 3384 890 3425 cura
920 3370 1171 3443 qualiter
1197 3374 1381 3434 divina
1424 3360 1801 3440 miSericordia

197 3450 427 3524 dignum
460 3458 618 3514 vobis
644 3471 854 3530 patrem
882 3467 1164 3536 provideat
1197 3481 1388 3529 nostro
1438 3476 1591 3530 cordi
1643 3478 1801 3534 inde-

168 3546 448 3611 sinenter
479 3552 743 3623 adhaeret,
780 3566 945 3630 atque
979 3574 1045 3618 eo
1067 3565 1243 3637 magis
1280 3567 1381 3622 hac
1406 3568 1473 3624 de
1490 3584 1655 3627 causa
1685 3576 1800 3630 sol-

197 3636 500 3710 licitamur,
527 3654 582 3700 et
606 3650 868 3707 attentius
903 3651 1017 3709 Deo
1045 3636 1235 3725 preces
1277 3657 1631 3730 eﬂundimus,
1663 3681 1803 3736 quo.

199 3733 347 3788 niam
381 3735 441 3789 in
477 3740 768 3797 retroactis
784 3736 1134 3817 temporibus
1187 3765 1295 3806 non
1350 3762 1435 3808 sat
1482 3733 1801 3827 vigilantem

199 3823 354 3880 vobis
376 3837 656 3896 pastorem
692 3834 979 3903 praefuisse
1004 3843 1409 3913 eosnoscimus.
1456 3823 1803 3919 Quapropter

205 3914 467 3975 misimus
493 3920 561 3976 ad
582 3939 680 3980 vos
694 3925 797 3982 hos
821 3929 1105 4001 religiosos
1129 3943 1332 3991 sanctaa
1348 3935 1609 3995 Romanae
1624 3938 1805 4010 Eccle,

202 4006 303 4063 size
324 4009 495 4101 filios,
526 4014 781 4074 videlicet
815 4023 1065 4081 abbatem
1100 4027 1286 4088 Sancti
1308 4022 1533 4101 ’Sabbaa,
1555 4044 1610 4090 et
1629 4006 1800 4095 abba;

204 4107 311 4155 tem
338 4100 858 4182 SanctiBonifac-ii,
872 4117 988 4173 utsi
1003 4116 1144 4175 forte
1160 4122 1212 4177 in
1230 4121 1474 4181 Ecclesia
1486 4136 1663 4183 vestra
1678 4129 1802 4185 talis

203 4204 461 4291 persona,
494 4192 617 4269 qua!
641 4201 773 4260 huic
802 4196 1053 4279 regimini
1080 4222 1321 4287 congrua
1344 4217 1435 4285 sit,
1474 4219 1796 4291 reperiatur,

204 4283 497 4403 diligenter
517 4292 818 4367 inquirant,
839 4310 894 4357 et
920 4317 1063 4373 eam,
1089 4283 1231 4365 sicut
1245 4283 1470 4384 dignum
1488 4283 1592 4382 est,
1616 4325 1797 4403 vestra
1831 4329 1876 4383 D

206 4378 473 4438 electione
510 4387 876 4471 collaudatam
918 4406 974 4452 et
1012 4403 1281 4458 canonico
1307 4378 1797 4479 decreto-proba-

208 4478 340 4540 tam,
367 4476 529 4557 nobis
559 4481 627 4535 ad
666 4482 1057 4546 ordinandum
1084 4497 1416 4580 quantocius
1469 4476 1799 4583 prasentare

210 4568 481 4624 studeant.
512 4568 614 4626 Sin
636 4591 771 4632 vero
797 4577 940 4636 inter
957 4597 1057 4641 vos
1087 4586 1212 4642 talis
1244 4568 1487 4660 reperiri
1506 4576 1616 4648 non
1671 4610 1799 4666 pos-

211 4658 300 4727 sit,
321 4663 425 4734 ipsi
459 4682 589 4738 cum
623 4671 776 4749 omni
810 4672 1089 4749 diligentia
1117 4687 1171 4734 et
1193 4658 1558 4741 sollicitudine
1580 4658 1799 4752 aliunde

213 4753 463 4825 aliquem,
499 4761 597 4832 qui
620 4763 781 4820 vobis
804 4768 1106 4823 secundum
1141 4770 1311 4850 Qeum
1335 4789 1570 4844 praeesse
1602 4778 1797 4849 possit,

215 4841 453 4907 invenire
477 4865 799 4925 procurent,
824 4866 879 4914 et
900 4860 971 4914 ad
1026 4842 1432 4936 suscipiendam
1474 4869 1800 4943 episcopalis

216 4938 368 4996 oiiicii
403 4946 811 5007 ordinationem
836 4953 904 5008 ad
932 4969 1036 5011 nos
1063 4955 1180 5013 sine
1214 4977 1369 5017 mora
1402 4966 1795 5029 transmittant.

218 5028 321 5090 Vos
340 5036 508 5107 igitur
532 5039 591 5095 in
620 5043 876 5117 omnibus
901 5046 984 5102 eis
1014 5049 1217 5108 credite
1231 5062 1285 5108 et
1304 5036 1539 5122 obedite,
1566 5028 1798 5116 scientes

217 5138 305 5181 eos
331 5127 382 5182 in
410 5131 514 5187 hac
545 5147 627 5199 re,
656 5138 1001 5193 custodiente
1026 5138 1156 5210 Deo,
1203 5145 1339 5202 nihil
1399 5148 1509 5203 nisi
1559 5163 1797 5209 vestram

218 5219 517 5280 saiutem-et
537 5225 797 5286 Ecclesia:
824 5239 1023 5288 vestrae
1044 5220 1303 5294 honorem
1330 5241 1626 5300 attendere.
1652 5228 1798 5301 Prte-

1889 353 2113 411 infamia
2142 359 2322 415 cadat.

1960 446 2094 505 Data
2119 448 2326 519 80mm,
2350 463 2547 524 quarto
2567 453 2753 514 Nonas
2774 457 3041 528 Januarii,
3065 462 3363 524 indictione
3383 467 3478 525 des

1887 539 2030 596 cima
2058 543 2239 598 tertia.

2406 631 2746 694 EPISTOLA
2790 639 2839 693 ’Χ
2849 638 2954 697 ιιι.

2038 740 2105 781 ιι)
2136 739 2444 783 cumnam!
2475 744 2925 787 ancursrxscopcu
2951 747 3327 797 animum.

2485 820 2669 888 (Anno
2697 822 2881 896 1075.)

1889 904 1974 959 Ad
1998 898 2257 978 synodum
2283 919 2432 965 vocat
2456 912 2511 965 in
2526 914 3230 1039 ἵζῖὶτὲιᾶῑὲῃρκαάναςεεὶηια
3254 939 3318 977 ex
3340 932 3481 980 more

1880 1054 1905 1121 .’
1965 1065 2276 1127 Gaeoonms
2310 1073 2622 1144 episcopus,
2660 1086 2853 1133 serVus
2879 1093 3163 1138 servorum
3209 1083 3325 1153 Dei,
3350 1087 3483 1143 Gutu-

1891 1173 2068 1215 ιιειιτο
2094 1160 2395 1220 Ravennati
2419 1167 2854 1240 archiepiscopo,
2880 1172 3112 1228 salutem
3130 1184 3194 1247 et
3254 1172 3479 1248 aposto-

1890 1249 2056 1306 licam
2093 1252 2548 1313 benedictionem.

1961 1343 2162 1400 Coram
2184 1348 2361 1406 oculis
2388 1349 2577 1417 habes,
2610 1348 2781 1407 frater
2831 1352 3179 1423 charissime,
3229 1365 3287 1413 et
3324 1361 3485 1430 quasi

1890 1435 2115 1506 palpare
2144 1441 2399 1496 manibus
2423 1451 2578 1512 potes
2613 1443 2978 1500 miserabilem
3006 1458 3211 1505 sanctae
3231 1450 3487 1508 Ecclesia:

1893 1525 2383 1601 perturbationem,
2412 1542 2467 1591 et
2495 1535 2611 1604 jam
2642 1537 2919 1607 perlonga
2947 1546 3193 1609 tempora
3227 1540 3485 1599 inimico-

1826 1616 1870 1672 B
1896 1632 2020 1679 rum
2050 1630 2106 1680 et
2129 1624 2579 1697 impugnatorum
2609 1628 2730 1697 ejus
2775 1629 3110 1686 insensatam
3163 1643 3219 1689 et
3257 1637 3486 1692 omnino

1894 1713 2274 1772 irrefrenatam
2290 1719 2790 1789 praesumptionem.
2809 1720 3012 1777 Contra
3036 1736 3195 1794 quos,
3220 1729 3485 1797 quoniam

1895 1821 1997 1863 nos
2024 1806 2118 1878 qui
2140 1809 2197 1863 in
2230 1817 2434 1866 sortem
2464 1810 2756 1867 ministerii
2778 1813 3152 1882 sacerdotalis,
3176 1825 3231 1872 et
3254 1826 3486 1889 regnum

1893 1887 1991 1954 Dei
2018 1900 2176 1956 electi
2235 1917 2450 1970 sumus,
2494 1905 2644 1959 omni
2681 1914 2813 1960 cura
2854 1914 2909 1962 et
2953 1909 3133 1963 studio
3186 1922 3412 1983 surgere
3431 1923 3485 1969 et

1892 2005 2137 2062 pugnare
2159 1996 2433 2060 convenit,
2461 1994 2605 2051 sicut
2642 1996 2757 2067 jam
2802 2013 2900 2068 per
2948 2001 3156 2071 aliquot
3207 2010 3383 2059 annos
3427 2006 3487 2061 in

1893 2084 2192 2153 apostolica
2215 2086 2343 2141 sede
2368 2085 2487 2141 fieri
2513 2088 2800 2145 consuevit
2836 2091 2892 2145 in
2934 2093 3111 2162 prima
3142 2095 3487 2153 hebdomada

1892 2169 2340 2247 Quadragcsimte
2365 2177 2658 2250 synodum,
2702 2180 2816 2237 Deo
2857 2192 3154 2253 annuente,
3204 2188 3487 2245 celebrare

1893 2261 2270 2335 disposuimus
2294 2287 2308 2323 :
2346 2268 2416 2324 ad
2440 2281 2608 2341 quam
2640 2270 3036 2330 fraternitatem
3060 2285 3209 2333 tuam
3237 2280 3488 2352 singula-

1892 2353 1942 2410 ri
1964 2357 2356 2443 admonitione,
2385 2369 2440 2417 et
2464 2363 2637 2419 multo
2661 2364 2947 2423 charitatis
2972 2369 3158 2437 aﬁatu,
3184 2372 3489 2443 postposita

1892 2450 2041 2503 omni
2065 2442 2411 2522 negligentia,
2437 2456 2623 2511 venire
2650 2444 2910 2528 rogamus
2936 2470 2990 2515 et
3006 2442 3325 2531 invitamus,
3349 2480 3488 2536 qua-

1892 2555 2054 2615 tenus
2087 2552 2181 2598 tua
2205 2545 2547 2616 aliorumque
2576 2548 2810 2606 fratrum
2854 2563 3168 2610 nostrorum
3206 2556 3488 2614 annitente

1891 2636 2202 2704 prudentia,
2223 2646 2278 2693 et
2288 2638 2558 2710 spirituali
2572 2651 2680 2697 tam
2703 2642 3021 2701 fortitudine
3035 2663 3201 2717 quam
3214 2651 3487 2720 sapientia

1891 2728 2045 2801 impii
2078 2745 2109 2784 a
2139 2731 2256 2786 suis
2286 2733 2573 2790 conatibus
2610 2732 2924 2804 arceantur,
2968 2746 3021 2794 et
3056 2739 3369 2799 Christiana
3402 2748 3487 2799 res

1891 2818 2024 2892 ligio
2046 2821 2102 2875 in
2126 2836 2189 2877 ea
2215 2839 2325 2894 qua
2359 2824 2598 2895 primum
2623 2824 2847 2883 fundata
2869 2838 2953 2885 est
2974 2825 3223 2888 libertate
3268 2843 3325 2890 et
3354 2849 3488 2906 pace

1894 2912 2202 2968 roboretur.

1965 3005 2098 3061 Data
2120 3006 2329 3075 Romae,
2365 3010 2606 3067 secundo
2640 3008 2830 3069 Nonas
2868 3013 3145 3084 Januarii,
3192 3017 3487 3078 indictione

1896 3096 2109 3154 decima
2141 3101 2319 3157 tertia.

2404 3183 2744 3274 cristata
2798 3214 2985 3307 XLlll.

2206 3322 2274 3363 ΔΙ)
2315 3325 2563 3367 ιιυςοκειι
2601 3329 2831 3369 DIENSEM
2866 3330 3173 3375 EPISCOPUI.

2229 3410 2241 3419 '
2502 3401 2684 3473 (Anno
2712 3403 2897 3479 1075.)
2992 3418 2995 3421 ’

1905 3484 1990 3568 Ut_
2007 3488 2231 3562 recipiat
2255 3511 2288 3547 a
2320 3495 2549 3568 subditis
2571 3513 2633 3550 ea
2655 3513 2772 3568 qua:
2800 3497 3053 3557 Ecclesia:
3099 3504 3371 3563 restituere
3395 3526 3489 3564 eoo

1969 3559 2321 3641 tangensque
2341 3565 2601 3635 absolvat,
2627 3559 2734 3638 fi'de
2754 3579 2970 3641 accepta
3011 3574 3081 3627 ad
3107 3559 3365 3641 sartoriam
3398 3559 3488 3636 ἰτέα
3578 3622 3582 3628 ι

1972 3633 2173 3688 niendi.

1970 3720 2282 3781 (insecutus
2310 3727 2620 3799 episcopus,
2656 3740 2851 3787 servus
2881 3747 3167 3791 servorum
3204 3736 3297 3795 Dei
3326 3782 3340 3806 ,
3373 3739 3486 3796 lius

1901 3825 2045 3878 com,
2075 3812 2130 3867 in
2156 3813 2469 3885 Burgundia
2495 3815 2676 3873 Diensi
2707 3819 2987 3893 episcopo,
3022 3825 3251 3882 salutem
3274 3838 3328 3884 et
3347 3847 3487 3901 apo‘

1902 3902 2153 3959 stolicam
2188 3905 2643 3963 benedictionem

1960 3989 2195 4049 Videtur
2223 3995 2385 4053 nobis
2408 4004 2473 4052 ut
2496 3998 2643 4067 quod
2665 3999 2765 4056 ﬁlii
2805 4000 3065 4062 Ecclesiae
3095 4015 3202 4064 tuae
3229 4010 3298 4064 de
3320 4011 3487 4069 rebus

1899 4084 2284 4171 ecclesiasticis
2327 4089 2519 4153 volunt
2578 4089 2678 4146 tibi
2708 4093 2934 4149 reddere
2975 4098 3226 4168 recipias,
3274 4116 3487 4175 eosque

1901 4176 2151 4233 absolvas
2182 4168 2282 4233 tau
2314 4188 2524 4249 tenore,
2581 4190 2644 4238 ut
2685 4183 2812 4241 data
2845 4186 2950 4243 Me
2989 4191 3212 4259 quidam
3263 4168 3483 4253 tuorum

1901 4269 2221 4338 promittant
2244 4279 2427 4327 tecum
2460 4272 2648 4330 venire
2676 4276 2747 4331 ad
2769 4293 2881 4334 nos
2897 4276 3156 4349 Romam,
3184 4281 3434 4342 videlicet
3463 4329 3479 4355 ,

1901 4359 2013 4417 Deo
2060 4370 2308 4431 auctore,
2363 4365 2433 4421 ad
2473 4368 2747 4439 synodum
2793 4371 3217 4444 celebrandam,
3275 4387 3343 4433 ut
3376 4379 3488 4437 ilic

1896 4452 2477 4522 quodnobis.ratum
2518 4457 2701 4515 visum
2744 4460 2911 4517 fuerit
2936 4466 3228 4536 peragant.
3290 4467 3486 4528 Melius

1892 4536 2234 4601 enirn'nobis
2261 4546 2441 4617 placet
2479 4549 2541 4605 ut
2582 4556 2685 4621 pro
2732 4552 2934 4623 pietate
2967 4553 3241 4614 interdum
3292 4576 3486 4632 reple-ﬁ

1897 4632 2179 4702 hendaris,
2201 4652 2368 4708 quam
2396 4641 2695 4710 pronimia
2733 4643 3022 4701 severitate
3057 4646 3115 4703 in
3144 4650 3336 4707 odium
3376 4651 3484 4709 Ec-

1843 4752 1849 4756 -
1896 4726 2078 4786 desire
2126 4736 2235 4786 tua
2273 4733 2483 4787 venias.
2529 4731 2708 4790 Debes
2740 4732 2958 4806 quidem
3001 4738 3146 4797 ﬁlios
3185 4748 3315 4800 tuos
3353 4746 3484 4815 quia

1896 4822 2065 4878 rudes
2089 4828 2219 4877 sunt
2235 4830 2291 4877 et
2314 4822 2518 4878 indocti
2533 4826 2885 4896 conspicere,
2915 4833 2971 4881 et
2988 4828 3063 4884 ad
3090 4833 3319 4890 meliora
3334 4848 3471 4904 pan-

1898 4908 2051 4965 latim
2086 4924 2408 4979 provocare,
2438 4911 2568 4981 quia
2598 4927 2768 4972 nemo
2814 4920 3138 4987 repented“
3190 4939 3444 4982 summus
3469 4965 3484 4990 ,

1895 5009 1954 5055 et
1972 5003 2084 5056 atta
2116 5001 2344 5057 nidiﬁcia
2375 5002 2637 5073 paulatim
2674 5008 3035 5065 aediﬁcantur.
3424 5030 3434 5039 ι

1967 5089 2104 5148 Data
2132 5087 2339 5159 Rom,
2385 5090 2558 5147 Nonis
2606 5092 2882 5171 Januarii,
2932 5102 3230 5167 indictione
3274 5106 3485 5165 decima

1897 5182 2077 5237 εει-εἰη.
2610 5230 2613 5233 ‹
3026 5244 3035 5251 ,
3076 5220 3081 5225 ν

2405 5266 2679 5316 Rpm'rm
2711 5283 2740 5316 Α
2787 5278 2859 5316 γι
2881 5280 2949 5316 tv
3054 5306 3063 5316 ν,
