3982 5316
564 342 673 403 395

1204 341 1265 396 S.
1305 341 1641 398 GREGORllv
1672 344 1761 400 Vll
1795 345 2001 403 PAPJE
2028 343 2122 400 ΟΡ

2236 340 2536 401 ΒΜῬΑΒΞ
2569 340 2610 395 l.
2644 371 2717 403 ,-τ-
2756 337 3181 399 REGISTRUM.

3720 345 3851 403 395

568 462 573 467 ’
638 469 784 537 ruunt
802 472 1053 537 secutum
1082 475 1202 530 qum
1221 459 1291 513 ad
1310 460 1429 530 ejus
1444 458 1693 537 nationem
1712 469 1763 514 et
1788 459 2015 516 salutem
2033 474 2145 530 per—
2172 461 2218 519 Δ
2246 457 2353 521 tius
2381 456 2610 513 extollit.
2635 454 2715 509 Illi
2758 454 2907 509 enim
2929 470 3026 509 sua
3063 455 3386 537 humilitate
3403 466 3682 528 teguntur,
3733 462 3839 515 ists

538 534 543 539 ⁷
638 535 805 587 tinent
833 531 1052 585 libenter
1072 538 1379 583 curaturum
1404 531 1611 586 asserit.

636 646 944 700 GBEGOBIUS
974 642 1285 713 episcopus,
1328 658 1523 698 servus
1562 654 1847 699 servarum
1898 642 2013 710 Dei,
2046 642 2145 699 ιιι-ο

562 741 695 792 prin
733 732 882 807 (369)
907 733 1288 804 Hungarorum
1321 734 1542 805 reginae,
1576 735 1817 791 salutem
1840 744 1895 789 et
1923 742 2146 805 aposto-

565 826 726 881 licam
758 822 1214 879 benedictionem.

633 913 813 970 Multae
848 913 1164 971 acdiversa:
1211 929 1395 970 causa:
1442 919 1591 981 sunt,
1628 923 1852 985 propter
1891 929 2030 985 quas
2061 915 2147 971 in-

559 1007 697 1060 timo
727 1015 781 1061 et
802 1006 1016 1061 sincero
1040 1005 1223 1062 cordis
1252 1004 1448 1061 affectu
1494 1014 1548 1060 te
1586 1006 1881 1078 diligimus.
1935 1005 2141 1075 Primo,

558 1099 821 1170 quoniam
847 1113 917 1154 ex
946 1097 1363 1154 universalitate
1384 1098 1624 1168 suscepti
1658 1098 1941 1170 rcgiminis
1963 1098 2144 1155 omni-

558 1190 661 1245 bus
681 1189 775 1260 qui
810 1189 865 1242 in
891 1187 1113 1244 Christo
1166 1196 1296 1243 sunt
1356 1187 1633 1243 debitores
1680 1203 1892 1243 sumus.
1940 1185 2144 1244 Deinde

546 1282 820 1353 quoniam
834 1279 1188 1336 clarissimus
1206 1280 1505 1350 imperator
1536 1279 1802 1337 Henricus
1822 1289 1976 1351 pater
1991 1289 2138 1348 tuus,

556 1382 612 1429 et
637 1374 819 1445 Agnes
853 1383 1152 1432 mater-tua
1170 1374 1287 1445 jam
1310 1391 1458 1431 nunc
1484 1390 1595 1430 non
1648 1375 1990 1441 humanitus,
2045 1375 2141 1433 sed

560 1463 654 1519 Dei
677 1464 1054 1522 misericordia
1110 1466 1328 1523 coalitus
1384 1465 1702 1537 imperatrix
1753 1465 2022 1536 Augusta,
2071 1479 2140 1522 ex

552 1572 667 1628 quo
698 1573 787 1614 me
831 1567 1228 1631 cognoverunt,
1254 1573 1365 1630 pro
1405 1574 1503 1615 sua
1535 1558 1910 1630 magnitudine
1959 1558 2139 1613 bono-

556 1649 708 1705 riflce
730 1658 786 1706 et
807 1667 921 1721 pra:
939 1651 1154 1708 ceteris
1180 1660 1387 1708 sancta:
1420 1650 1684 1709 Romana:
1706 1648 1963 1707 Ecclesiae
2011 1650 2138 1707 filiis

536 1740 876 1798 eharitative
896 1742 1227 1811 habuerunt,
1250 1751 1307 1799 et
1334 1742 1571 1799 maxime
1610 1743 1739 1813 quia
1773 1758 1920 1799 nunc
1945 1742 2135 1800 eadem

2249 563 2377 604 vero
2397 547 2580 603 innata
2615 546 2718 602 sibi
2742 545 3061 602 celsitudine
3092 548 3417 619 produntur.
3465 548 3578 622 Age
3610 567 3743 623 ergo
3767 560 3845 607 ut

2247 639 2503 697 omnibus
2524 654 2647 709 quae
2678 653 2904 708 regnum
2932 635 3036 691 fert
3055 643 3108 691 et
3129 637 3419 708 imperium
3446 646 3598 695 tanto
3649 651 3702 696 te
3732 659 3841 697 cx—

2246 722 2611 787 ccllenliorem
2640 729 2918 794 ostendas,
2942 738 3149 800 quanto
3179 737 3241 785 ea‘
3274 731 3457 785 omnia
3497 734 3702 787 mutari
3729 724 3835 787 co-

2245 814 2483 893 guescis.
2523 812 2696 876 Tuam
2719 835 2850 874 vero
2874 829 3125 874 naturam
3154 822 3209 875 et
3255 816 3537 891 imperiale
3577 839 3833 894 germen,

2242 912 2391 985 quod
2415 919 2467 967 te
2509 923 2613 978 est,
2639 910 2803 966 nullis
2825 913 3171 967 successibus
3208 914 3446 991 nullisve
3475 915 3832 971 adversitati-

2244 1005 2346 1061 bus
2372 1006 2571 1060 mutari
2634 1021 2796 1076 posse
2838 996 3131 1077 proponas.
3170 1004 3245 1060 De
3295 1015 3494 1063 caetero
3522 1007 3672 1080 quod
3710 1000 3834 1065 nos

2244 1105 2471 1151 matrem
2500 1104 2646 1151 tuam
2681 1098 2747 1152 de
2769 1113 2932 1151 causa
2959 1105 3050 1152 tua
3085 1098 3413 1169 compellare
3463 1100 3692 1171 rogasti,
3725 1117 3835 1172 pro

2243 1198 2392 1244 certo
2422 1189 2586 1257 scias,
2615 1205 2715 1244 nos
2746 1190 2929 1245 omnia
2955 1205 3077 1261 qua:
3114 1189 3181 1245 ad
3207 1190 3471 1246 honorem
3518 1200 3573 1247 et
3595 1193 3828 1248 salutem

2208 1276 2217 1361 γ’
2243 1287 2391 1335 tuam
2424 1280 2698 1352 pertinent
2717 1290 2771 1334 ct
2798 1281 3134 1336 consulendo
3178 1282 3408 1338 libenter
3440 1284 3490 1339 ei
3526 1284 3783 1341 intimare
3805 1328 3825 1352 ,

2240 1377 2296 1427 et
2315 1371 2690 1442 persuadendo
2721 1381 2781 1426 ut
2817 1372 2949 1427 [iant
2998 1374 3297 1444 apoStoliea
3336 1375 3573 1447 benigne
3604 1376 3826 1448 adjuto-

2241 1461 2321 1517 ria
2353 1463 2626 1519 exhibere.
2659 1462 2803 1519 Deus
2833 1472 3013 1520 autem
3058 1465 3402 1536 omnipotens
3427 1466 3523 1536 qui
3568 1476 3656 1523 est
3684 1484 3823 1524 moe-

2239 1559 2451 1608 storum
2477 1552 2802 1619 consolatio,
2831 1552 3223 1608 inﬁrmantium
3263 1550 3823 1629 fortitudo,'pra:sen-

2240 1654 2348 1701 tem
2382 1645 2540 1703 vobis
2570 1644 2812 1702 laetitiam
2847 1645 2957 1700 cito
3009 1644 3276 1713 conferat,
3326 1654 3381 1701 et
3427 1663 3616 1703 veram
3665 1660 3823 1705 aeter-

2238 1756 2475 1811 namque
2509 1740 2736 1811 gloriam
2774 1755 3025 1809 superna:
3048 1738 3322 1795 felicitatis
3347 1739 3573 1795 tribuat.

552 1838 729 1886 mater
754 1839 815 1888 et
841 1831 1062 1889 domina
1098 1808 1221 1898 tua,
1240 1832 1559 1903 postpositis
1609 1808 1966 1888 saecularibus
2001 1846 2137 1887 cau-
2171 1808 2214 1864 Β
2308 1808 2443 1886 Data
2479 1808 2686 1899 llomm,
2718 1808 2917 1901 quarto
2945 1827 3073 1886 ldus
3106 1827 3373 1900 Januarii,
3399 1829 3702 1887 indictione
3726 1830 3820 1886 de-

544 1922 626 1981 sis
648 1931 706 1979 et
733 1923 1060 1990 honoribus,
1084 1924 1462 1995 apostolorum
1478 1924 1683 1981 limina
1706 1933 1819 1981 tota
1847 1924 2137 1981 devotione

542 2024 604 2073 et
625 2016 980 2073 veneratione
1011 2016 1423 2086 complectitur:
1452 2031 1523 2071 ex
1556 2015 1719 2087 cujus
1738 2014 1970 2086 quidem
1999 2031 2137 2086 pra:-

542 2106 723 2162 sentia
769 2106 912 2164 inter
957 2106 1123 2177 hujus
1176 2106 1365 2169 saeculi
1415 2121 1653 2176 nequam
1676 2106 2136 2178 .perturbationcs

547 2212 694 2268 smne
746 2199 907 2255 nobis
949 2206 1169 2268 accepta
1212 2198 1407 2255 solatia
1444 2196 1822 2254 conferuntur.
1858 2197 2133 2257 Praeterea

548 2289 783 2351 Inuitum
805 2298 858 2344 te
878 2288 1229 2349 commendat
1258 2287 1535 2344 nobis-tua
1558 2288 1835 2360 .prteclara
1857 2298 1911 2344 et
1932 2288 2133 2363 inclyta

546 2377 712 2446 (siina,
749 2378 897 2449 quod
911 2378 973 2434 in
1011 2386 1129 2447 tam
1166 2387 1354 2437 tenera
1393 2385 1552 2433 tetate
1604 2377 1747 2433 inter
1793 2393 2044 2449 asperam
2079 2388 2135 2435 et

496 2520 501 2525 .
543 2470 879 2542 incognitam
923 2480 1140 2543 gentem
1194 2469 1411 2542 generis
1443 2469 1522 2524 tui
1555 2469 1784 2543 gloriam
1817 2470 2086 2527 decorasti
2115 2490 2129 2527 :

512 2564 745 2635 .quippe
764 2578 893 2635 quae
912 2564 967 2621 in
996 2563 1215 2623 excelso
1250 2570 1379 2621 nata
1403 2562 1635 2635 imperio
1666 2564 1805 2620 nihil
1838 2564 1892 2619 in
1916 2563 2132 2622 actibus

539 2665 595 2710 et
626 2657 680 2711 in
714 2658 1032 2713 habitudine
1063 2665 1156 2713 tua
1183 2656 1290 2729 nisi
1320 2657 1491 2715 decus
1540 2657 1819 2728 imperiale
1864 2659 2131 2716 hactenus

539 2749 947 2806 demonstrasti.
978 2747 1096 2816 llis,
1148 2748 1396 2819 inquam,
1428 2749 1496 2805 de
1538 2749 1722 2806 causis
1755 2765 1877 2817 nos,
1929 2751 2129 2821 quibus

539 2838 725 2897 fallere
754 2857 1086 2913 quemquam
1117 2837 1273 2896 nefas
1302 2849 1407 2907 est,
1434 2839 1490 2895 in
1517 2840 1639 2897 loco
1670 2856 1945 2912 germana:
1966 2857 2128 2897 soro-

526 2932 615 3003 ris
649 2942 699 2989 te
725 2933 1021 3005 diligimus,
1057 2940 1130 3000 et,
1169 2933 1216 2989 si
1254 2931 1387 3004 quid
1419 2934 1699 2990 orationes
1733 2943 1935 2991 nostra:
1985 2935 2126 3005 apud

492 3070 509 3093 ς
538 3024 705 3097 Deum
738 3026 940 3093 valent,
964 3041 1074 3081 non
1097 3023 1490 3081 infructuosam
1515 3041 1643 3099 erga
1690 3033 1743 3085 te
1762 3034 2005 3081 nostram
2039 3023 2126 3081 fo-

537 3118 920 3175 reamicitiam
944 3118 1001 3173 in
1025 3117 1121 3174 Dei
1147 3118 1349 3189 pietate
1376 3108 1723 3174 conﬁdimus.
1758 3114 1913 3189 Scias
1956 3118 2118 3173 etiam
2147 3157 2190 3215 ϐ

497 3232 500 3239 ν
532 3212 681 3283 quod
714 3213 782 3269 de
816 3213 1262 3270 tribulationibus
1283 3222 1338 3268 et
1363 3213 1651 3284 angustiis,
1690 3229 1831 3284 quas
1870 3222 1924 3269 te
1947 3214 2118 3270 susti-

534 3321 663 3360 nere
687 3306 1065 3376 cognovimus,
1102 3306 1257 3361 valde
1307 3305 1575 3369 dolemus,
1630 3313 1685 3360 et
1736 3305 1983 3373 divinam
2010 3307 2120 3362 cle-

535 3394 795 3449 mentiam
822 3410 926 3465 pro
956 3395 1137 3466 quiete
1160 3404 1214 3449 ct
1234 3393 1419 3450 laetitia
1442 3403 1537 3449 tua
1568 3393 1882 3466 frequenter
1912 3405 1968 3452 et
1990 3413 2120 3469 sup-

533 3485 748 3557 pliciter
772 3484 1151 3557 imploramtts.
1190 3483 1258 3543 Et
1283 3485 1329 3541 si
1355 3484 1575 3556 quando
1599 3485 1753 3541 locus
1780 3496 1875 3543 aut
1905 3496 2118 3559 tempus

532 3572 996 3648 Opportunitatem
1019 3572 1249 3645 dederit,
1278 3577 1670 3648 temporalibus
1692 3595 1911 3651 quoque
1938 3580 2118 3636 subsi-

531 3668 712 3725 diis‘c
749 3670 1022 3725 honorare
1055 3668 1463 3740 quammaxime
1516 3670 1789 3742 cupimus.
1846 3669 2114 3727 Caeterum

482 3814 487 3823 ,
531 3775 597 3816 ea
623 3776 747 3833 qua:
777 3777 925 3818 nunc
965 3761 1063 3817 tibi
1117 3762 1285 3817 instat
1333 3758 1637 3819 adversitas
1668 3778 1778 3818 non
1811 3772 1863 3818 te
1886 3772 2113 3830 terreat,

482 3838 485 3841 ⁷
533 3866 635 3906 nec
676 3860 915 3907 mentem
963 3861 1069 3907 tua:
1118 3853 1501 3923 generositatis
1550 3852 1854 3923 deprimat;
1902 3856 2017 3922 sed,
2067 3857 2114 3912 si

478 3932 483 3949 λ
529 3941 662 4012 quid
704 3951 962 3999 maestum
1019 3951 1115 3998 aut
1172 3944 1671 4016 grave'ingruerit,
1718 3945 1869 3999 vultu
1914 3947 2115 4017 regalis

529 4036 850 4096 constantia:
873 4045 1137 4110 gestuque
1183 4036 1466 4094 dissimula
1492 4080 1507 4102 ,
1544 4046 1598 4092 et
1646 4037 1905 4093 molestas
1928 4081 1942 4105 ,
1975 4055 2114 4110 quas

531 4124 676 4185 Deus
700 4136 927 4195 avertat,
952 4143 1148 4185 causas
1180 4128 1412 4184 naturali
1448 4142 1664 4184 morum
1689 4138 1913 4184 tuorum
1936 4128 2111 4184 virtu-

531 4218 583 4275 te
608 4221 879 4293 patienter
920 4220 1111 4277 tolera.
1164 4220 1447 4278 Fiduciam
1474 4230 1529 4278 et
1549 4237 1701 4293 spem
1758 4223 1971 4278 ﬁrmam
2010 4223 2111 4279 ha-

468 4314 475 4317 ’
528 4312 664 4389 hens
722 4310 787 4389 in;
823 4308 936 4368 Deo
989 4313 1269 4367 Salvatorc
1304 4320 1523 4377 nostro,
1547 4311 1807 4383 quoniam
1843 4311 1944 4382 ipsi
1976 4327 2110 4367 cura

495 4396 513 4411 ’“
527 4411 611 4457 est
635 4402 702 4457 de
722 4410 798 4469 te,
826 4403 920 4474 qui
948 4416 1227 4473 nunquam
1274 4401 1606 4472 derelinquit
1636 4394 1919 4472 sperantes
1971 4403 2027 4457 in
2050 4419 2111 4458 se

2236 1922 2381 1980 cima
2406 1922 2587 1978 tertia.

2764 2033 3101 2091 EPISTOLA
3126 2034 3269 2090 XLV
3285 2070 3314 2109 ..

2234 2146 2302 2188 AD
2334 2144 2651 2188 ιιοῡυιιιιιιτιι
2688 2143 2912 2193 ευεγιιε,
2960 2145 3030 2183 ετ
3087 2143 3474 2182 θεητιιυωιιιωι
3538 2143 3818 2185 (ἈΒΙΣΕΪΛ-

2838 2214 2966 2265 nun,
3020 2214 3204 2252 avens.

2824 2294 3005 2366 (Anno
3045 2290 3225 2363 1075.)

2234 2404 2510 2461 Invehitur
2560 2405 2618 2458 in
2664 2404 2963 2474 episcopos,
3004 2400 3117 2474 qui»
3146 2397 3498 2474 iuobedientes
3549 2416 3706 2474 erant
3737 2410 3816 2474 _tu

2296 2476 2634 2547 exsequendis
2661 2467 3144 2547 apostoliaesedis
3170 2470 3390 2547 decretis
3439 2469 3504 2523 de
3541 2467 3817 2524 Simonia-

2297 2541 2445 2601 eiset
2481 2541 2787 2617 fornicatjis
2810 2543 3063 2617 clericis:
3103 2557 3266 2617 quare
3312 2541 3469 2617 (luces
3515 2550 3691 2594 nwnet
3734 2550 3814 2605 ut,

2300 2612 2632 2689 quoscunque
2687 2614 3016 2689 Simoniaeos
3066 2612 3164 2689 aut
3194 2612 3511 2689 fornicari“
3558 2627 3815 2689 cogitem-

2303 2681 2434 2755 rint,
2462 2681 2763 2741 nullatenus
2795 2685 3049 2755 recipiant
3072 2698 3091 2736 :
3121 2681 3457 2755 Bodulphum
3509 2698 3630 2737 vero
3679 2682 3812 2755 lior-

2304 2752 2471 2839 tntur,
2497 2767 2551 2811 ut
2573 2759 2801 2839 pretium
2823 2752 2962 2839 quod
2988 2754 3358 2839 beneﬁciorum
3405 2768 3570 2805 causa
3592 2769 3624 2805 a
3650 2752 3814 2805 deri-

2294 2830 2373 2884 eis
2403 2838 2677 2900 acceperat
2707 2829 2761 2881 in
2785 2829 2899 2897 pios
2934 2840 3060 2879 usus
3082 2832 3275 2895 eroget.

2299 2922 2609 2979 Caesonius
2635 2920 2945 2992 episcopus,
2981 2933 3174 2973 servus
3212 2930 3497 2971 servorum
3526 2914 3648 2981 Dei,
3699 2913 3813 2969 Ro-

2226 3029 2431 3071 nucrno
2482 3012 2631 3085 duci
2660 3010 2892 3077 Suevize,
2923 3018 3087 3079 atque
3137 3005 3431 3076 Bertnlplio
3482 3002 3633 3079 (570)
3682 3005 3811 3060 duci

2226 3108 2568 3177 Carentano,
2603 3105 2834 3165 salutem
2863 3112 2917 3158 et
2957 3099 3310 3171 apostolicam
3348 3097 3806 3153 benedictionem.

2294 3197 2511 3253 Scimus
2545 3195 2806 3267 quoniam
2842 3193 3130 3269 prudentia
3189 3199 3370 3248 vestra
3431 3188 3806 3245 miserabilem

2218 3293 2544 3353 Christiana!
2571 3283 2851 3365 religionis
2872 3289 3261 3346 desolationem
3291 3276 3596 3357 perspicaci
3656 3299 3808 3339 men-

2220 3398 2274 3445 te
2296 3386 2595 3459 perpendit,
2622 3401 2744 3457 qua:
2779 3399 2877 3454 pro
2923 3381 3161 3453 peccatis
3197 3379 3403 3434 nostris
3457 3378 3512 3431 in
3541 3392 3607 3432 ea
3656 3391 3805 3430 nunc

2216 3468 2559 3536 extremitate
2578 3487 2666 3534 est
2694 3476 2892 3549 posita,
2931 3484 2990 3530 ut
3024 3472 3329 3530 infeliciora
3362 3480 3613 3541 tempora
3644 3486 3805 3551 nemo

2217 3571 2511 3628 viventium
2537 3569 2746 3635 viderit,
2788 3583 2887 3622 nec
2908 3582 2939 3621 a
2962 3575 3208 3637 tempore
3236 3564 3377 3618 beati
3415 3558 3673 3618 Silvestri
3703 3561 3805 3616 Pa-

2217 3664 2318 3720 tris
2345 3661 2517 3727 nostri
2544 3661 2747 3735 scriptu
2757 3675 2939 3715 rarum
2960 3656 3251 3713 traditione
3275 3656 3558 3727 repererit.
3597 3654 3803 3710 Verum

2216 3753 2381 3825 hujus
2405 3752 2542 3810 tanti
2564 3751 2691 3808 mali
2727 3766 2828 3806 nos
2855 3757 3021 3820 caput
3044 3752 3099 3803 et
3125 3763 3291 3803 causa
3331 3763 3528 3802 sumus
3554 3789 3570 3814 ,
3610 3749 3708 3818 qui
3734 3744 3800 3800 ad

2216 3845 2512 3917 regendum
2539 3843 2797 3916 populum
2829 3840 3056 3912 prtelati,
3084 3850 3139 3895 et
3160 3855 3257 3910 pro
3283 3838 3567 3894 lucrandis
3590 3841 3801 3895 anima-

2214 3936 2318 3991 bus
2339 3933 2578 4005 episcopi
2608 3931 2786 3987 vocati
2813 3940 2867 3986 et
2897 3928 3181 3986 constituti
3228 3944 3438 3984 sumus.
3466 3927 3559 4005 Ah
3609 3943 3799 3983 eorum

2216 4043 2452 4099 namque
2494 4024 2911 4097 principatibus,
2956 4021 3106 4076 velut
3152 4038 3183 4075 a
3237 4019 3569 4091 quihusdam
3630 4020 3799 4076 initiis

2213 4118 2558 4175 subditorum
2587 4116 2728 4172 bona
2752 4115 2835 4170 vel
2864 4114 3006 4169 mala
3025 4112 3274 4177 veniunt,
3300 4108 3415 4180 qui,
3446 4119 3544 4165 aut
3572 4110 3800 4166 munda-

2212 4226 2313 4266 nas
2330 4209 2652 4281 dignitates,
2686 4215 2781 4262 aut
2814 4205 3189 4277 magisterium
3214 4202 3496 4274 spirituale
3536 4204 3799 4273 suscepe-

2212 4311 2359 4370 runt,
2387 4303 2482 4374 qui
2510 4301 2640 4357 dum
2670 4299 2804 4355 nihil
2834 4299 2983 4354 aliud
3008 4296 3114 4352 nisi
3144 4295 3372 4369 gloriam
3410 4302 3464 4350 et
3486 4295 3795 4366 voluptates

2211 4395 2395 4453 saeculi
2415 4401 2690 4466 quaerunt,
2724 4392 2842 4448 sine
2868 4407 2966 4446 sua
2989 4395 3043 4445 et
3064 4387 3247 4459 papnli
3277 4384 3609 4442 confusione
3655 4387 3791 4441 vive-

528 4481 763 4564 (Iudith.
799 4495 921 4566 xm)
950 4511 963 4548 :
994 4494 1049 4549 et
1072 4502 1278 4564 quanto
1306 4504 1454 4549 nunc
1502 4493 1747 4547 animum
1776 4501 1939 4547 tuum
1959 4493 2111 4548 solli-
2141 4503 2187 4563 Ῑ)
2212 4504 2271 4543 re
2296 4493 2610 4558 nequeunt;
2658 4480 2917 4555 quoniam
2946 4481 2999 4534 in
3043 4475 3345 4533 malefactis
3372 4490 3540 4547 prava
3578 4485 3786 4566 sectan-

525 4584 864 4643 citudinibus
898 4564 1172 4640 verberari
1199 4581 1331 4637 sinit
1352 4581 1607 4637 acerbius
1632 4623 1646 4647 ,
1701 4590 2021 4637 tameeum.
2041 4599 2109 4637 ex
2212 4588 2292 4635 tes
2306 4576 2596 4643 desideria,
2623 4584 2678 4630 et
2705 4588 2815 4629 suae
2838 4570 3180 4627 auctoritatis
3202 4567 3327 4639 jura
3350 4582 3449 4638 per
3471 4566 3694 4637 culpam
3722 4564 3783 4619 li-

525 4677 702 4732 vicina
726 4685 781 4731 et
811 4675 1023 4746 potenti
1059 4672 1260 4728 virtute
1290 4672 1689 4728 consolationis
1713 4686 1829 4727 suae
1869 4672 2110 4728 laetifica-

527 4766 606 4821 Iiit
629 4764 869 4822 uberius.
897 4764 1015 4838 ipse
1044 4764 1191 4820 enim
1221 4761 1359 4818 nihil
1379 4762 1501 4818 sine
1532 4776 1702 4819 causa
1734 4761 2000 4833 praecipit,
2022 4761 2110 4817 ni-

526 4858 601 4912 hil
631 4858 750 4912 sine
788 4857 1006 4912 ratione
1047 4854 1331 4927 pemiittit,
1374 4856 1470 4927 qui
1516 4870 1707 4927 regum
1726 4862 1784 4910 et
1811 4854 2107 4925 imperato-

523 4964 649 5003 rum
670 4948 1025 5018 omniumque
1045 4960 1339 5002 causarum
1378 4960 1572 5017 aequus
1604 4945 1810 5001 arbiter
1834 4953 1897 5000 et
1915 4944 2105 5001 mode-

524 5048 676 5097 rator
695 5037 899 5093 existit.
936 5037 1132 5093 Verum
1164 5037 1303 5092 inter
1323 5036 1510 5092 omnia
1542 5043 1599 5091 te
1626 5035 1680 5090 id
1698 5082 1703 5087 .
1720 5050 1881 5105 agere
1900 5042 1956 5090 et
1984 5042 2105 5091 stu-

521 5131 650 5186 dere
678 5139 988 5189 monemus,
1015 5136 1074 5181 ut
1101 5128 1426 5196 praclarum
1477 5140 1677 5181 nomen
1713 5124 1841 5181 vita:
1862 5140 1928 5181 ac
1948 5122 2107 5181 nobi-

436 5236 445 5245 ι
498 5216 1169 5270 ’Μώιὲυεεεξ
1193 5228 1356 5272 aetate
1406 5226 1630 5274 nactum
1665 5218 1720 5272 in
1764 5217 1882 5273 dies
1908 5214 2105 5285 ampli-

2210 4677 2358 4741 gant,
2382 4677 2435 4725 et
2456 4668 2578 4723 aliis
2597 4663 2855 4738 peccandi
2882 4670 2978 4734 per
2993 4660 3302 4730 exemplum
3333 4658 3488 4712 frena
3518 4659 3785 4712 relaxant.

2207 4759 2394 4833 Neque
2431 4760 2581 4816 enim
2624 4773 2720 4828 per
2745 4753 3108 4827 ignorantiam
3151 4759 3246 4805 aut
3280 4749 3571 4821 improvidi
3611 4748 3785 4805 delin-

2207 4862 2402 4926 quunt,
2429 4851 2523 4909 sed
2545 4856 2978 4921 praesumptuosa
3000 4843 3369 4901 obstinatione
3396 4839 3632 4913 Spiritui
3665 4856 3786 4897 san-

2206 4955 2296 5005 cto
2324 4944 2657 5008 resistentes,
2674 4940 2885 4995 divinas
2904 4954 3042 5010 quas
3079 4942 3454 5009 cognoverunt
3477 4933 3630 5006 leges
3647 4933 3785 5004 abji-

2206 5039 2386 5101 ciunt,
2444 5043 2499 5091 et
2549 5031 2863 5104 apostolica
2902 5030 3119 5086 decreta
3165 5034 3545 5084 contemnunt.
3595 5022 3786 5081 Sciunt

2205 5143 2441 5199 namque
2461 5123 2853 5194 archiepisc0pi
2875 5131 2929 5178 et
2948 5119 3188 5192 episc0pi
3215 5127 3376 5175 terra:
3397 5126 3618 5184 vestrm,
3640 5116 3783 5188 quod

2204 5230 2257 5276 et
2294 5220 2549 5274 omnibus
2564 5215 2814 5271 ﬁdelibus
2840 5223 3029 5269 notum
3058 5226 3182 5267 esse
3232 5211 3410 5277 debet,
3437 5210 3704 5280 quoniam
3729 5210 3779 5264 in
