3982 5316
527 343 635 414 399'

1254 346 1708 412 (innocuum
1746 355 1948 414 raras
1978 352 2261 414 OPERUM
2299 357 2480 416 rans
2515 359 2553 414 ι.
2591 391 2656 400 -η
2699 348 3117 418 REGISTRUM.

3667 369 3774 430 490

485 455 488 459 ’
527 479 650 526 nem
675 487 705 528 a
732 463 890 528 nubis
909 471 1124 544 publice
1147 462 1702 539 excommunicatum,
1731 480 1787 527 et
1827 487 1857 526 a
1884 487 2095 543 praapo-
2123 477 2169 536 Α
2193 488 2315 532 cum
2349 473 2497 545 (571)
2519 470 2863 532 Cluniacensi
2892 477 3093 544 abbati,
3137 473 3367 534 salutem
3411 490 3470 535 ct
3512 483 3742 552 apostoli
3761 512 3774 520 -

525 564 698 618 situra
727 574 781 618 et
813 563 1088 620 claustrali
1133 563 1518 618 communione
1555 563 1792 634 dejieiat,
1835 565 2098 620 alterum-

523 649 632 728 que
653 648 772 710 loco
790 655 909 726 ejus
933 654 1231 710 secundum
1259 653 1429 710 Deum
1459 655 1772 712 substituat.
1809 656 1917 714 Vos
1943 673 2093 728 ergo,

523 747 863 802 dilectissimi
901 745 1016 812 lilii,
1058 745 1105 801 si
1148 743 1320 800 Deum
1346 745 1512 802 vultis
1541 746 1742 803 habere
1761 744 2054 819 propitium
2075 791 2092 819 ,

523 845 880 909 sanctumque
924 837 1144 894 Petrum
1191 839 1428 909 peccatis‘
1484 839 1682 896 reatris
1733 839 1874 896 ferre
1909 841 2113 897 subsi-

522 931 696 996 dium,
733 937 919 986 caVete
943 929 1171 988 omnino
1201 946 1271 986 ne
1303 929 1529 1002 praefato
1559 933 1830 1006 sacrilego
1856 933 2093 992 Guidoni

520 1016 740 1093 aliquod
777 1029 966 1077 contra
990 1021 1162 1078 Deum
1185 1032 1546 1098 nostrumque
1569 1024 1840 1096 judicium
1864 1027 1931 1082 ad
1955 1027 2091 1083 reti-

519 1115 752 1172 nendam
779 1109 1215 1187 praiposituram,
1241 1117 1323 1172 vel
1345 1114 1563 1188 aliquod
1595 1118 1664 1174 de
1689 1119 1852 1177 rebus
1879 1117 2092 1178 Sancta:

517 1205 783 1262 Mustiolae
805 1209 1090 1278 praebentis
1111 1209 1375 1264 auxilium
1403 1210 1518 1266 sive
1543 1211 1854 1267 consilium.
1892 1205 2089 1270 Procul

516 1297 686 1353 dubio
739 1299 908 1368 enim,
951 1299 997 1355 si
1053 1300 1222 1372 (quod
1261 1301 1406 1356 absit
1432 1293 1465 1357 a
1489 1311 1679 1358 vestra
1723 1297 2086 1376 nobilitate!)

517 1391 769 1446 auxiliari
805 1391 907 1447 sibi
936 1407 1266 1464 quocunque
1300 1397 1464 1448 modo
1509 1396 1843 1451 teutaveritis
1867 1437 1882 1462 ,
1922 1402 1978 1453 ct
2021 1411 2087 1454 ea

516 1495 640 1554 qtae
665 1485 912 1542 debonis
961 1485 1204 1542 ecclesiae
1253 1487 1448 1545 amicis
1481 1489 1598 1546 suis
1625 1489 1774 1546 dedit
1810 1506 1909 1562 pro
1957 1493 2088 1550 reti-

517 1571 694 1630 nenda
725 1577 1086 1646 praepositum
1099 1578 1336 1634 “retineri
1355 1579 1613 1647 feceritis,
1637 1583 2088 1640 excommunica-

519 1664 684 1721 ti'onis
701 1666 822 1736 ejus
831 1667 1127 1738 participes
1143 1670 1317 1725 eritis.
1333 1669 1554 1739 Sivero,
1578 1672 1806 1730 utdecet
1816 1672 2088 1730 Christia-

517 1770 622 1812 nos
648 1755 816 1824 viros,
831 1771 1052 1828 operam
1063 1761 1351 1818 studebitis
1365 1761 1496 1817 dare
1511 1803 1524 1829 ,
1544 1776 1612 1818 eo
1631 1763 1863 1834 expulso
1875 1805 1892 1832 ,
1909 1767 2084 1821 eccle-

516 1847 654 1902 siam
667 1847 760 1904 Dei
777 1857 1116 1922 matremque
1129 1851 1322 1926 utique
1334 1863 1570 1910 vestram
1580 1851 1651 1910 ad
1664 1855 1958 1926 pristinum
1967 1866 2084 1914 sta-

514 1948 630 1994 tum
653 1953 933 2008 revocare,
951 1941 1094 1998 inter
1113 1953 1332 2001 sanctos
1356 1945 1452 2001 Dei
1473 1946 1528 2001 in
1545 1962 1786 2018 superno
1809 1964 1980 2020 regno
1997 1951 2084 2006 in-

513 2033 920 2102 corruptibilem
944 2035 1292 2105 possidebitis
1304 2038 1692 2107 hereditatem,
1707 2041 1884 2113 adepti
1901 2058 2090 2113 pecca-

514 2135 698 2180 torum
718 2125 1108 2198 indulgentiam
1123 2144 1222 2199 per
1241 2129 1570 2186 inelfabilem
1593 2130 1689 2187 Dei
1713 2133 2082 2192 clementiam.

519 2254 526 2259 .
589 2213 718 2272 Data
739 2217 945 2286 Romae,
976 2218 1160 2276 Idibus
1175 2219 1441 2292 Ianuarii,
1467 2223 1580 2279 ind.
1609 2240 1728 2282 sui.

995 2310 1330 2369 EPISTOLA
1367 2313 1600 2374 xum.
1827 2376 1842 2390 ,

820 2419 886 2456 ΑΙ)
917 2417 1183 2476 σενιτιωι,
1202 2422 1270 2460 ΕΤ
1299 2422 1518 2462 κλυιιυι
1546 2423 1802 2465 ΑΒΒΔτεε.

1099 2495 1278 2567 (Anno
1313 2496 1493 2569 1075.)

515 2578 584 2636 Ut
617 2593 859 2639 maneant
915 2586 1194 2655 quemdam
1221 2587 1616 2711 fratricidam,
1663 2589 1752 2660 qui
1799 2597 1919 2644 ante
1967 2605 2086 2660 per-

579 2663 755 2708 actam
788 2657 1150 2711 pauitantia»:
1185 2675 1215 2711 a
1243 2659 1350 2711 iant
1379 2675 1590 2711 uxorem
1618 2661 1957 2711 contendebat
1984 2660 2086 2711 du-

579 2663 755 2708 actam
788 2657 1150 2725 paenitentiam
1185 2657 1350 2712 aliam
1379 2675 1590 2714 uxorem
1618 2657 2086 2714 co'ulendebat'du-

579 2741 710 2790 cere,
747 2741 810 2802 ne
840 2727 896 2780 id
929 2727 1138 2802 faciat;
1173 2729 1264 2784 sed
1293 2730 1576 2784 auditurus
1604 2746 1720 2802 qua:
1747 2747 1866 2786 sum.
1891 2731 2082 2785 salutis

577 2804 698 2848 sunt
722 2796 794 2850 ad
821 2813 875 2850 se
907 2798 1098 2862 veniat.
1571 2833 1576 2840 -

571 2883 886 2966 'Gnecouws
906 2887 1214 2959 cpiscopus,
1242 2905 1434 2948 servus
1457 2905 1738 2948 servorum
1769 2891 1886 2959 Dei,
1924 2889 2084 2948 Gert-

504 2991 600 3036 .τιο
625 2977 806 3034 abbati
834 2975 1018 3036 Sancti
1054 2978 1340 3050 Bonifacii,
1374 2989 1430 3038 et
1448 2979 1644 3038 Manno
1667 2981 1851 3038 abbati
1897 2980 2081 3038 Sancti

505 3065 720 3134 Gabba,
744 3067 976 3124 salutem
1007 3078 1062 3125 et
1083 3073 1440 3141 apostolicam
1467 3073 1922 3130 benedictionem.

571 3156 775 3215 Notum
801 3160 954 3216 vobis
976 3170 1062 3216 est
1089 3162 1236 3233 quod
1261 3161 1552 3221 Rainerius
1575 3205 1590 3232 ,
1615 3161 1874 3236 Ugizonis
1899 3180 2080 3236 quon-
2108 3171 2150 3231 c

501 3248 628 3320 dam
651 3249 817 3316 filius,
843 3250 1112 3306 diabolico
1139 3251 1401 3308 instinctu
1424 3251 1648 3309 fratrem
1669 3270 1832 3312 suum
1860 3252 2082 3311 interfe-

502 3341 595 3406 cit;
623 3340 764 3395 unde
785 3341 964 3412 dignae
987 3343 1320 3412 pten'tcntize
1344 3344 1588 3401 nondum
1613 3361 1672 3402 se
1697 3346 1957 3414 subdidit,
1977 3362 2080 3404 nec

502 3430 740 3501 perfecte
769 3434 1046 3503 pcenituit;
1091 3436 1186 3490 sed
1233 3435 1520 3493 immemor
1549 3439 1686 3494 tanti
1725 3438 1987 3498 facinoris
2025 3451 2080 3498 ct

500 3521 885 3591 promissionis
928 3523 1308 3582 defensionum
1345 3529 1838 3588 ecclesiasticarum
1865 3575 1880 3602 ,
1913 3550 2080 3606 quam

498 3613 558 3671 in
581 3614 930 3686 suscipiendo
951 3613 1131 3677 ﬁctam
1161 3619 1536 3690 ptenitentiam
1573 3621 1702 3680 fecit
1724 3666 1742 3693 ,
1776 3607 1990 3682 necnon
2025 3636 2080 3685 et

498 3719 804 3776 pauperum
824 3707 1056 3777 Christi,
1076 3710 1274 3773 anima”:
1291 3727 1406 3770 suae
1427 3713 1661 3772 salutem
1683 3715 1944 3772 oblivioni
1967 3727 2078 3774 tra-

499 3794 655 3864 dens,
679 3793 842 3851 aliam
866 3798 1049 3854 studet
1073 3814 1298 3857 uxorem
1331 3803 1550 3860 ducere.
1579 3803 1813 3878 Ideoque
1839 3815 2077 3868 vestram

500 3881 895 3966 fraternitatem
926 3888 1216 3946 sollicitam
1235 3907 1360 3948 esse
1381 3893 1634 3963 volumus
1661 3905 1932 3966 quatenus
1951 3915 2075 3956 eum

499 3975 836 4034 conveniatis
870 3988 928 4034 et
950 3977 1126 4038 modis
1161 3984 1362 4054 quibus
1387 3987 1636 4057 potestis,
1679 3971 1830 4043 illum
1853 4005 2077 4047 monea-

499 4067 840 4126 tis'dulciter
861 4080 918 4127 et
945 4089 1156 4145 aspere,
1183 4087 1448 4148 quantum
1477 4094 1615 4152 opus
1645 4079 1808 4137 fuerit
1835 4093 1890 4138 et
1924 4084 2075 4142 vobis

497 4161 870 4216 necessarium
893 4163 1183 4234 videbitur,
1211 4177 1272 4222 ut
1296 4169 1446 4224 nullo
1471 4171 1634 4227 modo
1657 4171 1709 4228 id
1735 4170 1913 4230 facere
1937 4190 2076 4246 pra:-

495 4258 698 4332 sumat,
727 4253 818 4308 sed
853 4267 955 4309 nos
984 4254 1144 4312 adeat
1181 4257 1248 4312 ad
1277 4257 1606 4316 audiendum
1633 4276 1697 4316 ea
1719 4277 1842 4332 qua:
1863 4263 1966 4318 sibi
2007 4265 2074 4322 de

494 4330 669 4398 salute
701 4359 802 4400 sua
821 4345 1002 4402 dicere
1033 4347 1311 4406 debemus.
1339 4341 1396 4406 Si
1421 4351 1559 4408 forte
1583 4330 1752 4425 (quod
1782 4369 1892 4410 non
1919 4364 2075 4426 opta-

492 4430 639 4504 mus)
683 4448 783 4489 vos
823 4435 1014 4492 audire
1053 4445 1108 4492 et
1151 4439 1310 4496 nobis
1351 4439 1572 4499 obedire
1601 4444 1874 4513 renuerit,
1921 4445 2073 4501 omni

489 4515 656 4602 modo
679 4533 890 4579 certum
917 4523 1066 4580 illum
1091 4529 1295 4584 reddite
1317 4533 1460 4602 quod
1479 4549 1602 4602 nos,
1627 4531 1739 4590 Deo
1759 4535 2068 4607 adjuvante,
2099 4517 2148 4578 Ι)

491 4613 755 4686 quidquid
792 4615 1004 4688 justum
1037 4628 1093 4676 et
1137 4623 1459 4684 canonicum
1491 4625 1668 4683 visum
1700 4627 1864 4684 fuerit
1895 4626 2072 4686 facere

491 4719 604 4758 non
629 4705 984 4777 negligemus.
1311 4727 1320 4734 '

561 4791 696 4849 Data
723 4794 930 4866 Romae,
954 4799 1166 4854 decimo
1191 4783 1419 4873 septimo
1449 4805 1720 4864 Kalendas
1745 4807 2022 4864 Februarii

491 4883 789 4962 indictione
809 4885 1026 4944 'de'cima
1041 4891 1229 4967 'tertia.
1297 4905 1306 4917 ·
1337 4960 1355 4972 ρ

544 4975 551 4984 ·
811 4983 823 5000 ε
997 4998 1333 5082 rzrlsrota
1369 5007 1558 5068 xux.

661 5079 665 5082 ⁴
747 5105 814 5143 an
846 5105 1090 5149 necessu
1123 5079 1364 5151 unum
1397 5113 1812 5157 etvsucsxsan.

1087 5184 1265 5253 (Anno
1292 5187 1445 5246 1075.

489 5267 738 5316 nimim-al
757 5257 917 5316 vstrum
941 5282 991 5316 ρι
1019 5271 1268 5316 Frrlnsim
1293 5279 1641 5316 micam-hu...“
1678 5292 1897 5316 ..ιηρηημ
1929 5287 2067 5316 una.

2198 579 2318 621 cam
2351 565 2804 622 benedictionem.

2253 656 2324 712 'Si
2348 667 2532 728 posset
2557 659 2695 727 ﬁeri,
2725 661 2969 731 Optarem
3012 670 3070 719 te
3111 663 3342 734 pleniter
3383 667 3528 725 scire
3567 679 3768 740 quanta

2195 745 2472 802 tribulatio
2514 763 2603 804 me
2645 759 2932 820 angustat,
2968 760 3314 824 quantusque
3344 755 3500 810 labor
3531 759 3774 828 quotidie

2193 835 2484 894 innovatus
2513 837 2725 919 fatigat,
2761 849 2817 897 et
2848 857 3166 902 accrescens
3189 846 3345 902 valde
3369 848 3674 918 perturbat,
3709 863 3772 906 ut

2193 929 2494 984 secundum
2524 931 2906 989 tribulationes
2939 934 3120 990 cordis
3164 935 3272 992 mei
3323 935 3568 993 fraterna
3617 955 3770 998 com-

2190 1018 2378 1088 passio
2409 1019 2549 1076 mibi
2594 1029 2646 1077 te
2676 1019 2936 1091 flecteret,
2963 1032 3018 1079 et
3057 1023 3112 1079 in
3153 1023 3474 1096 profusione
3504 1021 3772 1100 lacryma-

2190 1122 2315 1162 rum
2335 1123 2526 1165 coram
2554 1109 2787 1168 Domino
2817 1128 2914 1169 cor
2941 1122 3094 1170 tuum
3121 1115 3443 1187 effunderet,
3477 1121 3542 1174 ut
3567 1136 3772 1192 panper

2187 1201 2349 1261 Jesus
2374 1204 2528 1278 μορε,
2555 1208 2777 1278 pauperi
2805 1207 2964 1266 JeSus
2993 1208 3108 1284 IL],
3145 1227 3242 1284 per
3262 1218 3427 1284 quem
3463 1214 3651 1270 omnia
3689 1215 3772 1271 fa-

2187 1303 2274 1352 cta
2303 1307 2451 1366 sunt,
2486 1306 2542 1354 et
2573 1301 2666 1372 qui
2699 1302 2886 1357 omnia
2911 1303 3067 1374 regit,
3093 1319 3316 1360 manum
3341 1301 3647 1378 porrigeret
3665 1351 3682 1375 ,
3714 1318 3770 1363 et

2187 1387 2345 1441 solita
2371 1387 2571 1458 pietate
2600 1391 2860 1446 miserum
2883 1391 3158 1448 liberaret.
3184 1392 3299 1466 Ego
3338 1395 3488 1450 enim
3531 1411 3680 1468 saepe
3705 1397 3771 1452 il-

2187 1485 2300 1541 lum
2323 1480 2530 1550 rogavi,
2567 1489 2730 1551 prout
2751 1481 2866 1552 ipse
2885 1482 3068 1550 dedit,
3093 1491 3154 1538 ut
3175 1493 3272 1540 aut
3305 1500 3393 1540 me
3423 1485 3494 1542 de
3515 1485 3769 1557 praesenti

2185 1569 2294 1625 vita
2325 1571 2570 1638 tolleret,
2606 1575 2701 1627 aut
2724 1573 2885 1628 matri
2907 1573 3186 1630 communi
3213 1591 3310 1646 per
3332 1588 3422 1631 me
3443 1577 3730 1648 prodeth
3749 1619 3766 1644 ,

2183 1667 2240 1715 et
2264 1667 2446 1716 tamen
2469 1661 2536 1716 de
2559 1677 2757 1734 magna
2803 1661 3155 1719 tribulatione
3183 1663 3362 1720 adhuc
3383 1673 3495 1720 non
3523 1665 3724 1736 eripuit
3748 1708 3764 1730 ,

2185 1765 2363 1822 neque
2399 1750 2508 1807 vita
2532 1765 2653 1808 mea
2676 1752 2946 1823 praedicta:
2987 1753 3189 1822 matri,
3231 1753 3389 1825 cujus
3432 1770 3524 1810 me
3559 1755 3768 1812 conatis

2117 1823 2161 1880 B
2185 1839 2443 1912 alligavit,
2470 1851 2532 1898 ut
2569 1843 2880 1912 sperabam,
2921 1842 3145 1915 profuit.
3189 1823 3582 1904 Circumvallat
3622 1847 3766 1903 enim

2185 1946 2274 1986 me
2311 1933 2470 1988 dolor
2509 1933 2766 1990 immanis
2793 1976 2808 2002 ,
2859 1943 2916 1990 et
2955 1935 3178 1992 tristitia
3220 1936 3585 2004 universalis,
3638 1939 3764 2010 quia

2185 2023 2467 2080 orientalis
2505 2021 2748 2080 Ecclesia
2771 2025 3034 2082 instinctu
3074 2026 3276 2082 diaboli
3301 2041 3332 2082 a
3358 2027 3631 2084 catholica
3665 2027 3767 2084 fide

2181 2104 2386 2181 deficit,
2409 2123 2464 2170 et
2483 2126 2581 2186 per
2599 2130 2699 2172 sua
2721 2115 2964 2171 membra
2989 2115 3104 2186 ipse
3123 2116 3383 2186 antiquus
3405 2115 3583 2172 hostis
3607 2116 3768 2172 Chri-

2185 2205 2394 2262 stianos
2416 2207 2620 2278 passim
2663 2207 2882 2276 occidit,
2922 2215 2984 2262 ut
3019 2221 3163 2278 quos
3205 2213 3372 2279 caput
3413 2209 3769 2279 spiritualiter

2187 2295 2482 2365 interficit,
2549 2295 2672 2368 ejus
2735 2297 2980 2354 membra
3029 2298 3321 2353 carnaliter
3369 2299 3644 2369 puniant,
3699 2313 3770 2354 ne

2184 2387 2405 2456 quando
2427 2384 2610 2442 divina
2627 2387 2805 2458 gratia
2845 2386 3190 2458 resipiscam.
3217 2387 3418 2443 itera
3453 2403 3582 2443 cum
3615 2403 3773 2444 tuen-

2184 2481 2256 2537 tis
2279 2479 2476 2535 intuitu
2503 2487 2684 2550 partes
2709 2478 3030 2548 caedentis,
3057 2479 3171 2536 sive
3195 2479 3464 2547 meridiei,
3507 2488 3606 2534 aut
3637 2495 3766 2549 scp-

2183 2571 2474 2628 tentrionis
2519 2569 2678 2626 video
2719 2571 2811 2624 vix
2853 2562 3052 2642 legales
3099 2569 3390 2640 episcopos
3443 2569 3675 2624 inunita
3711 2579 3770 2626 et

2183 2664 2293 2720 vita
2316 2705 2332 2731 ,
2361 2663 2457 2736 qui
2488 2661 2862 2718 Christianum
2895 2661 3157 2734 populum
3184 2660 3389 2718 Christi
3437 2676 3630 2720 altore
3655 2702 3673 2728 ,
3713 2670 3770 2716 ct

2183 2769 2292 2812 non
2340 2753 2591 2811 saeculari
2629 2753 2928 2809 ambitione
2965 2761 3176 2825 regant,
3223 2753 3480 2821 invenio,
3521 2763 3583 2808 et
3627 2753 3770 2808 inter

2182 2859 2376 2904 omnes
2417 2845 2711 2903 saeculares
2746 2843 3048 2916 principes,
3059 2844 3156 2915 qui
3185 2854 3512 2915 praeponam
3532 2844 3635 2902 Dei
3663 2845 3765 2900 bo-

2182 2951 2373 2994 norem
2399 2951 2522 3005 suo,
2563 2943 2622 2992 et
2657 2935 2928 3006 justitiam
2961 2935 3138 3002 lucto,
3165 2951 3276 2991 non
3315 2950 3613 3007 cognosco.
3659 2935 3770 2992 Eos

2183 3037 2363 3086 autem
2391 3029 2532 3084 inter
2553 3044 2694 3100 quos
2719 3030 2924 3097 habito,
2951 3029 3234 3087 Romanos
3246 3031 3522 3098 videlicet,
3543 3031 3764 3103 Longo-

2181 3121 2382 3177 bardos
2404 3130 2462 3177 et
2489 3119 2854 3190 Normannos,
2883 3123 3027 3180 sicut
3058 3131 3202 3194 stulte
3235 3124 3350 3182 illis
3369 3124 3494 3181 die.)
3514 3165 3536 3192 ,
3559 3122 3770 3183 lminis

2179 3219 2236 3269 et
2273 3213 2503 3284 paganis
2535 3213 2941 3284 quodammodo
2965 3213 3180 3286 pejores
3195 3230 3324 3272 esse
3346 3215 3644 3288 redarguo.
3684 3216 3768 3284 Ad

2180 3303 2452 3375 meipsum
2496 3320 2624 3360 cum
2681 3305 2848 3362 redeo
2871 3347 2887 3374 ,
2933 3307 3012 3362 ita
3058 3321 3147 3362 me
3193 3316 3484 3379 gravatum
3530 3309 3772 3379 proprie

2179 3395 2412 3452 actionis
2453 3395 2694 3466 pondere
2737 3396 2958 3454 invenio
3000 3405 3062 3453 ut
3099 3397 3256 3454 nulla
3300 3408 3584 3461 remaneat
3645 3414 3774 3468 spes-

2179 3487 2398 3555 salutis,
2425 3487 2531 3543 nisi
2571 3487 2643 3552 de
2681 3487 2798 3544 sola
2842 3487 3219 3550 misericordia
3260 3486 3489 3545 Christi.
3535 3486 3684 3554 Nam
3715 3487 3762 3544 si

2180 3592 2290 3632 non
2319 3592 2596 3648 sperarem
2624 3577 2693 3635 ad
2713 3578 2992 3638 mlierem
3019 3578 3207 3649 vitam,
3233 3587 3290 3635 ct
3312 3579 3606 3638 utilitatem
3631 3595 3762 3636 san-

2143 3702 2151 3708 -
2177 3675 2278 3724 ctu:
2301 3667 2558 3726 Ecclesia:
2577 3668 2787 3735 venire.
2810 3669 2959 3727 nullo
2987 3670 3152 3726 modo
3189 3669 3397 3738 Romae,
3439 3671 3496 3726 in
3531 3686 3646 3740 qua
3672 3686 3764 3728 co-

2176 3768 2352 3828 actus,
2399 3759 2512 3817 Deo
2535 3770 2695 3830 teste,
2725 3761 2842 3832 jam
2865 3777 2902 3816 a
2920 3761 3106 3833 viginti
3127 3763 3291 3821 annis
3325 3763 3654 3832 inbabitavi,
3681 3780 3764 3819 rc-

2177 3871 2474 3914 manerem.
2517 3854 2670 3913 Unde
2696 3855 2760 3910 fit
2788 3865 2850 3912 ut
2877 3856 3020 3914 inter
3043 3857 3286 3914 dolorcm
3313 3857 3408 3928 qui
3431 3858 3684 3928 quotidie
3702 3859 3769 3915 in.

2176 3965 2266 4006 me
2287 3959 2602 4018 renovatur,
2625 3957 2680 4006 et
2700 3964 2853 4022 spem
2871 3965 2997 4022 quae
3018 3949 3206 4024 nimis,
3231 3951 3360 4018 beu,
3391 3951 3762 4021 protenditur,

2175 4041 2323 4098 mille
2346 4050 2643 4114 quamatus
2662 4041 3078 4116 tempestatibus
3101 4041 3490 4114 quoquomodo
3515 4043 3764 4100 moriens

2174 4133 2318 4190 vivo.
2344 4132 2413 4189 Et
2430 4149 2556 4190 eum
2575 4133 2671 4206 qui
2695 4149 2781 4190 me
2803 4135 2919 4190 suis
2939 4133 3180 4206 alligavit
3197 4134 3430 4192 vinculis
3451 4144 3510 4191 et
3523 4133 3756 4193 Romam

2175 4223 2404 4291 invitum
2437 4225 2668 4282 reduxit.
2695 4225 2912 4296 illicque
2957 4226 3104 4282 mille
3147 4225 3416 4306 angustiis
3445 4227 3760 4296 praecinxit,

2173 4322 2450 4384 exspecto.
2483 4312 2586 4370 Cui
2619 4313 2932 4386 frequenter
2953 4315 3117 4371 dico:
3144 4314 3390 4390 Festina,
3411 4317 3758 4384 neAtardave-

2174 4403 2272 4472 ris;
2299 4405 2561 4471 accelera,
2583 4419 2656 4460 ne
2675 4405 2929 4473 moreris,
2961 4420 3156 4477 meque
3177 4407 3349 4463 libera
3371 4423 3564 4464 amore
3586 4408 3764 4464 beata:

2174 4493 2359 4552 Mariae
2402 4509 2468 4550 ac
2511 4495 2690 4552 sancti
2729 4494 2894 4551 Petri.
2943 4494 3050 4554 Sed
3083 4497 3214 4568 quia
3253 4513 3363 4554 non
3389 4507 3476 4556 est
3513 4501 3762 4570 pretiosa

2173 4587 2313 4656 laus,
2339 4601 2516 4658 neque
2542 4595 2732 4646 sancta
2761 4588 2940 4644 oratio
2956 4587 3072 4656 cito
3097 4590 3398 4660 impetrans
3421 4590 3480 4646 in
3505 4607 3606 4647 ore
3627 4607 3755 4663 pec-

2171 4678 2392 4745 catoris,
2429 4678 2588 4750 cujus
2611 4688 2695 4736 est
2716 4679 2827 4734 vita
2848 4680 3156 4762 laudabilis,
3187 4691 3244 4738 et
3261 4683 3408 4740 actio
3429 4685 3718 4743 saecularis
3735 4727 3756 4753 ,

2171 4783 2384 4842 precor,
2407 4786 2599 4838 exoro,
2623 4786 2780 4844 rogo,
2802 4781 2863 4828 ut
2883 4788 2980 4830 eos
3013 4775 3110 4845 qui
3141 4785 3418 4844 merentur
3445 4779 3628 4836 audiri
3657 4796 3758 4851 pro

2169 4863 2294 4919 vitae.
2318 4863 2556 4930 meritis,
2576 4863 2820 4936 vigilanti
2843 4880 2974 4920 cura
2999 4867 3221 4940 rogites,
3248 4879 3309 4925 ut
3327 4885 3428 4939 pro
3459 4871 3754 4936 meDcum

2168 4961 2398 5012 exorent
2431 4969 2496 5012 ea
2537 4956 2803 5014 charitate
2833 4971 3006 5028 eaque
3044 4958 3332 5028 dilectione
3356 5003 3373 5030 ,
3411 4979 3527 5034 qua
3557 4964 3755 5028 debent

2168 5045 2534 5101 universalcm
2555 5046 2777 5119 diligere
2803 5057 3052 5104 matrem.
3083 5049 3153 5104 Et
3177 5053 3306 5122 quia
3327 5062 3564 5126 utraque
3586 5071 3760 5122 manu,

2168 5136 2430 5193 debemus
2467 5139 2544 5193 uti
2579 5155 2676 5210 pro
2704 5140 2925 5198 dextera
2953 5141 3022 5198 ad
3051 5145 3520 5215 comprimendam
3554 5148 3752 5221 impio-

2168 5243 2290 5282 rum
2317 5229 2602 5299 szevitiam,
2628 5239 2842 5301 oportet
2870 5247 2994 5306 nos,
3030 5235 3252 5308 quando
3279 5237 3501 5309 quidem
3529 5256 3639 5296 non
3669 5251 3752 5297 est
