3982 5316
184 366 303 423 ωε

1236 374 1440 432 LIBER
1478 377 1861 439 SECUNDUS.
1900 414 1969 423 —-
2003 384 2220 443 EPIST.
2263 388 2393 445 LIV.

3347 391 3454 448 406

268 478 396 570 Data
428 479 698 570 Romaein
725 485 933 558 synodo
965 490 1223 559 secunda,
1252 490 1508 549 Kalendis
1568 493 1770 564 Martii,
1802 500 1847 558 Α
1945 497 2079 554 Data
2101 500 2477 570 Romae,sexlo
2500 502 2683 558 Nonas
2705 502 2905 570 Martii,
2929 502 3229 563 indictione
3243 501 3455 561 dodona

182 566 487 631 iunctione
511 575 721 632 decima
756 579 935 635 tertia.

717 685 1057 748 EPISTOLA
1092 690 1223 749 LIII.

775 783 956 856 (Anno
995 784 1179 859 1075.)

192 893 542 964 μοίιεονάίαι
571 908 733 964 ηραν
774 898 1128 952 controversia
1172 897 1311 953 inter
1342 898 1702 956 Mutinensem
1722 910 1771 957 et

266 960 580 1039 Pragensern
633 960 903 1039 episcOpos
961 968 1027 1022 de
1071 970 1391 1039 quibusdam
1438 970 1588 1025 bonis
1643 989 1676 1025 a
1718 990 1774 1028 se

264 1034 319 1088 in
350 1034 579 1113 concilio
604 1034 883 1091 cntharum
904 1034 1138 1109 partium
1170 1057 1387 1095 assensu
1427 1043 1773 1113 compositam

261 1106 487 1174 exponit.

261 1219 564 1276 CIEGOIIUS
593 1221 908 1293 episcopus,
937 1238 1129 1280 servus
1161 1240 1444 1281 servorum
1477 1224 1574 1280 Det

256 1308 522 1376 Quoniam
548 1310 619 1365 ad
655 1311 978 1367 memoriam
1016 1328 1340 1385 semperque
1369 1313 1772 1370 dilucidanaam

183 1414 479 1455 causarum
529 1401 992 1473 negotiorumque
1039 1404 1322 1459 veritatem
1378 1404 1513 1459 nihil
1569 1404 1770 1475 aptius,

184 1493 325 1548 nihil
353 1493 661 1549 durabilius
691 1510 860 1565 quam
914 1495 1325 1567 Scripturarum
1371 1499 1599 1570 paginas
1621 1498 1772 1554 aesti-

184 1600 422 1651 mamus,
457 1585 699 1656 qualiter
732 1587 803 1642 lis
826 1594 877 1643 et
911 1588 1206 1657 discordia,
1241 1606 1364 1660 qua:
1387 1591 1529 1645 inter
1552 1589 1775 1646 confra-

190 1686 300 1731 tres
320 1686 561 1745 nostros,
590 1678 847 1734 videlicet
866 1678 1133 1741 Joannem
1161 1682 1536 1740 Moravensem
1560 1686 1775 1756 episco—

184 1783 338 1837 pum,
370 1776 426 1823 et
458 1766 810 1825 Geboardum
855 1769 1308 1850 [llieronymunu
1362 1775 1501 1832 alias
1543 1774 1777 1830 Gebear—

1875 591 2053 646 tertia.

2414 751 2752 813 EPISTOLA
2788 752 2937 813 LW”

2428 882 2497 920 AD
2525 880 2901 922 PLACENTINOS.

2466 980 2648 1050 (Anno
2688 977 2872 1051 1075.)

1876 1083 2074 1144 Scribit
2095 1105 2150 1145 se
2166 1089 2469 1161 deposuisse
2504 1092 2558 1149 iu
2577 1090 2787 1172 synodo
2811 1089 3122 1214 Dictorum
3145 1106 3326 1172 eorum
3339 1107 3454 1162 ept-

1942 1175 2177 1214 scomun.
2210 1170 2260 1214 et
2290 1177 2465 1214 omnes
2499 1176 2794 1214 autcunaue
2827 1178 2875 1214 ei
2899 1161 2935 1214 fi
2974 1160 3207 1214 elatatem
3247 1177 3454 1214 iurare-

1942 1175 2177 1229 scopum,
2210 1160 2260 1214 et
2290 1177 2477 1233 omnes
2499 1160 2796 1233 quicunque
2827 1160 3207 1233 eiﬁdelitatem
3234 1160 3456 1231 jurare-

1946 1238 2068 1283 rant
2102 1247 2134 1283 a
2159 1232 2479 1285 sacramenti
2512 1231 2720 1285 uinculo
2744 1232 3046 1285 absolvisse.
3082 1231 3171 1283 Ait
3205 1248 3259 1285 se
3290 1246 3450 1284 cura-

1944 1308 2123 1374 turum
2153 1309 2421 1374 ntemnas
2460 1302 2639 1371 ﬁdeles
2674 1303 2745 1356 ad
2775 1316 2894 1358 eunt
2919 1300 3286 1372 expellendum
3326 1302 3455 1374 ipsis

1945 1371 2154 1428 auxilio
2182 1373 2312 1429 sint.
2559 1404 2563 1410 -
2990 1371 2997 1372 ί
3346 1371 3352 1374 ’
3412 1386 3417 1389 ‘

1947 1508 2255 1567 Caesonius
2284 1512 2596 1584 episcopus,
2627 1527 2820 1568 servus
2867 1526 3154 1567 servorum
3188 1508 3306 1576 Dei,
3337 1512 3460 1569 unl-

1876 1604 2051 1660 versis
2100 1603 2384 1660 catholicis
2417 1603 2748 1659 Placentinte
2796 1602 3072 1659 Ecclesiae.
3121 1603 3353 1665 salutem
3400 1612 3462 1660 et

1877 1694 2233 1765 apostolicam
2264 1695 2719 1752 benedictionem.

1950 1787 2126 1860 Super
2172 1787 2501 1845 confusione
2544 1787 2799 1844 Ecclesiae
2842 1799 3069 1856 vestrae,
3118 1787 3461 1847 dilectissimi

186 1859 338 1932 dum]
379 1859 738 1933 Pragensem,
772 1863 842 1920 de
884 1865 1212 1936 quihusdam
1248 1868 1477 1925 decimis
1518 1876 1573 1924 et
1602 1869 1774 1924 curti-

1888 1880 1990 1948 iilii,
2031 1857 2126 1936 diu
2154 1881 2223 1936 ad
2250 1897 2352 1937 nos
2376 1881 2597 1952 querela
2637 1881 2815 1937 delata
2844 1891 2947 1949 est,
2986 1890 3040 1937 et
3064 1882 3321 1941 contritio
3343 1882 3463 1941 ani-

188 1954 286 2009 bus
315 1953 409 2008 diu
442 1962 726 2025 protracta
756 1965 862 2025 est,
900 1959 1119 2015 tandem
1155 1975 1253 2035 per
1279 1961 1553 2037 pactionis
1575 1976 1775 2019 conre-

187 2046 447 2102 nientiam
480 2046 536 2101 in
562 2048 864 2117 apostolica
890 2051 1017 2106 sedc
1048 2051 1410 2108 determinata
1434 2053 1525 2119 sit,
1552 2068 1653 2124 per
1685 2053 1775 2110 lit-

186 2147 329 2195 teras
369 2148 598 2195 nostras
635 2154 747 2194 non
781 2142 945 2198 modo
979 2144 1361 2214 przesentibns,
1398 2144 1492 2200 Sed
1524 2152 1578 2199 et
1623 2144 1773 2203 futu-

185 2231 282 2298 ris,
308 2241 502 2293 notum
535 2231 653 2287 lieri
699 2234 975 2295 volumus.
1007 2234 1132 2291 Haec
1162 2236 1309 2292 enim
1343 2251 1529 2301 causa,
1568 2248 1693 2291 cum
1718 2236 1775 2292 in

186 2324 428 2378 secundo
464 2324 642 2383 nostri
673 2327 1026 2399 pontificatus
1053 2343 1221 2394 anno,
1266 2327 1632 2384 residentibus
1667 2344 1776 2383 una

186 2417 478 2475 nobiseum
531 2421 590 2476 in
648 2420 876 2478 basilica
923 2418 1227 2478 Salvatoris
1276 2419 1464 2476 multis
1490 2419 1773 2488 fratribus,

186 2514 504 2571 convocatis
531 2516 698 2572 etiam
746 2524 801 2571 et
842 2530 1027 2570 coram
1061 2513 1255 2586 positis
1289 2514 1617 2586 supradictis
1662 2514 1778 2585 cpi-

187 2607 403 2678 scopis,
458 2609 527 2665 ad
582 2606 918 2665 audientiam
970 2615 1215 2663 nostram
1267 2615 1322 2661 et
1364 2606 1532 2662 totius
1578 2606 1776 2662 ibidem

186 2699 505 2771 congregati
539 2700 759 2756 concilii
790 2699 994 2771 perlata
1047 2699 1139 2764 sit,
1173 2697 1265 2753 diu
1314 2707 1369 2753 et
1412 2699 1642 2753 multum
1696 2698 1779 2753 in-

186 2792 392 2863 quisita
426 2802 594 2865 atque
617 2794 840 2860 rimata,
861 2801 1011 2848 tanta
1035 2791 1386 2863 ambiguitate
1399 2801 1451 2846 et
1476 2791 1779 2862 perplexiu-

187 2882 352 2939 nibus
374 2883 623 2940 involuta
646 2883 933 2939 videbatur
973 2892 1033 2938 ut
1057 2882 1123 2937 ad
1154 2882 1425 2938 sinceram
1463 2881 1706 2937 veritatis
1725 2891 1781 2937 et

182 2974 415 3044 iustitiae
459 2974 894 3047 explorationem
942 2990 1039 3046 per
1082 2989 1147 3029 ea
1194 2988 1318 3044 quae
1371 2982 1501 3029 tunc
1537 2973 1779 3029 adhibita

188 3074 319 3120 sunt
336 3064 545 3135 judicia
581 3064 809 3136 perduci
841 3080 950 3119 non
1000 3072 1206 3135 posset.
1239 3061 1442 3124 Verum
1470 3078 1537 3117 ne
1563 3063 1778 3125 illorum

188 3154 477 3212 altercatio
526 3157 737 3228 absque
770 3156 925 3229 pacis
952 3155 1259 3217 interventu
1290 3155 1496 3214 diutius
1531 3164 1626 3215 aut
1670 3154 1781 3213 l‘ra-

192 3256 348 3302 terna
385 3248 509 3304 odia
538 3258 632 3304 aut
659 3248 846 3319 aliqua
876 3247 1184 3320 periculosa
1216 3247 1343 3306 hinc
1365 3248 1449 3303 vel
1484 3247 1631 3310 illinc
1662 3257 1780 3303 stu-

191 3339 282 3393 dia
335 3341 683 3409 accenderet,
733 3356 857 3396 cum
906 3340 1140 3396 consilio
1182 3339 1414 3396 fratrum
1466 3348 1783 3399 nostrorum

192 3446 418 3487 causam
457 3430 530 3489 ita
557 3447 624 3492 es
650 3445 811 3502 sermo
852 3429 1033 3491 dirimi
1070 3430 1463 3489 constituimus
1485 3440 1546 3486 ut
1575 3430 1780 3498 omnia,

193 3526 259 3581 de
278 3524 484 3597 quibus
508 3526 651 3581 inter
672 3530 771 3581 eos'
803 3524 1084 3580 contentio
1114 3523 1276 3592 foret,
1305 3541 1400 3597 per
1424 3525 1664 3580 medium
1700 3525 1784 3581 di-

196 3612 535 3686 viderentur,
564 3627 622 3674 et
642 3619 735 3675 hic
765 3635 930 3682 unam
953 3619 1045 3681 ille
1066 3620 1299 3675 alteram
1327 3628 1537 3691 partem
1565 3618 1783 3675 interim

196 3707 405 3779 absque
431 3707 581 3763 omni
618 3708 995 3779 inquietudine
1027 3718 1297 3775 tenerent,
1335 3708 1509 3763 donec
1538 3708 1585 3765 si
1622 3724 1782 3779 aper-

194 3803 333 3857 tiora
362 3796 570 3873 judicia
611 3802 730 3859 sive
776 3802 979 3873 scripto
1027 3812 1123 3857 aut
1157 3798 1417 3874 congruis
1445 3800 1675 3860 testibus
1702 3802 1785 3857 in-

194 3893 382 3949 venire
408 3900 637 3964 possent
657 3894 1074 3966 diligentissime
1092 3893 1503 3966 investigarent.
1532 3890 1613 3953 Ad
1637 3893 1785 3964 quod

195 3984 530 4047 faciendum.
556 4001 627 4041 ne
654 3982 794 4040 forte
818 3985 1148 4041 suscitanda:
1175 3984 1285 4040 litis
1306 3983 1515 4049 inﬁnita
1537 3983 1785 4047 alterutri

195 4077 421 4132 daretur
470 4075 716 4143 occasio,
759 4077 1055 4132 terminum
1108 4091 1329 4148 quoque
1362 4077 1442 4132 eis
1472 4076 1659 4131 decem
1695 4091 1788 4130 an-

197 4184 396 4232 norum
441 4168 806 4245 prmﬁximus,
850 4177 911 4223 ut
959 4168 1056 4240 qui
1101 4167 1267 4224 certis
1299 4165 1787 4247 approbationibus

197 4261 263 4318 ad
282 4259 557 4331 justitiam
593 4274 655 4316 se
686 4258 992 4330 pertingere
1015 4274 1177 4329 posse
1198 4257 1445 4323 conﬁdit,
1471 4257 1611 4311 intra
1650 4271 1787 4328 pra;-

198 4349 427 4408 libatum
462 4348 764 4405 terminum
813 4348 1188 4420 proclamandi
1217 4356 1273 4407 et
1307 4347 1787 4419 consequendijus

199 4442 452 4499 Ecclesiae
482 4458 596 4499 sua:
641 4441 919 4498 licentiam
948 4449 1003 4497 et
1034 4449 1359 4512 potestatem
1396 4441 1624 4507 habeat;
1661 4448 1715 4495 et
1741 4439 1788 4495 si

1874 1985 2090 2025 marum
2143 1985 2438 2042 rerumque
2485 1979 2796 2025 vestrarum
2840 1969 3043 2025 factam
3089 1985 3188 2040 per
3210 1968 3463 2047 iniquum

1874 2073 2147 2135 pastorem
2185 2075 2561 2134 saepenumero
2585 2068 2872 2132 paternum
2896 2059 3162 2117 cruciavit
3185 2058 3461 2115 allectum.

1875 2153 2326 2226 Exspectavimus
2373 2154 2629 2209 arborem
2682 2154 2887 2208 malam
2919 2162 2980 2207 ut
3029 2151 3233 2208 faceret
3286 2150 3465 2207 bonus

1875 2246 2121 2314 fructus,
2169 2246 2263 2303 sed
2309 2244 2575 2317 plantatio
2622 2244 2813 2316 iniqua
2860 2244 3122 2301 radicitus
3166 2242 3359 2303 vitiata
3412 2252 3467 2304 et

1876 2340 2021 2400 sicca
2044 2356 2142 2413 per
2178 2348 2352 2397 totum
2382 2337 2643 2413 patientia
2671 2337 2910 2395 diterior
2931 2348 3035 2406 est,
3072 2346 3277 2394 terram
3309 2352 3469 2393 oceu-

1877 2442 2003 2503 pat;
2032 2431 2336 2502 quinetiam
2366 2433 2433 2487 ad
2464 2432 2746 2488 infamiam
2784 2431 2953 2487 totius
2985 2428 3245 2487 Ecclesia:
3267 2429 3467 2502 germi-

1878 2530 1975 2576 nat
2002 2520 2241 2576 fructum
2267 2538 2558 2592 repronum
2588 2521 2641 2577 in
2669 2539 3017 2579 communem
3044 2533 3299 2590 mortem,
3326 2522 3468 2578 etin

1877 2618 2073 2667 vestrae
2108 2611 2432 2682 perditionis
2459 2612 2789 2682 exemplum.
2820 2612 2991 2682 Quem
3026 2614 3158 2670 olim
3181 2614 3331 2669 omni
3353 2602 3470 2667 elli-

1879 2701 1965 2757 cio
1992 2701 2286 2773 privatum,
2313 2701 2520 2758 reddita
2556 2702 2659 2759 sibi
2706 2704 2822 2758 sola
2855 2700 3470 2761 communione‘Eccle-

1880 2794 1995 2861 size,
2027 2792 2214 2850 multis
2258 2793 2424 2851 minis
2449 2809 2514 2850 ac
2561 2795 2819 2866 precibus
2848 2795 3143 2852 contestati
3189 2810 3385 2852 sumus
3408 2804 3470 2849 ut

1878 2892 2200 2959 procuraret
2230 2886 2430 2943 habere
2465 2904 2661 2963 pacem
2695 2888 3000 2956 vobiscum,
3044 2886 3271 2945 redditis
3303 2896 3360 2943 et
3380 2903 3466 2944 rec

1881 2978 2087 3034 stitutis
2126 2992 2249 3050 quae
2293 2978 2611 3046 abstulerat,
2641 2995 2765 3034 cum
2789 2995 2931 3050 aqua
2957 2977 3247 3033 ministerii
3286 2977 3468 3051 [forte,

1862 3066 2123 3143 curaque
2142 3066 2450 3130 ministerii.
2478 3066 2650 3129 Hann.
2678 3068 2766 3122 cui
2790 3066 3296 3141 restitutionem],et
3318 3083 3471 3140 spem

1882 3158 2109 3229 majoris
2134 3157 2386 3221 beneﬁcii
2411 3159 2683 3226 dedimus,
2700 3158 2747 3216 si
2773 3159 3029 3215 mandata
3047 3165 3310 3215 servaret.
3338 3157 3466 3226 Sed,

1885 3249 1997 3305 Deo
2043 3250 2283 3319 nolente,
2336 3250 2440 3307 sub
2493 3249 2658 3321 hujus
2718 3250 3108 3307 misericordiae
3157 3251 3466 3323 velamento

1884 3340 2086 3412 operiri
2132 3350 2356 3413 peccata
2389 3341 2776 3397 inohedientia:
2809 3341 2949 3413 ejus,
2984 3356 3091 3413 qua
3120 3356 3263 3414 saepe
3294 3340 3471 3401 oll‘en-

1884 3432 2040 3488 derat
2068 3448 2190 3499 nos,
2214 3441 2269 3488 et
2298 3441 2487 3504 operta
2518 3432 2787 3504 impunita
2810 3431 3066 3504 relinqui,
3092 3430 3291 3487 iterum
3318 3434 3474 3485 me‘n—

1888 3526 2019 3582 titus
2051 3535 2154 3592 est,
2190 3533 2353 3597 atque
2380 3526 2465 3581 vir
2496 3523 2786 3582 manifeste
2826 3524 3146 3598 sacrilegus,
3182 3534 3238 3580 et
3267 3524 3472 3590 multo-

1838 3634 1841 3637 ·
1884 3634 2006 3678 rum
2036 3618 2303 3673 scelerum
2337 3633 2485 3686 rens,
2512 3618 2722 3673 monita
2745 3627 2935 3674 nostra
2959 3615 3297 3688 posthabuit.
3320 3614 3472 3683 Qua-

1883 3717 2108 3779 propter
2156 3706 2486 3763 immutabili
2534 3708 2806 3787 sententia
2835 3716 3041 3765 sanctze
3083 3707 3281 3781 synodi
3308 3715 3363 3767 et
3398 3705 3475 3761 ir-

1885 3799 2180 3856 revocabili
2226 3816 2500 3857 consensu
2526 3799 2773 3857 omnium
2811 3794 3332 3866 e'ircumsedentium
3363 3797 3477 3865 fra-

1884 3898 2034 3945 trum
2084 3887 2404 3963 Dionysium
2438 3891 2717 3962 qnondam
2748 3890 2956 3947 dictum
2995 3891 3313 3962 episcopum
3348 3889 3476 3956 abs-

1886 3994 1993 4056 que
2036 3980 2145 4035 ulla
2173 3996 2417 4053 unquam
2454 3997 2549 4053 spe
2580 3980 3045 4037 reconciliationis
3074 3981 3143 4049 ab
3178 3980 3328 4048 omni
3355 3964 3474 4052 epi-

1887 4072 2091 4141 scopali
2138 4072 2349 4126 honore
2396 4071 2772 4146 deposuimus,
2823 4081 2879 4128 et
2928 4073 2984 4129 in
3019 4082 3344 4158 perpetuum
3380 4087 3477 4127 ne-

1888 4163 2120 4235 gandam
2151 4163 2255 4217 sibi
2299 4162 2634 4219 audientiam
2665 4163 3039 4231 decrevimus;
3081 4173 3137 4220 et
3164 4164 3478 4234 quicunque

1888 4256 1992 4314 sibi
2020 4254 2335 4316 ﬁdelitatem
2368 4244 2717 4325 juraverunt,
2744 4271 2812 4310 ne
2843 4264 3036 4314 contra
3067 4256 3174 4311 hoc
3195 4255 3477 4310 decretum

1888 4350 2019 4417 sint,
2064 4349 2135 4404 ab
2178 4347 2331 4403 omni
2360 4346 2581 4403 vinculo
2612 4347 2940 4411 sacramenti
2975 4345 3334 4404 absolvimus.
3368 4342 3477 4400 Da-

1886 4442 2071 4499 bimus
2098 4439 2262 4496 etiam
2297 4454 2518 4511 operam
2561 4448 2625 4495 ut
2657 4453 2851 4495 omnes
2896 4436 3084 4496 ﬁdeles
3118 4434 3297 4494 sancti
3327 4434 3477 4491 Petri

197 4537 430 4591 alterum
476 4534 705 4603 horum,
739 4534 823 4589 vel
855 4542 1135 4606 utrosque,
1173 4532 1319 4606 quod
1362 4548 1473 4592 non
1510 4540 1784 4602 optamus,
1820 4549 1864 4604 Ι)
1889 4535 2148 4605 adjuvent
2180 4549 2282 4589 vos
2324 4533 2377 4587 in
2408 4532 2728 4604 expellendo
2769 4532 2921 4603 lupo,
2946 4540 3004 4587 et
3046 4527 3353 4588 ordinando
3378 4518 3479 4599 pa-

198 4626 417 4682 interim
449 4626 604 4683 obire
643 4625 953 4698 contigerit,
996 4640 1348 4687 successores
1391 4639 1583 4688 eorum
1610 4624 1665 4679 in
1690 4639 1787 4678 ea-

198 4721 315 4776 dam
351 4721 613 4792 pactione
660 4727 717 4775 et
748 4719 1141 4775 constitutione
1181 4734 1503 4788 permanere
1533 4719 1784 4774 debeant.

199 4809 274 4867 Ex
300 4828 367 4867 ea
400 4819 586 4868 autem
626 4818 783 4881 parte
812 4826 922 4881 qua
954 4808 1218 4880 praefatus
1252 4810 1541 4876 terminus,
1568 4819 1664 4865 aut
1684 4811 1789 4866 sub

200 4900 433 4968 silentio,
464 4911 561 4957 aut
606 4915 721 4955 non
757 4909 981 4955 ostensa
1025 4898 1274 4955 veritatis
1306 4908 1362 4954 et
1387 4898 1632 4970 justitiaa,
1661 4916 1791 4970 pro—

201 5004 312 5066 pter
342 5010 512 5067 quam
544 4993 770 5061 clamet,
793 4991 1190 5063 approbatione
1216 4991 1569 5051 transductus
1603 4991 1786 5057 fuerit,

203 5086 379 5142 nullus
402 5085 665 5156 deinceps
690 5084 865 5150 locus,
890 5082 1040 5137 nulla
1076 5081 1412 5145 acclamandi
1435 5082 1673 5149 occasio,
1697 5091 1793 5156 aut

200 5196 361 5252 super
397 5179 505 5233 hac
538 5193 599 5232 re
631 5176 961 5243 renovandae
991 5176 1309 5253 quaestionis
1351 5175 1562 5236 licentia
1590 5192 1792 5253 super-

1889 4635 2037 4682 store
2063 4625 2158 4697 qui
2184 4640 2273 4681 res
2306 4634 2520 4681 vestras
2544 4623 2789 4696 diripuit,
2816 4633 2871 4681 et
2894 4639 3127 4696 corpora
3155 4622 3479 4693 animasque

1889 4715 2236 4788 sequentium
2267 4731 2327 4771 se
2350 4715 2405 4771 in
2434 4716 2672 4783 foveam,
2702 4716 2847 4772 sicut
2883 4716 3080 4771 oculus
3124 4714 3475 4780 tenebrosus,

1889 4807 2076 4869 mittit,
2108 4804 2264 4863 Unde
2288 4821 2386 4869 vos
2420 4807 2568 4864 cives
2597 4806 2698 4863 Dei
2727 4804 3139 4874 confortamini,
3180 4805 3308 4877 quia
3334 4797 3479 4859 Deus

1891 4899 2182 4957 nobiscum
2240 4908 2345 4967 est,
2394 4908 2451 4954 et
2497 4899 2628 4954 licet
2668 4899 3028 4965 adversentur
3078 4898 3237 4975 nobis
3271 4893 3480 4963 turrita:

1892 4991 2058 5053 urbes
2085 4998 2244 5051 terra:
2273 4988 2561 5057 Chanaan,
2596 4996 2654 5044 et
2682 4990 2930 5062 gigantea
2950 5032 2955 5040 .
2977 5005 3210 5061 COI’ptl‘a
3236 4989 3477 5044 ﬁliorum

1893 5078 2104 5148 Enach,
2130 5082 2241 5136 dux
2273 5089 2457 5134 tamen
2490 5088 2684 5135 noster
2706 5077 2868 5135 Jesus
2906 5094 3040 5134 cum
3082 5072 3479 5151 sonointrepi-

1891 5174 1997 5231 dus
2040 5182 2241 5237 terram
2277 5162 2667 5242 promissionis
2724 5164 3053 5244 ingreditur;
3090 5171 3191 5228 Est
3238 5160 3479 5243 enirn-et
