3982 5316
216 126 353 184 M3

216 338 584 395 suetudinis.
622 339 853 399 Ratione
874 344 1039 417 igitur
1052 346 1282 419 justitize
1303 353 1390 410 bis
1415 355 1482 412 de
1509 360 1691 417 causis
1718 378 1843 417 sen-

215 428 423 497 tentia
473 428 529 484 in
590 440 645 486 te
694 444 837 490 esset
884 438 1380 511 animadvertenda,
1432 448 1526 503 sed
1568 452 1843 519 parcimus

214 527 475 589 propter
499 520 728 578 senii/cm
748 532 982 595 aetatem,
1023 537 1079 583 et
1115 530 1243 602 quia
1279 534 1639 595 cbarissimus
1676 539 1844 598 frater

214 618 442 664 noster
460 608 833 672 Herimannus
872 616 1132 676 Metensis
1162 623 1473 696 episcopus,
1507 636 1617 685 tuae
1657 628 1843 687 Eccle-

214 696 341 791 siae
380 699 548 768 filius,
578 712 633 759 te
654 707 886 791 multum
915 711 1060 780 apud
1095 727 1199 768 nos
1221 719 1525 784 excusavit,
1566 720 1843 791 imputans

216 786 374 843 aliis
392 806 741 865 quacunque
763 785 930 868 super
956 800 1043 856 his
1069 804 1212 859 male
1232 804 1574 878 disposueris
1605 785 1842 881 quorum

216 881 482 972 consilio
505 900 643 941 usus
672 886 874 956 fueris;
917 906 1333 953 commonemus
1355 913 1487 970 ergo
1526 911 1578 956 te
1616 910 1843 972 aposto-

216 968 349 1063 lica
369 976 705 1039 auctoritate
725 988 785 1035 ut
808 981 939 1051 quid
960 984 1138 1055 egeris
1160 968 1441 1058 attendas,
1473 1001 1530 1048 et
1569 968 1842 1063 judicium

219 1061 307 1151 ad
338 1064 492 1133 quod
522 1081 787 1137 properas
808 1086 1156 1143 expavescas,
1186 1086 1243 1134 et
1264 1081 1501 1151 amplius
1521 1061 1756 1140 desistas
1774 1084 1844 1140 ab

222 1150 572 1248 hujnsmodi
623 1164 1190 1236 transgressionibus,
1232 1179 1289 1226 et
1327 1150 1385 1227 in
1424 1174 1845 1248 quibuscunque

225 1443 352 1497 que
380 1431 528 1487 sacri
555 1434 767 1493 ordinis
792 1438 1073 1497 ministros
1100 1452 1253 1501 caste
1282 1446 1465 1505 vivere
1496 1458 1552 1505 et
1585 1453 1845 1509 concubi-

225 1533 347 1579 nas
369 1522 600 1579 omnino
627 1525 1022 1599 derelinquere,
1048 1542 1105 1591 et
1122 1538 1426 1594 extermina
1448 1538 1624 1608 nefas,
1647 1557 1845 1599 secun-

228 1610 375 1667 dum
395 1611 628 1672 Patrum
657 1620 1023 1692 traditionem,
1060 1628 1208 1698 quod
1243 1633 1581 1702 temporibus
1622 1636 1841 1693 moder-

228 1703 331 1763 nis
354 1704 585 1765 inolevit
615 1723 685 1765 ex
718 1712 1088 1774 taciturnitate
1116 1729 1422 1790 pastorum,
1454 1740 1524 1780 ne
1549 1741 1677 1782 eum
1700 1727 1843 1782 male

231 1798 605 1865 operantibus
662 1812 884 1875 propter
929 1807 1207 1867 silentium
1253 1813 1535 1872 damneris
1557 1858 1574 1882 ,
1627 1826 1683 1872 et
1736 1817 1841 1888 ipsi

230 1893 461 1944 aeternae
483 1891 684 1947 mortis
704 1892 990 1952 incurrant
1014 1899 1336 1969 periculum.
1378 1903 1734 1975 Compertum
1756 1916 1842 1965 est

232 1975 403 2034 nobis
441 1986 496 2033 te
535 1984 901 2041 contumelias
941 1981 1305 2057 quorumdam
1336 1993 1568 2050 consilio
1592 1995 1840 2055 intulisse

232 2067 425 2127 abbati
460 2069 529 2125 de
553 2080 749 2129 saneto
776 2072 1015 2132 IIuberto
1035 2077 1321 2156 [Imberto]
1354 2093 1576 2155 propter
1618 2086 1839 2157 privile-

234 2159 391 2230 ginm
415 2162 567 2232 quod
614 2179 647 2219 a
686 2166 846 2227 nobis
889 2171 1162 2241 suscepit;
1197 2174 1293 2229 sed
1327 2191 1656 2236 excusamus
1689 2195 1836 2247 eum,

236 2254 386 2323 quod
409 2265 608 2312 contra
634 2258 1023 2318 detrimentum
1055 2274 1111 2320 et
1143 2265 1409 2325 honorem
1433 2270 1691 2332 Ecclesia:
1734 2283 1841 2331 tua:

238 2344 375 2403 nihil
396 2345 624 2414 fecerit;
650 2350 796 2406 unde
817 2360 871 2406 te
891 2369 1179 2415 monemus
1209 2368 1265 2414 et
1302 2376 1563 2433 rogamus
1610 2374 1671 2420 ut
1711 2382 1838 2438 per-

238 2435 431 2526 mittas
472 2451 602 2493 eum
651 2439 709 2494 in
753 2456 885 2511 pace
916 2452 972 2499 et
1017 2445 1072 2503 in
1127 2450 1279 2505 omni
1323 2435 1734 2526 tranquillitate.
1779 2458 1839 2514 In

237 2523 467 2623 diceet-si
494 2529 664 2585 etiam
696 2540 791 2587 tua
824 2532 1169 2595 Manucensis
1193 2523 1601 2623 [Namueensis]
1623 2549 1840 2608 comitis

235 2616 535 2675 ecclesiam
560 2637 732 2692 quam
776 2624 955 2684 adhuc
996 2643 1319 2688 consecrare
1344 2616 1629 2707 distulisti,
1674 2655 1838 2713 roga-

236 2726 367 2777 mus
388 2720 450 2766 ut
469 2728 793 2783 consecres;
832 2717 877 2772 si
911 2734 1041 2776 vero
1072 2737 1140 2778 ex
1176 2724 1454 2783 debilitate
1493 2733 1742 2803 corporis
1782 2733 1838 2790 id

236 2818 404 2874 agere
431 2805 770 2875 nequiveris,
808 2812 1086 2867 committe
1129 2813 1273 2872 hanc
1316 2818 1679 2879 obedientiam
1706 2824 1840 2879 cha-

237 2894 467 2952 rissima
493 2894 605 2951 lilio
647 2907 840 2955 nostro
865 2899 1091 2964 Metensi
1134 2907 1412 2980 episcopo.
1460 2911 1616 2978 Quod
1647 2914 1694 2970 si
1726 2930 1836 2972 non

236 2985 603 3076 acquieveris,
636 2987 848 3059 justam
892 3000 948 3047 ct
991 2995 1368 3055 rationabilem
1405 3016 1630 3057 causam
1669 3020 1841 3076 quare

237 3073 521 3133 dimiseris
548 3078 843 3136 rescribas.
889 3079 955 3137 Et
988 3083 1117 3155 quia
1147 3086 1203 3141 in
1228 3096 1472 3152 extremo
1501 3073 1702 3149 videris
1740 3111 1841 3166 po-

238 3164 411 3231 situs,
436 3164 672 3225 fraterna
697 3173 1082 3242 compassione
1116 3176 1287 3245 ducti,
1324 3182 1653 3240 auctoritate
1693 3164 1837 3243 béati

240 3253 392 3313 Petri
419 3261 791 3329 apostolorum
814 3263 1076 3336 principis
1107 3268 1446 3328 absolvimus
1478 3282 1528 3329 te
1549 3290 1579 3329 a
1601 3279 1839 3345 peccatis

242 3349 380 3415 tuis,
420 3361 475 3407 et
514 3350 805 3417 Dominum
846 3372 947 3427 pro
986 3367 1039 3418 te
1080 3376 1391 3431 exoramus,
1429 3376 1489 3423 ut
1528 3368 1837 3429 interventu

244 3441 533 3503 beatorum
554 3447 931 3515 apostolorum
952 3450 1093 3507 inter
1111 3453 1313 3513 electos
1337 3468 1601 3514 aeternum
1628 3475 1839 3515 mereas

244 3535 327 3586 ris
346 3535 706 3592 consortium.

320 3622 460 3681 Data
495 3624 697 3697 Rom,
736 3628 949 3687 decimo
987 3631 1258 3693 Kalendas
1297 3636 1520 3709 Aprilis,
1542 3639 1839 3698 indictione

248 3716 465 3780 decima
494 3722 668 3784 tertia.

774 3834 1110 3893 EPISTOLA
1155 3838 1314 3896 LXII.

462 3938 528 3977 AD
562 3938 866 3980 SICBABDUM
895 3942 1184 3984 εριεεοινωι
1218 3946 1620 3995 Αρυιιιιίιεηεεπ.

834 4018 1015 4089 (Anno
1066 4021 1250 4093 1075.)

405 4104 482 4159 nit
516 4114 724 4160 statuta
758 4106 815 4160 in
848 4109 1073 4163 concilio
1109 4121 1293 4167 contra
1341 4115 1744 4169 concubinarios
1784 4126 1833 4172 et

360 4177 645 4234 Mattiaco:
701 4177 943 4241 clericos.
974 4179 1240 4254 ,Pmecipit
1286 4193 1345 4243 ut
1395 4202 1460 4248 ea
1504 4188 1705 4245 servari
1741 4204 1836 4249 ιιι-

318 4257 417 4303 ret.

314 4361 623 4427 Caesonius
660 4362 975 4433 episcopus,
1018 4379 1216 4427 servus
1257 4382 1539 4424 servorum
1584 4369 1700 4438 Dei,
1748 4371 1837 4428 Sl-

248 4469 455 4511 cnuno
470 4454 628 4512 fratri
652 4454 983 4526 coepiscopo
999 4456 1356 4529 Aquileiensi,
1369 4460 1600 4523 salutem
1620 4473 1678 4525 et
1699 4479 1835 4536 apo.-

246 4548 489 4606 Stolicam
528 4547 988 4605 benedictionem.
1778 4602 1781 4603 ν

311 4641 695 4699 Fraternitatis
744 4649 855 4697 tua:
891 4645 1235 4713 prudentiam
1281 4646 1448 4702 latere
1490 4663 1600 4703 non
1643 4650 1833 4714 debet,

240 4746 413 4805 neque
450 4736 532 4792 tui
554 4736 768 4794 ordinis
806 4735 1126 4808 dignitatem
1163 4739 1412 4809 ignorare
1459 4750 1674 4810 oportet
1715 4757 1839 4813 qua:

241 4835 441 4884 statuta
470 4844 709 4901 quaeque
730 4830 953 4885 decreta
971 4829 1027 4886 in
1051 4839 1274 4900 peracto
1298 4830 1530 4888 concilio
1554 4835 1840 4903 pra/terim

237 4921 688 4995 Quadragesimae
727 4921 965 4985 concilio
1007 4921 1346 4979 confratrum
1404 4933 1723 4983 nostrorum
1772 4944 1840 4983 ac

239 5016 405 5071 totius
445 5022 754 5071 conventus
777 5028 1031 5080 assensu,
1074 5024 1363 5084 sequentes
1384 5025 1703 5077 sanctorum
1732 5020 1840 5076 Pa-

235 5114 381 5162 trum
438 5105 863 5173 auctoritatem,
921 5103 1235 5163 statuimus.
1290 5107 1643 5168 Decrevimus
1690 5113 1839 5169 enirn

232 5199 401 5271 quod,
456 5197 509 5254 si
556 5197 683 5269 quis
719 5212 917 5255 eorum
958 5197 1213 5256 ordinum
1253 5200 1349 5273 qui
1376 5200 1552 5258 sacris
1575 5205 1842 5264 altaribus

235 5290 630 5316 -J_l_z-a___a
650 5291 935 5316 -_.u.l_.‘.._
956 5289 1164 5316 -..ζιελ-..ιι
1186 5290 1265 5316 ιιι-
1279 5308 1444 5316 --_---
1500 5311 1571 5316 _._

1288 144 1499 206 LIBER
1532 151 1916 213 SECUNDUS.
1955 188 2024 197 —-
2055 157 2274 220 EPIST.
2317 162 2503 229 LXIII.

216 245 1037 353 exemplo‘tutnanteeessoris
1062 259 1481 353 Alntroductione
1521 282 1676 324 nova:
1712 287 1845 326 con-
1871 275 1920 334 Α
1944 282 2306 340 concubinam
2358 286 2539 353 habet,
2596 287 2702 343 nisi
2751 288 2858 345 illis

1872 1619 1919 1675 B

3429 174 3536 242 lit

2899 290 3127 348 omnino
3170 292 3414 352 dimissis
3452 298 3539 353 di-

1944 385 2107 441 gnam
2149 377 2524 445 paenitentiam
2565 388 2751 449 agant,
2789 382 2963 438 sacris
3004 383 3269 440 altaribus
3318 395 3537 458 penitus

1944 462 2329 524 administrare
2357 469 2645 537 desistant,
2691 488 2792 531 nec
2830 474 3019 545 aliquo
3043 474 3314 532 Ecclesia:
3340 478 3539 535 beneﬁ-

1944 555 2031 610 cio
2051 557 2281 614 ulterius
2305 560 2604 630 potiantur,
2629 563 2745 618 sive
2765 566 2953 636 potitis
2978 564 3250 623 fruantur.
3279 567 3384 636 Qui
3404 584 3536 627 vero

1946 644 2275 715 Simoniace,
2309 652 2558 707 videlicet
2582 669 2679 723 per
2715 655 3078 713 interventum
3114 659 3378 728 pecuniae,
3408 666 3539 715 sunt

1943 743 2201 811 promoti,
2225 752 2287 799 ut
2306 745 2515 817 absque
2535 746 2645 802 ulla
2673 763 2771 817 spe
2792 749 3222 819 recuperationis
3256 751 3537 827 deponane

1945 838 2055 903 tur,
2084 837 2383 906 apostolica
2412 853 2648 893 censura
2679 840 2992 896 statuimus.
3034 840 3318 899 Monemus
3353 842 3541 912 itaque

1944 934 2020 996 te,
2046 929 2399 986 dilectissime
2425 929 2597 987 frater
2619 940 2675 987 et
2706 932 3047 1005 coepiscope,
3085 931 3197 988 imo
3234 933 3535 1006 apostolica

1946 1021 2043 1076 tibi
2089 1023 2415 1078 auctoritate
2458 1023 2822 1095 praecipiendo
2886 1024 3213 1081 mandamus
3258 1035 3320 1081 ut
3368 1034 3428 1080 tu
3478 1024 3532 1080 in

1944 1113 2167 1171 dimcesi
2203 1124 2296 1171 tua
2331 1114 2674 1172 Simoniacos
2720 1117 2945 1172 omnino
2971 1117 3233 1189 deponas,
3268 1126 3324 1173 et
3363 1114 3537 1173 fomi-

1944 1206 2225 1263 catnribus
2262 1206 2498 1276 clericis,
2545 1206 2650 1263 nisi
2690 1223 2721 1262 a
2754 1206 3117 1264 fornicatione
3149 1208 3534 1274 abstinuerint,

1825 1309 1840 1324 ·
1945 1295 2169 1367 prmfata
2212 1296 2524 1352 conditione
2573 1298 2811 1354 officium
2844 1307 2899 1354 et
2942 1298 3266 1355 beneficium
3316 1299 3536 1370 penitus

1945 1388 2258 1457 interdicas,
2306 1399 2361 1445 et
2407 1389 2782 1461 suffraganeos
2833 1399 2980 1459 tuos,
3027 1392 3143 1448 sive
3181 1392 3376 1447 litteris
3425 1391 3536 1448 tuis

1947 1481 2061 1538 sive
2090 1482 2213 1539 viva
2249 1499 2381 1538 voce
2421 1483 2490 1539 ad
2530 1490 2583 1539 te
2620 1491 2970 1553 convocatos,
3023 1494 3086 1540 ut
3140 1484 3284 1541 idem
3333 1482 3538 1541 faciant

1946 1591 2161 1632 summa
2194 1592 2318 1631 cum
2342 1576 2619 1647 diligentia
2655 1591 2903 1632 moneas.

2014 1665 2151 1722 Data
2188 1667 2395 1733 Romae,
2426 1666 2644 1723 decimo
2685 1666 2953 1725 Kalendas
2994 1667 3218 1745 Aprilis,
3240 1664 3536 1725 indictione

1942 1757 2151 1816 decima
2189 1760 2365 1816 tertia.

2464 1912 2803 1971 EPISTULA
2829 1912 3011 1969 LXIII.

2309 2064 2377 2104 AD
2411 2064 2619 2110 θειτελιι
2654 2062 2939 2105 ιιυιηωιιιι
2973 2063 3168 2105 »θοι-,1.

2525 2183 2708 2255 (Anno
2767 2180 2953 2253 1075.)

1943 2297 2288 2354 Commendat
2332 2315 2451 2354 eum
2494 2299 2557 2354 ob
2611 2314 2692 2354 res
2736 2296 2993 2368 praeclare
3044 2305 3258 2368 gestas._
3292 2294 3537 2354 Ostendit
3646 2344 3651 2349 .

2015 2368 2313 2453 {iungerent
2348 2387 2571 2454 regnum.
2592 2385 2698 2424 non
2720 2365 2824 2427 nisi
2850 2365 3103 2451 Romana:
3132 2365 3388 2454 Ecclesia:
3410 2368 3535 2454 sab-

2002 2437 2162 2511 [ξτες
2183 2451 2233 2495 et
2282 2437 2473 2495 merito
2521 2440 2634 2510 ejus
2668 2439 3147 2511 comanguineum,
3187 2439 3278 2511 qui
3324 2437 3461 2492 illud
3500 2456 3535 2491 α

2015 2508 2420 2566 Teutonicorum
2454 2508 2570 2633 ηιξ
2606 2508 2899 2582 acceperat,
2938 2526 2999 2565 eo
3023 2508 3209 2633 [uisse
3243 2511 3529 2580 priuatum.

2015 2581 2279 2633 Hortatur
2308 2582 2379 2633 ad
2418 2598 2505 2633 ccc
2558 2583 2763 2633 sionem
2806 2597 2990 2633 caram
3060 2580 3321 2633 ubendam
3378 2588 3428 2633 et
3462 2578 3529 2633 ad

2014 2581 2279 2637 Hortatur
2308 2582 2379 2637 ad
2418 2578 2763 2636 ecclesiarum
2806 2597 2990 2635 caram
3023 2578 3321 2634 habendam
3378 2588 3428 2635 et
3462 2578 3533 2633 ad

2011 2653 2363 2708 obedientiam
2397 2651 2705 2724 apostolicis
2739 2652 2928 2723 legatis
2964 2649 3340 2722 prwstandam.

2011 2784 2321 2842 Gascomus
2343 2785 2656 2857 episcopus,
2694 2799 2886 2841 servus
2908 2798 3191 2840 servorum
3228 2781 3325 2837 Dei
3358 2781 3530 2855 (576.),

1941 2875 2136 2933 Caesa
2181 2876 2474 2950 Hungariae
2510 2875 2659 2945 duci,
2691 2876 2925 2932 salutem
2954 2883 3011 2931 et
3041 2874 3397 2946 apostolicam
3432 2872 3530 2930 be-

1866 2965 1911 3023 C
1943 2969 2327 3027 nedictionem.

1956 3126 1961 3129 ς
2009 3083 2161 3141 Licet
2183 3101 2281 3156 per
2315 3084 2543 3156 legatos,
2579 3098 2719 3161 quos
2746 3083 2954 3155 pridem
3003 3081 3070 3138 ad
3113 3096 3216 3139 nos
3259 3081 3530 3148 direxisti,

1940 3178 2255 3237 miserimus
2280 3177 2377 3234 tibi
2402 3179 2633 3244 litteras,
2666 3193 2806 3251 quas
2829 3182 3069 3232 nondum
3101 3182 3153 3230 te
3183 3173 3385 3230 asscris
3407 3189 3532 3244 per-

1939 3272 2171 3343 cepisse,
2214 3272 2410 3327 iterum
2451 3280 2632 3327 tamen
2675 3285 2776 3340 pro
2822 3267 3110 3327 cbaritatis
3150 3266 3366 3333 affectu,
3423 3280 3532 3336 qua

1938 3380 2131 3421 omnes
2154 3381 2307 3437 rcges
2341 3374 2396 3420 ct
2429 3364 2703 3436 principes
2724 3371 2785 3421 ut
2807 3364 2947 3419 filios
2977 3361 3357 3425 admonemus,
3396 3357 3535 3414 seri-
3588 3434 3601 3445 ρ

1938 3456 2122 3513 bimus
2147 3458 2214 3513 ad
2250 3467 2303 3514 te
2332 3457 2708 3514 desiderantes
2736 3456 2833 3511 tibi
2867 3470 2993 3512 cum
3017 3452 3233 3525 justitia
3273 3466 3534 3523 quascun-

1937 3564 2046 3621 que
2085 3556 2214 3605 sunt.
2243 3549 2470 3606 honoris
2499 3556 2554 3604 et
2598 3547 2804 3620 gloriae.
2848 3546 3017 3603 Multa
3051 3546 3253 3618 quippe
3285 3546 3431 3602 bona
3464 3544 3533 3605 de

1937 3652 1993 3701 te
2029 3644 2165 3703 milii
2209 3646 2379 3701 relata
2420 3651 2568 3710 sunt,
2605 3651 2769 3713 atque
2796 3658 2863 3698 ex
2907 3641 3017 3697 tuis
3054 3639 3268 3697 actibus
3302 3639 3534 3693 honesta

1936 3735 2082 3793 fama
2108 3739 2175 3793 ad
2207 3754 2370 3794 aures
2400 3746 2620 3792 nostras
2651 3750 2825 3805 usque
2859 3733 3137 3806 pervenit;
3186 3746 3288 3803 pro
3332 3729 3535 3802 quibus

1936 3831 2215 3903 diligimus
2254 3840 2328 3897 te,
2365 3839 2421 3884 et
2456 3830 2710 3899 cupimus
2733 3837 2796 3882 ut
2817 3826 2963 3882 fama
3007 3840 3135 3881 cum
3178 3823 3260 3879 rei
3302 3821 3534 3878 veritate

1936 3938 2155 3993 semper
2182 3922 2461 3978 ascendat.
2519 3917 2720 3975 Notum
2762 3926 2948 3974 autem
2969 3915 3069 3972 tibi
3089 3930 3212 3971 esse
3256 3912 3532 3969 credimus

1935 4028 2164 4085 regnum
2217 4011 2530 4084 ﬂungariaz,
2567 4009 2711 4065 sicut
2748 4015 2803 4063 et
2840 4008 2947 4063 alia
2992 4004 3333 4061 nobilissima
3363 4015 3530 4072 regna

1937 4104 1992 4159 in
2018 4104 2253 4175 propria:
2276 4100 2543 4158 libertatis
2569 4108 2715 4156 statu
2746 4098 2943 4155 debere
2963 4111 3107 4163 esse,
3151 4102 3207 4149 et
3248 4093 3381 4148 nulli
3416 4090 3531 4163 regi

1936 4196 2164 4253 alterius
2196 4195 2350 4268 regni
2382 4194 2600 4265 subjici,
2630 4192 2738 4249 nisi
2767 4199 2972 4252 sanctas
3004 4196 3060 4245 et
3089 4186 3387 4244 universali
3404 4200 3529 4240 ma—

1866 4312 1911 4369 D
1938 4289 2006 4343 tri
2034 4288 2299 4369 Romana:
2319 4286 2598 4353 Ecclesiae,
2631 4301 2756 4357 qua:
2791 4283 3068 4357 subjectos
3107 4295 3217 4336 non
3258 4279 3425 4334 habet
3468 4284 3532 4332 ut

1938 4396 2149 4449 servos,
2186 4368 2370 4437 sed'ut
2395 4378 2537 4436 filios
2583 4378 2814 4449 suscipit
2854 4376 3160 4433 universos.
3209 4371 3367 4440 Quod
3398 4369 3531 4442 quia

1937 4473 2378 4544 consanguineus
2398 4482 2527 4528 tuus
2550 4486 2582 4529 a
2603 4486 2730 4543 rege
2749 4466 3071 4533 Teutonico,
3094 4481 3202 4522 non
3227 4480 3259 4520 a
3281 4463 3532 4519 Romano

1938 4563 2191 4635 pontifice
2240 4564 2559 4635 usurpative
2601 4561 2857 4629 obtinuit,
2912 4557 3219 4617 dominium
3275 4555 3419 4626 ejus,
3470 4563 3534 4615 ut

1937 4657 2235 4725 credimus,
2269 4657 2515 4713 divinum
2545 4654 2814 4726 judicium
2857 4650 3140 4722 impedivit
3172 4648 3344 4722 (577).
3389 4647 3530 4703 Cum

1936 4762 2070 4805 vero
2100 4763 2189 4804 res
2229 4746 2284 4803 in
2328 4747 2583 4803 manibus
2632 4746 2743 4802 tuis
2781 4745 2874 4812 sit,
2908 4744 3198 4799 hortamur
3241 4749 3293 4797 te
3339 4747 3401 4796 ut
3448 4738 3533 4801 in-

1939 4841 2099 4898 terim
2143 4843 2290 4897 circa
2329 4841 2591 4898 ecclesias
2631 4855 2823 4897 curam
2872 4838 3098 4906 habeas,
3128 4838 3275 4894 circa
3315 4834 3534 4904 religio-

1939 4949 2066 4990 nem
2088 4950 2365 4991 summum
2398 4932 2642 4990 studium
2667 4949 2849 5005 geras,
2873 4932 3145 5004 talemque
3169 4929 3533 4988 obedientiam

1939 5026 2133 5100 legatis
2158 5028 2362 5083 sancte
2395 5026 2660 5082 Romana;
2689 5026 2970 5090 Ecclesiae,
3006 5026 3141 5083 cum
3182 5027 3248 5082 ad
3280 5034 3333 5079 te
3372 5037 3536 5077 vene-

1939 5120 2073 5185 rint,
2102 5118 2385 5185 exhibeas,
2422 5124 2700 5189 quatenus
2750 5119 3145 5178 intercessione
3195 5115 3341 5177 beati
3386 5111 3536 5168 Petri

1941 5209 1999 5265 in
2033 5210 2204 5281 gloria
2233 5217 2290 5265 et
2316 5210 2529 5266 honore
2546 5210 2860 5287 utriusque
2889 5211 3017 5267 vita:
3048 5210 3323 5284 proﬁcias.
