3982 5316
481 240 594 311 ,ΗΒ

1000 351 1336 410 EPISTOLA
1383 347 1568 408 LXIV.

727 469 794 508 AD
836 465 1031 507 ινοκειι
1075 461 1320 503 ΔΒΒΔΤΕΜ
1359 458 1548 498 ελπἰί
1587 455 1837 497 ΒΙΟΝΥΒΙΙ.

1109 539 1271 595 Anno
1313 535 1498 608 1075.)

499 633 570 692 Ut
599 651 778 690 coram
805 634 915 688 suis
943 631 1128 702 legatis
1163 631 1246 702 ad
1265 629 1468 700 objecta
1493 634 1677 680 contra
1714 639 1839 702 eum
1868 637 2082 702 respon-

564 705 706 772 deat,
741 705 916 774 eisque
939 692 1145 774 ptirent,
1169 700 1247 774 vel
1271 692 1470 774 statuto
1507 706 1734 774 tempore
1771 692 2079 774 adaposto-

563 762 728 830 licam
759 762 1152 828 sedem'veniot'.
1205 770 1427 826 Interim
1461 762 1763 822 animarum
1800 762 1904 818 sibi
1939 774 2082 815 com-

567 847 854 900 missarum
877 859 1064 898 curam
1085 842 1297 898 habeat.

565 935 873 992 Caesonius
896 933 1209 1004 episcopus,
1245 947 1437 988 servus
1468 943 1751 986 servorum
1782 924 1903 992 Dei,
1937 913 2082 978 [vom
2171 942 2176 950 -

473 1025 677 1097 ,abbati
708 1025 1028 1081 monasterii
1055 1024 1242 1080 Sancti
1275 1021 1522 1095 Dionysii
1553 1020 1610 1076 in
1633 1017 1866 1074 Parisio.

569 1116 720 1174 Licet
762 1115 1023 1175 Romamn
1060 1115 1318 1176 Ecclesia:
1365 1112 1775 1170 excusationem
1828 1106 2086 1164 introitus

471 1208 580 1270 .tui
619 1207 789 1280 Algisi
822 1207 1075 1263 monachi
1103 1207 1273 1264 vestri
1307 1205 1471 1262 verba
1503 1201 1828 1276 jampridem
1855 1197 2086 1268 replica-
2165 1237 2172 1245 ι

497 1303 694 1372 verlnt,
739 1303 866 1360 licet
904 1317 972 1358 ex
1014 1310 1167 1373 parte
1229 1300 1393 1371 ﬁdem
1435 1298 1594 1354 nobis
1648 1294 1926 1357 dederint,
1968 1304 2088 1348 cre-

500 1400 940 1461 scentemtameu
961 1391 1266 1471 infamiam,
1292 1400 1348 1447 et
1373 1404 1546 1462 usque
1567 1388 1635 1444 ad
1659 1386 1842 1442 sedem
1863 1390 2089 1454 aposto—

501 1485 664 1544 licam
685 1487 801 1558 jam
831 1501 864 1542 a
888 1486 1140 1557 pluribus
1169 1485 1429 1556 delatam,
1466 1482 1832 1539 indiscussam
1854 1474 2088 1532 transire

474 1591 603 1646 (nec
640 1592 940 1648 possumus
977 1592 1080 1634 nec
1125 1577 1404 1633 debemus.
1456 1573 1800 1644 Quapropter
1831 1569 1878 1626 si
1912 1564 2089 1623 conti-

501 1668 640 1738 gerit
668 1667 774 1724 hac
800 1667 858 1723 in
886 1675 1074 1732 testate
1115 1667 1322 1739 legatos
1363 1672 1584 1721 nostros
1631 1662 1701 1718 ad
1739 1667 1924 1732 partes
1967 1655 2089 1711 illas

500 1759 796 1830 proﬁcisci,
833 1760 1182 1832 praecipimus
1227 1768 1286 1814 ut
1315 1773 1500 1814 coram
1541 1756 1621 1814 eis
1663 1766 1889 1810 causam
1936 1745 2124 1816 Ohio—-

500 1850 698 1908 ctionis
739 1860 847 1908 tum
883 1852 1168 1924 diligenter
1188 1865 1450 1920 exponas,
1477 1857 1532 1904 et
1559 1844 1868 1902 dillinitioni
1895 1854 2087 1898 eorum

502 1941 818 1998 obedienter
849 1958 1062 2012 pareas.
1115 1939 1353 2008 Quod‘si
1390 1937 1610 2008 aliquod
1640 1934 2087 2006 impedimentum

501 2031 607 2086 hoc
633 2031 750 2088 fieri
775 2048 884 2088 non
909 2032 1238 2104 permiserit,
1260 2031 1462 2086 abhinc
1501 2044 1675 2100 usque
1715 2027 1782 2082 ad
1823 2023 2090 2081 festivita-

503 2128 612 2177 tem
649 2123 824 2180 sancti
865 2123 1094 2180 Andreae
1121 2123 1186 2178 de
1217 2121 1444 2192 objectis
1478 2132 1846 2190 responsurus
1877 2114 1948 2170 ad
1987 2128 2089 2169 nos

501 2213 710 2269 venias.
768 2213 991 2270 Interim
1031 2222 1081 2268 te
1115 2213 1368 2270 volumus
1401 2213 1543 2269 circa
1565 2225 1754 2267 curam
1779 2207 2090 2264 animarum

505 2306 851 2362 subditarum
897 2306 994 2362 tibi
1040 2315 1325 2364 strenuum
1371 2305 1772 2374 sollicitumque
1819 2299 2086 2366 exhiberi,

503 2406 797 2468 quatenus,
827 2413 954 2456 cum
985 2398 1051 2456 ad
1075 2414 1177 2453 nos
1201 2398 1436 2464 veneris,
1459 2397 1638 2468 ipsum
1675 2395 1832 2450 bona:
1859 2406 2090 2449 conver-

504 2489 736 2546 sationis
767 2489 1007 2544 studium
1041 2497 1154 2544 tam
1184 2497 1255 2556 te,
1283 2504 1453 2559 quam,
1487 2488 1611 2544 illos
1633 2485 1836 2557 quibus
1853 2497 2090 2554 praeesse

502 2581 726 2647 videris,
779 2582 958 2638 valeat
1001 2581 1406 2648 commendare,
1461 2587 1517 2635 et
1559 2577 1729 2650 Algisi
1762 2578 1906 2633 bona
1929 2575 1997 2631 de
2035 2582 2090 2630 te

504 2673 792 2732 referentis
827 2675 989 2732 verba
1024 2673 1368 2732 confirmare.

574 2765 710 2822 Data
741 2767 948 2836 Roma,
986 2777 1182 2826 octavo
1223 2767 1496 2824 Kalendas
1530 2766 1753 2838 Aprilis,
1791 2763 2088 2822 indictione

505 2858 718 2916 decima
753 2861 933 2920 tertia.

1025 2973 1362 3032 EPISTOLA
1399 2971 1562 3029 LXV.

859 3085 928 3124 AD
961 3085 1233 3126 IONACBOS
1265 3085 1452 3126 BANC'I'I
1487 3083 1734 3126 DIONYSII.

1092 3159 1272 3231 (Anno
1326 3157 1510 3231 1075.)

509 3247 865 3320 Hortatur-ad
886 3251 1222 3306 concordiam
1245 3259 1296 3304 et
1318 3265 1523 3320 pacem,
1555 3247 1682 3301 dum
1718 3261 1898 3320 eorum
1920 3243 2092 3320 abbas

579 3336 634 3373 se
661 3321 724 3374 de
770 3319 1010 3405 Simonia
1053 3314 1406 3392 purgaturus,
1445 3317 1525 3372 vel
1565 3333 1743 3372 coram
1770 3315 1980 3387 legatis,
2013 3314 2094 3371 uel

485 3407 489 3410 ’
580 3406 758 3444 coram
783 3408 838 3446 se
862 3401 1054 3446 veniat.
1820 3409 1828 3415 “

592 3481 903 3541 Gnsconws
937 3484 1250 3554 episcopus,
1287 3497 1484 3539 servus
1513 3495 1792 3537 servorum
1822 3478 1938 3544 Dei,
1974 3490 2095 3532 mo-

508 3578 702 3634 nachis
728 3576 1045 3632 monasterii
1080 3574 1267 3632 Sancti
1307 3564 1571 3646 Dionysii,
1607 3573 1840 3628 salutem
1871 3577 1929 3625 et
1957 3583 2094 3642 apo-

511 3669 764 3725 stolicam
803 3664 1260 3723 benedictionem.

590 3757 809 3814 abbatis
845 3757 1013 3812 vestri
1050 3754 1231 3812 lvonis
1256 3753 1480 3812 infamia
1508 3751 1925 3824 quampluribus
1954 3747 2096 3806 refo-

509 3851 757 3906 rentibus
791 3849 860 3905 ad
889 3863 1051 3904 aures
1095 3854 1313 3904 nostras
1352 3861 1528 3916 usque
1557 3843 1817 3916 pervenit,
1847 3842 2096 3900 videlicet

509 3942 657 4012 quod
681 3941 1013 4007 Simoniaee,
1045 3942 1152 3996 hoc
1180 3947 1268 3995 est
1294 3954 1391 4010 per
1421 3938 1785 3994 interventum
1829 3935 2092 4006 pecunias,

511 4033 808 4088 obtinuerit
842 4032 1138 4100 abbatiam,
1177 4031 1336 4103 cujus
1375 4031 1456 4088 rei
1495 4045 1682 4098 causa,
1723 4029 1854 4101 quia
1903 4027 2096 4098 hujus-

508 4126 657 4184 ωσιιί
689 4125 977 4184 infamiam
1011 4125 1380 4183 indiscussam
1402 4123 1680 4196 praeterire
1699 4135 1809 4180 non
1832 4120 2095 4178 debemus

509 4239 609 4280 nec
628 4240 946 4296 possumus,
969 4239 1064 4296 per
1095 4222 1308 4280 litteras
1339 4230 1556 4278 nostras
1588 4219 1692 4275 sibi
1731 4215 2095 4290 praecipiendo

507 4319 908 4385 mandavimus,
955 4326 1016 4375 ut
1058 4317 1250 4388 legatis
1298 4307 1536 4380 nostris,"
1571 4313 1618 4370 si
1652 4312 1756 4368 hac
1795 4317 1985 4366 estate
2027 4307 2095 4364 ad

1136 239 1194 294 8.
1235 232 1562 294 GREGORH
1595 230 1686 288 VII
1719 227 1938 302 ΡΛΡΛΕ.
1963 225 2094 282 OPE

2198 224 2244 280 li
2283 221 2468 282 PARS
2497 219 2552 274 Ι-
2575 247 2644 260 —-
2679 209 3100 281 REGISTRCM.

2102 343 2148 412 Α
2175 339 2403 395 sollicite
2427 336 2708 407 invigilare
2737 344 3016 402 antiquam
3043 322 3395 398 negligimus,
3423 321 3520 381 sed
3560 335 3743 382 secula

2049 467 2055 472 -
2163 429 2307 512 dum
2331 426 2654 499 Apostolum
2679 424 2908 480 honeste
2929 427 3130 480 etcum
3152 415 3346 472 ordine
3384 413 3566 472 facere
3603 413 3773 478 vola,-

3639 198 3768 258 ιιδ

2179 536 2323 574 mus.
2369 516 2526 574 Sicut
2567 515 2713 570 enim
2747 517 3028 566 nocentem
3054 506 3355 579 justillcare
3388 501 3549 582 nobis
3571 501 3775 582 admo-

2179 611 2310 668 dum
2331 616 2414 665 cst
2435 603 2756 668 timendum,
2780 601 2854 656 ita
2875 609 2931 654 ct
2951 598 3295 659 innocentem
3317 581 3584 650 damnare
3606 581 3776 646 valde

2179 699 2569 772 periculosum.
2615 693 2689 748 De
2729 699 2926 748 cetero
2954 683 3248 760 prudenter
3268 699 3368 739 vos
3389 682 3604 748 habete,
3625 681 3774 734 dilo-

2182 770 2412 846 ctissimi
2436 787 2552 853 lilii,
2579 796 2850 840 memores
2881 777 3053 835 nostri
3077 777 3132 832 in
3155 772 3500 831 orationibus
3540 770 3770 826 vestris.

2249 877 2381 932 Data
2427 875 2633 944 Romzr,
2679 881 2870 928 octavo
2899 866 3180 924 Kalendas
3209 862 3440 937 ,Aprilis,
3472 860 3775 917 indictione

2183 971 2395 1028 decima
2426 965 2606 1022 tertia.

2691 1051 3027 1108 EPISTOI.A
3070 1044 3254 1108 LXVI.
3362 1033 3366 1038 ’

2292 1147 2358 1186 ΔΙ)
2393 1139 2744 1186 ιιυιιειιςωοιτιι
2781 1135 3314 1181 ΙΙᾹΙΒΕΚδΤΔῦΙΕΝΞΙ-ἉΙ
3348 1131 3656 1175 EPISCOI'UII.
3735 1190 3742 1198 '

2771 1212 2952 1285 (Anno
3001 1209 3184 1280 1075.)

2187 1307 2462 1383 Praecipit,
2487 1309 2630 1364 sicut
2647 1313 2769 1361 ante
2788 1321 2880 1376 per
2903 1303 3104 1383 legatos
3125 1301 3340 1383 fecerat,
3369 1307 3428 1353 ut
3459 1296 3775 1370 fornicatio-

2659 1370 2798 1432 nem"
2811 1389 2876 1430 ea:
2913 1370 3054 1430 clero
3080 1370 3290 1427 evellet.

2254 1477 2564 1534 Caesonius
2590 1470 2911 1543 "episcopus,
2938 1479 3133 1523 servus
3151 1477 3439 1520 servorum
3471 1459 3593 1525 Dei,
3631 1458 3774 1513 Bon-

2184 1581 2394 1627 enim
2445 1563 2779 1621 Helvestensi
2817 1561 2999 1634 [ίαν-ιε.
3037 1555 3500 1613 Halberstndiensi
3537 1553 3616 1608 vel
3646 1552 3775 1608 lla!-

2119 1687 2164 1742 B
2189 1657 2534 1724 herstatensi,
2557 1664 2608 1712 et
2637 1655 2716 1709 sic
2735 1655 2793 1708 in
2819 1647 3046 1722 Mittin.)
3071 1647 3506 1718 archiepiscopo,
3544 1644 3774 1700 salutem

2187 1763 2244 1812 et
2277 1751 2637 1825 apostolicam
2671 1744 3126 1804 benedictionem.

2259 1841 2378 1899 Non
2407 1841 2664 1912 ignorare
2700 1843 2775 1902 te,
2819 1833 2990 1892 frater
3014 1831 3356 1897 charissima,
3390 1827 3669 1884 credimus
3705 1827 3775 1881 de

2188 1932 2446 1988 ordinum
2465 1926 2962 1984 ecclesiasticarum
2981 1921 3232 1978 castitate
3256 1929 3458 1976 sancta:
3476 1917 3623 1973 sedis
3647 1930 3778 1986 apo-

2189 2023 2394 2081 stolicae
2437 2027 2646 2078 statuta
2685 2025 3095 2073 antecessorum
3139 2021 3458 2068 nostrorum
3503 2017 3562 2064 et
3590 2015 3776 2063 nostro

2188 2115 2448 2184 deinceps
2475 2110 2660 2169 studio
2687 2124 2784 2179 per
2803 2090 3014 2163 litteras
3043 2114 3099 2162 et
3125 2105 3332 2175 legatos
3364 2103 3528 2173 longe
3567 2100 3778 2170 lateque

2189 2207 2551 2278 promulgata.
2608 2200 2746 2256 Nam
2795 2209 2851 2254 et
2893 2211 3038 2254 anno
3091 2195 3430 2268 praecedente
3469 2189 3779 2248 confratres

2190 2297 2365 2353 nostri
2393 2303 2450 2351 et
2481 2291 2722 2365 episc0pi
2744 2292 2799 2346 in
2821 2297 3003 2362 partes
3029 2287 3150 2344 illas
3175 2287 3366 2343 directi
3415 2295 3466 2340 te
3507 2295 3779 2338 convene-

2189 2396 2338 2454 runt,
2361 2393 2415 2441 et
2435 2393 2626 2440 nostro
2649 2382 2869 2438 nomine
2891 2379 3056 2450 hujus
3075 2378 3172 2434 tibi
3196 2376 3379 2448 operis
3407 2373 3779 2431 obedientiam

2190 2475 2490 2534 studiosius
2543 2473 2906 2529 inculcarunt.
2971 2468 3078 2524 Sed
3119 2482 3296 2538 neque
3341 2473 3634 2536 propterea
3685 2462 3782 2516 bas

2187 2573 2385 2624 rursus
2404 2567 2472 2623 de
2501 2565 2694 2622 eadem
2727 2579 2786 2619 re
2811 2563 2907 2619 tibi
2931 2563 3140 2617 litteras
3170 2558 3474 2631 superﬂuas
3505 2555 3776 2628 judicavi—

2187 2676 2336 2726 mus,
2363 2659 2626 2730 Apostolo
2649 2657 2860 2712 dicente
2885 2674 2899 2710 :
2923 2653 3162 2719 Fratres,
3186 2653 3370 2708 eadem
3391 2650 3537 2705 vobis
3550 2649 3782 2703 scribere

2173 2753 2320 2808 mihi
2357 2751 2566 2824 quidem
2599 2767 2702 2810 non
2742 2750 2952 2822 pigrum
2972 2790 2986 2814 ,
3024 2747 3165 2802 vobis
3203 2753 3379 2800 autem
3427 2743 3784 2798 necessarium

2191 2844 2417 2917 (Philip.
2457 2844 2562 2916 ιιι).
2606 2842 2662 2897 Si
2694 2842 2842 2897 enim
2873 2839 3109 2895 fratrum
3151 2847 3468 2894 nostrorum
3513 2836 3782 2891 exhorta-

2191 2935 2342 2991 tione
2377 2935 2621 2990 monitus
2655 2933 2711 2988 in
2755 2933 2812 2987 id
2859 2946 2998 3002 opus
3029 2945 3226 2986 manus
3255 2928 3516 2984 continuo
3561 2926 3783 2990 misisti,

2192 3026 2261 3082 ad
2287 3026 2392 3081 hoc
2413 3025 2671 3082 valebunt
2701 3023 2912 3106 litterae,
2945 3029 3025 3089 ut,
3067 3020 3210 3076 sicut
3226 3019 3446 3084 dicitur,
3473 3024 3786 3072 currentem

2193 3133 2420 3176 currere
2452 3116 2779 3174 concitatius
2811 3114 3175 3188 imponamus.
3219 3111 3314 3168 Sin
3343 3117 3529 3166 autem
3578 3110 3785 3164 hucus—

2193 3229 2302 3286 que
2331 3212 2580 3280 cessasti,
2617 3225 2814 3267 somno
2859 3207 3098 3279 torporis
3135 3205 3362 3276 expulso
3403 3203 3474 3260 ad
3521 3202 3787 3273 evigilan-

2193 3306 2324 3362 dum
2361 3304 2585 3362 stimulo
2611 3300 3001 3374 increpationis
3029 3298 3351 3355 excitemus.
3388 3293 3502 3351 Nos
3532 3295 3686 3350 enim
3719 3293 3786 3348 de

2196 3396 2568 3454 taciturnitate
2592 3401 2781 3449 nostra
2803 3390 3054 3449 damnari
3080 3388 3396 3452 metuimus,
3425 3385 3474 3441 si
3503 3383 3788 3440 conservis

2194 3487 2420 3554 nostris,
2465 3485 2552 3541 his
2595 3485 2833 3543 maxime
2877 3482 2972 3552 qui
3012 3481 3150 3536 alios
3180 3479 3376 3535 docere
3407 3476 3596 3532 idonei
3638 3483 3788 3542 sum,

2195 3579 2410 3642 Domini
2439 3578 2726 3650 pecuniam
2751 3575 3080 3632 distribuere
3103 3573 3445 3644 pigritamur.
3480 3567 3655 3640 Urget
3689 3583 3789 3623 nos

2195 3673 2342 3729 enim
2387 3673 2553 3727 timor
2597 3671 2744 3726 illius
2778 3667 3050 3724 maledicti
3093 3665 3240 3737 quod
3290 3679 3388 3735 per
3433 3660 3785 3717 Salomonem

2177 3765 2532 3838 depromitur
2576 3783 2590 3821 :
2641 3761 2964 3825 Maledictus
3013 3759 3168 3812 homo
3210 3757 3301 3829 qui
3349 3755 3629 3810 abscondit
3675 3755 3791 3825 [nt-

2195 3868 2371 3914 meuta
2405 3859 2462 3912 in
2482 3854 2674 3928 populo
2711 3854 2892 3925 (Prov.
2929 3851 3030 3924 x1).
3079 3849 3147 3905 Et
3184 3847 3332 3920 quod
3373 3847 3504 3904 item
3533 3862 3636 3918 per
3659 3861 3788 3918 pro-

2193 3949 2416 4020 phetam
2450 3946 2650 4003 dicitur
2675 3963 2688 4000 :
2716 3943 3034 4000 Haledietus
3070 3939 3224 3996 hanno
3257 3938 3348 4010 qui
3389 3937 3633 4008 prohibet
3675 3936 3790 4010 gla-

2195 4043 2344 4096 dium
2379 4055 2534 4096 suum
2567 4056 2600 4093 α
2629 4036 2888 4108 sanguine
2925 4033 3060 4106 (Jer.
3109 4031 3323 4102 ειν-ιιι),
3349 4029 3407 4086 id
3434 4038 3522 4086 est
3559 4030 3786 4086 verbum

2194 4129 2596 4202 prtedicationis
2620 4129 2688 4184 ab
2710 4126 3080 4197 increpatione
3103 4123 3428 4180 carnalium.
3464 4119 3623 4176 Sicut
3642 4121 3785 4176 enim

2197 4239 2298 4280 nos
2319 4223 2387 4279 ad
2415 4221 2746 4292 loquendum
2775 4218 3060 4290 superiora
3089 4215 3340 4290 exempla
3373 4212 3685 4284 impellunt,
3714 4211 3786 4266 ita

2195 4321 2252 4371 et
2290 4327 2383 4369 vos
2416 4327 2538 4384 quae
2583 4311 2650 4366 de
2691 4309 2997 4366 ohedicntia
3032 4307 3240 4380 passim
3285 4305 3490 4376 scripta
3533 4303 3791 4374 leguntur

488 4411 691 4479 partes
723 4410 845 4465 illas
868 4425 935 4465 eo
955 4409 1144 4464 venire
1170 4408 1476 4478 contigerit,
1505 4407 1574 4462 de
1609 4403 1840 4475 objectis
1869 4418 1929 4458 se
1962 4417 2095 4472 pun-
2125 4420 2170 4476 ι)
2197 4404 2558 4460 adhortantur
2600 4417 2724 4472 quae
2757 4399 2992 4482 dicimus
3039 4398 3278 4478 fraterna
3309 4395 3792 4452 charitate'susci-

508 4511 763 4568 gaturum
783 4499 1058 4555 exhibeat.
1117 4496 1274 4564 Quod
1306 4496 1356 4552 si
1377 4494 1652 4565 aliquibus
1687 4491 2094 4548 intervenienti-

481 4590 818 4685 (bus-causis
844 4589 1018 4685 legati
1036 4604 1146 4685 non
1170 4587 1436 4685 venerint,
1468 4586 1668 4642 abhinc
1693 4600 1874 4656 usque
1906 4584 1976 4638 ad
1999 4581 2094 4638 fe-

497 4676 804 4736 ‘stivitatem
847 4680 1024 4737 sancti
1065 4679 1295 4735 Androm
1327 4677 1395 4734 de
1428 4676 1656 4748 objectis
1699 4689 2094 4746 responsurum

493 4785 571 4860 lse
597 4777 800 4827 nostras
821 4770 1112 4827 audientiae
1132 4775 1500 4840 repraesentet.
1543 4765 1887 4836 Quapropter
1905 4764 2096 4820 admo-

512 4877 706 4918 nemus
729 4862 1050 4934 religionem
1069 4869 1310 4920 vestram
1328 4866 1390 4914 ut
1413 4856 1628 4914 interim
1650 4856 1790 4911 inter
1817 4869 1916 4912 vos
1947 4851 2095 4908 nulla

509 4952 803 5018 discordia,
847 4952 1062 5008 nullum
1094 4952 1332 5008 schisma
1372 4949 1644 5007 diabolica
1680 4945 1873 5004 fraude
1906 4953 2095 5003 natum

510 5041 858 5110 inveniatur;
904 5040 1014 5111 ipsi
1040 5041 1186 5096 enim
1224 5041 1380 5098 scitis
1405 5040 1536 5112 quia
1567 5040 1622 5094 in
1651 5039 1893 5096 scissura
1936 5049 2096 5090 men-

511 5133 650 5189 tium
680 5131 826 5189 Deus
853 5148 969 5189 non
1008 5131 1239 5197 habitat,
1275 5132 1385 5188 sed
1405 5129 1656 5202 religioni
1689 5138 1853 5200 atque
1889 5125 2098 5188 ordinis

510 5226 678 5284 vestri
724 5222 1096 5283 observationi
1149 5223 1336 5282 sedato
1379 5225 1565 5284 animo
1605 5239 1672 5282 ac
1707 5236 1923 5278 summa
1969 5233 2096 5276 cum

2191 4511 2339 4566 pere.
2358 4491 2495 4549 Nam
2509 4493 2711 4566 legitur
2728 4493 2869 4564 apud
2886 4489 3195 4546 Samu'elcm
3212 4508 3226 4544 :
3253 4487 3442 4544 Melior
3453 4495 3533 4542 est
3545 4486 3790 4546 obedien.

2195 4587 2274 4642 tia
2303 4598 2462 4658 quam
2483 4585 2716 4639 victimas
2745 4598 2764 4638 :
2790 4591 2840 4637 et
2870 4580 3174 4637 auscultare
3207 4579 3376 4650 magis
3410 4593 3570 4652 quam
3601 4577 3788 4647 o/j'em

2194 4677 2405 4748 adipem
2427 4675 2674 4729 arietum.
2711 4671 2976 4739 Quoniam
3011 4671 3166 4744 quasi
3193 4677 3466 4742 peccatum
3505 4666 3786 4722 hariolan-

2195 4768 2254 4824 di
2293 4775 2406 4833 est,
2455 4779 2745 4836 repugnare
2777 4779 2796 4816 :
2833 4771 2883 4816 et
2915 4761 3070 4832 quasi
3105 4758 3276 4817 sectus
3305 4754 3609 4829 idolatriae,
3650 4753 3787 4810 nolle

2194 4858 2524 4929 acquiescere
2583 4851 2660 4926 (ει
2684 4853 2812 4924 Reg.
2838 4867 2911 4906 xv
2935 4851 2985 4924 ).
3033 4847 3191 4918 Quod
3241 4849 3441 4904 beatus
3491 4845 3788 4918 Gregorius

2195 4948 2253 5011 in
2291 4945 2590 5034 Mpralibus
2616 4943 2730 5014 (lib.
2767 4958 2930 5008 xxxv,
2963 4956 3015 5007 c,
3044 4939 3133 5012 10)
3157 4952 3438 5022 exponens
3457 4935 3626 4994 dicit:
3649 4933 3782 4992 Obe-

2194 5019 2402 5097 dientia
2433 5049 2565 5106 ergo
2606 5041 2692 5090 est
2735 5033 2855 5091 sine
2885 5047 3016 5102 qua,
3051 5019 3304 5101 quamvis
3333 5027 3513 5084 ﬁdelis
3553 5026 3785 5098 quisquo

2195 5129 2466 5194 videatur,
2507 5123 2744 5183 infidelis
2779 5135 2902 5178 esse
2939 5119 3302 5185 convincitur.
3355 5116 3604 5187 Denique
3637 5113 3786 5170 novit

2197 5218 2511 5276 fraternitas
2553 5223 2646 5274 tua
2691 5229 2830 5286 quas
2867 5210 3227 5284 proponimus
3269 5208 3488 5280 regulas
3517 5223 3552 5268 a
3585 5206 3784 5268 sanctis
