3982 5316
177 336 297 394 ιηι

1191 319 1394 385 LIBER
1433 322 1817 382 SECUNDUS.
1854 353 1923 364 -ο
1962 319 2183 379 EPIST.
2216 318 2447 380 LXYlll.

3332 320 3438 377 H8

179 446 333 522 guilt,
357 453 414 502 et
437 444 637 509 larum
668 440 980 501 testimonio
999 440 1306 497 litterarum
1327 441 1543 511 plenius
1572 440 1749 495 incul-
1777 443 1827 500 Α
1848 434 2125 491 dilectioni
2158 443 2265 491 tua:
2295 435 2633 506 injungimus
2660 435 3110 507 compendiosius
3134 433 3439 491 ρίιῑαιοῑιιε-

177 549 309 605 cata,
342 534 571 595 ﬁdeliter
593 533 932 605 exsequeris,
966 533 1035 588 de
1069 546 1203 603 agro
1237 530 1523 587 Dominico
1547 529 1755 586 zizania

178 629 430 695 eradicas,
475 625 812 683 frumentum
847 639 1163 691 conserves,
1194 632 1376 681 castos
1396 629 1450 679 ct
1472 623 1758 694 religiosos

177 720 413 785 clericos,
449 725 512 773 ut
535 718 617 773 tui
640 715 801 773 ofﬁcii
825 721 1234 785 cooperatores,
1276 714 1507 785 benigne
1549 711 1756 781 foveas,

177 810 403 899 lubricos
434 818 491 863 et
522 807 924 865 incontinentes
956 813 1056 861 aut
1092 804 1627 876 paternecorrigas,
1665 812 1761 861 aut

179 897 560 974 incorrigibiles
581 916 613 956 a
647 900 820 956 sacris
843 898 1110 955 altaribus
1138 913 1361 962 arceas;
1406 906 1463 953 et
1508 897 1614 952 nisi
1651 897 1760 953 tuis

176 994 637 1053 exhortationibus
664 991 1076 1062 acquiescentes
1119 990 1464 1063 resipiscam,
1496 1005 1597 1046 nec
1634 989 1760 1046 laici

178 1086 325 1142 etiam
351 1083 595 1141 cilicium
620 1076 811 1139 eorum
842 1080 1118 1136 ullatenus
1140 1079 1388 1146 audiant,
1412 1088 1474 1135 ut
1496 1092 1638 1151 quos
1660 1094 1761 1136 nec

178 1178 327 1234 timor
354 1191 458 1233 nec
487 1190 649 1230 amor
696 1172 916 1228 divinus
961 1170 1301 1241 compungit,
1349 1170 1527 1241 pudor
1567 1171 1762 1226 saltem

178 1272 435 1327 humans
457 1267 710 1323 retrahat
728 1264 795 1319 ad
825 1263 1199 1321 sobrietatem.
1257 1260 1354 1317 llis
1389 1262 1436 1317 si
1477 1262 1763 1332 vigilanter

178 1358 445 1425 institeris,
479 1366 537 1413 et
564 1345 946 1411 inobedientire
997 1354 1214 1423 culpam
1263 1352 1473 1424 poteris
1512 1353 1759 1419 evadere,

179 1458 225 1507 et
246 1464 275 1503 a
301 1446 538 1502 Domino
563 1444 851 1516 prtemium
880 1442 980 1500 tibi
1008 1441 1297 1514 multiplex
1343 1451 1399 1496 et
1446 1441 1764 1503 indeticiens

180 1554 504 1611 comparare.

243 1631 368 1687 Data
396 1629 613 1696 Roma,
653 1618 854 1700 quarti)
882 1626 1153 1685 Kalendas
1195 1626 1421 1697 Aprilis,
1464 1626 1764 1683 indictione

181 1724 373 1779 decima
404 1722 592 1778 tertia.

666 1831 1004 1889 EPISTOLA
1053 1830 1262 1886 LXVII.

326 1944 393 1982 AD
430 1942 685 1983 Αδκωει
718 1940 1083 1982 ουιοκιεκιει
1122 1939 1593 1983 Ακοιιιειηεεονωι.

760 2018 942 2087 (Anno
990 2017 1176 2088 1075.)

189 2112 245 2168 Ut
272 2110 449 2166 habito
474 2127 701 2166 auorum
735 2110 1096 2181 episromrum
1133 2109 1360 2163 concilio
1394 2109 1605 2181 decreto
1631 2123 1763 2179 apo-

242 2183 434 2239 stolica:
474 2183 619 2238 sedis
654 2182 719 2235 de
746 2182 992 2237 castitate
1026 2180 1339 2235 clericorum
1371 2180 1687 2251 promulgat,
1714 2187 1765 2233 et

241 2253 488 2307 servanda
519 2265 693 2307 curet.
738 2251 969 2322 Exponit
1010 2269 1212 2323 quoque
1239 2268 1292 2305 se
1319 2252 1373 2306 in
1406 2253 1606 2322 synodo
1641 2267 1767 2305 con-

245 2334 320 2379 tra
344 2323 688 2379 Simoniacos
718 2332 922 2377 statuta
954 2324 1315 2392 conﬁrmasse.

241 2416 543 2471 Gssccnws
583 2416 903 2486 episcopus,
946 2428 1140 2470 servus
1187 2429 1467 2469 servorum
1502 2412 1617 2480 Dei,
1660 2412 1769 2469 Ax-

187 2522 290 2563 roau
312 2507 635 2564 Coloniensi
669 2507 1110 2578 archiepiscopo,
1142 2506 1374 2562 salutem
1416 2514 1467 2561 ct
1509 2505 1769 2577 apostoli-

190 2614 293 2653 cam
318 2598 791 2655 benedictionem.

243 2692 464 2759 constat
488 2690 802 2748 Ecclesium
838 2690 1223 2747 Coloniensem
1252 2692 1394 2748 inter
1422 2700 1647 2750 czetcras
1678 2708 1768 2749 rc-

189 2784 267 2854 gul
300 2783 594 2841 Teutonici
624 2783 901 2841 Ecclesias
944 2792 1147 2840 sancta:
1182 2793 1238 2840 et
1279 2787 1592 2856 apostolicae
1631 2786 1768 2853 sedi,

189 2878 265 2932 cui
307 2876 415 2933 Deo
456 2885 694 2933 auctore
724 2878 1086 2945 descrvimus,
1115 2876 1189 2932 ita
1230 2876 1351 2933 ﬁde
1380 2886 1435 2933 et
1479 2878 1775 2934 dilectione

189 2978 335 3040 atque
359 2970 653 3041 obsequiis
680 2969 753 3025 ab
781 2970 942 3026 anuis
980 2970 1259 3041 prioribus
1300 2985 1425 3027 esse
1463 2972 1773 3026 devinctam

191 3070 243 3116 ut
260 3063 521 3135 singulari
557 3062 937 3119 familiaritate
980 3070 1037 3117 et
1081 3062 1258 3134 gratia
1305 3062 1591 3118 charitatis
1628 3062 1773 3132 apud

1857 541 1965 597 que
1993 527 2367 595 prosequaris,
2408 542 2535 583 cum
2578 527 2841 585 fratribus
2872 538 2928 584 et
2966 527 3308 600 coepiscopis
3328 527 3440 583 tuis

1857 615 2153 670 concilium
2176 624 2230 671 te
2248 631 2444 687 cogere
2474 617 2792 685 suademus,
2818 618 2871 673 in
2893 634 3025 689 quo,
3060 634 3229 690 quam
3259 618 3441 673 maxi-

1857 720 1949 761 mo
1978 706 2185 775 poteris
2214 706 2545 765 clericorum
2579 718 2724 769 cmtu
2769 719 3121 782 congregato,
3162 710 3310 782 leges
3341 725 3440 767 ca-

1857 797 2087 852 nonicas
2115 805 2170 851 et
2211 797 2357 853 sedis
2396 800 2708 868 apostolicae
2747 801 3148 868 auctoritatem,
3180 809 3444 871 tuamque

1857 897 1914 953 et
1926 888 2265 944 confratrum
2288 890 2556 955 omnium,
2574 899 2818 961 patenter
2831 891 3224 963 promulgabis,
3237 901 3443 961 quanta

1857 979 2125 1036 castitatis
2147 978 2220 1034 sit
2237 979 2434 1046 virtus,
2467 995 2741 1050 quamque
2770 981 3155 1037 ecclesiasticis
3183 981 3444 1051 gradibus

1859 1071 2192 1136 necessaria,
2243 1086 2340 1127 seu
2378 1087 2545 1141 quam
2589 1070 2789 1142 Sponsi
2834 1073 3063 1144 virginis
3102 1082 3158 1128 et
3205 1072 3445 1144 Virginis

1859 1177 2077 1231 sponsae
2095 1161 2446 1217 cubiculariis
2471 1162 2545 1217 sit
2562 1170 2897 1232 competens,
2927 1171 3007 1230 ut,
3042 1162 3153 1219 Deo
3183 1164 3444 1229 donante,

1860 1252 2027 1319 nosti,
2066 1253 2231 1309 latius
2269 1268 2570 1323 exponens.
2598 1252 2841 1311 Subinde
2874 1255 3105 1310 firmiter
3126 1256 3448 1325 pronuntia-

1860 1348 1946 1404 bis
1987 1364 2098 1405 non
2144 1349 2377 1405 ulterius
2422 1349 2529 1404 sibi
2574 1348 2737 1404 licere
2770 1349 2920 1418 quod
2950 1349 3331 1418 inperniciem
3360 1345 3449 1403 sui

1861 1440 2130 1497 hactenus
2167 1447 2534 1511 usurparunt;
2558 1454 2687 1496 cum
2727 1438 3067 1497 tolembilius
3097 1439 3323 1495 omnino
3376 1439 3451 1495 sit

1861 1547 2081 1593 cessare
2111 1532 2183 1587 ab
2204 1531 2383 1587 olileio
2409 1546 2575 1602 quam
2611 1532 2898 1599 incestam,
2923 1533 3008 1587 vel
3042 1533 3210 1587 etiam
3241 1531 3449 1586 moles-

1861 1630 1975 1679 tam
2010 1638 2114 1681 suo
2153 1622 2424 1679 Salvatori
2454 1624 2700 1695 ingerere
2734 1625 3082 1691 servitutem,
3114 1632 3170 1681 ct
3196 1626 3321 1679 inde
3344 1616 3450 1679 sibi

1863 1715 2001 1769 iram
2034 1730 2361 1771 coacervare
2403 1724 2567 1786 atque
2598 1717 2946 1787 supplicium,
2977 1718 3123 1772 unde
3163 1715 3449 1786 pnemium

1793 1817 1837 1872 Β
1862 1806 2049 1861 debuit
2072 1806 2322 1862 emereri.
2364 1804 2521 1872 Quod
2557 1808 2603 1863 si
2647 1816 2701 1863 te
2737 1807 2966 1864 ﬁdeliter
2998 1808 3115 1863 haec
3137 1817 3192 1863 et
3224 1806 3453 1861 ﬁrmiter

1861 1908 2251 1969 exsequentem
2276 1899 2556 1955 tribulatio
2583 1915 2648 1955 ac
2671 1900 2981 1970 persecutio
3016 1899 3312 1963 invenerit,
3359 1911 3450 1951 re-

1862 1988 2009 2059 spice
2034 1988 2103 2043 ad
2127 2004 2256 2043 eum
2303 1989 2399 2059 qui
2428 1989 2569 2044 dixit
2593 2006 2606 2042 :
2643 1988 2927 2061 Conﬁdite,
2952 2007 3045 2063 ego
3070 1991 3172 2045 vici
3198 1989 3454 2044 mundum

1864 2080 2047 2152 (Joan.
2075 2081 2209 2153 xvi).
2241 2079 2355 2137 Nos
2378 2096 2597 2153 quoque
2628 2083 2816 2155 clypeo
2858 2083 3003 2138 beati
3033 2081 3178 2138 Petri
3212 2082 3454 2137 munitos

1864 2177 2238 2236 indubitanter
2268 2176 2512 2245 noveris,
2545 2194 2640 2233 seu
2673 2178 2742 2233 ad
2788 2177 3127 2248 repellendos
3162 2176 3371 2242 hostes,
3406 2174 3457 2232 si

1864 2283 2185 2339 possumus,
2222 2280 2317 2323 seu
2345 2267 2413 2322 ad
2440 2268 2835 2338 protegendum
2859 2277 2913 2322 te
2938 2267 3089 2323 omni
3121 2268 3255 2322 hora
3286 2282 3455 2338 para-

1870 2359 2115 2414 tissimos
2141 2356 2393 2413 inveniri.
2427 2357 2563 2413 Illud
2594 2373 2815 2429 quoque
2857 2357 3187 2413 fraternitati
3226 2365 3332 2413 tum
3354 2371 3459 2411 no-

1868 2458 1987 2503 tum
2009 2463 2129 2504 esse
2155 2448 2431 2515 volumus,
2466 2457 2658 2504 contra
2695 2448 3065 2504 Simoniacam
3103 2448 3357 2504 haeresim
3403 2448 3457 2502 in
3544 2511 3548 2515 ,

1871 2540 2080 2611 synodo
2122 2539 2479 2595 conﬁrmasse
2517 2540 2667 2611 (nam
2711 2556 2743 2596 a
2768 2540 2975 2597 sanctis
3014 2539 3268 2596 Patribus
3299 2540 3461 2611 longe

1870 2639 1997 2691 ante
2017 2638 2221 2686 statum
2243 2632 2372 2703 est),
2404 2647 2470 2686 ac
2494 2632 2846 2688 vehementer
2869 2633 3240 2703 prohibuisse,
3273 2641 3333 2687 ut
3364 2648 3460 2687 nc-

1871 2737 1979 2793 que
2012 2722 2257 2778 ecclesiae
2313 2722 2589 2778 ullatenus
2633 2723 2963 2788 vendantur,
3003 2731 3099 2779 aut
3128 2737 3227 2793 pro
3264 2739 3469 2779 manus

1872 2811 2222 2884 impositioue
2264 2813 2498 2882 pretium
2531 2812 2849 2883 accipiatur.
2885 2812 3043 2880 Quod
3073 2814 3119 2869 si
3156 2813 3262 2868 hoc
3298 2813 3464 2868 modo

1875 2901 2163 2977 ordinatus
2186 2901 2387 2972 aliquis
2421 2900 2608 2969 fuerit,
2648 2917 2775 2957 eum
2820 2918 2851 2956 a
2888 2902 3070 2957 missae
3095 2902 3463 2958 celebratione

1875 3002 1931 3051 et
1954 2993 2236 3065 Evangelii
2280 2993 2515 3049 lectione
2544 2993 2876 3052 omnimodis
2916 3009 3285 3062 removcmus,
3314 3002 3374 3048 et
3404 3000 3467 3049 ut

1876 3086 1994 3142 haec
2014 3085 2302 3156 diligenter
2336 3084 2637 3140 observetis
2667 3085 2885 3140 enixius
2910 3086 3291 3141 admonemus.

191 3171 294 3211 eam
328 3163 601 3228 tanquam
628 3155 777 3227 apud
806 3165 1038 3210 matrem
1067 3155 1389 3210 dulcissima
1412 3155 1521 3210 tilia
1550 3154 1776 3225 praepol-
1801 3178 1842 3235 C
1942 3175 2078 3231 nam
2120 3154 2331 3243 home,
2376 3183 2578 3246 quam,
2604 3174 2876 3233 Kalendas
2910 3175 3137 3246 Apruis’
3170 3176 3469 3234 indicum

191 3250 301 3305 leat.
345 3249 523 3318 Quem
570 3250 963 3305 benevolentiae
1003 3247 1296 3304 laudabilis
1332 3263 1493 3304 usum
1518 3247 1588 3302 ab
1616 3254 1775 3301 ante-

193 3344 490 3400 cesset-ibus
518 3342 735 3399 nostris
770 3343 838 3398 ad
877 3356 980 3398 nos
1006 3357 1182 3412 usque
1215 3341 1506 3397 deductum
1547 3354 1654 3394 non
1685 3353 1778 3393 so-

194 3434 292 3490 lum
326 3437 652 3504 observare,
692 3436 790 3492 sed
821 3436 984 3491 etiam
1020 3434 1282 3506 ampliare
1322 3440 1378 3488 et
1425 3441 1781 3505 augmentare

195 3542 279 3595 pro
302 3540 484 3584 rerum
514 3527 936 3598 opportunitate
955 3535 1011 3581 ct
1039 3535 1347 3596 temporum
1377 3526 1556 3579 modis
1595 3524 1779 3578 omni-

194 3615 285 3673 bus
305 3632 423 3673 sum
445 3626 710 3688 paratus.
744 3616 884 3672 Hinc
920 3617 1109 3684 etiam,
1144 3616 1467 3672 charissime
1496 3614 1684 3682 frater,
1713 3615 1783 3670 de

196 3707 482 3764 abedicntia
506 3708 597 3765 tui
613 3708 867 3765 securior
884 3707 1194 3769 fiducialius
1212 3706 1475 3763 adhortor
1490 3716 1545 3761 et
1558 3721 1780 3775 moneo,

196 3805 340 3869 atque
356 3800 683 3857 communis
712 3798 922 3856 domini
949 3800 1099 3856 beati
1125 3798 1271 3855 Petri
1299 3801 1625 3855 auctoritate
1644 3814 1783 3871 prte-

198 3891 343 3963 cipio,
373 3901 436 3950 ut
458 3893 533 3949 ad
570 3893 885 3949 castitatem
919 3892 1672 3966 clericOrum‘pmdicandam
1710 3898 1787 3946 at-

199 3997 293 4053 que
308 3983 723 4051 inculcandam,
735 3982 893 4054 juxta
914 3980 1139 4039 Patrum
1160 3981 1402 4049 decreta,
1425 3990 1479 4037 et
1495 3982 1788 4039 auaorita-

200 4080 296 4128 m
314 4089 621 4141 menum,
641 4089 774 4128 cum
789 4072 1146 4144 suﬂ'ragaueis
1170 4073 1280 4129 tuis
1301 4073 1557 4128 omnibus
1576 4072 1789 4129 studio-

200 4165 302 4224 sius
311 4167 645 4239 accingaris,
661 4173 722 4220 ut
733 4180 951 4236 sponsae
959 4163 998 4220 C
1006 4165 1183 4231 hristi,
1197 4180 1321 4236 qua:
1333 4165 1604 4220 maculam
1615 4164 1790 4220 nescit

201 4265 284 4313 aut
306 4271 495 4331 rugam
535 4256 762 4327 (Ephea.
796 4254 875 4326 v),
905 4255 1205 4313 candidatas
1242 4265 1297 4311 et
1322 4255 1685 4311 immaculata:
1709 4254 1791 4310 fa—

202 4348 348 4421 milia:
376 4349 694 4421 gratiosum
717 4347 1044 4404 exbibeatur
1069 4348 1327 4409 cilicium.
1344 4346 1506 4405 Novit
1519 4347 1665 4407 enim
1680 4346 1792 4402 ira.

202 4438 415 4506 ternitas
445 4448 544 4494 tua
567 4438 703 4511 quia
728 4449 1001 4509 praecepta
1032 4439 1148 4495 haec
1182 4454 1293 4494 non
1313 4439 1382 4496 de
1409 4446 1601 4494 nostro
1626 4452 1792 4493 sensu

1876 3267 2088 3327 decima
2110 3267 2287 3323 tertia.

2358 3358 2698 3416 EPiSTOLA
2747 3358 2979 3416 LXVIII.

1945 3466 2015 3506 AD
2056 3465 2375 3504 WEZELINCI
2402 3466 2854 3505 ARCIIEPISCOPUM
2889 3466 3397 3510 MGDEURCENSEN.

2477 3541 2659 3613 (Anno
2696 3542 2879 3615 1075.)

2306 3632 2562 3704 Ejusdem
2589 3634 2698 3705 fere
2725 3636 3041 3706 argumenti.

1953 3723 2265 3780 Gnscoaws
2292 3723 2606 3795 episcopus,
2645 3741 2839 3783 servus
2875 3740 3159 3783 servorum
3188 3726 3304 3796 Dei,
3334 3727 3474 3785 Ws-

1883 3832 2072 3872 znuao
2116 3815 2495 3889 [Venenum]
2545 3816 3001 3891 Magdeburgensi
3036 3821 3474 3894 archiepiscopo,

1884 3907 2118 3964 salutem
2149 3916 2204 3963 et
2232 3909 2591 3979 apostolicam
2622 3910 3080 3969 benedictionem.

1892 4058 1897 4061 τ
1954 3998 2211 4072 Legimus
2232 3997 2420 4066 Josuc,
2443 4015 2571 4055 cum
2594 4001 2650 4055 in
2685 4002 2888 4073 populo
2923 4001 3020 4058 Dei
3051 4003 3319 4075 magistro
3343 4021 3474 4061 suc-

1886 4091 2085 4148 cedens
2107 4091 2366 4146 ducatum
2394 4092 2746 4161 suscepisset,
2775 4093 2850 4148 ita
2874 4094 3109 4150 sollicita
3139 4104 3193 4151 et
3225 4097 3475 4167 vigilanti

1888 4182 2198 4239 obedientia
2218 4182 2533 4238 exercuisse
2555 4183 2791 4240 cilicium
2816 4194 2898 4252 ut,
2926 4187 3080 4256 quod
3106 4188 3173 4241 de
3201 4188 3324 4245 aliis
3344 4200 3479 4245 raro

1888 4276 2155 4347 scriptum
2195 4283 2299 4343 est,
2338 4275 2547 4351 ctelesti
2596 4274 2771 4333 fretus
2814 4278 3033 4345 virtute,
3048 4280 3347 4336 elementis
3376 4290 3478 4351 po:

1889 4368 2183 4424 tentialiter
2210 4368 2523 4439 imperaret.
2556 4366 2693 4423 Nam
2719 4377 2773 4424 et
2802 4369 3028 4425 fluvium
3068 4370 3366 4427 Jordanem
3404 4374 3475 4429 ad

1891 4460 2187 4515 transitum
2207 4459 2483 4515 exercitus
2513 4474 2736 4516 cursum
2772 4461 3077 4517 naturalem
3110 4462 3301 4518 sistere
3323 4462 3475 4530 fecit,

203 4528 590 4623 exsculpimus,
636 4530 733 4585 sed
790 4530 1143 4623 antiquorum
1193 4528 1449 4623 Patrum“
1477 4529 1789 4623 sanctiones
1819 4534 1865 4590 Β
1890 4560 1945 4613 ct
1965 4553 2139 4609 solem
2171 4552 2398 4607 volubili
2422 4552 2726 4608 mobilitate
2748 4553 2804 4608 in
2828 4554 3086 4610 occaSum'
3107 4528 3477 4623 anhelantem,

208 4617 396 4690 Spiritu
423 4630 627 4678 sancto
657 4619 992 4691 praedicante
1025 4622 1268 4691 prolatas
1292 4620 1453 4676 cilicii
1489 4620 1666 4675 nostri
1689 4634 1785 4674 ne-

206 4713 442 4770 cessitate
458 4714 529 4769 in
549 4711 800 4768 medium
832 4713 1202 4785 propalamus,
1231 4729 1300 4768 ne
1324 4712 1459 4784 pigri
1477 4712 1620 4767 servi
1654 4713 1787 4767 sub-

208 4815 379 4859 eamus
434 4804 790 4875 periculum,
833 4803 880 4859 si
920 4803 1262 4859 Dominicam
1305 4804 1631 4876 pecuniam,
1667 4819 1791 4874 quae

209 4907 321 4949 cum
364 4894 561 4952 fenore
594 4895 927 4967 reposcitur,
960 4897 1063 4952 sub
1087 4897 1304 4952 silentio
1350 4897 1787 4966 abscondamus;

211 5000 514 5057 quanquam
557 4987 692 5042 huic
726 4994 932 5042 sanctae
977 4985 1240 5044 Romamn
1280 4987 1539 5046 Ecclesiae
1579 5004 1793 5059 semper

210 5070 354 5144 liquit
370 5091 712 5148 semperque
739 5076 926 5132 licebit
971 5086 1164 5133 contra
1188 5079 1401 5153 naviter
1426 5080 1793 5138 increscentes

212 5177 463 5222 excessus
478 5182 632 5222 nova
658 5181 876 5238 quoque
899 5167 1116 5223 decreta
1138 5178 1302 5240 atque
1322 5171 1558 5227 remedia
1591 5185 1792 5240 procu-

214 5269 323 5282 κρῆ
348 5273 466 5282 κιο-
517 5265 725 5282 ..-αευ...;

1890 4644 2066 4699 donec
2094 4642 2442 4699 adversarios
2471 4644 2848 4713 ulcisceretur,
2885 4645 3041 4715 quasi
3078 4646 3215 4701 alter
3248 4643 3481 4702 Greater

1891 4740 2039 4789 stare
2065 4733 2339 4804 praecepit.
2364 4731 2417 4788 Is
2436 4733 2603 4789 etiam
2620 4749 2823 4791 muros
2854 4734 3077 4790 Jericho
3103 4744 3330 4807 septeno
3354 4751 3480 4809 pere

1890 4824 2136 4880 lustrans
2164 4823 2399 4883 circuitu
2454 4824 2874 4882 sacerdotalium
2918 4826 3177 4899 clangore
3218 4829 3480 4884 tubarum

1891 4914 2110 4972 submit
2155 4921 2213 4968 et
2258 4915 2469 4970 evertit.
2506 4913 2689 4981 Vides,
2737 4915 3061 4973 charissime
3112 4916 3301 4988 frater,
3349 4918 3482 4991 quid
3540 4974 3551 4989 δ

1893 5007 2113 5066 fervens
2131 5007 2189 5062 in
2213 5007 2414 5063 divinis
2434 5007 2617 5063 causis
2640 5008 2880 5077 animus,
2909 5011 3040 5081 quid
3068 5020 3321 5086 prompta
3348 5013 3484 5068 ohe-

1892 5098 2096 5155 dientia
2124 5097 2406 5153 meruerit.
2443 5097 2525 5155 Ad
2558 5097 2725 5168 hujus
2757 5101 3170 5160 similitudinem
3202 5103 3331 5162 facti
3359 5119 3485 5169 nos,

1894 5188 1989 5259 qui
2025 5186 2290 5281 populum
2332 5186 2707 5281 Christianum
2751 5191 3072 5250 instituendi
3110 5194 3487 5271 magisterium
