3982 5316
488 376 595 435 ΜΩ

1104 373 1185 431 -S.
1217 365 1546 432 GREGORII
1581 364 1679 425 Vll
1711 358 1914 423 PAPJE
1942 361 2107 422 ‘OPEI

2207 360 2240 420 ii
2273 358 2454 421 mas
2485 359 2529 420 ι.
2562 354 2637 406 έ
2668 340 3091 421 uncisrnuu‘.

3646 350 3777 416 ΔΕ·

489 466 784 546 instantius
807 488 1080 561 instrepas
1116 487 1252 558 (los.
1286 485 1388 557 vi),
1411 486 1587 541 donec
1608 483 1829 540 Iericho
1859 494 2070 546 muros,
2102 487 2149 539 Α
2173 480 2456 536 strictione
2475 480 2658 536 dicere
2689 488 2744 534 et
2778 478 2957 536 facere
2977 486 3088 533 non
3120 468 3431 549 pepercisti.
3465 470 3625 532 [inde
3648 491 3761 531 nou

491 579 543 634 id
566 586 650 634 est
672 576 994 634 defectionis
1016 593 1179 647 opera
1202 586 1256 631 et
1288 575 1522 632 sordidae
1543 574 1788 629 libidinis
1816 572 2076 644 pollutio-

490 686 591 727 nes
619 670 858 741 dissipes
893 680 949 725 et
972 672 1261 726 subvertas
1301 670 1445 725 sicut
1473 669 1542 725 ad
1562 669 1887 739 prophetam
1913 666 2082 739 [sicut

493 762 860 833 ait'propheta
896 762 1062 832 (deest
1111 761 1266 832 forte,
1296 761 1517 827 dicitur,
1550 758 1751 831 illum]
1774 774 1797 814 :
1828 758 1993 811 Ροεηὶ
2033 767 2082 810 te

493 852 646 906 hodie
667 866 823 922 super
856 860 1030 922 gentes
1054 859 1106 905 et
1146 863 1306 921 regna
1334 858 1394 904 ut
1418 849 1633 916 evellas,
1657 857 1708 902 et
1736 848 2000 911 destruas,
2031 852 2082 899 et

492 943 790 1014 disperdas,
820 949 869 996 et
891 941 1136 1014 dissipes,
1158 950 1210 996 et
1240 942 1493 1012 aediﬁces,
1521 949 1571 995 et
1603 939 1812 1011 pientes
1848 936 1980 1008 (Jer.
2019 940 2078 1007 l).

491 1032 617 1091 Non
638 1043 824 1089 nostra
847 1033 1066 1090 decreta
1093 1034 1435 1106 (quanquam
1456 1033 1686 1088 licenter
1710 1031 1753 1085 si
1782 1040 1920 1100 opus
1941 1035 2085 1084 esset

494 1124 804 1195 possemus)
825 1124 983 1179 vobis
1004 1124 1386 1196 proponimus,
1416 1124 1512 1179 sed
1543 1114 1574 1178 a
1608 1122 1813 1179 sanctis
1830 1120 2086 1177 Patrihus

495 1224 698 1273 statuta
726 1228 1079 1283 renovamus,
1103 1231 1171 1272 ne
1194 1225 1385 1273 nostro
1409 1216 1630 1273 silentio
1660 1214 1807 1270 servi
1838 1212 2087 1269 Domini-

497 1323 619 1364 cam
640 1307 1337 1395 pecuniamabseondentis
1361 1307 1691 1363 sententiam
1713 1305 2086 1363 incurramus.

496 1397 733 1455 Elabora
779 1398 963 1472 igitur,
995 1397 1140 1455 insta
1174 1406 1502 1470 Opportune,
1537 1398 1870 1468 importune,
1902 1405 1964 1452 ut
1987 1396 2089 1451 do-

2177 587 2373 643 parum
2399 572 2690 629 adversum
2726 580 2781 626 te
2801 571 3071 627 commoti.
3089 585 3211 627 esse
3234 583 3535 641 possumus
3564 570 3663 640 qui
3691 568 3769 625 ad

2179 671 2548 734 contemptum
2584 664 2898 733 apostolicae
2925 662 3266 720 auctoritatis
3292 670 3611 733 nostraeque
3638 660 3769 716 fati-

2179 752 2414 824 gationis
2453 752 2801 824 dispendium
2835 753 3041 809 nostris
3073 752 3338 821 consiliis,
3367 752 3767 808 admonitioni-6

2178 846 2304 910 bus,
2332 845 2631 916 rogatibus,
2660 852 2715 901 et
2748 845 2915 916 justis
2940 844 3103 900 cilicii
3138 846 3315 901 nostri
3335 844 3770 916 dispensationi-6

2181 934 2285 990 bus
2309 944 2361 999 te
2390 934 2659 990 obsistere
2682 935 3055 1007 intelligimus,
3077 944 3137 990 ut
3165 950 3378 1005 pacem,
3399 948 3570 1005 quam
3593 934 3774 991 servis

2184 1026 2280 1083 Dei
2312 1042 2437 1082 cum
2474 1036 2681 1097 quanta
2715 1043 2813 1098 per
2839 1026 3013 1083 Deum
3042 1026 3425 1098 cognoscimus
3446 1024 3771 1081 considera—

2185 1118 2333 1173 tione
2357 1117 2584 1187 justitia:
2607 1118 2893 1188 providere
2915 1119 3190 1189 cupimus,
3219 1126 3281 1172 tu
3312 1131 3417 1172 nec
3442 1116 3559 1188 pati
3592 1116 3777 1195 possis

2186 1218 2280 1266 aut
2310 1209 2467 1265 velis.
2500 1208 2833 1282 Nunquidne
2879 1209 3165 1266 existimas
3201 1209 3490 1280 episeupos
3526 1210 3676 1264 bane
3714 1208 3774 1263 ii!

2186 1301 2447 1373 pastorali
2469 1301 2737 1378 regimine
2757 1309 3082 1372 potestatem
3097 1309 3261 1372 atque
3281 1299 3565 1355 licentiam
3583 1311 3776 1353 susce-

2186 1395 2335 1466 pisse
2364 1402 2425 1450 ut
2468 1394 2825 1459 monasteria,
2853 1409 2977 1466 quae
3020 1395 3077 1449 in
3121 1393 3239 1450 suis
3275 1392 3558 1465 parochiis
3588 1389 3779 1447 consi-

499 1507 623 1548 mus
642 1491 741 1547 Del
764 1491 863 1547 tibi
885 1493 1183 1551 commissa
1217 1492 1538 1564 puriticetur
1558 1500 1832 1564 quatenus
1852 1500 1908 1548 et
1929 1507 1963 1546 a
1992 1505 2093 1546 no-
2191 1492 2344 1542 stunt
2357 1526 2371 1551 ,
2392 1493 2661 1558 quantum
2685 1486 2858 1541 velint
2875 1485 3208 1557 opprimant,
3228 1493 3285 1541 et
3298 1483 3541 1540 studium
3556 1480 3779 1554 religio»

499 1583 587 1639 bis
616 1583 687 1638 de
718 1582 1024 1639 obedientia
1051 1592 1144 1639 tua
1167 1583 1371 1655 gratias
1393 1583 1679 1651 merearis,
1702 1590 1758 1639 et
1779 1582 1858 1638 tui
1887 1581 2094 1639 laboris
2191 1579 2279 1634 nis
2312 1593 2428 1634 suae
2456 1577 2790 1649 praelationis
2825 1578 3150 1659 occasione,
3172 1578 3289 1634 haec
3320 1586 3375 1632 et
3406 1577 3498 1637 illa
3526 1582 3782 1646 potenter

500 1662 786 1743 praimium
829 1684 1152 1746 recepturus
1188 1674 1245 1731 in
1278 1673 1500 1730 Domini
1532 1674 1611 1731 tui
1642 1674 1904 1746 gaudium
1939 1674 2095 1730 laetus
2192 1667 2460 1740 exigendo
2509 1676 2566 1724 et
2614 1675 2945 1740 potestatem
2993 1682 3152 1725 suam
3178 1668 3503 1733 exercendo,
3545 1666 3777 1723 commio

504 1762 896 1821 introducaris.

571 1852 705 1910 Data
731 1854 936 1924 Romae,
970 1873 1023 1912 IV
1061 1855 1333 1914 Kalendas
1356 1854 1581 1929 Aprilis,
1616 1856 1809 1914 indict.
1844 1873 1964 1912 xm.

1013 1962 1353 2023 EPISTOLA
1394 1966 1584 2023 LXIX.

700 2072 766 2113 AD
800 2069 1142 2116 CL’NIBERTUI
1177 2076 1471 2118 EPISCOPUM
1510 2077 1904 2119 TAURINENSEH.

1106 2150 1291 2224 (Anno
1327 2152 1512 2223 1075.)

504 2244 696 2315 Argnit
723 2244 885 2315 quod
915 2242 1171 2298 molestiis
1201 2242 1413 2313 afﬁciet
1452 2242 1735 2315 monachos
1763 2241 1952 2315 Sancti
1990 2238 2099 2296 Mi-

579 2313 797 2386 chaelis.
829 2313 1005 2386 Monet
1030 2324 1088 2369 ut
1117 2330 1441 2386 pacemgrum
1466 2314 1655 2386 abbate
1680 2316 1845 2381 ineat,
1870 2314 1950 2369 vel
1982 2320 2097 2368 sta-

582 2395 699 2440 tuta
724 2385 809 2439 die
825 2386 893 2456 ad
909 2384 1082 2440 sedem
1101 2384 1450 2456 apostolicam
1476 2385 1587 2438 litis
1603 2385 1914 2456 dirimenda:
1937 2401 2101 2440 causa

581 2456 820 2521 accedat,
857 2449 1068 2511 interim
1092 2449 1144 2511 α’
1163 2455 1417 2510 molestiis
1455 2452 1740 2525 inferendis
1767 2455 2010 2521 desistat,
2039 2471 2101 2509 ne

576 2529 691 2599 ipse
720 2520 941 2598 cogatur
962 2527 1102 2581 illud
1140 2520 1524 2582 monasterium
1543 2520 1754 2599 deejus
1782 2526 2102 2599 subjectione

552 2654 555 2657 λ
583 2596 829 2665 eximere,
853 2607 903 2652 et
924 2614 1054 2669 quos
1086 2606 1276 2653 temere
1302 2597 1811 2663 exeommunicarat,
1838 2596 2098 2651 absolvat.

583 2687 893 2745 (insecutus
928 2689 1237 2759 episcopus,
1264 2702 1454 2745 servus
1481 2701 1767 2745 servorum
1791 2688 1909 2755 Dei,
1936 2687 2101 2745 (Συκί-

513 2794 688 2835 ann-ro
723 2777 1057 2834 Taurinensi
1081 2778 1367 2850 episcopo,
1393 2779 1627 2840 salutem
1663 2786 1718 2835 et
1746 2777 2104 2849 apostolicam

516 2868 978 2926 benedictionem.

585 2960 857 3018 Decuerat
903 2969 975 3028 te,
1021 2958 1193 3017 frater
1245 2960 1593 3027 charissime,
1649 2975 1749 3032 pro
1804 2958 2107 3015 reverentia

515 3059 681 3122 quam
722 3052 882 3108 beato
913 3051 1097 3118 Petro,
1135 3053 1513 3123 apostolorum
1552 3050 1789 3123 principi
1815 3058 1871 3107 et
1900 3049 2106 3124 magis-

521 3157 608 3197 tro
634 3142 961 3200 universalis
981 3142 1259 3210 Ecclesiae,
1282 3144 1470 3210 debes,
1494 3143 1781 3199 nobiscum
1803 3140 1969 3197 etiam
1992 3156 2109 3195 ser-

518 3251 648 3293 vare
681 3237 955 3293 unitatem
1001 3246 1057 3295 et
1088 3239 1443 3299 concordiam
1479 3238 1532 3294 in
1577 3237 1796 3294 vinculo
1822 3235 2110 3293 charitatis

519 3336 576 3383 ct
608 3327 781 3398 pacis,
812 3337 869 3385 et
900 3328 1119 3385 labores
1150 3338 1394 3397 nostros,
1426 3337 1487 3384 ut
1516 3328 1571 3383 in
1615 3327 1836 3383 Christo
1875 3326 2108 3398 proiice-

521 3429 646 3478 rent
668 3430 723 3477 et
743 3421 985 3478 fructum
1027 3419 1291 3488 facerent,
1318 3423 1513 3480 saltem
1541 3421 1597 3476 in
1626 3420 1988 3477 attinentibus
2010 3420 2110 3477 tibi

521 3523 579 3569 et
600 3522 779 3569 tecum
805 3514 941 3570 actis
957 3513 1155 3585 juvare
1177 3515 1427 3585 negotiis.
1463 3512 1665 3573 Verum
1694 3521 1940 3579 econtra,
1967 3513 2113 3569 unde

525 3620 630 3661 nos
652 3620 755 3660 nec
777 3604 966 3661 mirari
992 3620 1093 3661 nec
1113 3605 1301 3662 dolore
1327 3606 1463 3662 satis
1485 3620 1803 3676 possumus,
1837 3614 1889 3662 te
1915 3604 2111 3661 imme-

528 3710 737 3750 morem
769 3704 972 3753 nostrze
1005 3695 1317 3755 dilectionis
1352 3711 1384 3750 a
1432 3694 1592 3753 nobis
1625 3693 1939 3764 discrepare
1966 3703 2022 3750 et
2048 3709 2114 3750 ea

527 3799 651 3857 qua
697 3785 953 3857 mitigare
996 3785 1314 3843 laboramus
1346 3784 1501 3841 omni
1552 3792 1751 3841 conatu
1800 3785 1869 3841 ad
1905 3784 2116 3855 disper-

529 3877 764 3951 gendum
789 3878 1065 3945 insistere,
1090 3879 1300 3934 clamor
1330 3876 1562 3948 fratrum
1590 3876 1907 3934 monasterii
1930 3874 2114 3932 Sancti

531 3965 831 4034 Michaelis,
867 3966 980 4043 imo
1013 3968 1291 4039 multiplex
1328 3967 1601 4039 angustia,
1627 3982 1794 4038 quam
1817 3968 2115 4023 mulionum

533 4058 909 4125 relationibus,
945 4067 997 4115 te
1042 4057 1276 4117 faciente
1303 4101 1319 4126 ,
1355 4073 1452 4115 eos
1482 4058 1597 4128 pati
1625 4056 1975 4123 audivimus,
1997 4072 2117 4113 ma-

531 4146 732 4205 nifesta
763 4146 923 4205 nobis
940 4147 1146 4205 indicia
1162 4156 1398 4219 pmstet.
1435 4146 1750 4207 Meminisse
1778 4148 1923 4203 enim
1955 4147 2120 4204 debes

531 4245 668 4308 quot
697 4247 751 4295 et
779 4247 984 4308 quanta
1017 4239 1271 4301 dominus
1295 4247 1351 4294 et
1372 4246 1693 4296 antecessor
1718 4247 1922 4305 noster,
1949 4239 2123 4294 beatae

534 4327 814 4384 memoriae
833 4326 1139 4384 Alexander
1158 4344 1316 4398 papa,
1341 4336 1395 4383 et
1416 4345 1517 4385 nos
1532 4329 1657 4400 ipsi,
1674 4345 1801 4387 cum
1825 4328 2123 4385 novissime

535 4419 894 4487 apostolicam
921 4418 1104 4474 sedem
1147 4425 1202 4472 et
1237 4418 1586 4487 praesentiam
1621 4428 1871 4479 nostram
1902 4418 2122 4475 visitas-

537 4506 647 4577 Ses,
692 4510 760 4564 de
792 4525 926 4580 pace
968 4517 1023 4565 et
1066 4507 1463 4578 tranquillitate
1513 4509 1757 4580 ejusdem
1801 4509 2123 4567 monasterii

539 4618 665 4658 cum
696 4610 791 4658 tua
835 4601 1174 4659 fraternitate
1197 4601 1432 4673 egimus,
1464 4616 1534 4656 ne
1564 4601 1818 4657 diabolus
1841 4616 2124 4656 servorum

543 4693 639 4749 Dei
676 4695 839 4750 saluti
873 4709 1087 4765 semper
1128 4694 1380 4749 invidens
1406 4702 1462 4749 et
1490 4693 1681 4764 quieti,
1710 4708 1983 4750 venenum
2015 4708 2130 4749 sure

542 4785 799 4856 nequitia:
841 4787 1023 4857 aliqua
1066 4785 1359 4842 occasione
1387 4783 1463 4840 ibi
1496 4793 1683 4857 posset
1732 4783 2041 4851 infundere,
2075 4792 2133 4838 et

544 4877 771 4933 devotas
801 4879 1013 4934 animas
1043 4879 1113 4934 ab
1158 4877 1381 4933 assidua
1416 4875 1727 4932 orationum
1757 4884 1813 4931 et
1840 4875 2008 4932 divini
2043 4874 2135 4947 fa"~

545 4968 787 5024 mulatus
811 4968 1164 5025 meditatione
1187 4968 1463 5024 divellere.
1497 4966 1616 5036 Qua
1643 4966 1711 5022 de
1733 4982 1793 5022 re
1817 4966 1946 5022 licet
1973 4965 2132 5021 nobis

547 5057 753 5128 optime
786 5057 1123 5129 promiseris,
1149 5058 1400 5115 videlicet
1424 5066 1478 5114 te
1513 5065 1610 5116 aut
1630 5064 2029 5129 compctentem
2064 5057 2133 5112 de

548 5150 809 5206 omnibus
843 5166 970 5205 cum
1011 5151 1205 5212 abbate
1251 5167 1439 5221 pacem
1492 5151 1788 5218 facturum,
1840 5158 1957 5216 aut,
1995 5149 2043 5206 si
2079 5149 2132 5205 id

549 5240 664 5278 ﬂori
701 5254 811 5278 nnn
844 5246 1027 5278 vmch
1097 5238 1217 5278 cina
1247 5241 1393 5278 Λητιηῖ
1434 5241 1657 5278 lmcinnn
1703 5239 2022 5278 vnn-auctor“
2067 5239 2131 5278 αλιι

2196 1761 2407 1816 nuant?
2428 1760 2512 1815 An
2536 1760 2759 1833 ignoras
2786 1761 2934 1832 quod
2958 1761 3135 1817 sancti
3158 1759 3348 1816 Patres
3377 1760 3707 1832 plerumque
3726 1765 3783 1813 et

2129 1828 2173 1884 Β
2197 1853 2452 1926 religiosa
2487 1828 2823 1911 monasteria
2848 1854 2917 1910 de
2950 1854 3289 1926 subiectione
3321 1828 3709 1924 episcoporum
3729 1858 3785 1906 et

2197 1947 2546 2018 episcopatus
2564 1946 2634 2002 de
2651 1946 2915 2017 parochia
2931 1946 3366 2017 metropolitani
3386 1944 3538 2002 sedis
3562 1951 3785 2015 pmpter

2199 2038 2606 2094 infestationem
2640 2040 3049 2111 praesidentium
3077 2040 3402 2107 diviserunt,
3433 2048 3489 2095 et
3518 2047 3784 2111 perpetua

2199 2132 2447 2189 libertate
2477 2131 2746 2189 donantes
2774 2130 3093 2203 apostolica:
3121 2131 3259 2199 sedi,
3282 2132 3432 2189 velut
3459 2130 3783 2203 principalia

2200 2224 2363 2295 capiti
2406 2238 2509 2279 suo
2540 2224 2806 2291 membra,
2833 2224 3111 2280 adhaerere
3146 2225 3485 2279 sanxerunt?
3519 2218 3787 2280 Peneum

2201 2327 2518 2373 sanctorum
2538 2315 2763 2373 Patrum
2786 2316 3091 2390 privilegia,
3115 2325 3171 2373 et
3193 2315 3441 2372 invenies
3455 2317 3599 2388 ipsis
3621 2318 3787 2373 etiam

2200 2409 2625 2482 archiepiscopis
2651 2408 2912 2478 cilicium,
2947 2412 3055 2468 nisi
3081 2411 3220 2468 fo;te
3243 2411 3312 2467 ab
3334 2410 3532 2466 abbate
3556 2411 3786 2479 vocatis,

2202 2506 2257 2561 in
2302 2505 2576 2574 plerisque
2622 2504 2893 2559 cmnobiis
2934 2501 3116 2560 facere
3157 2503 3497 2575 prohibitum
3545 2518 3693 2568 esse,
3724 2518 3791 2559 ne

2203 2597 2342 2655 forte
2373 2598 2675 2654 monastjca
2710 2597 2870 2667 quies
2898 2596 3246 2653 szecularium
3270 2610 3645 2669 personarum
3681 2592 3789 2649 fre-

2203 2691 2426 2763 quentia
2460 2699 2517 2746 et
2535 2689 2955 2747 conversatione
2990 2689 3324 2745 turbaretur.

2274 2802 2390 2867 Hoc
2415 2801 2600 2874 itaque
2633 2818 2703 2859 ne
2726 2810 2782 2858 et
2807 2818 2910 2859 nos
2937 2802 3161 2859 illorum
3180 2800 3511 2858 auctoritate
3530 2810 3594 2857 et
3610 2816 3796 2859 exem—

2204 2896 2297 2968 plo
2325 2896 2393 2952 de
2420 2894 2646 2968 praefato
2690 2894 2877 2952 Sancti
2917 2894 3198 2952 Michaelis
3232 2896 3572 2951 monasterio
3616 2895 3798 2952 facere

2207 3002 2490 3061 cogamur,
2515 3004 2653 3044 neve
2679 2997 2759 3055 tu,
2787 2988 2919 3045 dum
2951 2989 3309 3045 immoderata
3336 2988 3562 3060 quaeris,
3585 3002 3654 3044 ea
3676 3004 3798 3059 qua;

2208 3096 2276 3136 ex
2298 3064 2458 3153 aequo
2478 3081 2577 3137 tibi
2610 3081 2842 3137 attinere
2873 3082 3202 3137 videbantur
3224 3082 3373 3153 juste
3396 3082 3645 3150 amittas,
3666 3098 3800 3153 apo-

2133 3182 2179 3242 ο
2211 3174 2401 3230 stolica
2450 3182 2503 3229 te
2537 3173 2866 3229 auctoritate
2896 3189 3186 3231 monemus
3222 3182 3388 3245 atque
3421 3174 3797 3245 praicipimus,

2213 3275 2273 3322 ut
2301 3275 2397 3322 aut
2420 3281 2610 3336 pacem
2634 3281 2764 3321 cum
2785 3266 2982 3321 abbate
3003 3280 3245 3339 congrua
3276 3266 3650 3323 conventione
3668 3276 3725 3323 et
3746 3268 3799 3323 in

2210 3372 2501 3413 commune
2536 3358 2755 3429 proviso
2793 3358 2961 3413 totius
2991 3372 3174 3415 causa:
3204 3358 3585 3414 moderamine
3615 3359 3799 3426 faciat.

2212 3460 2327 3518 aut,
2353 3451 2399 3506 si
2446 3450 2684 3521 peccatis
2721 3451 3143 3522 impedientibus
3177 3452 3281 3507 hoc
3310 3451 3429 3507 ﬁeri
3468 3453 3800 3524 παιῶνα-ἧι,

2212 3543 2268 3597 in
2291 3550 2519 3599 ventura
2552 3545 2726 3599 sancti
2760 3542 2977 3600 Martini
3013 3543 3307 3600 festivitate
3336 3544 3406 3600 ad
3439 3546 3802 3616 apostolicam

2213 3633 2397 3692 sedem
2446 3644 2497 3692 te
2534 3645 2894 3694 convocatum
2934 3638 3190 3708 praesenti
3228 3638 3556 3696 auctoritate
3596 3650 3803 3711 cogno-

2214 3742 2360 3795 scas,
2375 3738 2666 3799 quatenus,
2680 3730 2973 3800 adjuvante
2986 3729 3120 3797 Deo,
3132 3731 3283 3786 litem
3294 3738 3534 3787 vestram
3545 3730 3806 3787 dirimere

2215 3828 2271 3875 et
2298 3820 2449 3891 justo
2470 3821 2577 3878 line
2608 3822 2937 3879 concludere
2966 3823 3268 3878 valeamus.
3306 3821 3531 3878 Interim
3558 3838 3696 3880 vero
3714 3838 3806 3879 ead

2216 3912 2339 3968 dem
2382 3914 2709 3982 auctoritate
2738 3915 3084 3987 praecipimus
3128 3923 3189 3971 ut
3224 3928 3402 3985 neque
3444 3915 3809 3972 vocandoad

2171 4006 2182 4020 ⁶
2219 4005 2512 4078 synodum,
2548 4023 2650 4063 nec
2683 4007 2869 4078 aliquo
2898 4007 3207 4075 interdicto,
3242 4007 3481 4077 denique
3516 4007 3677 4063 nullo
3701 4023 3805 4062 un-

2218 4118 2385 4173 quam
2406 4103 2707 4162 exactionis
2728 4103 2892 4159 modo
2914 4102 3187 4169 abbatem,
3207 4101 3297 4157 vel
3314 4115 3459 4171 saepe
3478 4099 3660 4157 fatum
3690 4114 3807 4156 mo-

2223 4200 2546 4266 nasterium,
2570 4208 2664 4254 aut
2703 4196 2994 4254 servitores
3026 4194 3169 4266 ejus,
3210 4207 3307 4250 seu
3350 4193 3494 4259 loca,
3529 4194 3619 4249 vel
3663 4194 3807 4249 bona

2221 4289 2353 4348 illuc
2382 4290 2689 4358 attinentia,
2715 4304 2812 4361 per
2831 4298 2904 4357 te,
2936 4289 3052 4345 sive
3072 4302 3167 4358 per
3195 4295 3415 4342 tuorum
3440 4286 3683 4358 aliquem
3714 4287 3807 4341 l2-

2224 4387 2353 4442 derc
2374 4394 2470 4441 aut
2500 4383 2805 4456 inquietare
2824 4376 3157 4454 prtesumas;
3189 4390 3244 4437 et
3273 4396 3413 4453 quos
3443 4381 3807 4437 anathemati:

2225 4478 2448 4534 vinculo
2485 4492 2553 4532 ex
2579 4477 2685 4549 bis
2710 4476 2805 4548 qui
2836 4484 3047 4548 partem
3090 4476 3238 4531 illam
3288 4475 3521 4531 attinent
3548 4468 3807 4549 alligasti,

2154 4546 2204 4606 θ
2228 4585 2544 4643 quanquam
2579 4546 2685 4626 hoc
2705 4546 2908 4625 temere
2942 4568 3158 4636 feceris,
3192 4570 3445 4626 cliaritati
3472 4546 3670 4626 tamen
3697 4571 3810 4627 fra-

2230 4673 2398 4721 ternae
2428 4664 2795 4736 providentes,
2824 4670 2885 4719 ut
2913 4670 2973 4718 tu
2995 4677 3091 4719 eos
3125 4663 3381 4719 absolvas
3418 4664 3607 4719 locum
3638 4665 3735 4720 tibi
3757 4667 3811 4720 et

2228 4757 2435 4813 monita
2463 4757 2680 4813 damus.
2704 4753 2822 4823 Qua
2854 4754 2910 4809 in
2946 4771 3007 4810 re
3038 4755 3087 4811 si
3124 4763 3183 4810 tu
3219 4771 3433 4811 moram
3461 4755 3688 4823 feceris,
3720 4764 3811 4813 aut

2230 4851 2412 4922 aliqua
2431 4850 2719 4906 occasione
2738 4848 2899 4905 nobis
2921 4847 3143 4904 obedire
3169 4848 3440 4914 renueris,
3468 4859 3659 4906 nostra
3683 4862 3807 4921 apo-

2232 4944 2423 4999 stolica
2450 4942 2773 4999 auctoritate
2813 4955 2911 4997 eos
2949 4941 3230 4997 absolutos
3259 4942 3404 4996 etab
3433 4940 3694 4999 omnibus
3725 4942 3809 4997 ia-

2233 5036 2443 5094 terdicti
2466 5036 2551 5091 vel
2588 5032 3171 5091 excommunicationis
3200 5043 3308 5088 tum
3349 5034 3583 5091 nexibus
3613 5035 3810 5090 liberos

2233 5145 2354 5187 esse
2389 5128 2625 5184 noveris.
2663 5125 2771 5182 Fac
2802 5125 2989 5198 igitur,
3019 5124 3214 5181 dilecte
3241 5125 3431 5193 frater,
3465 5135 3528 5182 ut
3555 5126 3643 5183 vel
3670 5141 3810 5181 nunc

2236 5239 2344 5278 non
2368 5222 2644 5278 incassum
2666 5219 2764 5275 tibi
2787 5218 3075 5278 scribsisse
3088 5218 3393 5275 videamur.
3412 5217 3587 5276 Crede
3612 5216 3810 5275 nostris
