3982 5316
205 369 328 426 BI

1241 361 1443 426 ursa
1478 370 1859 433 secessus.
1892 394 1963 419 —-
1997 364 2215 433 Epis‘r.
2254 368 2465 451 Lxxn.

3362 383 3466 445 ως

205 491 459 542 utentum
492 489 703 539 tuomet
722 482 891 553 (quod
924 498 1032 541 non
1056 486 1331 557 optamus)
1360 487 1565 558 impetu
1592 489 1786 559 prasei-
1813 491 1862 549 A
1952 489 2091 547 Data
2117 492 2547 562 Romae,decimo
2574 501 2766 551 octavo
2786 480 2901 568 [xvi
2924 480 3090 551 Kalcu
3108 495 3190 553 tas
3218 496 3362 567 Maii,
3388 500 3468 558 in-

203 573 425 644 piterls.
460 570 597 628 Nam
646 574 697 630 si
726 574 981 646 deinceps
1014 576 1157 633 uitia
1199 584 1443 634 tenorem
1486 580 1793 641 litterarum

202 664 444 723 istarum
492 680 663 735 supra
696 675 1056 723 memoratam
1104 683 1331 725 unum
1369 672 1426 725 in
1456 686 1703 729 errorem
1736 680 1794 729 et

204 757 441 828 litigium
459 757 701 824 trahere,
715 766 815 814 aut
833 760 1169 815 monasterio
1182 759 1560 818 infestationes
1579 755 1793 834 aliquas

205 847 411 904 inferre
433 849 851 917 pertentaveris,
892 865 1015 917 nos,
1047 849 1232 906 divina
1256 860 1311 907 et
1342 854 1639 922 apostolica
1669 853 1791 911 fulti

204 950 388 995 aucto:
401 939 551 1004 itate,
576 949 639 994 ut
667 941 1059 998 monasterium
1087 942 1219 998 illud
1239 959 1365 999 cum
1395 944 1652 1000 omnibus
1673 946 1791 1002 suis

202 1030 548 1100 peatincntiis
578 1031 635 1086 in
669 1040 925 1102 perpetua
950 1033 1196 1090 libertate
1244 1036 1530 1102 consistat,
1573 1046 1633 1093 ut
1666 1039 1791 1093 nul-

206 1122 324 1177 lius
347 1122 661 1193 magisterio
693 1124 780 1179 vel
818 1124 1028 1193 judicio
1062 1135 1188 1196 post
1216 1125 1410 1194 Deum,
1440 1128 1547 1185 nisi
1584 1140 1789 1188 sancta

204 1211 464 1269 Romana:
513 1213 797 1281 Ecclesiae,
843 1217 1123 1272 subditum
1158 1217 1213 1271 in
1258 1219 1541 1289 proposito
1585 1231 1789 1279 sanctae
1868 1244 1873 1247 “

202 1303 483 1375 religionis
518 1305 642 1361 sine
685 1306 1016 1362 laceratione
1050 1306 1162 1364 Deo
1203 1308 1410 1365 servire
1448 1310 1645 1379 valeat,
1674 1312 1786 1371 Dco

204 1396 514 1467 adjuvantc,
540 1396 983 1466 procurabimus.

276 1486 404 1543 Data
426 1485 640 1555 Romae,
656 1488 851 1558 quinto
871 1486 999 1545 ldus
1016 1484 1239 1560 Aprilis,
1255 1490 1554 1550 indictione
1571 1493 1785 1552 decima

203 1576 378 1633 tertia.

721 1689 1058 1747 EPISTOLA
1090 1691 1258 1748 LXI.

558 1782 627 1835 in
664 1795 867 1837 παθη
901 1797 1183 1839 nunciam
1217 1798 1408 1840 nocui.

795 1872 971 1943 (Anno
1005 1874 1189 1947 l075.)

206 1960 365 2037 Optat
381 1972 451 2037 ut
472 1977 583 2033 pax
598 1963 745 2037 inter
762 1974 882 2037 eam
905 1975 957 2019 et
980 1980 1151 2037 regem
1178 1965 1511 2023 Saloninam
1541 1972 1770 2028 ineatur.

266 2032 546 2121 §tgniﬁcat
576 2035 769 2121 merito
782 2032 1095 2121 jugreguiva
1118 2036 1401 2121 Salo-moue
1422 2056 1536 2121 rege
1560 2042 1631 2095 ad
1654 2058 1774 2121 eum

213 2158 219 2163 _
264 2101 427 2183 fuisse
446 2101 796 2160 translatum.
828 2101 1103 2183 Ejus'erga
1122 2125 1176 2183 se
1197 2101 1579 2183 opservamiam
1602 2113 1775 2183 requi-

264 2175 351 2246 rit,
380 2181 429 2227 et
454 2191 780 2246 quiscunque
802 2194 835 2229 a
856 2175 1095 2231 liomaita
1122 2177 1360 2233 Ecclesia
1385 2179 1647 2235 desiderat
1666 2175 1774 2237 'sibi

262 2245 456 2298 litteris
482 2245 595 2299 vult
617 2247 836 2315 aperiri.

260 2356 571 2415 Caesonius
585 2359 897 2430 episcopus,
920 2376 1112 2417 servus
1134 2376 1417 2419 servorum
1440 2362 1558 2429 Dei,
1577 2364 1772 2425 Gens:

198 2448 483 2522 Hungarite
506 2450 657 2518 duci,
687 2452 917 2507 salutem
948 2461 1002 2508 et
1037 2454 1391 2524 apostolicam
1436 2455 1771 2516 benedictio-

195 2555 334 2597 "CHL

262 2631 317 2688 Si
340 2633 504 2690 ofﬁcii
546 2634 724 2693 nostri
767 2644 851 2693 est
881 2637 1136 2715 omnibus
1167 2654 1266 2696 sua
1296 2640 1421 2711 jura
1460 2640 1769 2712 defendere,

193 2739 255 2779 ac
289 2726 432 2781 inter
454 2742 555 2783 eos
576 2744 906 2800 componere
939 2746 1150 2800 pacem,
1177 2748 1240 2787 ac
1275 2732 1519 2788 stabilire
1543 2749 1773 2791 concor-

192 2817 356 2885 diam,
388 2819 564 2875 multo
594 2820 770 2892 magis
795 2820 936 2875 ratio
959 2823 1148 2893 exigit,
1182 2834 1344 2893 atque
1368 2842 1501 2881 usus
1522 2826 1771 2883 utilitatis

190 2909 441 2979 exposcit
485 2920 547 2967 ut
586 2910 923 2969 seminemus
956 2913 1279 2970 charitatem
1327 2915 1469 2972 inter
1510 2917 1768 2987 majores,

189 3015 427 3070 quorum
450 3018 556 3073 pax
581 3012 678 3059 aut
706 3003 893 3061 odium
920 3004 1187 3061 redundat
1208 3006 1262 3061 in
1296 3006 1578 3078 plurimos.
1617 3006 1771 3064 Unde

190 3093 347 3151 nobis
377 3110 513 3151 cura
545 3105 630 3151 est
650 3105 707 3152 et
731 3096 880 3153 cordi
917 3097 1004 3166 pia
1028 3098 1336 3154 sollicitudo
1360 3099 1606 3165 inhaeret,
1628 3116 1768 3171 qua-

1894 582 2134 642 dictione
2162 587 2374 645 decima
2403 590 2578 645 tertia.

2399 676 2732 735 EPlSTOLA
2769 674 2957 735 LXXI.

2132 778 2211 824 ἠ
2247 785 2602 827 wu'rlsumt
2637 780 2956 828 soasttonmt
2993 781 3188 829 suasu.

2473 861 2651 933 (Auno
2692 862 2873 934 1075.)

1890 948 2607 1042 Commeadat‘redﬁricum
2634 954 2751 1042 eius
2783 964 3037 1042 nepotfm,
3068 957 3462 1042 trabeae/icium

1961 1038 1992 1074 a
2028 1038 2123 1075 suo
2162 1033 2311 1089 patre
2342 1018 2579 1107 relictum
2603 1017 2711 1108 "illi
2760 1017 3034 1092 coricedat,’
3063 1026 3142 1081 vel
3183 1017 3332 1082 aliud
3370 1030 3464 1081 tri-

1930 1088 2104 1165 -lr_ual.
2137 1091 2310 1146 Monet
2332 1103 2388 1165 ut
2423 1092 2662 1149 dtsstdtts
2685 1093 2909 1148 sublatis
2940 1112 3122 1165 pacem
3153 1099 3207 1151 in
3245 1114 3341 1151 sua
3370 1097 3460 1153 ἀι.

1944 1162 2099 1235 tione
2125 1164 2437 1217 servandam
2463 1173 2626 1218 curet.

1950 1251 2265 1308 Gnscomus
2282 1256 2598 1325 episcopus,
2622 1264 2815 1311 servus
2840 1270 3120 1312 servorum
3141 1257 3258 1324 Dei,
3293 1258 3461 1314 Wa»

1886 1358 2074 1400 TISLAO
2125 1345 2489 1402 Bohemorum
2538 1348 2684 1415 duci,
2735 1348 2963 1403 salutem
3010 1358 3065 1404 et
3105 1352 3457 1420 apostolicam

1882 1435 2334 1494 benedictionem.
3440 1478 3443 1481 ι

1953 1527 2304 1597 Fredericus,
2330 1540 2498 1602 nepos
2521 1536 2719 1599 tester,
2745 1540 2799 1588 et
2821 1532 3081 1588 Romanae
3110 1531 3366 1590 Ecclesiae
3390 1534 3458 1589 fl-

1882 1619 2038 1686 delis,
2076 1637 2177 1677 nos
2231 1623 2532 1678 humilibus
2576 1623 2830 1693 precibus
2882 1624 3140 1696 ﬂagitavit
3187 1635 3459 1696 quatenus

1881 1720 1987 1768 tua:
2039 1712 2335 1770 nobilitatis
2383 1698 2726 1786 prudentiam
2767 1731 3102 1786 rogaremus,
3142 1727 3204 1773 ut
3256 1718 3458 1773 beneﬁ-

1811 1837 1857 1895 B
1882 1804 2049 1872 cium,
2081 1806 2226 1876 quod
2255 1806 2359 1861 sibi
2394 1815 2499 1877 pati
2520 1823 2546 1861 r
2572 1823 2706 1862 suus
2747 1807 2985 1877 reliquit,
3018 1817 3144 1863 etim
3174 1810 3455 1879 permitte-

1878 1897 2010 1953 retis
2044 1897 2244 1953 habere
2276 1905 2330 1952 et
2352 1897 2406 1951 in
2440 1898 2588 1953 omni
2621 1899 2772 1968 pacis
2801 1900 3119 1969 quietudine
3145 1899 3452 1970 possidere;

1876 1990 2035 2059 cujus
2073 1990 2409 2060 supplicibus
2456 1991 2795 2046 motionibus
2827 1991 2973 2058 flexi,
3023 1992 3318 2060 nobilitatis
3357 2008 3455 2048 ve-

1876 2088 2001 2137 strae
2047 2082 2390 2139 serenitatem
2414 2083 2612 2138 obnixe
2651 2100 2908 2154 rogamus
2939 2094 3019 2151 ut,
3049 2085 3095 2141 si
3141 2086 3292 2141 scitis
3326 2100 3454 2140 eum

1875 2172 2078 2228 habere
2106 2174 2395 2244 justitiam,
2450 2184 2565 2230 tum
2600 2176 2727 2245 quia
2777 2191 2840 2243 os
2884 2185 3039 2231 tuum
3086 2185 3140 2232 et
3184 2194 3313 2233 caro
3346 2188 3451 2245 est,

1874 2264 2073 2321 ductus
2100 2267 2431 2338 proprietate
2456 2268 2761 2339 sanguinis,
2788 2278 2904 2323 tum
2931 2270 3059 2339 quia
3092 2271 3157 2326 ad
3180 2270 3452 2342 refugium

1875 2358 2185 2429 apostolica:
2230 2359 2601 2414 miserationis
2653 2360 2929 2433 confugit,
2988 2372 3078 2417 aut
3126 2362 3451 2419 beneﬁcium

1873 2449 2007 2505 illud
2033 2450 2135 2506 sibi
2159 2452 2524 2518 reddatis,aut
2542 2453 3003 2528 contracambium
3029 2454 3279 2511 tribuatis
3306 2455 3452 2527 quod

1872 2543 1977 2600 sibi
1992 2543 2062 2598 sit
2074 2544 2425 2614 acceptabile,
2437 2554 2493 2601 et
2512 2546 2588 2599 tui
2604 2546 2862 2601 condecet
2877 2547 3090 2618 generis
3111 2548 3446 2619 dignitatem.

1872 2634 2026 2703 Quod
2046 2638 2089 2692 si
2114 2637 2503 2708 justitiamjnon
2528 2639 2739 2693 videtur
2754 2639 2974 2705 habere,
2996 2648 3251 2712 rogamus
3267 2649 3448 2697 tamen

1871 2736 1933 2785 ut
1980 2745 2080 2800 pro
2115 2730 2380 2789 charitate
2404 2738 2457 2785 ct
2489 2731 2790 2785 reverentia
2814 2730 2958 2785 beati
2993 2730 3139 2786 Petri
3174 2728 3447 2802 apostola-

1872 2837 1993 2876 rum
2025 2821 2309 2892 principis,
2336 2822 2493 2891 cujus
2522 2822 2771 2892 praesidia
2808 2823 3088 2878 humiliter
3127 2825 3444 2894 postulavit,

1871 2913 2087 2984 aliquod
2123 2912 2227 2967 sibi
2256 2912 2601 2980 beneﬁcium,
2633 2930 2743 2984 quo
2778 2914 2949 2984 possit
2976 2915 3203 2970 honeste
3240 2915 3443 2983 vivere,

1868 3006 2141 3062 tribuatis.
2171 3004 2290 3059 Non
2316 3006 2495 3076 pigeat
2517 3008 2698 3077 itaque
2724 3005 3056 3061 nobilitatem
3084 3016 3233 3061 tuam
3256 3006 3311 3060 in
3342 3008 3447 3062 hoc

1869 3107 2087 3155 nostras
2110 3113 2299 3170 preces
2329 3098 2536 3163 audire,
2586 3097 2917 3167 beatumque
2964 3096 3187 3153 Petrum
3238 3098 3293 3152 in
3338 3099 3451 3155 hoc

189 3193 348 3241 tenus
372 3188 514 3242 inter
550 3196 603 3242 te
634 3197 689 3244 et
721 3189 1190 3261 consanguineum
1216 3198 1381 3259 tuum
1425 3189 1772 3246 Salomonem
1797 3192 1841 3251 C
1874 3191 1968 3245 tibi
2004 3191 2299 3246 debitorem
2344 3190 2541 3255 facere,
2573 3191 2829 3261 quoniam
2882 3185 2981 3245 nos
3024 3190 3198 3259 parati
3250 3206 3444 3247 sumus

189 3293 369 3348 regem
382 3278 652 3335 faciamus
670 3296 880 3350 pacem,
899 3282 946 3337 si
966 3296 1281 3351 possumus,
1302 3290 1360 3336 ut
1366 3282 1578 3351 justitia
1595 3284 1769 3339 utrin-

187 3385 291 3439 que
312 3380 531 3429 scrvata
562 3372 798 3429 sulIieiat
827 3372 1122 3443 unicuique
1143 3374 1289 3444 quod
1324 3390 1485 3429 suum
1514 3383 1618 3441 est,
1658 3382 1768 3431 ter-

189 3460 400 3519 minum
430 3464 660 3534 justitia:
686 3480 795 3521 non
829 3472 1091 3531 transeat,
1123 3473 1324 3520 metam
1357 3466 1514 3522 bona:
1532 3480 1769 3523 consuc-

189 3553 396 3610 tudinis
435 3572 545 3612 non
588 3556 839 3622 excedat,
885 3556 1074 3627 sicque
1109 3555 1205 3610 ﬁat
1237 3556 1293 3611 in
1327 3572 1458 3627 pace
1489 3557 1769 3614 nobilissi-

187 3661 337 3701 mum
371 3631 601 3717 regnum
637 3646 932 3719 Hungarite
957 3647 1105 3718 quod
1141 3648 1407 3705 hactenus
1426 3663 1523 3719 per
1544 3664 1603 3705 se
1626 3650 1772 3720 prin-

188 3736 436 3807 cipaliter
462 3738 659 3809 viguit,
692 3746 756 3794 ut
785 3754 879 3811 rex
916 3738 991 3793 ibi
1025 3754 1133 3794 non
1159 3741 1382 3812 regulus
1415 3741 1526 3796 ﬁat.
1568 3740 1768 3798 Verum

190 3828 302 3893 ubi,
334 3839 649 3901 contempto
682 3831 850 3886 nobili
870 3831 1114 3887 dominio
1132 3832 1283 3891 beati
1309 3828 1455 3889 Petri
1490 3836 1769 3904 apostolo-

188 3937 308 3975 rum
349 3922 636 3993 principis,
666 3923 828 3993 cujus
856 3939 1084 3995 regnum
1110 3940 1231 3979 esse
1252 3926 1593 3995 prudentiam
1618 3937 1769 3984 tuam

189 4011 355 4067 latere
393 4027 501 4068 non
528 4014 827 4081 credimus,
849 4029 943 4069 rex
975 4014 1213 4069 subdidit
1247 4030 1305 4070 se
1332 4013 1630 4073 Teutonico
1655 4019 1771 4092 regi

190 4112 240 4160 ct
261 4104 436 4174 reguli
463 4119 666 4161 nomen
695 4105 947 4172 obtinuit,
997 4103 1261 4162 Dominus
1305 4116 1486 4162 autem
1512 4108 1768 4179 iniuriam

191 4211 289 4252 suo
311 4195 517 4250 illatam
543 4195 779 4267 principi
800 4196 1120 4267 prmvidens,
1144 4205 1468 4267 potestatem
1489 4200 1640 4270 regni
1666 4215 1768 4256 suo

192 4288 255 4343 ad
287 4296 338 4342 te
359 4287 569 4361 judicio
599 4288 900 4343 transtulit.
943 4286 1009 4341 Et
1038 4286 1111 4341 ita
1143 4287 1190 4342 si
1215 4289 1347 4359 quid
1395 4288 1448 4343 in
1475 4290 1767 4347 obtinendo

192 4394 356 4451 regno
396 4379 538 4450 juris
577 4379 736 4451 prius
780 4378 989 4446 habuit,
1021 4392 1087 4433 co
1123 4394 1182 4433 se
1232 4379 1494 4452 sacrilega
1530 4397 1766 4452 usurpa-

194 4471 336 4525 tione
376 4470 633 4541 privavit.
673 4468 870 4526 Petrus
894 4470 1041 4524 euim
1083 4486 1113 4524 a
1153 4469 1308 4525 ﬁrma
1352 4481 1502 4542 petra
1547 4472 1761 4541 dicitur,

195 4577 309 4633 qua:
344 4571 533 4633 portas
579 4560 743 4617 inferi
778 4560 1093 4632 confringit,
1119 4570 1281 4634 atque
1312 4564 1660 4620 adamantino
1685 4565 1761 4621 ri-

195 4668 315 4723 gore
355 4652 613 4719 destruit,
663 4662 719 4707 et
751 4653 978 4725 dissipat
1021 4652 1284 4723 quidquid
1335 4654 1569 4710 obsistit.
1613 4654 1764 4722 Qua-

192 4734 403 4817 propter
438 4746 484 4801 si
524 4746 663 4817 quid
699 4746 800 4811 vis,
832 4745 878 4801 si
918 4745 1048 4815 quid
1074 4744 1277 4800 habere
1309 4741 1343 4800 ξι
1380 4745 1621 4801 Romana
1662 4746 1766 4804 Ec-

195 4835 347 4891 clesia
378 4837 543 4909 digne
590 4852 801 4908 speras,
837 4837 996 4892 nobis
1045 4836 1379 4892 conﬁdenter
1418 4839 1670 4894 volumus
1704 4848 1766 4894 ut

194 4932 396 5001 aperias
428 4941 484 4987 et
532 4947 660 5001 qum
711 4938 805 4985 tua
855 4929 926 4985 sit
955 4928 1171 4985 devotio
1225 4945 1352 4999 erga
1402 4930 1777 4994 universalcm.

194 5035 434 5093 matrem,
458 5024 769 5099 qualiterve
790 5022 867 5076 illi
890 5022 1146 5077 statueris
1169 5020 1388 5076 obedire
1414 5029 1766 5093 sanctamque

192 5118 549 5173 reverentiam
576 5114 833 5170 exhibere
853 5112 1130 5183 operibus,
1157 5112 1297 5167 sicut
1317 5121 1369 5167 te
1389 5112 1561 5179 decet,
1586 5121 1769 5169 osten-

192 5208 273 5236 λου.
323 5209 461 5236 non.“
490 5216 673 5236 Λιιθηννι
828 5204 1012 5236 Μῖηιιο
1055 5203 1368 5236 οηνῖηοῖτηηο
1422 5206 1615 5236 "In-illm
1639 5221 1738 5236 M-

1869 3281 2051 3338 favcre
2098 3282 2193 3338 tibi
2236 3282 2293 3336 in
2336 3282 2535 3353 quibus
2568 3280 2840 3352 possimus
2865 3280 3075 3350 justitia
3105 3280 3260 3335 duce.
3296 3279 3445 3336 Prm-

1868 3381 2016 3429 terea
2068 3388 2354 3428 monemus
2409 3382 2469 3428 ut
2521 3371 2783 3427 studeatis
2842 3380 3043 3427 trram
3085 3381 3344 3439 vestram,
3388 3383 3445 3429 et

1866 3465 2033 3519 vestri
2071 3464 2296 3519 honoris
2350 3465 2592 3537 regimen
2646 3464 2976 3519 ﬁrmissima:
3027 3463 3182 3535 pacis
3233 3463 3449 3519 fmdere‘

1867 3558 2107 3629 undique
2131 3557 2474 3627 prtemunire,
2504 3556 2711 3613 scilicet
2738 3564 2798 3612 ut
2834 3557 3038 3613 nullius
3064 3558 3179 3614 litis
3212 3552 3444 3614 Scantini-

1867 3650 1977 3705 lum
2011 3651 2066 3705 in
2100 3658 2198 3705 tuo
2237 3648 2500 3721 regimine
2558 3650 2766 3705 versari
2821 3650 3125 3720 permittas,
3171 3650 3443 3722 praecipue

1868 3740 2009 3797 inter
2062 3751 2113 3797 te
2164 3749 2219 3796 et
2262 3739 2458 3796 fratres
2486 3748 2607 3795 tuos
2624 3783 2639 3806 ,
2663 3750 2716 3795 et
2743 3740 3068 3812 Pragensem
3094 3752 3149 3795 et
3176 3740 3441 3797 Holomun

1867 3849 2083 3890 oensem
2116 3834 2453 3904 episcopum,
2482 3833 2762 3903 quoniam,
2789 3834 2931 3889 sicut
2958 3833 3051 3904 qui
3078 3832 3363 3890 discordia:
3387 3844 3443 3890 ct

1866 3927 2052 3984 litibus
2071 3937 2265 3983 vacant
2291 3927 2478 3999 procul
2506 3926 2671 3982 dubio
2698 3928 2897 3983 diaboli
2931 3936 3060 3983 sunt
3087 3928 3200 3993 ﬁlii,
3240 3929 3319 3985 sic
3345 3933 3451 4002 qui'

1865 4021 1985 4091 paci
2025 4022 2157 4075 dant
2188 4034 2408 4089 operam
2446 4018 2541 4073 ﬁlii
2579 4017 2676 4074 Dei
2708 4030 2997 4086 vocantur,
3045 4020 3164 4091 ipsa
3198 4019 3441 4079 Veritate

1866 4119 2153 4165 attestante
2184 4127 2305 4181 qum
2333 4111 2408 4165 ait
2434 4129 2445 4164 :
2472 4109 2627 4165 Beati
2648 4112 2890 4181 paciﬁci,
2915 4114 3161 4182 quoniam
3191 4112 3294 4182 ﬁlii
3340 4112 3440 4169 Dei

1865 4203 2186 4258 vocabuntur
2229 4201 2443 4274 (Matth.
2486 4204 2563 4273 v).
2619 4201 2973 4273 Omnipotens
3008 4196 3152 4258 Deus
3199 4215 3438 4261 mentem

1863 4304 2013 4350 tuam
2045 4294 2333 4361 illuminet,
2362 4294 2549 4364 sicque
2575 4304 2626 4349 te
2655 4292 2818 4348 faciat
2863 4310 2961 4364 per
3008 4294 3150 4349 bona
3204 4296 3438 4352 transire

1863 4387 2180 4457 temporalia
2204 4395 2265 4442 ut
2286 4385 2546 4442 merearis
2572 4386 2799 4457 adipisci
2834 4395 3077 4442 aeterna.

1934 4478 2069 4534 Data
2101 4478 2305 4549 Romm,
2339 4479 2549 4535 decimo
2591 4487 2784 4535 octavo
2818 4477 2934 4554 [xv]
2971 4478 3237 4536 Kalendas
3284 4478 3433 4551 Maii,

1863 4573 2158 4631 indictione
2180 4573 2389 4630 decima
2412 4573 2589 4627 tertia.

2345 4682 2683 4740 EPISTOLA
2730 4684 2940 4743 LXXII.

2468 4791 2535 4831 AD
2573 4790 2831 4832 BOHEIOS.

2454 4866 2633 4937 (Anno
2664 4866 2846 4936 1075.)

2107 4955 2371 5014 Hortatur
2396 4958 2464 5013 ad
2486 4959 2610 5012 bene
2632 4966 2872 5028 casteque
2894 4956 3188 5015 vivendum.

1932 5045 2238 5104 GREGORIIYS
2266 5048 2574 5118 episcopus,
2602 5064 2792 5103 servus
2820 5062 3101 5105 servorum
3146 5046 3264 5119 Dei,
3302 5050 3432 5106 uni‘

1860 5136 2037 5191 versis
2067 5136 2121 5189 in
2148 5134 2404 5191 Bohemia
2432 5135 2744 5193 constitutis
2775 5136 3073 5206 majoribus
3112 5148 3277 5213 atque
3323 5143 3433 5197 mi-
