3982 5316
487 295 594 352 ι’ὶὸ

1133 290 1192 348 S.
1233 287 1562 348 GREGORll
1598 286 1690 344 VII
1725 285 1930 344 ΡΑΡᾸΞ
1969 284 2255 344 OPERUM
2290 287 2472 347 PARS
2507 288 2548 347 1.
2585 321 2656 332 -
2689 288 3114 350 REGISTRUM.

3655 292 3788 350 $24

484 391 780 478 scopormn
826 403 1015 477 patria:
1045 411 1252 462 vestra:
1305 402 1496 460 limina
1534 401 1909 474 apostolorum
1943 399 2076 456 visi-
2101 403 2149 460 Α
2176 399 2407 460 Undeet
2441 419 2566 474 nos,
2587 405 2684 476 qui
2711 406 2862 463 illius
2907 407 3054 464 servi
3094 405 3332 462 dicimur
3365 414 3422 462 et
3439 419 3578 462 esse
3607 407 3786 478 cupi-

489 499 724 558 tantium
745 497 1058 567 accepimus
1077 495 1348 566 quosdam
1367 503 1612 550 vestrum
1633 508 1732 565 per
1747 493 1894 549 viam
1918 507 2076 550 man-

487 591 742 646 datorum
795 586 892 642 Dei
953 585 1204 642 incedere
1228 627 1244 653 ,
1290 584 1562 657 quosdam
1609 598 1739 640 vero
1794 583 2073 640 nonnullis

487 681 744 752 periculis
779 679 920 738 male
974 678 1211 736 vivendo
1264 675 1568 748 subiacere,
1618 675 1930 733 studuimus
1973 690 2073 732 vos

487 783 714 843 paterna
739 773 1006 829 charitate
1023 785 1394 838 commonere,
1415 779 1686 841 quatenus
1717 777 1773 824 et
1801 768 1930 824 boni
1957 783 2074 825 me-

487 865 655 921 liores
692 865 847 932 ﬁant,
872 873 927 919 et
961 863 1057 936 qui
1089 861 1592 936 reprehensibiliter
1616 861 1807 917 vivunt
1831 859 2072 932 irrepre-

487 956 784 1012 bensibiles
831 970 890 1010 se
937 954 1249 1012 exhibeant.
1307 951 1554 1007 Primum
1602 951 1810 1008 scilicet
1853 966 1952 1008 vos
2002 965 2072 1006 ex

509 1056 602 1102 oto
623 1047 808 1113 corde,
827 1051 882 1101 et
901 1062 966 1101 ex
990 1053 1104 1100 tota
1130 1044 1332 1110 anima,
1359 1052 1414 1100 et
1443 1059 1510 1100 ex
1533 1044 1683 1100 omni
1724 1043 1926 1100 virtute
1974 1055 2070 1099 ve-

485 1146 597 1214 stra
627 1135 800 1214 Deum
829 1143 884 1190 ct
913 1134 1223 1206 proximum
1249 1133 1396 1188 sicut
1431 1133 1797 1203 vosmetipsos
1821 1133 2068 1203 diligere,

483 1209 694 1299 pacem,
714 1226 837 1292 sine
860 1242 970 1298 qua
991 1239 1153 1282 nemo
1184 1225 1357 1282 Deum
1383 1224 1608 1290 videbit,
1636 1225 1779 1280 inter
1805 1241 1908 1281 vos
1932 1241 2070 1281 cou-

484 1321 732 1388 stituere,
758 1335 872 1375 nou
897 1319 1078 1375 solum
1106 1319 1356 1385 clericos,
1379 1318 1474 1374 sed
1493 1326 1552 1373 et
1573 1317 1743 1378 laicos
1761 1317 2070 1374 castitatem

484 1425 724 1478 servare,
755 1411 997 1466 decimas
1025 1409 1140 1466 Deo
1158 1449 1175 1478 ,
1207 1426 1238 1465 a
1265 1424 1378 1482 quo
1425 1401 1538 1465 tam
1567 1410 1734 1466 vitam
1760 1423 1928 1480 quam
1946 1409 2072 1466 vita:

484 1505 940 1560 sustentationem
991 1503 1292 1576 suscipitis,
1346 1504 1578 1562 ﬁdeliter
1625 1505 1776 1571 dare,
1824 1505 2071 1564 ecclesiis

481 1590 681 1653 vestris
733 1595 976 1652 debitum
1032 1597 1298 1652 honorem
1336 1597 1677 1670 impendere,
1707 1597 2071 1671 cleemosynis

481 1693 649 1768 atque
677 1686 1032 1756 hospitalitati
1061 1685 1252 1742 devote
1273 1687 1544 1744 insistere.
1571 1685 1696 1744 Hice
1723 1696 1778 1744 et
1806 1688 1892 1744 his
1917 1689 2072 1746 simi-

480 1763 574 1842 lia,
603 1793 726 1848 qua:
753 1777 821 1832 ad
849 1778 1082 1834 salutem
1115 1778 1425 1834 animarum
1443 1789 1746 1836 vestrarum
1775 1781 2066 1850 pertinent,

479 1869 606 1926 licet
627 1869 914 1942 pontiﬁces
934 1879 1148 1927 vestros
1178 1871 1510 1928 suﬁicienter
1539 1873 1680 1928 scire
1705 1888 1770 1930 ac
1796 1873 1950 1930 vobis
1979 1872 2066 1930 in-

481 1953 703 2018 sinuare
725 1979 835 2018 non
865 1961 1205 2034 ignoremus,
1232 1971 1418 2020 tamen
1441 1965 1570 2036 quia
1597 1965 1762 2022 verba
1786 1974 1973 2021 nostra
1997 1981 2068 2022 ex

481 2054 785 2108 reverentia
814 2053 958 2110 beati
980 2053 1127 2110 Petri
1153 2063 1372 2112 constat
1400 2071 1498 2111 vos
1525 2055 1748 2112 charius
1773 2065 1938 2128 atque
1959 2057 2070 2112 avi-

480 2135 606 2198 dius
633 2143 895 2214 recipere,
919 2143 1038 2216 ipsa
1073 2154 1253 2201 vestra
1305 2145 1560 2202 audiendi
1586 2145 1819 2204 aviditas
1845 2162 1969 2218 qua:
1996 2147 2067 2204 ab

481 2233 604 2293 aliis
629 2235 747 2291 dari
777 2245 1006 2308 possunt
1035 2251 1137 2293 nos
1169 2237 1498 2294 documenta
1526 2238 1660 2295 dare
1679 2238 1975 2309 compellit,
2007 2243 2068 2294 ut

480 2333 634 2396 tanto
675 2325 961 2383 sollicitius
1006 2327 1165 2408 vobis
1207 2327 1451 2383 debitum
1487 2328 1781 2386 reddamus
1807 2330 2067 2386 exhorta-

479 2417 648 2473 tionis
675 2425 882 2490 qiianto
907 2417 1128 2474 beatum
1163 2416 1388 2474 Petrum
1418 2418 1474 2474 in
1501 2419 1692 2475 eadem
1736 2427 1922 2476 nostra
1965 2435 2064 2477 ex-

480 2508 788 2564 hortatione
819 2507 1070 2565 devotius
1103 2509 1400 2566 attenditis.
1437 2507 1549 2566 Vos
1590 2509 1777 2582 igitur,
1823 2511 2068 2568 dilectis-

480 2599 628 2667 simi,
663 2601 906 2658 carnalia
932 2601 1203 2658 desideria
1229 2601 1418 2676 fugite,
1449 2603 1517 2660 ad
1548 2603 1791 2686 coelestia
1818 2613 1876 2660 et
1919 2621 2066 2662 sem—

479 2705 578 2760 per
601 2691 863 2748 duratura
891 2692 1086 2764 patriae
1112 2694 1353 2752 cmlestis
1379 2695 1576 2766 gaudia
1605 2703 1816 2754 mentes
1849 2695 2062 2768 erigite,

480 2782 700 2839 beatum
729 2781 973 2852 Petrum,
1003 2785 1092 2841 cui
1128 2801 1159 2842 a
1191 2784 1303 2841 Deo
1329 2794 1570 2856 potestas
1597 2786 1970 2859 principaliter
2010 2797 2069 2845 et

481 2871 536 2926 in
568 2881 710 2929 terra
731 2874 938 2945 ligandi
965 2881 1131 2946 atque
1158 2875 1404 2932 solvendi
1429 2875 1554 2932 data
1581 2885 1693 2944 est,
1724 2877 2066 2934 devotissimi

481 2965 690 3022 servitii
743 2969 1002 3025 ﬁdelitate
1050 2968 1352 3025 debitorem
1399 2966 1580 3036 facite,
1627 2977 1901 3041 quatenus
1943 2978 2068 3041 post

478 3059 898 3116 dissolutionem
925 3067 1156 3118 terrenae
1175 3059 1534 3118 habitationis
1555 3071 1775 3130 nostra),
1801 3063 1892 3118 cui
1925 3077 2064 3133 quo-
2091 3097 2135 3155 ο

479 3147 612 3207 tidie
637 3153 882 3210 volentes
911 3153 1270 3224 nolentesque
1317 3154 1716 3224 propinquatis,
1742 3169 1842 3210 nec
1891 3154 2066 3209 multo

481 3251 609 3312 post
633 3243 686 3298 in
709 3257 928 3301 vermes
949 3252 1006 3300 et
1025 3243 1265 3300 cinerem
1305 3243 1615 3316 redigendi,
1651 3244 1773 3316 ejus
1798 3253 2067 3314 praestan-

482 3331 758 3389 tissimum
781 3343 908 3392 ante
934 3333 1242 3392 districtum
1271 3333 1516 3392 Iudicem
1549 3336 1914 3406 patrocinium
1944 3351 2070 3392 sen-

483 3422 653 3480 tiatis.

551 3513 690 3570 Data
721 3517 928 3586 Romae,
955 3517 1173 3574 decimo
1199 3517 1434 3588 septimo
1460 3515 1578 3572 Kal.
1596 3515 1747 3584 Maii,
1773 3517 2069 3574 indictione

482 3605 692 3664 decima
723 3609 900 3666 tertia.

515 3721 522 3726 ·
971 3698 1308 3781 EPISTOLA
1347 3698 1582 3755 LXXIII.

768 3809 837 3849 AD
878 3809 1186 3850 Βοιεειλωί
1233 3809 1780 3866 Ροιοκοιιωιρυοει.

1075 3884 1255 3956 (Anno
1292 3883 1474 3958 1075.)

483 3972 832 4049 Commendat
858 3975 974 4047 ejus
1001 3990 1128 4048 erga
1149 3976 1632 4049 serobservantiam.
1671 3975 1839 4031 Mittit
1867 3975 2065 4049 legatos

551 4063 649 4116 pro
675 4048 1038 4119 episcoporum
1059 4048 1264 4119 causis,
1291 4048 1382 4119 qui
1409 4049 1642 4119 etpauci
1667 4048 1926 4119 erant,_et
1955 4064 2064 4102 mc-

515 4181 520 4188 _
552 4117 936 4196 tropolitanuut
979 4135 1085 4172 non
1112 4117 1392 4174 habebunt.
1425 4117 1697 4196 Hortatur
1719 4130 1777 4196 ut
1811 4117 1936 4173 illos
1966 4119 2065 4172 ad-

517 4252 522 4258 .
542 4189 860 4262 iubentem
886 4190 1050 4262 tivgt,
1075 4197 1210 4244 recte
1243 4205 1299 4244 se
1327 4199 1476 4262 gerat
1511 4189 1568 4244 in
1591 4189 1843 4262 regimine
1867 4205 1991 4256 suo,
2013 4199 2066 4244 et
2120 4251 2128 4260 _

519 4257 798 4330 ’pecunias
835 4261 944 4332 regi
967 4257 1258 4320 Russorum
1271 4257 1483 4315 atilatas
1513 4257 1866 4316 restituendas
1897 4269 2061 4314 curet.

510 4351 860 4410 "Caesonius
879 4353 1188 4424 episcopus,
1211 4369 1402 4410 servus
1427 4367 1709 4410 servorum
1733 4351 1852 4418 Dei,
1866 4351 2067 4410 Doces-

2173 505 2322 562 mus,
2345 503 2542 552 vestrae
2567 496 2823 554 charitati
2845 499 2904 554 in
2933 498 3158 554 Christo
3179 498 3414 554 connexi
3463 513 3684 564 sumus,
3709 508 3786 554 ct

2175 583 2364 641 curram
2389 586 2704 657 ministerii,
2730 591 2800 646 ad
2818 591 2969 661 quod
2993 591 3099 646 sub
3131 591 3440 647 obedientia
3469 592 3782 661 apostolici

2173 680 2512 752 principatus
2529 682 2742 740 occulta
2767 667 2870 740 Ι)έὶ
2899 683 3238 755 dispensatio
3277 698 3380 739 nos
3397 721 3412 750 ,
3440 683 3576 740 licet
3617 683 3782 738 indi-

2174 782 2332 842 gncs,
2362 773 2638 830 ordinavit
2664 782 2827 846 atque
2868 775 3172 843 constituit,
3219 775 3276 830 in
3319 789 3384 830 ea
3437 782 3622 846 parte,
3649 787 3782 845 qua

2172 862 2329 919 vobis
2348 865 2720 922 necessarium
2741 875 2796 922 et
2827 867 3120 924 honestum
3148 866 3266 923 fore
3309 867 3776 938 cognoverimus,

2172 960 2330 1008 tanto
2376 955 2666 1012 sollicitius
2718 957 2876 1013 vobis
2917 957 3186 1028 impertiri
3235 956 3493 1028 cupimus
3545 965 3780 1027 quanto

2173 1044 2335 1101 ﬁdem
2359 1055 2416 1102 et
2437 1048 2766 1104 charitatem
2793 1057 3033 1106 vestram
3062 1058 3118 1104 et
3145 1049 3202 1104 in
3231 1048 3538 1105 obediendo
3565 1063 3776 1119 prouu—

2171 1137 2427 1209 ptiorem,
2449 1147 2506 1195 et
2530 1141 2586 1195 in
2614 1142 2979 1212 promerendo
2999 1141 3336 1198 devotiorem
3372 1140 3772 1212 intelligimus.

2173 1225 2375 1285 Verum
2397 1231 2527 1300 quia
2555 1229 2880 1288 Christiana:
2926 1231 3206 1304 religionis
3245 1232 3383 1287 ordo
3429 1241 3488 1288 et
3525 1231 3776 1302 provida

2171 1317 2507 1388 dispensatio
2555 1319 2626 1374 ab
2682 1319 2770 1375 his
2811 1321 3146 1390 permaxime
3196 1329 3322 1392 post
3361 1320 3536 1378 Deum
3559 1317 3780 1392 pendet

2171 1407 2268 1476 qui
2305 1406 2573 1464 Dominici
2607 1409 2788 1480 gregis
2831 1419 3086 1481 pastores
3131 1419 3187 1468 et
3235 1421 3482 1471 reczores
3509 1427 3638 1468 esse
3669 1411 3772 1465 vi-

2171 1499 2389 1568 dentur,
2419 1501 2550 1557 illud
2588 1503 2747 1559 nobis
2791 1503 2970 1575 primo
3019 1497 3407 1562 attendendum
3469 1514 3558 1562 est
3609 1499 3773 1578 quod

2170 1588 2435 1660 episcopi,
2473 1598 2632 1647 terra
2649 1601 2847 1652 vestrae
2869 1606 2980 1649 non
3015 1595 3282 1652 habentes
3303 1604 3518 1652 certum
3549 1606 3770 1652 metro—

2170 1679 2425 1748 politanze
2448 1681 2594 1738 sedis
2617 1682 2821 1750 locum,
2849 1700 2951 1740 nec
2987 1685 3093 1740 sub
3137 1685 3322 1757 aliquo
3355 1685 3525 1757 positi
3576 1686 3767 1757 magi-

2169 1771 2358 1838 sterio,
2391 1772 2500 1827 huc
2517 1781 2571 1828 et
2594 1773 2726 1830 illuc
2749 1789 2850 1845 pro
2875 1791 2976 1832 sua
3007 1777 3244 1849 quisque
3269 1779 3620 1835 ordinatione
3656 1794 3766 1833 va-

2167 1871 2378 1934 gantes,
2404 1865 2551 1920 ultra
2585 1867 2804 1939 regulas
2827 1876 2884 1923 et
2923 1869 3144 1925 decreta
3175 1877 3496 1926 sanctorum
3523 1869 3766 1926 Patrum

2166 1952 2324 2010 liberi
2358 1963 2490 2011 sunt
2511 1964 2568 2012 et
2586 1957 2842 2013 absoluti.
2885 1958 3091 2016 Deinde
3115 1973 3246 2016 vero
3268 1961 3416 2033 quod
3459 1961 3610 2018 inter
3631 1971 3726 2017 tan
3740 1990 3764 2006 -

2166 2050 2278 2098 tam
2307 2042 2594 2102 hz-minum
2617 2047 3024 2104 multitudinem
3059 2047 3196 2104 adeo
3234 2049 3395 2120 pauci
3451 2059 3589 2106 sunt
3633 2051 3760 2122 epi—

2167 2127 2316 2206 scopi
2353 2144 2408 2192 et
2435 2137 2630 2209 amplae
2663 2139 3010 2211 singulorum
3053 2139 3330 2213 parochiaa
3362 2151 3426 2198 ut
3456 2143 3518 2198 in
3565 2141 3761 2216 subje-

2166 2224 2270 2282 ctis
2301 2224 2550 2298 plebibus
2609 2244 2800 2286 curam
2843 2229 3169 2303 episcopalis
3221 2229 3380 2288 ollicii
3438 2233 3762 2290 nullatenus

2164 2319 2391 2390 exsequi
2419 2328 2515 2375 aut
2539 2319 2642 2376 rite
2671 2321 3059 2380 administrare
3095 2323 3333 2380 valeant.
3377 2323 3491 2380 Pro
3528 2323 3620 2382 his
3651 2325 3759 2398 igi-

2165 2414 2258 2462 tur
2277 2417 2332 2464 et
2352 2407 2475 2464 aliis
2502 2409 2707 2477 causis,
2735 2425 2876 2483 quas
2917 2409 3005 2468 hic
3033 2412 3275 2469 scribere
3307 2413 3625 2481 omisimus,
3649 2415 3758 2469 hos

2165 2499 2372 2573 legatos
2413 2504 2482 2560 ad
2526 2503 2970 2572 vosdireximus,
3005 2513 3276 2577 quatenus
3303 2506 3594 2562 vobiscum
3625 2522 3755 2576 pcr—

2167 2595 2412 2650 tractatis
2452 2595 2685 2668 negotils
2715 2609 2838 2666 quae
2879 2596 2949 2651 ad
2988 2595 3417 2652 ecclesiasticam
3451 2612 3649 2652 curam
3699 2605 3759 2651 et

2164 2682 2580 2740 mdiilcationem
2609 2685 2858 2757 corporis
2886 2683 3091 2741 Christi
3143 2683 3313 2757 (quod
3365 2693 3454 2744 est
3507 2685 3756 2742 ﬁdelium

2164 2775 2535 2849 congregatio)
2576 2776 2848 2848 pertinere
2891 2775 3166 2845 videntur,
3228 2793 3354 2850 quae
3406 2777 3756 2835 emendanda

2165 2879 2316 2938 sunt,
2339 2881 2433 2926 aut
2456 2869 2558 2942 ipsi
2575 2872 2732 2944 juxta
2764 2881 3083 2930 sanctorum
3111 2870 3337 2927 Patrum
3372 2879 3581 2929 statuta
3615 2871 3758 2928 dim.

2165 2965 2341 3033 niant,
2363 2974 2458 3022 aut
2483 2966 2644 3023 nobis
2689 2949 3004 3022 diﬁinienda
3055 2963 3316 3022 referant.
3371 2963 3484 3022 Eos
3541 2965 3754 3036 itaque,

2167 3057 2310 3113 sicut
2337 3073 2460 3124 nos,
2492 3055 2695 3125 audite,
2724 3073 2996 3114 memores
3019 3055 3166 3129 quod
3194 3055 3251 3112 in
3287 3055 3556 3114 missione
3582 3055 3756 3112 disci-

2170 3148 2424 3220 pulorum
2452 3165 2549 3221 per
2576 3148 2929 3222 Evangelum
2988 3144 3204 3207 Veritas
3255 3149 3402 3206 dicat
3437 3168 3452 3205 :
3487 3148 3598 3216 Qui
3665 3164 3757 3203 ros

2168 3244 2342 3312 audit,
2368 3261 2448 3300 me
2467 3245 2648 3310 audit;
2675 3254 2726 3300 et
2735 3246 2826 3318 qui
2838 3262 2924 3300 vos
2945 3246 3164 3316 spernit,
3179 3258 3258 3300 me
3278 3245 3480 3316 spernit
3493 3243 3652 3318 (Luc.
3671 3245 3754 3314 ι).

2167 3332 2235 3390 Ει
2255 3343 2316 3391 ut
2344 3334 2661 3392 fructuosus
2685 3336 2828 3408 apud
2851 3350 2951 3392 vos
2977 3351 3176 3393 cursus
3198 3335 3538 3408 fatigationis
3559 3350 3756 3392 eorum

2171 3427 2282 3494 ﬁat,
2319 3436 2541 3499 propter
2575 3429 2936 3484 reverentiam
2971 3428 3282 3500 apostolicae
3317 3425 3612 3500 legationis
3645 3440 3755 3499 qua

2167 3517 2492 3592 funguntur,
2517 3518 2762 3576 consiliis
2811 3527 2866 3576 et
2916 3519 3152 3592 benigno
3199 3515 3385 3574 favore
3427 3517 3641 3589 iuvate.
3677 3515 3756 3573 De

2055 3641 2060 3646 ι
2167 3618 2366 3666 caetero
2405 3610 2764 3666 admonemus
2790 3627 2890 3666 vos
2915 3618 2969 3666 et
2997 3612 3357 3667 exhortamur
3391 3611 3446 3665 in
3491 3609 3752 3677 Domino,

2168 3711 2232 3757 ut
2285 3702 2431 3760 diem
2483 3705 2736 3760 ultimum
2795 3704 2922 3760 vitae
2974 3715 3207 3772 vestrae,
3255 3717 3420 3776 quem
3481 3703 3754 3776 ignoratis

2166 3793 2386 3864 quando
2407 3794 2608 3864 veniat,
2635 3805 2690 3851 et
2718 3805 2978 3853 terrorem
3003 3795 3172 3852 futuri
3193 3797 3386 3867 iudicii
3409 3813 3636 3868 semper
3661 3814 3754 3853 co-

2167 3905 2285 3944 ram
2312 3889 2489 3945 oculis
2520 3891 2802 3958 habentes,
2831 3889 3184 3947 commissam
3219 3891 3375 3947 vobis
3421 3899 3750 3962 potestatem

2167 3981 2402 4038 sollicita
2435 3981 2630 4056 et.Dco
2663 3983 2862 4054 placita
2885 3983 3360 4039 administratione
3394 3998 3589 4055 gerere
3637 3993 3752 4039 stu-

2167 4075 2361 4143 deatis,
2399 4085 2766 4148 praeparantes
2797 4076 2953 4132 vobis
2973 4077 3192 4133 divitias
3216 4077 3270 4132 in
3303 4076 3570 4148 operibus
3589 4075 3754 4131 bonis

2165 4177 2221 4226 et
2253 4168 2688 4224 thesaurizantes
2736 4168 2954 4224 ﬁrmum
3004 4177 3058 4224 et
3089 4168 3365 4226 immobile
3420 4167 3750 4224 fundamen—

2170 4269 2307 4328 tum,
2331 4267 2392 4316 ut
2426 4260 2592 4316 vitam
2617 4268 2876 4316 aeternam
2898 4261 3242 4332 possideatis.
3282 4259 3434 4317 Scire
3469 4261 3622 4317 enim
3657 4261 3750 4317 de-

2167 4352 2308 4408 betis
2337 4353 2595 4425 quoniam
2613 4368 2892 4429 supernus
2925 4353 3144 4410 Arbiter
3163 4369 3285 4425 quae
3317 4353 3476 4410 vobis
3518 4353 3748 4410 commi-

479 4458 581 4500 u'o
613 4441 739 4499 duci
770 4443 1104 4499 Polonorum
1128 4443 1298 4516 (378),
1333 4445 1562 4500 salutem
1604 4453 1660 4500 et
1706 4444 2064 4514 apostolicam
2095 4461 2141 4520 ι)
2167 4444 2240 4502 sit
2266 4443 2580 4519 irrequisita
2602 4460 2712 4501 non
2740 4444 3038 4516 relinquet;
3072 4446 3176 4502 'cui
3228 4453 3382 4500 tanto
3438 4444 3748 4501 districtius

480 4536 934 4592 benedictionem.

511 4625 530 4644 ’·
551 4627 821 4695 Quoniam
852 4629 1048 4697 honor,
1077 4621 1172 4700 qui
1201 4629 1469 4686 ministris
1494 4639 1550 4686 et
1585 4629 2060 4703 dispensatoribus

481 4707 786 4789 exhibetur,
811 4723 879 4778 ad
902 4723 1260 4780 reverentiam
1285 4721 1635 4780 dominorum
1671 4723 1948 4794 propriam
1977 4731 2061 4778 at-

480 4809 654 4868 tinere
687 4812 1055 4886 dignoscitur,
1086 4814 1278 4884 procul
1333 4813 1499 4870 dubio
1547 4823 1824 4887 gratanter
1851 4823 1906 4871 et
1933 4830 2058 4870 cum

481 4903 650 4962 multa
677 4905 966 4962 dilectione
988 4906 1417 4962 ministrantium
1455 4906 1610 4961 labor
1634 4906 1917 4978 olﬁciaque
1937 4921 2061 4962 sus-

481 4989 786 5068 cipiuntur,
824 4997 894 5064 ab
928 4997 1016 5053 his
1049 4997 1175 5053 dico
1199 4994 1292 5068 qui
1328 4998 1676 5069 praalatorum
1711 5011 1976 5068 personas
2008 5007 2063 5054 et

481 5089 858 5128 ...ηιηνςεσιιιιηι
882 5103 946 5130 mc
979 5088 1143 5134 onrde
1163 5088 1387 5140 diliaere
1415 5088 1859 5144 comprobantur.
1876 5087 1936 5143 In
1953 5089 2061 5144 hoc

2165 4537 2482 4608 responsuri
2507 4535 2642 4592 estis
2659 4545 2866 4608 quanto
2891 4537 3157 4608 ampliora
3183 4545 3313 4594 sunt
3337 4535 3466 4606 jura
3498 4544 3555 4591 et
3596 4535 3747 4606 judi'

2163 4629 2375 4685 ciorum
2407 4629 2777 4684 moderamina
2801 4645 2922 4700 qua:
2946 4628 3160 4684 tenetis.
3183 4627 3330 4684 Deus
3351 4635 3535 4683 autem
3569 4625 3746 4682 omni-

2161 4729 2378 4793 potens,
2403 4721 2561 4793 cujus
2582 4720 2840 4792 maiestas
2861 4729 2946 4776 est
2966 4735 3130 4792 super
3173 4735 3368 4776 onmes
3402 4720 3745 4791 principatus

2157 4821 2217 4869 et
2237 4830 2422 4885 regna,
2459 4813 2658 4886 dirigat
2677 4828 2774 4870 cor
2807 4821 2861 4869 et
2894 4821 3051 4870 actus
3075 4821 3290 4869 vestros
3315 4811 3382 4868 ad
3417 4827 3586 4868 omne
3609 4827 3744 4883 opus

2162 4907 2366 4963 bonum
2390 4907 2444 4961 in
2466 4906 2617 4962 omni
2635 4905 2923 4976 prudentia
2954 4913 3010 4961 et
3032 4904 3426 4962 exercitatione
3452 4905 3739 4970 virtutum,

2162 5006 2452 5068 quatenus,
2473 4995 2686 5066 expleto
2718 5010 2884 5050 cursu
2913 4995 3080 5066 hujus
3108 4995 3334 5050 lubrica:
3368 5001 3425 5050 et
3449 4994 3564 5050 cito
3594 4993 3738 5066 peri-

2163 5095 2300 5144 turae
2328 5086 2493 5153 lucis,
2525 5086 2810 5144 beatorum
2856 5085 3005 5142 Petri
3057 5095 3114 5142 et
3152 5084 3306 5140 Pauli
3366 5085 3738 5154 apostolorum

3909 3345 3913 3434 l

3909 3435 3911 3503 ι

3907 3531 3909 3593 ι

3903 3621 3907 3694 ι

3901 3695 3905 3775 Ι

3899 3777 3903 3865 4

3899 3869 3901 3937 ι
