3982 5316
481 303 586 402 ‘m

480 435 572 521 cla
596 476 798 528 essem,
819 459 1058 518 multum
1079 459 1372 531 diligebam
1393 465 1467 525 te,
1488 463 1564 523 et,
1593 453 1730 513 mihi
1755 452 2062 517 videbatur,
2095 454 2139 510 A

481 554 748 626 diligebar
791 569 824 609 a
853 563 940 622 te;
964 551 1058 610 sed
1090 550 1183 607 ubi
1207 549 1480 622 pastorale
1525 545 1785 614 ollicium,
1810 543 1960 616 quod
2010 543 2065 598 in

481 647 774 706 dilectione
803 645 902 703 Dei
919 654 976 703 et
1003 639 1240 718 prosilui
1265 642 1426 714 quasi
1446 641 1504 696 in
1537 639 1899 696 fundamento
1931 649 2066 691 con-

485 741 650 809 sistit,
671 740 799 796 licet
815 738 1076 810 indignus
1101 736 1310 808 accepi,
1330 735 1572 792 charitas
1590 747 1757 804 quam
1772 731 2070 787 habueram

483 834 634 890 circa
655 841 710 890 te
742 832 917 904 major
937 830 1080 889 facta
1099 839 1186 887 est
1207 845 1350 902 qua,
1363 837 1421 885 te
1439 825 1759 900 proliciente
1779 824 1835 880 in
1851 821 2070 890 melius,

483 939 703 996 semper
732 925 788 980 in
813 923 1080 996 majorem
1106 923 1338 995 gradum
1371 920 1484 976 Deo
1511 918 1750 992 propitio
1783 923 2068 988 augeatur.

554 1016 694 1073 Data
723 1016 930 1086 Roma,
945 1013 1164 1074 decimo
1197 1015 1392 1087 quinto
1433 1011 1708 1070 Kalendas
1737 1000 1888 1081 Maii,
1923 1007 2072 1066 indi-

483 1105 666 1165 ctione
689 1106 914 1165 decima
928 1106 1110 1164 tertia.
1211 1142 1216 1148 -

945 1219 1282 1278 EPISTOLA
1370 1217 1608 1276 LXXVI.

877 1331 898 1338 ··
998 1305 1066 1370 an
1131 1327 1558 1370 causascausas.

1075 1395 1263 1476 (Anno
1307 1404 1493 1476 ιιι-ιδ.)

475 1495 776 1568 ‘Siguiﬁcat
799 1494 1238 1568 Dantur-genum
1258 1496 1402 1568 episc

1119 341 1174 400 s.
1217 337 1546 398 cnsaosn
1585 307 1676 392 vn
1712 333 1920 392 eam
1955 331 2122 412 open

2205 331 2242 390 ιι
2279 327 2467 388 usus
2503 328 2543 384 1.
2583 359 2653 371 -
2690 299 3114 390 neclsrnuu.

3653 319 3764 377 ηε

2631 443 2972 502 EPISTOLA
3029 412 3312 499 Lsxvnﬁ
3505 413 3512 419 ’
3785 522 3792 526 _

2239 553 2308 595 AD
2335 552 2653 596 ςειιοΑῐιιιυιι
2686 549 3169 594 διιηβυιιθειηεειι
3211 544 3689 590 Αιιςιιιειιιδοοριτι.

2771 627 2954 701 (Anno
2994 625 3184 698 l075.)
3287 645 3291 648 ·

2175 721 2427 794 Increpat
2458 719 2599 794 quod
2632 735 2754 775 cum
2779 735 2812 794 ᾳ
2853 714 3666 794 s_ed_e_apostolica_impetmsset
3707 722 3770 767 ut

2242 785 2484 848 diacesis
2514 807 2627 846 sua
2649 790 2824 862 portio
2844 785 3196 862 decideretur,
3223 797 3272 862 et
3295 787 3353 840 in
3385 785 3448 840 ea
3485 785 3792 862 episcopus-

2242 801 2484 848 diaecesis
2514 807 2627 846 sua
2649 801 2824 862 portio
2844 801 3196 854 decideretur,
3223 801 3272 870 et
3295 803 3353 840 ιιι
3385 803 3448 840 ea
3485 801 3772 909 eiuscui-3

2241 863 2671 928 constitueretur,
2695 861 2999 931 episcon
3019 858 3229 930 quidem
3250 874 3307 912 tu
3320 864 3528 931 partem
3557 854 3663 931 soil
3713 871 3736 908 ι
3749 883 3772 894 ο

2245 935 2445 990 tudinis
2469 926 2768 997 admiserit,
2791 926 3212 986 decimas'autem
3225 926 3518 982 omnessibi
3534 926 3772 997 retinue-

2244 1006 2354 1072 rit;
2383 1004 2501 1060 ideo
2527 1012 2701 1058 mouet
2729 995 2786 1058 ut
2807 1000 3043 1056 ecclesia
3065 1016 3191 1054 suas
3220 998 3456 1054 decimas
3480 995 3770 1068 relinquat.

2245 1097 2555 1154 Gnscomus
2582 1095 2893 1168 episcopus,
2923 1109 3120 1150 servus
3165 1105 3449 1148 servorum
3510 1087 3635 1154 Dei,
3657 1086 3773 1144 Gs-

2169 1204 2380 1250 nonno
2410 1184 2748 1263 [GEBEARDO]
2773 1181 3184 1257 Saltzburgensi
3211 1181 3657 1254 archiepiscopo,
3681 1193 3776 1234 sa-

2166 1286 2344 1340 lutem
2387 1287 2444 1335 et
2471 1276 2831 1350 apostolicam
2857 1273 3318 1331 benedictionem.

2245 1369 2596 1428 Meminimus
2627 1366 2975 1426 dilectionem
3005 1373 3159 1420 tuam
3199 1361 3358 1418 annis
3387 1355 3778 1432 superioribus

1405 1446 1562 1565 opum
1587 1491 1950 1565 Simoniagum
1967 1506 2001 1544 ιι
2015 1505 2076 1565 se

2205 1461 2540 1536 ipostolicam
2599 1458 2787 1516 sedem
2831 1455 3034 1513 adiisse
3081 1465 3249 1526 atque
3288 1467 3321 1508 a
3368 1446 3801 1565 pradefessore'

1327 1539 2078 1638 'iiiiii'isé'c‘ieiai
2175 1547 2369 1614 nostro
2389 1555 2551 1610 bona
2570 1550 2852 1608 memoria
2877 1547 3210 1614 Alexandro,
3243 1561 3336 1602 me
3356 1543 3526 1600 etiam
3543 1539 3774 1640 favente

480 1685 488 1690 .
563 1637 698 1693 bona
723 1638 954 1709 diripere
975 1637 1052 1694 vel
1076 1637 1311 1693 alienare
1331 1637 1640 1708 praetimet.

539 1729 871 1788 .Gascomus
899 1729 1214 1802 episcopus,
1243 1745 1439 1788 servus
1464 1741 1753 1786 servorum
1783 1723 1902 1791 Dei,
1928 1723 2077 1782 eiero

2177 1659 2345 1722 atque
2368 1661 2664 1704 assensum
2713 1643 3013 1716 prabente,
3052 1641 3356 1712 imperasse
3374 1643 3439 1692 ut
3492 1632 3780 1706 parochi:

2153 1809 2157 1812 ι
2179 1749 2290 1798 tua
2317 1739 2629 1812 portionem
2651 1751 2764 1809 pra
2783 1732 3139 1806 amplitudine
3162 1731 3248 1788 sui
3275 1728 3583 1793 decideres,
3604 1733 3774 1796 atque

489 1831 550 1888 et
571 1820 774 1894 populo
792 1819 1216 1894 Bambergensis
1243 1819 1524 1890 Ecclesia,
1563 1818 1798 1877 salutem
1844 1827 1902 1874 et
1946 1831 2080 1889 apo-
2111 1819 2155 1876 B
2179 1833 2237 1887 in
2259 1846 2327 1886 ea
2355 1829 2736 1901 episcopatum
2755 1835 2812 1883 ει
2839 1825 3160 1897 episch
3193 1822 3264 1880 ad
3315 1824 3780 1894 sulm-abund“.

492 1913 749 1972 stolicam
771 1912 1230 1973 benedictionem.
1667 1965 1674 1972 .

562 2003 768 2062 Notum
808 2012 896 2062 est
925 2003 1130 2078 [vobis]
1155 2020 1293 2076 pene
1349 2005 1606 2062 omnibus
1665 2003 1723 2060 in
1767 1999 2082 2061 Teutonicis

500 2097 756 2169 partibus
785 2096 1162 2156 habitantibus
1205 2097 1354 2169 quod
1387 2095 1808 2169 Bambergensis
1840 2092 2084 2152 Ecclesia

494 2188 753 2262 specialis
786 2188 1196 2260 quodammodo
1220 2189 1334 2249 tilia
1361 2190 1603 2248 adhaeret
1635 2187 1799 2244 matri
1832 2201 1947 2242 sua
1975 2184 2091 2242 Ro—

498 2297 675 2342 mana
720 2280 1000 2348 Ecclesia,
1029 2283 1122 2340 cui
1150 2282 1264 2339 Deo
1309 2292 1532 2340 auctore
1572 2281 1934 2348 deservimus,
1963 2279 2088 2334 licet

499 2372 728 2446 indigni,
756 2389 822 2431 ac
869 2374 1096 2446 proinde
1137 2384 1294 2434 tanto
1340 2375 1629 2434 sollicitius
1670 2372 1966 2446 vigilantia
1987 2386 2088 2428 no-

500 2475 631 2526 stra
671 2481 775 2523 nos
797 2456 1014 2538 oportet
1033 2467 1139 2524 sibi
1165 2483 1360 2526 atram
1388 2467 1720 2540 impendere,
1746 2475 1954 2538 quanto
2007 2463 2090 2520 fa-

502 2557 776 2628 miliarius
810 2558 1130 2632 apostolica
1151 2559 1304 2618 sedis
1321 2564 1410 2618 est
1437 2558 1742 2616 munimine
1759 2555 2086 2615 cnntuenda.

510 2645 668 2717 Unde
699 2649 832 2722 quia
855 2649 1080 2721 quidam
1122 2649 1292 2708 idiota
1326 2651 1642 2722 pradictam
1678 2647 1983 2706 Ecclesiam
2006 2645 2093 2703 Si-

503 2741 772 2800 moniaca
804 2741 1046 2815 perﬁdia
1081 2742 1338 2800 haretica
1372 2743 1642 2814 pravitate
1683 2741 1980 2800 subversas
2008 2739 2093 2796 in-

502 2841 742 2910 vaserat,
768 2848 890 2892 eam
916 2850 950 2890 a
969 2835 1102 2906 iugo
1130 2835 1408 2908 sacrilega
1435 2833 1776 2906 pervasionis
1803 2832 1950 2889 illius
1971 2847 2098 2904 pro-

504 2924 630 2998 vida
674 2925 1114 2987 consideratione
1137 2927 1372 2984 liberare
1410 2926 1742 2984 studuimus.
1778 2924 2094 2982 Exemimus

505 3017 728 3096 quidem
751 3007 990 3092 gladium
1026 3021 1405 3092 apostolorum
1451 3020 1714 3094 principis
1738 3018 1905 3088 Petri,
1941 3028 1997 3076 et
2036 3018 2122 3090 in.

505 3125 638 3172 eum
695 3112 996 3184 apostolica
1043 3115 1368 3174 auctoritate
1405 3115 1732 3173 sententiam
1782 3114 2097 3187 promulga—

504 3202 706 3284 virnus.
738 3204 942 3264 Verum
967 3207 1096 3280 quia
1125 3209 1181 3264 in
1207 3209 1523 3268 exclusione
1547 3209 1739 3266 talium
1782 3209 1960 3270 solent
1985 3207 2090 3266 Ec-

508 3297 691 3358 clesia
714 3297 888 3357 multa
910 3300 1110 3356 damna
1139 3301 1277 3372 pati,
1307 3309 1363 3357 et
1396 3302 1540 3358 bona
1564 3315 1756 3360 carum
1779 3299 2011 3356 distrahi
2041 3309 2099 3356 et

509 3385 776 3460 disperdi,
797 3389 1026 3462 dignum
1049 3391 1310 3448 duximus
1330 3391 1639 3450 imminenti
1669 3391 1880 3448 damno
1907 3389 2099 3449 Eccle-

513 3480 608 3538 sia
627 3497 1043 3562 pracavcre,.ac
1066 3485 1295 3556 proinde
1319 3485 1600 3557 sacrilegis
1614 3493 1670 3540 et
1695 3483 1943 3556 tyrannis
1975 3469 2108 3554 apo-.

518 3571 714 3649 stolica
745 3573 1076 3636 auctoritate
1100 3573 1376 3642 resistere,
1408 3574 1802 3652 interdicendo,
1830 3590 1901 3632 ne
1939 3589 2107 3633 occa-

515 3660 674 3744 sione
693 3664 1028 3724 exclusionis
1051 3665 1207 3724 illius.
1221 3681 1311 3743 res
1337 3667 1584 3740 ecclesia
1611 3665 1826 3725 auferre
1859 3667 1943 3728 vel
1967 3683 2106 3740 qum

513 3747 650 3833 libet
679 3747 1099 3832 modoalienare
1120 3768 1476 3832 praesumant.
1503 3747 1846 3833 Quapropter
1865 3775 1934 3818 ex
1951 3767 2110 3831 parte

525 3818 623 3903 ﬁci
673 3855 728 3905 et
779 3818 1154 3921 apostOIOrurn
1183 3849 1330 3907 Petri
1352 3859 1408 3908 et
1439 3818 1595 3908 Pauli
1625 3818 2024 3921 interdicimus,
2050 3861 2112 3908 ut

518 3938 669 3998 nulla
699 3940 936 4013 alicujus
961 3943 1263 4016 dignitatis,
1291 3959 1386 4001 seu
1409 3944 1724 4018 potestatis,
1746 3944 1860 4001 sive
1882 3944 2110 4016 cujusli-

519 4018 615 4109 bet
643 4033 1005 4113 conditionis,
1041 4050 1278 4107 persona
1314 4051 1404 4093 res
1433 4037 1550 4108 jam
1588 4050 1733 4108 sape
1765 4033 1889 4091 fata
1921 4032 2112 4096 Eccle-

523 4122 648 4193 sia,
686 4125 929 4184 maxime
989 4127 1314 4184 thesaurum
1364 4137 1421 4184 et
1475 4127 1681 4198 pradia
1737 4125 1992 4191 auferre,
2031 4126 2128 4198 vel.

520 4215 707 4295 aliquo
735 4217 1176 4305 modoalienare
1211 4219 1412 4290 injuste
1447 4219 1756 4292 diripienda
1797 4226 2129 4290 praesumat,

521 4306 698 4370 donec
721 4307 1071 4379 omnipotens
1106 4309 1252 4366 Deus
1284 4325 1382 4382 per
1428 4310 1797 4366 interventum
1837 4309 1984 4366 beati
2013 4307 2129 4382 Pe:

547 4398 596 4460 ri
625 4396 882 4460 Ecclesia
905 4399 982 4462 illi
1004 4400 1262 4457 idoneum
1287 4410 1563 4475 pastorem
1587 4401 1888 4472 provideat.
1911 4400 1970 4456 Si
1991 4400 2130 4476 quis;

524 4507 656 4570 vero
681 4499 875 4548 contra
903 4491 1070 4562 hujus
1096 4492 1496 4554 iuterdictionis
1515 4493 1771 4566 paginam
1788 4493 1977 4549 venire
1998 4500 2120 4548 ten-

524 4583 743 4662 taverit,
772 4583 1066 4640 noveritse
1097 4573 1333 4654 gratiam
1363 4583 1538 4643 sancti
1566 4581 1718 4642 Petri
1763 4583 2034 4652 amittere,
2059 4589 2135 4656 et.

525 4672 842 4748 apostolica
865 4671 1356 4736 animadversionis
1401 4673 1612 4734 ultione
1635 4673 2004 4750 plectendum.

597 4761 732 4820 Data
759 4763 968 4834 Roma,
1005 4781 1084 4821 xu
1115 4763 1386 4826 Kalendas
1410 4763 1559 4834 Maii,
1597 4765 1895 4827 indictione
1916 4781 2036 4825 xm.

2107 1963 2112 1968 .
2181 1931 2292 1978 tem
2325 1920 2611 1993 regiminis
2652 1933 2845 1976 curam
2897 1915 3254 1989 supplendam
3281 1924 3575 1974 statueres.
3598 1914 3778 1984 Quam

2183 2023 2292 2070 tua
2316 2012 2518 2069 mentis
2548 2010 2912 2066 intentionem
2957 2016 3111 2064 tanto
3163 2005 3403 2064 alacrius
3459 2006 3785 2063 audivimus

2183 2107 2346 2174 atque
2361 2109 2424 2158 ut
2437 2100 2827 2172 adimpleretur
2847 2097 3158 2154 studuimus
3177 2106 3384 2170 quanto
3397 2106 3449 2155 te
3465 2097 3782 2170 religiosius

2186 2197 2242 2252 id
2268 2203 2474 2268 petere,
2499 2176 2664 2264 atque
2685 2191 2985 2248 multorum
3019 2190 3186 2248 saluti
3229 2189 3496 2261 prodesse
3524 2189 3666 2245 velle
3697 2189 3783 2244 in-

2186 2283 2516 2344 telleximus.
2541 2282 2679 2350 Quis
2699 2282 2846 2338 enim
2859 2281 2950 2338 cui
2971 2281 3280 2352 spiritualia
3303 2281 3457 2338 lucra
3468 2280 3628 2338 cordi
3649 2281 3782 2348 sint,

2188 2375 2275 2433 his
2317 2373 2620 2446 prasertim
2668 2371 3026 2442 temporibus,
3072 2385 3196 2426 cum
3231 2370 3388 2442 juxta
3429 2372 3780 2443 Apostolum,

2191 2466 2384 2525 Omnes
2405 2473 2650 2537 quarunt
2681 2479 2800 2535 qua
2827 2479 2926 2518 sua
2946 2471 3090 2530 sunt,
3127 2477 3236 2517 non
3272 2479 3390 2534 qua
3412 2461 3548 2518 Iesu
3581 2461 3788 2520 Christi

2190 2559 2418 2632 (Philip.
2445 2559 2532 2630 ιι),
2565 2572 2678 2612 non
2707 2554 3068 2612 libentissime
3113 2555 3477 2626 amplectatur
3526 2556 3785 2612 volunta-

2190 2663 2300 2710 tem
2315 2653 2534 2709 divitias
2549 2660 2800 2708 terrenas
2813 2648 3126 2706 animarum
3151 2648 3312 2705 saluti
3327 2653 3748 2721 postponentel‘l
3763 2649 3790 2704 τ

2193 2746 2299 2804 Sed
2329 2745 2418 2803 his
2441 2745 2638 2802 diebus
2670 2745 2740 2801 ad
2761 2759 2864 2801 nos
2889 2744 3159 2816 perlatum
3191 2752 3280 2810 est
3319 2743 3390 2799 de
3419 2743 3617 2800 eodem
3641 2744 3793 2800 bono

2191 2837 2472 2912 proposito
2495 2847 2616 2904 tuo,
2639 2837 2790 2908 quod
2813 2851 2916 2892 nos
2941 2837 3296 2892 vehementer
3341 2835 3697 2893 eontristavit
3731 2842 3792 2890 et

2192 2930 2570 3003 laetitiam-iuri
2589 2931 2748 3002 quasi
2761 2930 3028 3002 quaedam
3039 2929 3300 2987 maturis
3321 2929 3554 2987 nebulas

2193 3023 2252 3079 in
2273 3038 2386 3095 quo
2405 3021 2753 3096 prudentiam
2773 3029 2994 3077 tuamet
3006 3021 3328 3094 religionem
3354 3022 3594 3078 multm
3611 3021 3794 3078 admi-

2193 3115 2303 3171 rati
2318 3129 2514 3171 sumus
2535 3113 2588 3170 id
2601 3113 2700 3168 tibi
2711 3112 2990 3170 ullatenus
3001 3113 3322 3184 persuaderi
3339 3113 3614 3184 potuisse,
3639 3122 3702 3170 ut
3722 3112 3792 3170 ad

2120 3188 2160 3246 ε
2195 3208 2302 3264 hoc
2358 3215 2412 3264 te
2466 3205 2676 3262 factum
2721 3205 3006 3264 debuisses
3055 3205 3352 3262 inﬂectere.
3403 3204 3793 3278 Comperimus

2195 3305 2364 3373 enim,
2390 3304 2671 3378 episcopo,
2695 3311 2759 3359 ut
2804 3301 3015 3374 prafati
3041 3315 3258 3371 sumus,
3275 3301 3344 3357 'in
3386 3309 3546 3374 parte
3587 3315 3792 3374 protu-

2199 3396 2434 3454 rationis
2457 3403 2566 3452 tua
2587 3395 2915 3466 composito,
2938 3393 3092 3452 illum
3123 3393 3344 3466 quidem
3381 3393 3438 3448 in
3471 3393 3792 3450 societatem

2202 3487 2410 3544 laboris
2447 3485 2689 3554 misisse,
2725 3484 2821 3542 sed
2867 3483 2966 3540 tibi
3015 3483 3258 3539 fructum
3309 3483 3516 3539 laboris
3536 3525 3553 3550 ,

2202 3566 2448 3634 decimas
2491 3575 2808 3634 retinuisse.
2861 3573 3020 3642 Quod
3066 3575 3115 3632 si
3171 3587 3364 3630 verum
3402 3581 3519 3640 est,
3553 3573 3794 3645 graviter

2205 3666 2456 3724 dolemus
2483 3666 2540 3722 in
2573 3673 2684 3722 tam
2719 3664 2984 3736 praclaro
3009 3671 3120 3722 tua
3151 3663 3660 3734 dilectionis-opere
3695 3679 3798 3720 cu-

2206 3757 2514 3830 piditatem,
2533 3771 2660 3828 qua
2684 3756 2840 3814 radix
2881 3757 3128 3816 omnium
3173 3747 3444 3814 malorum
3479 3769 3589 3825 est,
3614 3758 3798 3816 locum

2210 3850 2316 3908 sibi
2339 3851 2588 3922 potuisse
2615 3851 2921 3920 subripere,
2947 3858 3009 3906 ut
3029 3851 3343 3923 operarium
3368 3851 3428 3906 in
3439 3852 3666 3907 vineam
3685 3850 3797 3906 Do-

2212 3943 2349 4000 mini
2405 3943 2676 4010 mitteres,
2702 3949 2760 3998 et
2807 3932 2934 3998 eum
2964 3932 3160 4014 operis
3178 3943 3434 4000 mercede
3470 3942 3795 4000 'fraudares.

2208 4036 2580 4105 Quamobrem
2614 4035 2936 4092 charitatem
2971 4043 3118 4090 tuam
3151 4033 3504 4092 admonitam
3531 4049 3660 4091 esse
3705 4049 3802 4090 vu-

2213 4128 2418 4195 iumus,
2449 4135 2513 4184 ut
2535 4127 2682 4199 quod
2712 4125 3041 4184 devoteDeo
3073 4126 3319 4183 obtulisti
3343 4115 3676 4183 serenumet
3697 4123 3804 4180 sin-

2214 4235 2407 4276 cerum
2429 4220 2548 4276 sine
2578 4218 2692 4275 fuci
2739 4218 3070 4275 admistione
3129 4219 3430 4290 persolvas,
3455 4211 3802 4289 plausibilem

2217 4308 2447 4365 humani
2475 4307 2682 4366 favoris
2717 4307 2932 4364 laudem
2957 4323 3176 4376 caveas,
3203 4307 3424 4378 etquod
3443 4317 3548 4378 ‘spe
3587 4317 3806 4364 atem

2217 4399 2596 4456 retributionis
2622 4399 2838 4471 capisti
2873 4399 2927 4454 in
2960 4399 3256 4455 securitate
3277 4399 3524 4472 ejusdem
3547 4413 3806 4456 remune-

2219 4491 2454 4552 rationis
2487 4491 2726 4562 cxpleas,
2752 4498 2808 4547 et
2858 4491 3148 4549 ecclesiam
3191 4501 3420 4550 suarum
3463 4488 3812 4548 decimam

2223 4585 2524 4642 redditibus
2539 4582 2821 4641 investias.
3419 4621 3424 4628 ι
3473 4567 3480 4575 ’

2290 4675 2425 4732 Data
2453 4675 2662 4744 Roma,
2695 4675 2911 4732 decimo
2931 4674 3129 4748 quinto
3174 4673 3445 4733 Kalendas
3489 4671 3650 4742 Julii,
3667 4672 3812 4730 indi-

2217 4764 2399 4821 ctione
2422 4763 2636 4820 decima
2659 4763 2838 4820 tertia.

560 4877 3258 4908 ———————-—————————-———-——————————-——-——————-———I—-——

1364 4964 1728 5055 LIBER
1797 4928 2323 5054 TERTIUS
2397 4960 2996 5053 BEGISTRI.

544 5085 711 5128 Ασηυι
751 5086 1080 5128 ἣλιον-ἔκδηλα
1117 5091 1581 5128 Ϊηιυηραυιιέιυηὶ.
1606 5088 1934 5128 ...εηηδαηη
1989 5097 2200 5128 ...ιο-η-

2214 5087 2436 5128 ιέ--ἐιωη
2459 5089 2678 5128 nonduin
2757 5085 3100 5128 a'nlnnla'nno
3137 5084 3371 5128 διηερίην
3403 5087 3592 5128 loc-19°41
3624 5087 3784 5128 (ml
