3982 5316
214 259 327 317 419

1316 256 1516 312 LIBER
1560 254 1878 310 TERTIUS.
1919 285 1959 293 —
2025 254 2241 310 EPIST.
2287 255 2374 310 111.

3367 259 3473 314 ιόυ

283 374 529 431 Litteras
551 390 688 446 quas
706 373 890 450 Poppo
924 373 1251 445 praepositus
1291 371 1549 428 Ecclesia;
1604 380 1798 426 vestrae
1825 372 1871 428 Α
1897 367 2264 441 [Hermannus
2295 369 2775 439 Bambcrgcnsium
2809 369 2977 443 nunc]
3008 386 3115 426 non
3159 371 3473 444 episcopus,

205 479 340 519 tum
369 465 458 518 his
485 465 581 534 qui
613 479 800 519 secum
824 473 992 532 erant
1037 462 1268 532 decepti,
1296 462 1553 516 simulata
1620 461 1798 531 paeni-

204 558 381 612 tentia
413 557 664 628 falsaque
689 557 953 628 religione
969 555 1292 612 ilerinlanni
1318 556 1448 609 olim
1482 555 1612 609 dicti
1636 555 1803 610 vestri

205 648 483 717 episcopi,
513 648 732 702 incaute
761 662 791 700 a
819 645 979 700 nobis
1005 645 1178 700 nimia
1208 645 1313 700 sub
1338 642 1694 698 festinatione
1719 657 1805 697 re-

205 740 498 804 cedentes,
524 740 593 794 ad
612 755 716 792 vos
741 737 953 792 deferre
1001 737 1362 808 neglexerunt
1401 745 1592 790 nostro
1628 735 1806 805 sigillo

209 833 530 903 insignitas,
558 831 758 886 idcirco
778 830 934 885 vobis
960 829 1024 885 ad
1063 845 1302 900 prmsens
1328 828 1560 899 dirigere
1583 827 1805 897 dignum

205 921 476 976 duximus
501 930 567 975 ut
597 921 653 974 in
687 921 765 976 eis
790 919 1079 974 nranifeste
1103 919 1451 990 cognoscatis
1473 933 1598 987 qua:
1646 916 1809 971 fuerit

206 1011 281 1066 de
317 1011 440 1080 jam
499 1011 652 1066 dicto
724 1010 1188 1080 pseudoepiscopo
1257 1019 1446 1063 nostra
1529 1007 1805 1074 voluntas,

203 1121 493 1175 quamque
526 1105 854 1159 sententiam
909 1103 1281 1158 damnationis
1335 1102 1544 1173 judicio
1607 1109 1812 1156 sancta

209 1193 534 1262 apostolicae
579 1193 726 1247 sedis
774 1191 830 1246 in
871 1207 998 1246 eum
1061 1191 1532 1263 promulgavimus
1587 1189 1807 1244 indubi-

210 1287 730 1341 tanter-credentes
772 1285 1034 1356 quoniam
1083 1285 1289 1340 nullius
1339 1283 1684 1354 supplicatio,
1715 1289 1812 1337 aut

211 1376 578 1432 frauchlenta
611 1377 888 1447 suggestio
910 1377 980 1430 ab
1001 1376 1192 1430 eadem
1219 1376 1522 1440 voluntate,
1539 1374 1654 1429 sive
1685 1388 1811 1428 sen-

207 1470 408 1535 tentia,
442 1485 511 1523 ex
535 1483 605 1523 eo
627 1484 738 1538 quo
759 1484 820 1524 se
849 1468 1056 1538 judicio
1091 1477 1294 1523 sanctae
1323 1467 1638 1539 apostolica:
1666 1465 1812 1520 sedis

209 1558 514 1622 subtraxit,
541 1557 787 1612 animum
813 1566 1060 1612 nostrum
1078 1555 1643 1628 potuitrevocare,vel
1667 1569 1812 1609 nun-

211 1667 382 1722 quam
410 1649 530 1706 Deo
554 1659 779 1706 auctore
811 1659 1026 1705 mutare
1060 1650 1278 1706 valebit.
1320 1647 1523 1704 Verum
1553 1647 1682 1717 quia
1707 1646 1812 1701 sub

1904 460 2009 515 hoc
2021 476 2165 516 anno
2184 460 2412 516 Romam
2427 462 2698 531 paenitens
2719 461 2871 533 μορε,
2888 472 3097 532 petens.
3117 462 3186 516 Et
3204 465 3350 517 sicin
3366 463 3484 517 Mu-

1904 555 2030 627 tin.]
2058 571 2118 611 se
2139 556 2409 622 habuerit,
2439 557 2522 610 vcl
2569 541 2803 626 qualiter
2829 574 2889 611 se
2911 558 3120 628 judicio
3169 560 3482 629 apostolica:

1903 647 2052 703 sedis
2092 648 2439 713 subtraxerit,
2471 663 2646 718 quave
2701 647 2890 702 fraude
2935 649 3161 704 clericos
3211 651 3484 720 praedictae

1904 739 2165 795 Ecclesiae
2201 739 2306 793 sub
2325 739 2549 792 obtentu
2573 738 2905 807 pmnitcntize
2931 738 3223 808 deceperit,
3247 749 3301 794 et
3346 757 3485 810 quo—

1906 828 2069 885 modo
2093 845 2179 884 res
2207 830 2450 900 ejusdem
2481 829 2585 884 sibi
2629 839 2815 883 contra
2847 828 3017 884 Deum
3049 830 3354 884 commissa:
3383 829 3486 884 Ec-

1908 919 2090 974 deuia:
2113 919 2271 989 pejus
2298 935 2464 989 quam
2489 919 2640 988 prius
2668 919 3019 985 destruxerit,
3049 929 3104 974 et
3158 920 3216 974 in
3260 921 3487 976 clericos

1908 1011 2187 1081 quondam
2214 1011 2319 1065 sibi
2347 1010 2673 1065 commissos
2697 1010 2842 1064 sicut
2870 1019 3134 1080 tyrannus
3163 1011 3486 1076 surrexerit,

1907 1112 2109 1169 vestra,
2131 1113 2193 1158 ut
2225 1118 2368 1168 reor,
2399 1103 2677 1173 cognoscit
2712 1102 3026 1158 fraternitas
3053 1112 3108 1158 et
3146 1113 3293 1158 certa
3339 1104 3489 1159 dolet

1909 1193 2150 1250 tristitia.
2180 1192 2448 1260 Quocirca
2477 1207 2576 1247 nos
2606 1192 2840 1247 ulterius
2878 1201 3061 1248 tantas
3097 1209 3204 1248 non
3245 1195 3490 1250 valentes

1910 1285 2135 1354 impune
2157 1285 2298 1340 ferre
2319 1285 2612 1355 nequitias,
2643 1294 2698 1340 et
2721 1284 2930 1340 noviter
2951 1285 3199 1341 inventas
3227 1286 3488 1354 saevitias,

1911 1377 2152 1432 maxime
2218 1377 2364 1433 circa
2414 1392 2557 1444 eam,
2584 1393 2709 1448 qua:
2753 1377 2912 1432 beato
2969 1375 3133 1432 Petro
3185 1378 3492 1447 specialiter

1912 1468 2206 1523 commissa
2230 1477 2314 1524 est
2337 1466 2605 1535 Ecclesia,
2631 1467 2840 1538 judicio
2886 1468 3062 1523 sancti
3112 1467 3351 1539 Spiritus
3391 1485 3492 1540 per

1910 1560 2155 1630 ejusdem
2184 1560 2562 1617 auctoritatem
2588 1560 2736 1615 beati
2776 1559 2923 1615 Petri
2941 1561 3315 1632 apostolorum
3335 1563 3489 1632 prin-

1913 1649 2050 1719 cipis
2075 1651 2391 1720 praedictum
2423 1649 2818 1706 llerimannum
2867 1652 2938 1706 ab
2985 1651 3160 1708 ofﬁcio
3196 1654 3496 1724 episcopali

209 1741 444 1795 obtentu
475 1740 762 1811 religionis
816 1757 880 1796 ac
911 1741 1150 1796 mentitae
1183 1739 1518 1810 paenitentia
1555 1747 1802 1793 sanctam
1835 1725 1879 1780 Β
1904 1747 2068 1810 atque
2097 1739 2387 1795 sacerdotii
2417 1739 2792 1810 deposuimus,
2823 1747 2877 1794 et
2903 1740 2957 1794 in
2985 1752 3248 1811 perpetuo
3277 1743 3494 1814 deposi-

212 1830 680 1902 Bambcrgensem
705 1831 1026 1899 Ecclesium,
1059 1833 1350 1904 specialem
1399 1829 1805 1903 quodammodo

213 1934 424 1980 sanctae
453 1924 722 1981 Romanae
747 1924 1005 1982 Ecclesia:
1031 1925 1220 1992 filiam,
1261 1925 1548 1998 tyrannide
1572 1932 1807 1980 conatus

213 2025 302 2070 cst
319 2015 687 2081 confundere,
725 2016 978 2088 bonaque
1001 2017 1148 2073 illius
1170 2017 1468 2088 dilapidarc
1489 2026 1652 2088 atque
1689 2018 1805 2073 dis-

214 2109 468 2180 perdere,
519 2108 766 2178 priorem
810 2109 1136 2164 sententiam
1176 2109 1584 2173 conﬁrmantes,
1614 2109 1680 2163 ad
1712 2124 1812 2162 cu-

217 2206 432 2259 mulum
459 2204 836 2260 damnationis
867 2205 987 2274 ejus
1020 2204 1126 2258 hoc
1143 2203 1420 2270 addimus,
1452 2212 1514 2258 ut
1535 2203 1810 2273 irrecupe—

216 2297 562 2352 rabiliterab
583 2296 884 2366 episcopali
911 2294 1094 2350 officio
1123 2305 1392 2361 semotus,
1421 2311 1450 2350 a
1483 2296 1807 2350 sacerdotali

217 2401 444 2457 quoque
466 2387 541 2442 sit
565 2387 794 2441 omnino
823 2385 1072 2442 seclusus
1093 2399 1384 2455 quousque
1413 2386 1723 2454 apostolicae
1752 2400 1812 2441 se

219 2476 518 2531 audientis:
553 2483 929 2547 repraasentet,
951 2486 1176 2545 paratus
1209 2491 1330 2530 eam
1380 2476 1690 2531 cautionem
1731 2474 1812 2530 fa-

219 2583 343 2624 cere
366 2583 540 2640 quam
572 2576 775 2623 vestrae
799 2567 1056 2623 Ecclesia:
1090 2568 1510 2639 cognoverimus
1531 2567 1805 2638 expedire.

221 2658 307 2714 Ab
328 2659 636 2730 episcopali
684 2673 819 2714 vero
851 2656 1031 2714 oﬁcio
1086 2673 1214 2713 eum
1268 2657 1392 2714 ideo
1438 2673 1810 2729 segregamus,

223 2749 354 2820 quia
389 2749 712 2805 Simoniace
731 2749 931 2806 invasit
952 2748 1274 2806 Ecclesiam.
1303 2747 1640 2806 Sacerdotali
1674 2765 1815 2820 quo-

223 2857 332 2912 que
381 2858 513 2898 eum
567 2842 778 2899 idcirco
830 2842 1132 2912 privamus,
1159 2841 1421 2912 quoniam
1469 2842 1576 2896 sub
1633 2841 1814 2912 specie

225 2933 535 2994 sanctitatis
555 2933 713 2991 visus
740 2943 823 2990 est
841 2950 963 2990 eam
977 2933 1240 2990 dilaniare
1261 2943 1425 3004 atque
1457 2933 1810 2990 confundere.

1909 1837 2024 1882 tum
2052 1843 2357 1884 censemus.
2383 1828 2448 1883 Et
2468 1830 2598 1902 quia
2627 1831 2821 1886 haeresi
2833 1831 3014 1900 junxit
3030 1833 3409 1910 sacrilegium,
3441 1847 3496 1890 et

1908 1921 2195 1992 sacrilegio
2224 1930 2467 1992 apertam
2517 1922 2880 1992 tyrannidem,
2911 1922 3494 1981 excommunicationis

1908 2013 2129 2068 vinculo
2157 2029 2286 2068 eum
2333 2013 2701 2084 allig'avimus,
2733 2029 3025 2085 quousque
3071 2029 3132 2070 se
3180 2017 3496 2085 apostolica:

1909 2100 2026 2156 sedi
2054 2107 2424 2170 repraesentet,
2450 2115 2616 2170 quam
2647 2109 2877 2157 conatus
2901 2111 2986 2159 est
3011 2118 3122 2157 non
3149 2104 3325 2158 solum
3345 2103 3496 2160 deci-

1909 2207 2058 2261 pere,
2079 2193 2174 2246 sed
2198 2193 2362 2247 etiam
2385 2193 2512 2248 dolo
2538 2193 2683 2248 malo
2701 2195 2950 2250 irridere.
2979 2194 3040 2250 Si
3063 2205 3244 2251 autem
3270 2197 3338 2252 ad
3363 2198 3496 2252 ulti-

1911 2296 2062 2337 mum
2078 2283 2181 2338 sibi
2193 2284 2336 2338 diem
2348 2283 2799 2356 perveneritdnon
2814 2287 2863 2340 ei
2875 2288 3251 2357 panitentiam
3269 2298 3322 2344 et
3337 2305 3488 2344 com-

1907 2374 2584 2448 nunionemdenegamus,
2615 2379 2708 2432 sed
2731 2393 2879 2444 mox,
2902 2389 2964 2434 ut
2987 2381 3205 2450 poterit,
3235 2384 3495 2452 apostoli-

1909 2481 2032 2522 cam
2056 2467 2206 2522 adire
2236 2467 2441 2534 sedem,
2471 2469 2696 2525 omnino
2746 2470 2824 2524 illi
2854 2472 3219 2541 praecipimus.
3253 2471 3383 2528 Krec
3437 2486 3500 2530 ut

1910 2560 2126 2629 publice
2145 2561 2383 2617 maxime
2411 2561 2676 2619 fratribus
2709 2563 2806 2618 tibi
2856 2567 3118 2636 subjectis
3167 2569 3504 2642 coepiscopis

1913 2652 2164 2709 notitices
2185 2653 2462 2720 volumus,
2491 2663 2548 2709 et
2571 2671 2639 2710 ex
2684 2665 2836 2726 parte
2883 2658 3025 2712 beati
3061 2658 3209 2715 Petri
3248 2663 3502 2736 praecipi-

1913 2757 2058 2808 mus,
2082 2751 2143 2797 ut
2167 2745 2466 2799 secundum
2484 2754 2798 2800 sanctorum
2825 2747 3073 2804 instituta
3098 2749 3319 2807 Patrum
3352 2770 3502 2809 sum-

1913 2850 2144 2905 mopere
2168 2851 2431 2905 procures
2481 2837 2536 2891 in
2583 2839 2840 2907 prmdicta
2885 2839 3268 2914 Bambcrgensi
3318 2845 3506 2902 Eccle-

1915 2925 1998 2981 sia
2027 2935 2299 2996 pastorcm
2320 2927 2606 2994 ordinare;
2629 2938 2903 2998 quatenus
2945 2935 3091 3004 quod
3117 2959 3120 2962 -
3143 2936 3197 2990 in
3245 2940 3506 3007 praedicto

222 3023 294 3078 ει
329 3025 462 3096 quia
489 3033 644 3080 tam
666 3025 809 3081 mal.
842 3033 1035 3082 contra
1060 3023 1358 3081 Ecclesia“,
1393 3039 1618 3095 quoquo
1651 3025 1814 3080 modo
1851 3085 1886 3096 Α
1922 3017 2235 3074 Simoniaco
2285 3019 2622 3090 negligenter
2673 3020 2864 3094 egisti,
2897 3026 3269 3096 comproberis
3323 3044 3506 3086 cmen-

217 3085 365 3171 olini
395 3118 504 3173 sibi
531 3118 891 3174 commissam
913 3133 1170 3174 exercere
1204 3133 1316 3173 non
1353 3085 1557 3185 timuit,
1595 3117 1820 3172 anathe—
1846 3085 1888 3142 Ο
1920 3111 2071 3169 dare.

223 3210 396 3266 matis
443 3226 574 3266 eum
634 3210 858 3266 vinculo
913 3211 1266 3278 innodamus,
1293 3226 1581 3282 quousque
1628 3225 1821 3280 supr-a-

227 3301 378 3358 dicto
414 3304 582 3359 modo
629 3319 689 3360 se
739 3304 1055 3374 apostolicae
1104 3302 1398 3360 audientiae
1444 3313 1817 3376 repraesentet,

225 3392 338 3449 nisi
365 3392 509 3449 forte
544 3394 604 3448 in
643 3395 905 3450 extremis
935 3395 1135 3452 ductus
1175 3395 1395 3467 dignam
1435 3396 1818 3466 pmnitentiam

221 3485 495 3556 accipiat;
522 3494 792 3542 eotamen
820 3495 1030 3553 tenore,
1055 3495 1118 3542 ut
1164 3487 1212 3544 si
1262 3488 1623 3553 convaluerit,
1651 3487 1820 3544 simili

231 3577 420 3642 modo,
461 3585 523 3630 ut
544 3577 754 3632 dictum
779 3585 883 3642 est,
921 3592 982 3631 se
1029 3577 1344 3646 apostolica:
1366 3577 1482 3632 sedi
1514 3591 1820 3646 repraesen-

231 3679 348 3723 tare
383 3668 625 3724 festinet.
663 3667 866 3723 Eodem
919 3681 1141 3738 quoque
1194 3669 1541 3722 anathemate
1591 3668 1825 3738 percuti—

231 3777 357 3817 mus
376 3776 478 3816 eos
503 3761 599 3830 qui
625 3761 694 3815 ab
717 3760 877 3815 initio
925 3760 1290 3830 promutionis
1336 3759 1580 3829 ejusdem
1640 3760 1820 3830 aliqua

229 3852 438 3921 praedia
462 3849 721 3906 Ecclesiae
743 3851 815 3905 ab
835 3865 902 3905 eo
927 3857 1274 3920 acceperunt,
1311 3857 1374 3904 ut
1421 3849 1526 3904 sibi
1577 3849 1825 3905 faverent

229 3943 300 3998 ad
320 3942 448 4012 ejus
468 3942 734 3996 malitiam
765 3941 1154 4006 contuendum,
1177 3939 1527 4010 praemaxime
1548 3940 1671 3995 illos
1701 3939 1820 4010 qui,

228 4042 527 4105 postquam
549 4048 612 4088 se
633 4032 947 4103 apostolica:
991 4031 1136 4087 sedis
1177 4031 1384 4100 judicio
1430 4031 1726 4096 subtraxit,
1755 4031 1824 4086 ab

232 4139 300 4178 eo
327 4124 542 4195 aliquid
566 4124 620 4177 in
652 4123 873 4193 praediis
891 4123 977 4177 vel
1010 4123 1065 4176 in
1095 4120 1371 4177 thesauris
1395 4120 1651 4176 Ecclesiae
1669 4136 1825 4200 accc-

232 4226 437 4287 perunt
469 4217 541 4272 ad
566 4215 968 4271 confovendum
999 4230 1148 4280 eum,
1176 4223 1237 4269 ut
1283 4214 1341 4268 in
1378 4229 1479 4268 sua
1521 4212 1824 4284 pertinacia

235 4316 578 4378 persevcnet,
604 4308 710 4363 nisi
769 4306 1120 4376 resipuerint,
1145 4306 1396 4361 videlicet
1444 4313 1506 4359 ut
1553 4304 1824 4374 condigna

233 4400 614 4457 satisfactione
655 4398 806 4470 quod
856 4398 1113 4467 praedicto
1141 4396 1425 4467 sacrilegio
1457 4401 1825 4466 peccaverunt

232 4494 544 4561 cmendent,
571 4493 844 4562 nobisque
903 4505 1062 4546 suam
1114 4489 1490 4560 pmnitentiam
1545 4487 1825 4559 resignare

233 4588 518 4645 festinent.

302 4678 442 4734 Data
473 4677 762 4741 Laurenti,
785 4675 998 4730 decimo
1051 4674 1216 4730 tertio
1255 4673 1528 4730 Kalendas
1571 4675 1826 4746 Augusti,

230 4772 530 4828 indictione
551 4770 769 4826 decima
796 4769 976 4824 tertia.

815 4857 1155 4914 EPISTOLA
1195 4857 1260 4912 ll.

365 4970 439 5011 AD
467 4968 798 5010 SIGEFBIDUI
835 4967 1181 5008 IOGUN'I'INUI
1209 4966 1678 5008 ABCIIEPISCOPUM.

832 5043 1013 5114 (Anno
1052 5042 1236 5115 i075.)

635 5135 896 5174 Fistula”:
965 5136 1074 5174 {ora
1106 5135 1402 5174 annuerant;

1991 3202 2128 3260 Data
2157 3204 2439 3271 Laurenti,
2470 3206 2683 3262 decimo
2735 3209 2898 3266 tertio
2936 3210 3205 3272 Kalendas
3247 3215 3506 3291 Augusti,

1919 3293 2214 3353 Metione
2237 3297 2452 3354 decima
2474 3300 2654 3355 tertia.
3314 3313 3316 3318 '

2460 3419 2798 3476 EPISTOLA
2842 3422 2929 3480 11].

2203 3529 2270 3568 Δί)
2301 3529 2569 3568 ΠΕΝΒΙΕΓΞΙ
2628 3531 2805 3571 REGE!
2865 3534 3215 3578 ROIANORUI.

2423 3613 2427 3618 ·
2509 3605 2690 3676 (Anno
2739 3609 2924 3683 1075.)

1924 3695 2002 3751 De
2031 3696 2364 3784 .Ileriiztanno
2413 3697 2788 3784 Bambergensi
2819 3705 3003 3784 eadem
3026 3725 3186 3784 _qu_a:
3214 3711 3293 3784 Ain
3351 3730 3512 3784 supc-

1995 3769 2145 3822 riort'.
2182 3768 2366 3839 Regem
2389 3768 2660 3839 praeter-ee
2678 3783 2870 3840 monet,
2910 3787 2968 3831 ut
3014 3768 3312 3835 Ecclesium
3344 3768 3510 3840 Bait—t-

1991 3840 2290 3911 bergemem
2310 3852 2446 3896 recte
2473 3843 2714 3897 ordinari
2738 3856 2902 3900 curet.

1995 3931 2304 3989 Gasconws
2321 3933 2633 4005 episcopus,
2651 3951 2936 3994 servorum
2969 3940 3343 4010 Dei,‘ilsxnico
3367 3950 3510 4020 regi,

1925 4022 2154 4078 salutem
2178 4033 2233 4078 et
2256 4025 2609 4094 apostolicam
2627 4027 3082 4086 benedictionem.

1998 4113 2142 4168 Inter
2166 4124 2365 4170 extera
2409 4117 2682 4172 bonarum
2725 4121 2990 4176 virtutum
3037 4141 3221 4194 opera,
3253 4128 3329 4182 ﬁli
3375 4131 3511 4184 cha-

1928 4204 2165 4271 rissime,
2198 4207 2264 4261 ad
2303 4222 2427 4277 qua:
2463 4218 2519 4264 te
2545 4211 2940 4268 meliorationis
2983 4218 3169 4272 studio
3219 4235 3512 4291 assurgere

1927 4294 2073 4352 fama
2099 4297 2711 4370 referenteaudivimus,
2737 4304 2952 4361 duobus
2990 4316 3040 4362 te
3085 4312 3264 4366 modis
3309 4325 3512 4370 sanctae

1930 4390 2092 4445 matri
2145 4399 2272 4457 tuae,
2312 4392 2572 4449 Romanae
2619 4393 2877 4452 Ecclesia
2918 4400 3145 4469 scilicet,
3176 4405 3511 4462 eminentius

1926 4481 2341 4538 commendasti.
2385 4482 2446 4538 In
2501 4486 2678 4542 altero
2719 4489 2959 4559 quidem,
3000 4493 3126 4563 quia
3181 4493 3510 4555 Simoniacis

1927 4573 2157 4630 viriliter
2193 4575 2436 4645 resistis;
2496 4578 2554 4633 in
2602 4581 2776 4637 altero
2819 4588 2954 4640 'vero
2983 4587 3110 4656 quia
3184 4590 3510 4648 clericorum

1926 4668 2257 4739 castitatem,
2279 4679 2468 4740 utpote
2498 4688 2782 4730 servorum
2823 4675 3058 4745 Domini,
3081 4689 3134 4735 et
3158 4681 3390 4741 libenter
3415 4702 3513 4756 ap-

1926 4761 2127 4831 probas
2154 4773 2202 4816 eI
2228 4762 2518 4820 efficaciter
2544 4766 2823 4822 desideras
2852 4769 3165 4840 adimplere.
3199 4775 3412 4844 Quibus
3445 4780 3514 4837 de

1925 4853 2111 4909 causis
2152 4853 2370 4924 signum
2426 4857 2586 4912 nobis
2641 4860 2998 4928 pr0posuisti,
3023 4865 3325 4934 opitulante
3377 4871 3512 4937 Deo,

1923 4943 2118 4999 altiora
2145 4943 2213 4999 de
2233 4952 2287 5000 te
2314 4955 2366 5000 et
2388 4947 2766 5016 praestantiora
2797 4964 3027 5021 quaeque
3054 4959 3333 5025 sperandi.
3367 4959 3516 5030 Qua-

1923 5045 2145 5107 propter
2169 5043 2223 5090 et
2257 5037 2371 5092 hzec
2399 5045 2451 5092 te
2476 5037 2702 5092 ﬁrmiter
2728 5043 2961 5099 retinere
2986 5047 3137 5104 valde
3161 5061 3437 5124 optamus,
3463 5063 3522 5110 et

1929 5128 2217 5174 Dnminnm
2232 5127 2403 5172 “prim
2421 5139 2664 5172 lmen-nm
2684 5141 2741 5170 nt
2763 5150 2824 5170 nn
2849 5133 2940 5170 il‘hl
2964 5142 3295 5170 ουτω-μαι---
3319 5163 3381 5168 ---
3397 5161 3516 5168 --.η
