3982 5316
467 345 564 403 431

1105 340 1162 395 S.
1201 337 1528 396 GREGORII
1570 335 1658 391 VII
1695 335 1898 419 PAPIE
1935 333 2221 390 OPEliUM
2262 333 2444 388 PARS
2481 332 2522 387 Ι.
2553 363 2620 378 --
2659 329 3083 388 REGISTRUM.

3621 326 3744 384 4'53

465 473 598 530 cura
624 455 1006 532 sollicitudinis
1029 454 1276 519 inliserat,
1315 451 1664 508 vehementer
1701 450 1970 515 dolemus,
1994 457 2048 508 et
2078 453 2122 508 Α
2150 448 2388 512 formido
2401 448 2574 518 necis,
2601 462 2767 517 quam
2815 445 3018 500 nostris
3050 443 3232 500 dicitis
3248 440 3521 500 fratribus
3546 441 3744 532 immi-

467 548 586 617 cius
605 545 922 608 desolationi
961 561 1058 616 pro
1095 543 1303 600 viribus
1352 557 1659 608 occurrere,
1688 541 1944 612 opitulari
1991 549 2046 594 et

468 641 782 707 consulere,
797 638 955 696 cilicii
997 637 1171 694 nostri
1212 637 1540 694 necessitate
1575 634 1926 706 impellimur.
1959 631 2046 688 Si-

469 737 756 796 moniacus
771 733 917 790 enim
940 733 1028 788 ille
1051 730 1417 789 llerimannus
1429 729 1610 787 dictus
1625 728 1918 800 episcopus
1942 726 2056 784 hoc

469 843 614 884 anno
635 825 703 881 ad
717 822 982 897 synodum
999 821 1228 881 Romam
1241 818 1665 892 vocatusivcnire
1687 817 2042 889 contempsit;

468 921 564 985 sed
591 934 716 978 cum
741 915 967 988 propius
991 913 1223 973 Romam
1253 913 1600 980 accessisset,
1621 912 1678 968 in
1699 911 1896 968 itinere
1915 909 2048 966 sub-

467 1011 624 1080 stitit,
659 1017 716 1064 et
737 1007 1080 1080 praemittens
1101 1005 1322 1064 nuntios
1353 1019 1486 1062 suos
1513 1019 1638 1060 cum
1658 1001 1897 1074 copiosis
1924 1015 2047 1056 mu-

467 1101 713 1175 neribus,
739 1107 868 1156 noto
894 1098 999 1155 sibi
1024 1097 1258 1154 artificio
1288 1096 1682 1154 innocentiam.
1709 1103 1952 1152 nostram
1992 1102 2048 1150 et

464 1175 804 1248 confratrum
843 1196 1159 1254 nostrorum
1190 1187 1554 1260 integritatem
1595 1187 1848 1258 pactione
1879 1201 2046 1258 pecu-

464 1281 571 1337 niae
587 1289 878 1348 attentare,
901 1288 1086 1350 atque,
1111 1277 1160 1334 si
1187 1277 1306 1334 fieri
1326 1285 1533 1350 posset,
1549 1293 1900 1350 corrumpere
1927 1294 2047 1334 mo-

465 1355 594 1428 litus
612 1378 713 1428 est.
742 1367 902 1438 Quod
935 1368 1030 1424 ubi
1051 1376 1250 1438 pratter
1277 1383 1429 1439 spem
1451 1369 1652 1436 evenit,
1661 1368 1776 1440 iam
1799 1371 1867 1426 de
1891 1369 2048 1426 dam-.-

465 1464 688 1523 natione
741 1479 842 1520 sua
897 1463 1143 1518 securior
1164 1504 1180 1529 ,
1232 1461 1554 1518 festinanter
1600 1465 1948 1532 retrocessit,
1992 1473 2048 1522 et

467 1553 680 1612 blandis
707 1551 1102 1624 fallacibusque
1135 1551 1425 1624 promissis
1459 1553 1788 1616 clericorum
1818 1557 1914 1628 qui
1959 1573 2046 1614 se-

467 1662 592 1704 cum
607 1655 762 1704 erant
787 1649 1004 1706 animas
1024 1649 1252 1719 lactans,
1281 1650 1466 1708 aiebat
1489 1667 1572 1720 se,
1606 1652 1654 1708 si
1677 1653 1910 1724 patriam
1959 1669 2046 1710 re-

466 1740 666 1810 pedare
691 1750 896 1811 posset,
940 1742 1012 1798 ab
1049 1741 1366 1814 episcopatu
1394 1753 1826 1801 cessaturum-et
1854 1761 2046 1802 mona-

467 1832 618 1892 sticat
653 1833 779 1890 vita:
805 1833 1201 1905 professionem
1231 1836 1566 1894 subiturum.
1597 1835 1776 1904 Quam
1797 1839 2048 1910 sponsio-

468 1939 589 1982 nem
646 1924 880 1997 qualiter
923 1925 1262 1998 impleverit,
1307 1928 1716 1986 celsitudinem,
1745 1939 1918 1998 tuam,
1969 1931 2046 1986 ﬁli

465 2016 806 2083 charissime,
831 2033 938 2074 non
961 2019 1110 2075 latet.
1139 2017 1281 2088 Quin
1308 2021 1476 2078 etiam
1499 2025 1789 2080 temeraria
1817 2025 2048 2081 ulterius

463 2121 789 2183 progressus
830 2108 1078 2174 audacia,
1109 2109 1338 2168 clericos
1361 2109 1618 2170 Ecclesiae
1645 2129 1780 2180 sua),
1810 2115 2044 2173 salutem

463 2207 519 2254 et
539 2199 824 2259 honorem
869 2211 1198 2272 quatrentes,
1230 2203 1390 2261 bonis
1439 2205 1557 2262 suis
1583 2206 1940 2279 despoliavit,
1968 2217 2050 2276 et,

466 2290 572 2348 nisi
601 2306 728 2348 cum
753 2301 870 2360 tua,
901 2302 964 2349 ut
999 2294 1332 2363 audivimus,
1355 2297 1554 2370 regalis
1580 2300 1826 2369 potentia
1873 2299 2050 2356 refre-

465 2379 652 2450 gissct,
682 2381 899 2453 penitus
921 2381 1277 2442 confudissct.
1295 2384 1392 2442 His
1415 2387 1732 2446 excessibus
1758 2389 2048 2461 diligenter

465 2471 845 2551 consideratis,
873 2473 942 2530 ab
987 2476 1282 2548 episcopali
1329 2493 1464 2534 eum
1512 2488 1676 2551 atque
1721 2481 2046 2538 sacerdotali

463 2563 642 2622 ollicio
693 2564 1016 2638 deiecimus.
1072 2565 1304 2640 insuper
1356 2569 1622 2640 quoniam
1679 2568 2050 2644 Bambergen-

465 2669 580 2715 sem
628 2653 936 2712 'Ecclesiam
955 2698 972 2723 ,
1030 2656 1328 2728 apostolica
1384 2659 1531 2716 beati
1598 2658 1746 2717 Petri
1815 2661 2048 2718 mitione

439 2745 756 2813 .inunitam,
801 2748 1080 2807 crudelius
1143 2758 1309 2822 atque
1363 2752 1648 2809 molestius
1701 2769 1884 2826 quam.
1921 2764 2048 2811 ante

465 2834 724 2896 infestare
787 2841 1168 2914 praesumpsit,
1219 2843 1585 2902 anathematis
1637 2863 1766 2904 eum
1824 2849 2048 2906 vinculo

465 2927 866 2998 innodavimus,
879 2931 1054 2990 donec
1075 2934 1506 2993 ecclesiasticam
1517 2936 1838 3010 dignitatem
1861 2941 2050 2997 illicito

464 3033 781 3094 usurpatam
792 3025 1048 3096 deponat,
1059 3035 1114 3084 et
1123 3043 1182 3084 se
1207 3029 1567 3088 nihilominus
1579 3034 2049 3105 sedisapostolicae

462 3115 666 3186 iudicio
691 3129 1058 3193 reprzesentet.
1086 3119 1245 3178 Nunc
1270 3139 1421 3196 ergo,
1443 3127 1900 3186 excellentissime
1945 3131 2044 3200 ﬁli,

463 3209 854 3269 sublimitatem
879 3221 1030 3270 tuam
1053 3215 1362 3286 hortamur,
1387 3227 1445 3274 et
1463 3233 1572 3290 pro
1589 3229 1793 3278 nostrae
1845 3222 2050 3279 sollici-

462 3299 670 3355 tudinis
729 3300 912 3358 debito
971 3303 1287 3371 suademus,
1348 3307 1432 3376 ut!
1467 3308 1855 3381 religiosorum
1917 3326 2054 3369 eon-

465 3391 590 3448 silio
630 3393 876 3450 virorum
909 3396 1101 3453 eadem
1145 3398 1378 3455 ecclesia
1423 3400 1499 3457 ita
1535 3404 1839 3460 secundum
1879 3403 2052 3462 Deum

464 3481 768 3551 ordinetur,
795 3493 1069 3555 quatenus
1088 3487 1233 3542 beati
1253 3486 1421 3556 Petri,
1451 3491 1611 3563 cujus
1639 3492 1849 3548 nomini
1881 3501 1938 3549 et
1957 3494 2053 3548 ἀξ-

466 3571 701 3630 fensioni
724 3575 996 3633 attitulata
1027 3585 1137 3646 est,
1157 3577 1569 3648 intercessione,
1623 3583 1822 3640 divinat
1842 3597 2055 3641 merea-

467 3665 548 3724 ris
595 3667 842 3724 obtinere
881 3667 1146 3743 sulfragia
1197 3672 1572 3742 protectionis.
1601 3672 1746 3742 Quid
1801 3691 1932 3733 vero
1950 3675 2055 3734 hac

467 3757 585 3829 ipsa
617 3760 687 3816 de
713 3775 883 3816 causa
910 3760 1181 3834 Sigefrido
1215 3762 1479 3820 confratri
1510 3775 1702 3822 nostro
1733 3766 2054 3840 Moguntina

467 3851 743 3922 episcopo,
768 3863 820 3909 et
833 3853 1011 3910 eidem
1033 3854 1420 3928 Bambergensi
1447 3859 1595 3914 clero
1621 3869 1677 3914 et
1695 3861 1896 3931 populo
1917 3861 2054 3918 scri-

468 3943 695 4012 pserim,
727 3959 796 4004 ex
826 3945 1112 4002 litterisad
1131 3952 1230 4004 eos
1255 3949 1402 4005 datis
1430 3951 1499 4006 ad
1529 3951 1799 4022 liquidum
1847 3955 2054 4024 poteris

470 4049 792 4105 cognocere.
914 4103 918 4107 ι
1711 4065 1716 4070 ο

539 4126 676 4182 Data
701 4125 909 4194 Romae,
939 4128 1156 4186 decimo
1182 4131 1342 4188 tertio
1372 4131 1642 4190 Kalendas
1670 4135 1924 4208 Augusti.

1035 4219 1371 4278 EPISTOLA
1397 4222 1484 4280 IV.

605 4327 673 4366 AD
709 4325 1028 4368 SIGEFRIDUI
1060 4328 1406 4372 IOGUNTINUI
1448 4332 1914 4375 Αιιειιιειιιεεορωι.
1970 4351 1976 4357 ·
2039 4349 2058 4358 ’-

1067 4403 1250 4473 (Anno
1283 4405 1466 4480 10.75.)

2145 556 2276 596 nere
2293 540 2557 612 principis
2578 539 2704 596 odio
2719 555 2736 605 ;
2751 537 2834 592 vel
2861 553 2930 594 ne
2954 537 3009 592 hi
3025 535 3120 606 qui
3141 535 3208 590 de
3219 533 3456 592 diversis
3477 531 3746 603 panibus

2146 631 2377 688 invicem
2399 629 2774 696 inimicantur,
2797 627 2848 686 si
2875 627 2932 684 in
2961 641 3133 696 unum
3167 623 3521 690 conveniant,
3554 636 3748 694 usque

2145 725 2216 786 ad
2243 721 2632 782 internecionis
2656 721 2795 781 bella
2835 727 3192 792 consurgant.
3223 716 3358 786 Qua:
3379 731 3520 774 sane

2146 815 2282 873 satis
2315 815 2568 871 videntur
2616 813 2688 872 ad
2723 813 3038 884 cuiuspiam
3065 809 3480 869 excusationem
3507 807 3736 864 Moneo.

2146 907 2348 966 Verum
2367 907 2418 964 si
2433 906 2844 964 consideremus
2864 911 3134 976 quantum
3149 903 3228 960 ab.
3244 902 3508 960 humanis
3520 897 3740 972 iudicia

2144 1000 2351 1058 distant
2367 999 2571 1066 divina,
2593 997 2739 1054 nihil.
2751 1007 2898 1068 pene
2912 995 3220 1068 reperimus
3239 993 3387 1066 quod
3407 993 3468 1053 in
3488 1006 3742 1064 stupet-no

2145 1091 2394 1149 examine
2423 1089 2734 1148 excusabile
2780 1085 3153 1160 proferamus,
3195 1093 3260 1142 ut
3303 1087 3374 1148 ab
3413 1076 3743 1142 aniinarum

2145 1185 2316 1242 lucris
2342 1182 2552 1240 retrahi
2587 1181 2710 1243 sine
2755 1179 2998 1252 periculo
3034 1180 3340 1246 valeamus;
3384 1193 3500 1236 non
3526 1177 3738 1234 deum:

2145 1273 2414 1346 siquidem
2456 1287 2666 1338 rerum,
2697 1286 2810 1328 non
2837 1269 3114 1328 malorum
3153 1269 3486 1336 simultates,
3517 1277 3621 1324 aut
3650 1267 3738 1324 ira

2145 1373 2450 1438 potentum,
2477 1379 2590 1423 non
2607 1363 2786 1434 ipsius
2807 1362 3001 1420 salutis
3022 1377 3242 1433 quoque
3267 1369 3472 1420 nostris
3489 1361 3742 1432 tritaque

2145 1457 2510 1530 dispendium.
2535 1455 2594 1516 In
2627 1455 2732 1512 hoc
2773 1453 2979 1525 quippe
3003 1453 3332 1510 mercenarii
3352 1469 3385 1507 a
3410 1451 3742 1523 pastoribus

2145 1549 2352 1610 distant
2377 1547 2524 1620 quod
2551 1547 2628 1614 hi,
2652 1547 2786 1616 lupo
2805 1545 3074 1612 veniente,
3101 1543 3236 1602 dum
3255 1543 3362 1601 sibi
3391 1559 3505 1600 non
3535 1543 3740 1599 ovibus

2147 1647 2418 1708 metuunt,
2446 1639 2634 1712 gregis
2664 1637 3028 1708 direptionem
3068 1635 3580 1706 disnersienemque
3599 1649 3738 1691 con-

2151 1741 2472 1801 temnentes,
2497 1733 2579 1792 eis
2612 1731 2841 1797 relictis,
2871 1729 3168 1802 effugiunt;
3195 1735 3446 1800 pastores
3475 1742 3616 1784 vero
3641 1727 3744 1798 qui.

2086 1811 2128 1865 Β
2154 1842 2284 1886 suas
2303 1826 2536 1898 diligunt
2573 1839 2726 1891 oves,
2767 1839 2866 1880 eas
2890 1837 3234 1894 nequaquam
3263 1820 3745 1878 disserenti-mi-

2151 1927 2314 1978 nente
2352 1919 2616 1990 periculo,
2653 1933 2764 1988 pro
2811 1916 3014 1987 quibus
3055 1931 3279 1988 quoque
3317 1930 3430 1970 non
3479 1914 3740 1970 dubitant

2149 2013 2386 2084 proprius
2405 2011 2532 2068 vitae
2549 2010 2734 2068 subire
2763 2009 3015 2066 exitium.
3061 2007 3408 2078 Quapropter
3439 2012 3664 2078 oportet
3683 2012 3740 2060 et

2152 2123 2255 2164 nos
2289 2106 2486 2166 studiis
2538 2103 2834 2176 pastoralis
2883 2102 3044 2160 cilicii
3102 2102 3358 2159 insistere
3420 2101 3736 2172 vigilanter,

2151 2207 2314 2270 atque
2347 2197 2416 2254 ad
2474 2188 2700 2252 Domini
2739 2195 2972 2266 gloriam
3019 2193 3204 2250 ovium
3235 2207 3454 2262 semper
3503 2205 3738 2247 suarum

2149 2291 2381 2348 salutem
2411 2302 2678 2360 quaerere,
2711 2286 2778 2343 ad
2811 2287 2994 2359 gregis
3021 2285 3328 2342 custodiam
3363 2284 3550 2341 socios
3577 2282 3745 2340 insti-

2151 2397 2300 2454 gare,
2335 2389 2392 2437 et
2432 2389 2496 2436 ut
2539 2388 2692 2438 recto
2723 2393 2918 2452 gressu
2951 2378 3265 2435 commissis
3297 2378 3494 2434 ovibus
3525 2391 3740 2449 prace-

2150 2473 2285 2528 dant
2340 2470 2634 2528 salubriter
2683 2483 3058 2528 communem.
3115 2469 3364 2540 hedique
3425 2469 3476 2525 si
3535 2467 3743 2525 fratres

2151 2572 2374 2622 nostros
2423 2563 2838 2622 consideremus
2881 2561 3219 2633 delinquere,
3271 2569 3328 2619 et
3361 2571 3632 2627 tacemus,
3686 2561 3738 2616 si

2150 2655 2386 2728 denique
2413 2671 2619 2725 errare,
2641 2663 2700 2712 et
2729 2669 2842 2712 non
2879 2669 2980 2712 eos
3005 2655 3076 2712 ad
3107 2655 3450 2712 rectitudinis
3481 2655 3738 2712 semitam

2151 2753 2426 2811 monendo
2451 2767 2710 2810 revocare
2729 2764 3017 2820 conemur,
3043 2767 3234 2811 nonne
3251 2762 3308 2808 et
3331 2753 3436 2825 ipsi
3467 2749 3742 2822 delinqui-

2151 2863 2298 2917 mus,
2332 2856 2390 2904 et
2431 2861 2617 2904 errare
2660 2845 2860 2902 merito
2897 2845 3244 2917 iudicamur?
3270 2847 3474 2902 etenim
3509 2844 3606 2916 qui
3633 2859 3738 2898 nc-

2151 2939 2303 3013 gligit
2358 2939 2550 3010 culpas
2599 2937 2915 3004 emendare,
2971 2937 3304 2993 committit.-
3336 2935 3405 2992 Et
3457 2951 3561 2994 cur
3617 2933 3740 2990 Heli

2151 3033 2410 3090 sacerdos
2443 3032 2501 3088 in
2539 3029 2656 3088 Silo
2683 3031 2880 3102 periit?
2921 3038 2976 3086 et
3004 3030 3136 3101 quid
3167 3039 3252 3088 est
3273 3031 3426 3102 quod
3465 3027 3738 3084 Dominus

2153 3126 2397 3198 loquitur
2422 3169 2429 3174 .
2450 3140 2548 3197 per
2591 3123 2952 3197 prophetam?
3009 3123 3348 3192 Maledicta,
3401 3123 3600 3196 inquit,
3646 3121 3740 3195 qui

2152 3215 2390 3288 prohibet
2423 3214 2663 3287 gladium
2685 3228 2852 3269 nam
2884 3229 2920 3268 α
2949 3216 3204 3286 sanguine
3245 3212 3380 3284 (lor.
3433 3214 3648 3286 xtvm),
3683 3213 3741 3268 id

2151 3317 2238 3365 est
2269 3307 2499 3364 verbum
2531 3304 2942 3378 praedicationis
2993 3319 3034 3359 a
3055 3305 3362 3361 carnalium
3395 3305 3524 3361 vita:
3565 3305 3740 3359 intch

2153 3397 2405 3454 factione.
2454 3395 2526 3452 Ut
2554 3405 2735 3452 autem
2771 3395 2840 3452 ad
2873 3395 2928 3451 id
2969 3395 3118 3466 quod
3163 3397 3230 3452 ad
3272 3409 3517 3468 praasens
3540 3395 3744 3467 premit

2151 3487 2396 3546 animum
2424 3495 2482 3542 et
2511 3487 2660 3558 quod
2707 3487 2867 3558 quasi
2897 3500 3066 3542 musa
3101 3495 3187 3542 est
3235 3487 3411 3543 nostri
3463 3487 3742 3543 sermonis

2152 3579 2460 3644 veniamus,
2492 3578 2773 3648 quomodo
2803 3593 2869 3634 ea
2917 3577 3190 3648 patienter
3217 3577 3462 3649 perferre
3488 3579 3742 3633 valemus

2152 3684 2274 3740 quae
2299 3669 2371 3724 de
2401 3668 2592 3726 fratris
2612 3669 2790 3724 nostri
2816 3667 3264 3740 Strasburgensis
3289 3668 3528 3740 episcopi
3565 3668 3742 3724 mori-

2153 3761 2257 3817 bus
2291 3759 2626 3827 audivimus,
2655 3769 2710 3816 et
2734 3769 2881 3816 certa
2927 3773 3061 3816 esse“
3089 3761 3352 3816 nonnulla
3383 3761 3569 3839 veraci
3598 3759 3742 3817 rela-

2154 3853 2302 3909 tione
2325 3852 2719 3924 cognovimus?
2741 3851 2898 3909 Unde
2919 3855 3174 3911 volumus
3199 3863 3368 3926 atque
3388 3855 3741 3926 praecipimus

2152 3950 2422 4014 quatenus
2455 3957 2646 4011 unum,
2689 3944 2839 4015 quod
2887 3944 3032 4016 apud
3077 3959 3183 4002 nos
3215 3946 3398 4001 adhuc
3447 3955 3639 4002 manet
3681 3946 3738 4000 in

2152 4035 2401 4103 dubium,
2436 4033 2764 4092 Simoniacaa
2804 4033 3058 4092 videlicet
3080 4037 3355 4093 haereseos
3393 4036 3737 4107 contagium,

2153 4126 2439 4199 diligenter
2482 4127 2767 4193 discutias,
2799 4137 2855 4184 et
2881 4129 3147 4199 quidquid
3197 4144 3380 4200 super,
3409 4144 3480 4186 eo
3525 4137 3739 4188 certum

2155 4215 2424 4292 repereris
2452 4205 2622 4276 nobis
2646 4220 2902 4277 intimare
2931 4236 3043 4277 non
3076 4221 3321 4290 diﬂeras,
3343 4229 3645 4294 quatenus,
3691 4221 3740 4276 si

2153 4329 2344 4370 verum
2376 4313 2560 4382 fuerit,
2588 4311 2795 4369 Christi
2816 4313 3058 4370 Ecclesia
3080 4314 3250 4372 tantis
3271 4315 3528 4372 sordibus
3547 4329 3744 4371 emun-

2155 4405 2334 4472 detur,
2369 4412 2425 4460 et
2465 4403 2614 4460 illius
2655 4403 2876 4471 animis,
2923 4419 2994 4460 ne
3035 4413 3242 4474 pereat,
3276 4404 3663 4472 subveniatur;
3691 4405 3750 4461 si»

477 4491 738 4581 Ιιοξεαηιρ·
765 4493 856 4581 .ᾳά
880 4493 1166 4581 pastorale
1212 4509 1401 4552 inerms
1413 4498 1685 4581 "ﬁdeliter
1733 4499 2050 4581 coeundum.
2087 4526 2132 4581 ι)
2155 4511 2287 4553 vero
2335 4495 2513 4568 (quod.
2537 4493 2712 4569 magis
2754 4493 3034 4566 optamus)
3070 4495 3293 4563 falsum,
3327 4504 3482 4552 tanta
3511 4495 3740 4552 infamia

543 4563 806 4652 Prwcjpit
835 4563 905 4648 ut
927 4564 1184 4652 inquirqt,
1229 4582 1356 4652 n‘um
1407 4563 1804 4652 Stosburgenst's
1845 4572 2048 4652 episco-

543 4651 642 4712 pus
676 4633 1160 4712 Simoniocmdabis
1204 4633 1661 4712 si}_reus._Arguit
1683 4656 1769 4694 eos
1799 4633 1890 4712 qui
1921 4659 2049 4696 con-

545 4705 874 4778 ciliumAaAse
901 4707 1160 4778 indictum
1205 4705 1563 4775 dilerendum'
1599 4725 1710 4764 esse
1741 4705 2049 4778 censebant;

543 4775 692 4846 eique
725 4775 954 4848 injungit
993 4786 1052 4831 ut
1074 4774 1372 4832 Simonides
1407 4787 1459 4832 et
1489 4779 1892 4848 fornicationem
1913 4774 2041 4838 evel;

545 4845 757 4898 [endam
783 4849 946 4898 curet.

567 4855 757 4898 endam
783 4855 946 4902 curet.

549 4933 857 4992 Caesonius
884 4937 1194 5010 episcopus,
1221 4953 1414 4996 servus
1435 4953 1720 4996 servorum
1745 4939 1862 5010 Dei,
1893 4939 2074 5002 Stes-.

479 5038 640 5079 ramo
669 5022 989 5096 Moguntino
1013 5027 1450 5100 archiepiscopo,
1487 5027 1722 5086 salutem
1751 5039 1806 5086 et
1833 5041 2060 5104 aposto-

481 5114 514 5140 l:
525 5128 638 5140 Α--Α
669 5113 772 5140 λιι-ι
872 5116 936 5140 al:
948 5131 1010 5140 Α-.
1022 5132 1099 5140 -..ρ

2156 4589 2348 4660 procul
2371 4589 2442 4644 ab
2461 4603 2549 4656 eo,
2581 4589 2873 4660 adiuvante
2901 4603 3006 4644 nos
3028 4589 3212 4644 divina
3235 4589 3434 4662 gratia,
3463 4589 3744 4660 propella-

2159 4691 2266 4738 tur.
2306 4680 2390 4738 Illi
2436 4695 2566 4737 vero
2611 4681 2706 4752 qui
2745 4681 2936 4737 dicunt
2967 4681 3260 4738 concilium
3287 4681 3435 4752 quod
3468 4681 3628 4738 vobis
3657 4681 3746 4740 in—

2157 4773 2396 4830 diximus
2439 4787 2562 4829 esse
2613 4769 2996 4839 differendum,
3027 4787 3288 4844 rogamus
3329 4771 3702 4843 respondeant
3723 4790 3747 4828 τ

2160 4862 2312 4934 Regii
2339 4863 2538 4921 milites
2571 4861 2802 4929 dudum,
2826 4870 2887 4918 ut
2917 4877 2978 4918 se
3000 4862 3068 4917 ad
3091 4861 3231 4918 bella
3264 4871 3522 4933 pararent
3541 4863 3740 4920 admo-

2161 4953 2283 5021 niti,
2318 4953 2449 5025 quid
2483 4961 2618 5010 tunc
2637 4960 2824 5010 essent
2853 4952 3050 5021 acturi,
3093 4968 3221 5010 cum
3271 4953 3459 5010 hostes
3499 4953 3558 5010 in
3589 4954 3740 5024 regia

2160 5045 2286 5100 aula
2317 5043 2488 5096 armis
2505 5044 2620 5115 iam
2641 5052 2697 5099 et
2725 5043 2850 5114 igne
2879 5043 3168 5102 szevirent?
3191 5043 3386 5101 Dicant
3396 5059 3530 5116 ergo
3553 5053 3739 5100 suurn
