3982 5316
238 267 357 323 453

1347 266 1549 322 LIBER
1586 264 1904 322 TERTIUS.
1955 295 2010 305 --
2049 263 2264 320 EPIST.
2308 264 2393 320 Vl.

3408 273 3514 328 I35

238 382 385 438 tatis
400 381 593 453 vigore
615 382 982 452 consurgere?
1006 380 1162 448 Quod
1188 392 1368 436 autem
1403 381 1541 438 dicis
1571 382 1836 453 quosdam
1867 389 1909 445 Α
1937 393 2044 449 que
2070 393 2273 446 meam,
2307 390 2471 452 atque
2515 380 2741 436 amitam
2792 380 3090 439 Beatricem
3119 390 3172 439 et
3200 384 3365 443 filiam
3392 386 3514 459 ejus

241 472 451 529 lintres
486 487 600 528 non
637 486 799 542 posse
823 471 891 526 ad
921 471 1215 528 concilium
1246 473 1545 528 convenire
1584 472 1657 527 ob
1681 473 1832 544 prin-

239 563 393 636 cipis
416 562 789 631 inimicitiam,
804 562 1037 621 dicimus
1057 562 1106 620 ei
1130 562 1310 637 [forte,
1333 565 1434 629 eis.
1470 563 1665 631 Hann”
1687 575 1738 620 et
1759 566 1836 619 sic

241 654 301 709 ia
331 653 560 729 latim]
591 655 859 722 sullicere,
896 657 941 712 si
967 656 1034 713 de
1064 656 1182 713 suis
1210 656 1425 714 clericis
1456 657 1712 729 dirigant,
1741 657 1833 730 qui

241 761 353 817 pro
374 745 461 802 eis
482 747 712 803 valeant
743 747 1089 817 respondere.
1118 745 1226 803 Sed
1249 747 1507 820 quoniam
1533 763 1642 803 non
1678 747 1834 820 igno-

241 852 442 894 ramus
484 838 637 910 quod
678 853 713 893 a
759 838 1007 910 pluribus
1034 838 1348 896 carnalibus
1378 852 1443 895 ac
1485 839 1838 896 saecularibus

240 929 586 996 dehorteris,
612 944 682 984 ne
708 929 762 985 in
790 930 946 985 vinea
969 929 1185 985 Domini
1215 944 1316 1001 pro
1341 931 1649 986 animarum
1670 930 1839 986 lucris

238 1018 475 1074 {uniter
496 1035 566 1076 ac
590 1018 821 1076 fideliter
844 1021 1109 1091 opereris,
1133 1035 1203 1076 ne
1225 1028 1444 1076 tuarum
1469 1019 1611 1077 forte
1628 1034 1836 1088 rerum,

241 1118 349 1165 aut
382 1110 642 1167 odiorum
684 1118 970 1181 potentum
1009 1110 1307 1167 discrimen
1350 1112 1623 1177 incurras,
1672 1120 1728 1166 te
1771 1110 1837 1166 ex

241 1210 409 1271 parte
438 1200 539 1256 Dei
585 1201 980 1273 omnipotentis
1022 1210 1080 1258 et
1120 1203 1448 1259 auctoritate
1498 1202 1647 1259 beati
1691 1201 1839 1259 Petri

245 1306 518 1364 rogamus
567 1301 626 1349 et
656 1308 967 1361 monemus,
1018 1304 1288 1366 quatenus
1328 1295 1530 1353 nullius
1584 1296 1712 1352 odio
1747 1304 1842 1351 aut

243 1383 448 1453 gratia,
491 1398 592 1439 seu
634 1384 817 1456 aliqua
843 1384 1186 1442 terrenarum
1214 1402 1398 1443 rerum
1417 1387 1653 1460 jactura,
1690 1402 1720 1443 a
1755 1401 1841 1443 re-

243 1473 541 1530 ctitudinis
565 1476 791 1532 tramite
809 1475 1084 1533 declinare
1108 1492 1439 1549 praesumas;
1474 1478 1606 1551 quin
1632 1478 1839 1545 omnia,

243 1573 415 1634 prout
439 1563 681 1637 Spiritus
706 1575 934 1623 sanctus
954 1566 1260 1636 donaverit,
1306 1568 1594 1641 diligenter
1632 1570 1841 1625 exami-

244 1669 370 1757 pea,
393 1664 452 1712 et
471 1655 635 1713 nobis
662 1656 1159 1757 quﬁldquid-certum
1188 1659 1495 1715 constiterit
1512 1660 1839 1732 quantocius

1936 470 2267 528 Matbildem.
2321 471 2405 528 Me
2439 486 2591 540 vero,
2621 472 2912 545 adjuvante
2940 474 3193 544 Domino,
3243 477 3312 534 de
3346 492 3511 550 expe-

1933 564 2143 621 ditione
2184 564 2452 622 Saxonica
2500 566 2779 634 redeunte,
2829 567 2969 626 alios
3022 569 3231 640 legatos
3257 569 3510 642 dirigam,

1935 671 2100 728 quam
2159 655 2542 713 familiariores
2591 673 2655 714 ac
2683 657 2955 715 fideliores
2982 658 3213 726 habebo,
3240 674 3339 730 per
3373 675 3525 732 quos

1936 763 2154 805 omnem
2209 749 2366 805 vobis
2406 764 2585 805 meam
2634 749 2971 806 voluntatem
3020 758 3077 806 et
3128 752 3525 819 reverentiam,-

1936 856 2102 911 quam
2131 841 2293 897 beato
2308 839 2472 896 Petro
2495 848 2551 896 et
2577 840 2734 898 vobis
2754 841 2946 909 debeo,
2968 841 3515 913 signiﬁcabo.Postea

1936 942 2067 983 vero
2114 927 2355 999 praefatis
2406 929 2602 1001 legatis
2657 928 2891 985 dicendo
2926 930 3208 986 mandavit
3239 939 3516 1003 quatenus

1889 1041 1893 1045 η
1938 1028 2048 1073 non
2070 1018 2425 1086 mirarentur,
2455 1033 2557 1076 nec
2592 1018 2829 1091 graviter
2867 1017 3073 1077 ferrent
3107 1020 3257 1093 quod
3284 1020 3531 1092 promis~

1939 1124 2033 1166 sos
2076 1110 2305 1168 minime
2351 1111 2531 1168 adhuc
2575 1110 2838 1168 direxerit
2876 1112 3120 1179 nuntios,
3169 1112 3361 1184 eisque
3402 1126 3519 1168 non

1937 1202 2093 1259 fieret
2119 1215 2415 1260 onerosum
2443 1217 2561 1271 eos,
2582 1202 2757 1259 donec
2778 1202 2895 1274 ipse
2917 1202 3174 1272 mitteret,
3191 1204 3514 1276 praestolari,

1937 1294 2201 1365 quoniam
2227 1293 2419 1365 procul
2440 1293 2609 1349 dubio
2636 1293 2760 1350 illos
2786 1294 3062 1349 missurus
3089 1304 3229 1361 erat,
3259 1303 3314 1350 et
3345 1296 3401 1350 in
3424 1310 3519 1352 ea—

1939 1385 2063 1441 dem
2086 1386 2356 1442 sententia
2382 1386 2737 1442 immobiliter
2762 1387 3137 1458 permanebat.
3152 1385 3309 1444 Nunc
3335 1396 3531 1443 autem

1939 1478 2174 1549 qualiter
2194 1478 2301 1535 hoc
2345 1478 2638 1535 consilium
2674 1494 2896 1534 versum
2926 1478 3018 1547 sit,
3054 1487 3109 1535 et
3150 1478 3299 1551 quod
3341 1477 3522 1535 facere

1939 1569 2171 1625 latenter
2198 1567 2547 1640 disposuerat
2573 1570 2751 1639 palam
2782 1568 2900 1624 fieri
2926 1569 3076 1638 velit,
3108 1569 3325 1640 penitus
3354 1569 3523 1624 mira-

1941 1672 2088 1726 mur,
2113 1658 2217 1715 nisi
2246 1657 2392 1729 quod
2418 1657 2582 1714 datur
2603 1657 2853 1731 intelligi,
2877 1658 3007 1729 quia
3031 1658 3148 1728 ipse
3172 1672 3541 1729 nequaquam.

245 1743 540 1803 iasinuare
570 1760 858 1818 procures.
908 1745 1139 1803 Multum
1188 1762 1429 1820 namque
1473 1749 1635 1807 debet
1679 1750 1840 1807 nobis
1872 1764 1914 1827 Β
1941 1748 2085 1804 banc
2108 1748 2295 1818 cupiat
2318 1762 2509 1819 pacem
2530 1746 2813 1818 componi,
2832 1763 2998 1818 quam
3022 1747 3186 1802 modo
3201 1748 3318 1803 vult
3341 1748 3522 1818 palam

244 1836 425 1893 videri
467 1837 811 1908 pudendum,
854 1839 1003 1911 quod
1029 1839 1261 1911 quilibet
1300 1841 1593 1899 sweulares
1639 1842 1838 1899 milites

246 1927 498 1999 quotidie
518 1943 622 2001 pro
652 1938 873 1986 terreno
894 1930 1141 2004 principe
1164 1947 1266 1989 suo
1287 1933 1345 1989 in
1365 1933 1485 1991 acie
1504 1935 1837 2003 consistunt,

245 2030 309 2077 et
326 2022 484 2078 necis
496 2020 741 2094 perferre
752 2022 1072 2081 discrimina
1096 2026 1184 2080 vix
1200 2036 1572 2098 expavescunt
1596 2046 1610 2084 :
1633 2037 1689 2085 et
1708 2044 1837 2097 nos,

247 2109 348 2181 qui
373 2110 695 2167 sacerdotes
715 2109 939 2168 Domini
957 2113 1217 2182 dicimur,
1256 2130 1369 2172 non
1402 2132 1504 2188 pro
1526 2117 1626 2173 illo
1646 2127 1840 2175 nostro

248 2213 383 2270 rege
410 2214 745 2271 pugnemus,
795 2202 892 2272 qui
921 2203 1106 2259 omnia
1132 2204 1264 2261 fecit
1311 2221 1381 2262 ex
1413 2208 1605 2274 nihilo,
1636 2209 1841 2280 quique

250 2303 364 2345 non
385 2288 679 2348 abhorruit
704 2292 903 2350 mortis
927 2307 1028 2364 pro
1056 2294 1219 2351 nobis
1247 2295 1434 2353 subire
1471 2297 1839 2369 dispendium,

251 2380 527 2453 notisque
564 2383 837 2453 promittit
869 2384 1128 2442 meritum
1176 2386 1298 2443 sine
1342 2387 1452 2443 line
1494 2402 1838 2446 mansurum.

252 2468 371 2528 Hoc
397 2480 587 2529 autem
616 2474 801 2532 adhuc
829 2484 939 2535 tute
974 2476 1306 2535 fraternitati
1336 2480 1678 2553 iniungimus
1704 2496 1844 2554 qua-

252 2570 417 2622 teous
442 2563 516 2623 de
554 2561 873 2624 Simoniaca
896 2568 1094 2627 baresi
1127 2585 1193 2628 ac
1232 2569 1594 2629 fornicatione
1613 2573 1843 2631 clerico-

254 2669 403 2723 rum.
437 2654 584 2713 sicut
627 2657 700 2714 ab
737 2661 1040 2730 apostolica
1096 2662 1228 2721 sede
1273 2662 1551 2734 accepisti,
1600 2663 1846 2721 studiose

251 2748 566 2819 perquiras,
597 2758 658 2807 et
685 2751 953 2825 quidquid
993 2763 1330 2813 retroactum
1364 2756 1661 2824 inveneris,
1695 2757 1844 2830 lega-

252 2838 379 2915 liter
424 2840 654 2911 punias,
695 2850 754 2897 et
796 2842 1043 2907 funditus
1084 2862 1322 2917 reseces,
1357 2863 1424 2906 ac
1468 2864 1538 2904 ne
1583 2847 1847 2920 quidquid

253 2931 489 2991 ulterius
510 2931 697 3005 Uorte,
729 2950 801 2992 ne
819 2936 949 3009 quid
974 2939 1225 3010 ulterius,
1249 2940 1511 3011 Ηιιιιιιηιι
1537 2942 1618 2997 sic
1641 2942 1700 2995 in
1722 2940 1846 2995 Ma-

254 3023 383 3098 tut.]
410 3024 509 3083 fiat
533 3026 756 3097 penitus
783 3028 1102 3089 interdicas.

1939 1840 2020 1897 eis
2045 1838 2185 1905 ﬁeri,
2209 1839 2413 1911 quibus
2439 1854 2561 1895 eam
2593 1848 2754 1910 antea
2798 1839 3015 1894 volebat
3060 1839 3342 1907 abscondi,
3373 1847 3429 1894 et
3456 1839 3525 1895 dc

1938 1930 2140 2002 quibus
2167 1929 2310 1988 idem
2334 1930 2643 1987 testabatur
2670 1929 2846 2002 magis
2878 1945 2975 1987 eos
3003 1931 3071 1985 de
3096 1939 3284 1985 nostra
3306 1930 3524 1987 discor-

1938 2020 2027 2076 dia
2070 2036 2239 2093 quam
2287 2021 2356 2077 de
2402 2029 2594 2075 mutua
2622 2019 2914 2076 concordia
2958 2020 3149 2076 laetari.
3180 2020 3526 2091 Quapropter

1939 2131 2039 2173 vos
2070 2114 2216 2172 scire
2264 2113 2521 2171 volumus
2576 2127 2679 2168 nos
2721 2113 2853 2168 huic
2902 2111 3155 2184 petitioni
3210 2112 3527 2168 nullatenus

1938 2218 2332 2274 consensuros,
2380 2204 2646 2276 quoniam
2697 2203 2844 2273 quod
2894 2202 3059 2258 modo
3101 2202 3382 2258 inventum
3443 2210 3527 2257 est

1942 2312 2052 2354 non
2079 2295 2296 2353 videtur
2323 2294 2485 2351 beato
2510 2293 2673 2350 Petro
2720 2307 2786 2348 ac
2835 2293 2996 2350 nobis
3039 2292 3361 2349 honorabile
3388 2292 3528 2348 velle

1942 2395 2062 2467 ejus
2086 2393 2308 2451 utilitati
2336 2391 2647 2465 provenire.
2677 2388 2837 2459 Quod
2863 2390 2911 2446 si
2938 2390 3006 2446 ad
3046 2389 3200 2461 prius
3222 2395 3529 2445 revertatur

1942 2484 2255 2550 consilium,
2275 2482 2329 2539 id
2345 2482 2561 2539 videtur
2579 2480 2857 2538 salubrius
2879 2480 3147 2552 nobisque
3161 2478 3523 2555 sequendum.

1943 2576 2022 2633 De
2040 2577 2276 2634 consilio
2304 2590 2437 2632 vero
2465 2573 2615 2646 quod
2639 2573 2925 2645 expetistis
2971 2587 3003 2626 a
3033 2571 3194 2628 nobis
3220 2570 3351 2643 quid
3370 2569 3529 2625 vobis

1944 2669 2017 2726 sit
2058 2666 2496 2740 respondendum
2542 2664 2837 2721 Goteiiedo
2909 2665 3207 2725 nescimus.
3257 2678 3383 2719 cum
3438 2662 3530 2718 ille

1944 2767 2129 2831 aperte
2180 2757 2462 2829 infregerit
2508 2755 2655 2827 quod
2705 2754 2861 2810 vobis
2895 2753 3210 2825 iuramento
3253 2751 3524 2824 promisit,

1947 2867 2047 2908 nec
2097 2858 2307 2907 certum
2358 2848 2659 2920 quidquam
2708 2847 2775 2903 de
2839 2846 3012 2916 ipsius
3068 2842 3527 2916 promissionibus

1946 2942 2167 3000 credere
2198 2941 2502 2997 valeamus.
2547 2937 2751 2994 Verum
2788 2938 2836 2995 si
2889 2937 3109 3008 aliquod
3148 2934 3348 3004 foedus,
3376 2934 3525 3005 quod

1949 3050 1979 3091 a
2024 3041 2344 3092 sanctorum
2371 3030 2596 3088 Patrum
2631 3030 2914 3087 sanctione
2938 3041 3047 3082 non
3073 3027 3364 3100 discrepet,
3388 3024 3530 3081 inire

278 3154 287 3157 Α
327 3113 471 3173 Dan
491 3116 703 3188 Romae,
726 3121 891 3181 tertio
930 3121 1118 3182 Nonas
1162 3124 1516 3199 Septembris,
1547 3126 1844 3184 indictione
1868 3118 1911 3177 C
1944 3141 2071 3183 cum
2117 3139 2185 3181 eo
2218 3122 2487 3196 poteritis,
2536 3119 2699 3178 nobis
2754 3119 3086 3177 laudandum
3136 3119 3383 3184 videtur;
3440 3116 3527 3174 sin

256 3206 565 3281 incipiente
593 3210 811 3271 decima
842 3223 1059 3286 quarta.

835 3305 1172 3366 EPISTOLA
1209 3310 1273 3365 V.

354 3450 360 3469 ς
429 3410 503 3453 AD
536 3411 845 3459 IEATIICEI
878 3417 949 3457 ιτ
976 3418 1290 3460 ιΑτιιιιυειι
1319 3419 1442 3461 stus
1464 3420 1667 3461 ινιιιιιιι.

854 3491 1039 3562 (Anno
1070 3494 1255 3585 1075.)

263 3576 528 3661 atteritur;
577 3580 641 3661 tte
692 3576 1241 3661 immtaatimregis
1298 3586 1541 3661 Henrici,
1599 3589 1693 3659 qui
1726 3604 1849 3645 cum

330 3651 635 3732 scripsisset
654 3668 729 3732 _se
769 3651 1380 3732 occultamjegationem
1394 3651 1696 3732 psittacum
1723 3675 1849 3732 pra-

328 3720 449 3789 pler
492 3720 755 3800 principes
772 3725 871 3778 "sui
906 3720 1431 3800 regni,‘quos_magis
1475 3729 1539 3784 de
1578 3720 1849 3784 discordia

331 3791 604 3866 quoque
630 3791 763 3866 pace
800 3791 1029 3866 gaudere
1062 3791 1417 3866 'intelligebat,
1472 3814 1608 3854 nunc
1642 3809 1848 3854 mutato

308 3861 561 3943 consilio
594 3861 774 3921 omnia
1028 3866 1145 3936 ﬁeri
1182 3861 1412 3924 volebat.
1454 3868 1610 3943 [Inde
1634 3870 1842 3943 cottigit

335 3928 496 4010 illum
527 3947 710 4010 pacem
750 3928 818 3993 eti
850 3928 1039 4010 animo
1060 3954 1400 4010 nuncupare.
1445 3939 1542 4010 De
1562 3928 1849 4010 Gotefre'do

336 4001 800 4083 quijpramissam
861 4006 1009 4063 idem
1078 4001 1363 4066 violaverat
1423 4009 1654 4079 explicat
1696 4001 1847 4083 ἀραιά

336 4073 555 4128 aattiat.
676 4093 683 4097 ·

338 4163 651 4222 (insecutus
674 4168 986 4239 episcopus,
1030 4185 1219 4227 servus
1261 4186 1541 4227 servorum
1569 4169 1684 4238 Dei,
1706 4170 1847 4226 Bm-

272 4270 422 4312 rmci
443 4256 591 4327 duci,
606 4267 662 4316 et
682 4259 958 4316 Munna:
980 4261 1103 4319 lilia».
1127 4263 1266 4335 ejus,
1295 4263 1527 4320 salutem
1551 4271 1605 4319 et
1627 4272 1848 4334 aposto-

269 4344 435 4402 licam
464 4347 923 4407 benedictionem.

338 4438 463 4496 Non
486 4455 680 4512 parum
698 4443 771 4498 de
786 4443 941 4501 vobis
966 4445 1232 4501 miramur
1251 4447 1395 4517 quod
1422 4446 1487 4502 de
1511 4445 1595 4502 bis
1617 4463 1738 4517 qua:
1757 4463 1852 4517 per

271 4539 486 4591 vestras
531 4533 743 4592 litteras
789 4537 1088 4594 mandastis
1140 4539 1300 4596 nobis
1332 4540 1617 4596 consulere
1658 4540 1849 4595 decre-

271 4622 451 4692 vistis,
478 4639 601 4682 cum
622 4635 843 4684 constet
862 4629 1002 4699 apud
1026 4645 1125 4686 vos
1145 4631 1290 4701 quod
1314 4629 1455 4687 idem
1499 4647 1594 4685 rex
1624 4631 1762 4688 duos
1788 4647 1851 4686 ac

275 4714 489 4771 nobiles
515 4731 581 4773 ae
602 4717 896 4789 religiosos
919 4719 1069 4776 viros
1092 4720 1159 4776 ad
1181 4734 1282 4777 nos
1323 4732 1448 4776 ante
1472 4736 1711 4779 mensem
1737 4724 1850 4777 Au-

275 4812 495 4874 gustum
514 4805 723 4879 legatos
742 4807 1078 4883 miserit,qui
1099 4809 1345 4868 videlicet
1366 4812 1545 4868 adhuc
1568 4812 1853 4871 nobiscum

278 4905 521 4965 manent,
568 4913 669 4970 per
713 4914 855 4970 quas
898 4902 1025 4958 talia
1060 4903 1340 4959 mandavit
1365 4924 1378 4959 :
1403 4901 1627 4960 Noverit
1672 4913 1855 4962 vestra

278 4990 564 5058 sanctitas,
597 4991 781 5059 Pater,
816 4994 1077 5065 quoniam
1124 4993 1254 5050 dum
1308 5012 1409 5069 ego
1458 5010 1598 5068 pene
1660 5012 1855 5055 omnes

281 5081 557 5154 principes
589 5084 697 5139 mei
718 5087 867 5158 regni
890 5086 958 5142 de
983 5093 1171 5141 nostra
1196 5089 1367 5162 magis
1393 5088 1666 5146 discordia
1691 5092 1853 5161 quam

1944 3226 2148 3285 autem,
2186 3216 2530 3281 cbaritatem,
2558 3229 2668 3285 qua
2706 3229 2809 3269 nos
2854 3212 3000 3268 Deus
3033 3210 3339 3283 conjunxit,
3368 3208 3524 3264 nullo

1946 3311 2111 3367 modo
2134 3322 2298 3381 posse
2324 3306 2553 3365 dissolvi
2580 3314 2677 3362 aut
2697 3305 3046 3377 aliquatenus
3076 3302 3363 3370 minorari,
3399 3316 3523 3357 cer-

1946 3403 2159 3460 tissime
2193 3400 2338 3472 apud
2384 3414 2483 3456 vos
2519 3406 2775 3455 constare
2819 3406 3095 3467 optamus.
3135 3394 3292 3451 Unde
3325 3394 3374 3451 si
3427 3407 3529 3450 vos

1945 3493 2217 3561 dilexerit,
2240 3506 2370 3549 eum
2403 3490 2715 3561 diligemus,
2753 3488 2803 3546 si
2837 3502 2965 3543 vero
2995 3502 3063 3543 ex
3086 3502 3189 3543 sua
3217 3485 3377 3557 culpa
3402 3484 3533 3540 odio

1948 3587 2153 3643 habere
2184 3582 2432 3656 coeperit,
2465 3581 2610 3639 sicut
2650 3579 3006 3659 charissimas
3039 3576 3180 3635 tilias
3207 3577 3387 3634 modis
3415 3576 3532 3647 qui-

1946 3679 2051 3736 bus
2072 3675 2375 3749 poterimus
2394 3688 2494 3731 vos
2516 3671 2809 3745 diligendo,
2843 3670 2895 3728 ei
2918 3669 3029 3727 Deo
3041 3668 3280 3738 favente,
3309 3668 3533 3724 resiste-

1949 3786 2093 3828 mus.
2790 3807 2794 3811 ι

2022 3863 2158 3919 Data
2207 3860 2418 3924 Romae,
2474 3833 2635 3912 tertio
2673 3853 2801 3911 ldus
2831 3852 3191 3925 Septembris,
3233 3849 3551 3907 indictione

1950 3954 2161 4011 decima
2193 3958 2413 4024 quarta.
3082 3948 3085 3951 ’

2022 4043 2293 4117 Depositio
2318 4042 2451 4112 regis
2497 4038 2718 4095 Henrici
2766 4037 2866 4107 filii
2912 4036 3250 4106 imperatori:
3288 4030 3532 4095 Henrici,

1950 4146 2000 4192 et
2034 4135 2295 4192 absolutio
2327 4133 2560 4186 omnium
2588 4132 2680 4201 qui
2711 4129 2813 4184 sibi
2858 4129 3219 4191 praestiterant
3256 4123 3534 4193 juramm-

1954 4237 2065 4305 tam
2098 4225 2270 4300 (582).

2022 4317 2187 4375 Beate
2213 4315 2391 4382 Petre,
2416 4313 2790 4384 apostolon
2822 4309 3101 4380 princeps,
3130 4307 3354 4371 inclina,
3383 4318 3536 4374 quac-

1953 4424 2167 4476 sumus,
2200 4409 2320 4479 pias
2342 4420 2507 4462 aures
2538 4413 2662 4461 tuas
2694 4402 2874 4468 nobis,
2898 4409 3099 4467 etc.,ut
3135 4399 3277 4470 infra
3313 4397 3369 4450 in
3407 4412 3533 4448 cou-
3566 4399 3573 4405 '

1886 4496 1928 4549 1)
1955 4502 2080 4557 citio
2114 4501 2350 4557 Romano
2375 4514 2456 4554 ιιι.

2518 4566 2851 4644 EPISTOLA
2885 4584 2973 4640 v1.

2350 4701 2419 4739 AD
2454 4695 2740 4738 UNIVBBSOB
2774 4691 3142 4735 CHRISTIANOS.

2555 4774 2736 4847 (Anno
2762 4769 2945 4839 l075.)

1966 4870 2231 4940 lnjuriam
2263 4866 2570 4940 apostoticce
2592 4863 2772 4940 _sedis_
2795 4875 3139 4940 exaggerans,
3196 4860 3441 4940 hortatur
3469 4858 3538 4909 ad

2033 4928 2270 4995 uicinam
2471 4928 2965 5006 implorandumut
2999 4942 3093 4986 aut
3114 4934 3305 5009 impios
3331 4928 3408 5009 ad.
3434 4943 3544 5009 pq-

2036 5001 2629 5078 uitentiam'conrertat,
2671 5013 2765 5078 aut
2792 5017 2972 5078 eorum
3000 5001 3226 5078 consilia
3272 5001 3545 5078 reprimat,

2037 5083 2212 5152 eisque
2245 5076 2538 5146 exemplum
2570 5073 3129 5152 anathematizationis
3181 5070 3316 5145 regis
3362 5070 3544 5121 mittit.

2326 5184 2339 5185 γ
2378 5165 2655 5186 -..ε---..;--
2710 5180 2893 5186 -..ἠ-η--
2926 5179 3201 5186 ---------.-
3236 5160 3325 5186 n..:
3381 5155 3523 5186 nmra:

2042 5171 2077 5186 Π
2326 5184 2339 5185 γ
2378 5165 2655 5186 -..ε---..;--
2710 5180 2893 5186 -..ἠ-η--
2926 5179 3201 5186 ---------.-
3236 5160 3325 5186 n..:
3381 5160 3525 5186 tum“;
