3982 5316
443 250 553 309 £35

1085 265 1141 325 s.
1183 272 1512 333 cannon"
1550 238 1645 334 vn
1680 279 1884 338 eam
1912 236 2204 340 opsum
2244 283 2424 345 rans
2461 284 2502 342 ι.
2545 320 2612 328 -
2654 284 3076 350 REGISTRUM‘.

3610 295 3735 351 436

441 362 733 481 plicuert't‘,’
771 376 1004 481 audistis
1056 385 1376 447 sceleratam
1438 393 1921 456 schism‘aticorum
1969 408 2027 458 et
2053 402 2100 460 Α
2124 400 2254 472 quia
2308 402 2452 459 hanc
2509 414 2773 474 nostram,
2809 408 2923 464 imo
2957 409 3127 465 totius
3161 406 3422 467 Ecclesia:
3467 425 3734 481 acum,

443 470 644 566 nomen
662 461 879 524 Domini
914 473 969 527 in
999 474 1158 533 beato
1182 477 1345 538 Petro
1376 476 1875 557 blasphemantium
1900 509 2026 566 gar-

442 551 721 652 rulitatem
769 569 824 616 et
874 565 1180 638 audaciam,
1228 575 1461 634 audistis
1494 551 1807 652 superbiam
1836 551 2024 642 advin—

438 639 730 745 jl‘lriamet
755 660 1142 717 contumeliam
1194 677 1399 725 sanctae
1428 679 1484 727 et
1517 639 1832 745 apostolicae
1879 678 2026 735 sedis

441 733 660 828 elatam,
691 746 909 814 qualem
932 754 1098 808 vestri
1128 766 1313 826 patres
1351 777 1452 820 nec
1482 733 1737 824 viderunt
1781 733 1897 826 nec,
1927 788 2027 828 au-

439 824 661 886 dierunt
687 851 957 934 unquam,
977 860 1079 901 nec
1097 824 1518 922 scripturarum,
1528 860 1702 919 series
1729 861 2029 934 aliquando

440 933 476 973 ε
506 926 732 1026 paganis
758 931 843 1017 vel
879 934 1150 997 haereticis
1181 942 1344 1002 docet
1366 962 1671 1022 emersam;
1708 955 1871 1026 cujus
1897 958 2033 1014 mali

437 1010 545 1119 Etsi
576 1016 799 1119 aliquod
820 1012 1069 1119 unquam
1093 1045 1221 1104 post
1254 1035 1539 1096 fundatam
1583 1053 1639 1115 et
1657 1010 2027 1119 propagat—tam

436 1100 599 1205 bdem
646 1108 855 1205 Christi
913 1127 1289 1190 praacessisset
1350 1112 1660 1205 exemplum
1689 1179 1705 1205 ,
1768 1140 2027 1200 omnibus

435 1199 621 1296 tamen
657 1200 912 1266 ﬁdelibus
945 1228 1047 1284 pro
1080 1224 1234 1273 tanto
1266 1199 1583 1296 contemptu
1632 1199 1702 1286 et:
1729 1233 2024 1290 conculca-

434 1287 587 1393 tione
617 1302 953 1374 apostolicaa,
974 1306 1087 1364 imo
1116 1310 1314 1371 divinae
1336 1287 1703 1393 auctoritatis,
1731 1325 2027 1385 dolendum

434 1376 656 1478 fort-tet
676 1396 1022 1460 gemendum.
1047 1400 1392 1478 Quapmptcr
1414 1411 1463 1466 si
1485 1406 1645 1468 beato
1670 1376 1833 1472 Detro
1847 1419 2029 1477 claves

434 1475 593 1569 regni
623 1482 890 1543 caelorum
935 1506 967 1547 a
1002 1475 1235 1552 Domino
1263 1475 1376 1555 Deo
1420 1513 1613 1561 nostro
1642 1505 1774 1565 Iesu
1804 1508 2027 1569 Christo

434 1565 668 1627 traditas
702 1589 824 1633 esse
860 1583 1101 1655 creditis,
1132 1596 1188 1644 et
1215 1592 1373 1648 vobis
1401 1610 1500 1665 per
1524 1613 1723 1655 manus
1753 1601 1928 1673 ipsius
1955 1606 2026 1662 ad

434 1663 655 1770 ater-'03:
681 1666 807 1725 vita:
844 1675 1041 1745 gaudia
1075 1678 1361 1739 introitum
1398 1663 1584 1758 patere
1619 1663 1840 1764 cupitis,
1875 1698 2026 1770 cogi-

432 1754 665 1812 tandum
716 1762 873 1812 vobis
905 1776 991 1812 est
1020 1782 1286 1812 nnngnmm
1341 1754 1489 1812 ηεξ-π.
1535 1781 1602 1812 an
1634 1754 1868 1812 ςηξηηηί-
1908 1768 1913 1773 ’

433 1842 639 1949 injuria
659 1851 1124 1949 doleredebeatis.
1149 1864 1267 1925 Nisi
1286 1870 1435 1926 enim
1462 1873 1573 1943 hic,
1601 1876 1693 1932 ubi
1716 1842 1815 1949 er
1833 1842 2027 1938 disc—Id:-

430 1937 583 2040 mina
619 1947 987 2007 tentationum
1013 1965 1194 2014 vestra
1230 1959 1365 2018 fides
1411 1972 1466 2019 et
1500 1937 1663 2023 corda
1696 1937 2024 2040 probantur,

433 2032 571 2125 socii
596 2039 915 2106 passionum
944 2044 1277 2120 eﬂiciamini,
1314 2058 1507 2125 procul
1540 2058 1712 2117 dubio
1745 2078 1854 2118 non
1886 2067 2032 2125 estis

432 2121 582 2196 digni
614 2136 676 2183 ut
706 2134 1001 2207 participes
1032 2138 1234 2199 futura:
1289 2121 1687 2207 consolationis
1712 2162 1770 2207 ct
1797 2153 1895 2209 filii

431 2217 526 2286 gni
559 2220 841 2282 caelestem
885 2244 1151 2290 coronam
1184 2245 1241 2292 et
1274 2238 1506 2309 gloriam
1543 2245 1873 2303 sortiamini.
1908 2248 2022 2306 Ro-

430 2322 625 2409 gamus
667 2314 835 2386 igitur
863 2320 1189 2383 charitatem
1220 2338 1489 2409 vestram,
1521 2343 1583 2389 ut
1635 2335 1907 2396 instanter
1938 2340 2024 2397 dia

429 2399 617 2470 vinam
649 2408 1084 2473 misericordiam
1119 2406 1415 2491 implorare
1436 2399 1728 2496 studentis,
1751 2441 2032 2502 quatenus.

426 2499 531 2549 aut
565 2499 743 2593 .corda
791 2501 1088 2575 impiorum
1148 2512 1216 2567 ad
1269 2515 1647 2593 paenitentiam
1681 2499 1879 2591 ver—tat,
1929 2534 2027 2581 aut

430 2586 785 2656 reprimendo
831 2611 1024 2654 eorum
1085 2603 1321 2661 nefanda
1369 2586 1623 2678 consilia,
1674 2628 1843 2683 quam
1887 2615 2023 2673 insi-

429 2679 645 2748 pientes
679 2692 736 2741 et
755 2689 909 2748 stulti
933 2696 1173 2765 suntqui
1202 2706 1414 2768 petram
1442 2717 1475 2756 a
1492 2679 1715 2760 Christo
1738 2704 2025 2765 fundatam

427 2781 696 2844 evertere,
755 2788 812 2836 et
869 2782 1054 2841 divina
1109 2790 1391 2864 privilegia
1452 2795 1662 2852 violare
1724 2809 2018 2868 conantur,

429 2866 708 2958 ostendat.
755 2870 1002 2939 Qualiter
1057 2887 1247 2937 autem
1288 2892 1386 2939 aut
1434 2900 1534 2956 pro
1590 2888 1792 2958 quibus
1838 2866 2027 2950 causis

430 2955 627 3054 beatus
654 2959 852 3022 Petrus
895 2968 1263 3051 anathematis
1307 2955 1528 3034 vinculo
1553 2955 1736 3051 regem
1765 2981 2023 3054 alligave-

2130 490 2400 566 religiosis
2418 496 2735 554 hominibus
2755 499 2968 571 cmpisti
2988 500 3346 570 committere,
3364 503 3460 574 qui
3485 519 3588 559 nos
3608 519 3734 561 non

2127 594 2315 642 nostra
2337 584 2540 660 injuste
2563 590 2822 663 diligunt,
2852 601 2909 648 et
2932 601 2995 649 ut
3018 592 3332 652 Christiana
3378 597 3737 655 instantem:

2126 677 2317 750 religio
2366 696 2524 737 suam
2560 679 2740 756 [{orte,
2764 685 2961 752 solam,
2990 684 3192 761 Hilam}
3230 688 3597 747 intentionem
3631 706 3747 748 re-

2127 770 2372 839 quirunt.
2398 771 2511 844 Ego
2541 783 2724 830 autem
2766 776 2850 846 (ut
2879 777 3071 849 paucis
3116 780 3332 853 loquar)
3359 783 3562 838 borum
3589 797 3739 837 cum-

2128 859 2252 918 silio
2294 874 2523 934 paratus
2566 882 2711 934 sum,
2758 867 2981 926 Christo
3017 869 3255 941 favente,
3294 869 3572 946 gremium
3618 872 3733 931 tibi

2127 963 2331 1011 sancta:
2358 955 2619 1015 Romanae
2640 958 2899 1017 Ecclesiae
2919 965 3150 1035 aperire,
3164 975 3327 1038 teque
3350 977 3411 1027 ut
3431 969 3733 1025 dominum

2127 1042 2351 1105 fratrem
2372 1059 2429 1107 et
2446 1050 2617 1107 ﬁlium
2648 1054 2950 1124 suscipere,
2973 1057 3348 1131 auxiliumque
3367 1070 3537 1132 prout
3556 1076 3733 1134 opor—

2130 1140 2293 1195 tuerit
2325 1144 2588 1223 prtebere,
2616 1144 2754 1200 nihil
2780 1145 2930 1203 aliud
2968 1163 3000 1204 a
3028 1159 3082 1205 te
3104 1165 3380 1223 quaerens,
3411 1153 3522 1209 nisi
3554 1163 3617 1210 ut
3649 1154 3731 1210 ad

2127 1233 2336 1290 monita
2360 1243 2472 1293 tuae
2500 1237 2695 1294 salutis
2723 1253 2834 1293 non
2857 1248 3179 1300 contemnas
3206 1260 3395 1301 aurem
3428 1244 3727 1313 inclinare,

2127 1332 2182 1380 et
2197 1323 2445 1384 Creatori
2465 1338 2581 1398 tuo,
2601 1330 2746 1387 sicut
2765 1338 2818 1387 te
2839 1332 3138 1401 decet,non
3157 1337 3505 1401 contradicat;
3526 1337 3732 1394 aliene

2127 1416 2354 1486 gloriam
2383 1431 2438 1477 et
2470 1421 2757 1478 honorem.
2786 1421 2953 1480 Valde
2986 1426 3189 1499 quippe
3231 1427 3523 1500 indignum
3549 1438 3635 1484 est
3656 1439 3731 1485 ut

2126 1507 2414 1581 honorem,
2454 1530 2619 1587 quem
2669 1531 2700 1570 a
2755 1517 3038 1574 conservis
3082 1526 3139 1574 et
3186 1519 3454 1581 fratribus
3510 1521 3730 1577 nostris

2125 1602 2419 1674 exigimus,
2470 1606 2718 1664 Creatori
2760 1617 2816 1665 et
2858 1607 3209 1682 Redemptori
3266 1620 3465 1671 nostro
3491 1613 3727 1671 reddere

2129 1705 2565 1756 contemnamus.
2592 1700 2806 1757 Moveat
2835 1702 3023 1773 itaque
3061 1719 3167 1760 nos
3186 1705 3374 1765 divina
3398 1705 3727 1777 promissio,

716 1762 991 1869 vobis-est
1020 1782 1286 1841 quantum
1341 1794 1491 1835 nunc
1534 1781 1602 1839 de
1633 1762 1874 1858 irrogata
1908 1762 2021 1846 sibi
2054 1788 2098 1844 B
2123 1803 2232 1858 qua
2262 1790 2466 1847 dicitur
2491 1810 2504 1847 :
2530 1792 2645 1865 Ego
2672 1762 3030 1867 gloriﬁcantes
3059 1813 3141 1853 me
3186 1762 3526 1869 gloriﬁcoba,
3551 1806 3603 1853 et

2124 1897 2206 1938 me
2230 1892 2588 1954 contemnunt,
2618 1896 2772 1942 erant
2806 1887 3061 1967 ignobiles
3092 1887 3149 1961 (I
3174 1889 3304 1962 Reg.
3355 1891 3456 1961 ll);
3508 1890 3731 1947 etab

2123 1990 2315 2034 ramus
2335 1976 2387 2033 ei
2412 1979 2561 2048 quod
2580 1979 2760 2050 placet
2780 1980 2938 2037 nobis
2960 1981 3064 2038 bac
3084 1982 3139 2036 in
3164 1983 3251 2038 via
3266 1981 3429 2056 [vita]
3439 1984 3722 2051 saeculari,

2124 2076 2186 2123 ut
2205 2067 2554 2140 perfruamur
2583 2072 2639 2126 in
2663 2073 2979 2131 caelestibus
3011 2074 3157 2130 dono
3183 2075 3481 2146 spirituaii.
3509 2074 3595 2132 De
3622 2092 3727 2132 su-

2122 2161 2311 2230 perbia
2359 2177 2488 2219 vero
2533 2161 2814 2220 Saxonum
2859 2166 3019 2222 vobis
3075 2166 3277 2238 injuste
3309 2169 3717 2239 resistentium,

2123 2268 2247 2331 quae
2275 2253 2465 2310 divino
2502 2255 2715 2326 judicio
2748 2273 2778 2313 a
2828 2257 2970 2315 facie
3003 2269 3189 2317 vestra»
3232 2263 3471 2319 contrita
3516 2273 3624 2332 est,
3664 2276 3724 2322 et

2122 2346 2467 2417 gaudendum
2487 2357 2577 2405 est
2593 2365 2697 2420 pro
2714 2367 2847 2422 pace
2874 2352 3154 2423 Ecclesiae,
3176 2364 3231 2412 et
3251 2356 3575 2425 dolendum,
3588 2361 3723 2430 quia

2122 2440 2330 2495 multus
2362 2438 2806 2500 Christianorum
2849 2447 3076 2518 sanguis
3098 2448 3307 2506 effusus
3333 2458 3440 2505 est.
3469 2450 3587 2507 Vos
3621 2468 3727 2507 au—

2123 2539 2231 2587 tem
2266 2532 2323 2587 in
2354 2533 2559 2592 talibus
2596 2537 3011 2606 plusbonorem
3059 2538 3157 2596 Dei
3198 2549 3257 2596 et
3295 2542 3727 2615 justitiamejns

2120 2634 2411 2693 procurate
2431 2626 2722 2685 defendere
2735 2645 2902 2701 quam
2926 2632 3126 2688 honori
3144 2635 3369 2704 preprio
3390 2636 3724 2705 proﬁdel‘e:

2121 2717 2373 2774 securius
2393 2720 2544 2775 enim
2563 2722 2797 2792 quilibet
2825 2724 3082 2796 princeps
3120 2727 3270 2783 mille
3299 2727 3503 2798 impios
3539 2736 3722 2799 potest

2119 2823 2287 2866 causa
2323 2811 2563 2882 iustitiae.
2600 2816 2798 2885 punire
2844 2833 3011 2889 quam
3043 2820 3281 2891 proprie
3327 2836 3500 2878 causa
3531 2822 3723 2894 gloria:

2119 2903 2415 2971 quemlibet
2428 2903 2809 2969 Christianum
2832 2910 3016 2981 gladio
3046 2920 3310 2970 sternere.
3337 2913 3537 2971 Omnia
3569 2916 3717 2972 enim

2116 2994 2320 3050 creavit
2351 3005 2406 3052 et
2428 2998 2588 3069 regit,
2632 2999 2728 3070 qui
2757 3000 2936 3056 dixit:
2961 3001 3076 3074 Ego
3097 3004 3333 3076 gloriam
3376 3023 3555 3064 mem
3613 3026 3721 3065 non

427 3047 520 3117 rit,
545 3050 598 3106 in
632 3055 885 3115 chartula
912 3046 1038 3132 quae
1082 3064 1216 3122 huic
1240 3066 1453 3127 inclusa
1481 3079 1568 3127 est
1599 3046 1758 3143 plene
1786 3046 2018 3145 potestis
2045 3152 2082 3166 η
2115 3046 2296 3154 quam
2323 3046 2523 3159 (luant,
2537 3046 2679 3162 vin}.
2721 3090 2897 3148 Saluti
2916 3112 2921 3115 ·
2940 3046 3150 3166 quin;
3190 3098 3394 3154 nostra:
3424 3108 3559 3157 tunc
3588 3117 3719 3159 vere

427 3157 778 3219 cognoscere.

970 3247 1311 3310 EPISTOLA
1342 3254 1454 3311 vn.
1480 3208 1489 3307 ί

733 3351 800 3389 AD
830 3353 1099 3399 “ENRICUII
1134 3362 1312 3404 ιεοειι
1348 3364 1695 3406 ΒΟΙΛΝΟΠΒΠ.

1027 3436 1210 3509 (Anno
1232 3439 1416 3511 1075.)

425 3510 859 3610 Lagiqturregem
884 3526 1149 3610 religiosis
1170 3530 1298 3585 vin's
1319 3533 1605 3610 discordia!
1627 3551 1868 3604 causam,
1895 3554 2013 3610 qua:

495 3594 635 3677 inter
658 3605 743 3644 eos
767 3594 1138 3677 intercedebat,
1163 3603 1508 3677 commisisse,
1536 3621 1761 3677 quorum
1789 3594 2012 3664 consilio

496 3665 577 3747 sit
597 3674 652 3712 se
674 3677 792 3747 eum
819 3667 889 3719 ad
916 3666 1172 3747 Ecclesiw
1202 3674 1461 3747 gremium
1486 3665 1835 3747 recepturum.
1864 3679 2012 3733 Hor-

496 3734 726 3821 ἐξείρεαι
749 3749 903 3821 erga"
918 3736 1167 3821 quones
1189 3734 1427 3821 devictos
1444 3734 1724 3821 clementer
1756 3764 1810 3821 se
1839 3759 2009 3821 gerat,

493 3805 544 3885 ξι
567 3800 826 3885 ίηβψιᾷ
849 3806 1167 3885 ῌιτίηιιιηηί
1199 3813 1428 3885 depositi
1462 3800 1633 3872 cum
1672 3800 1731 3872 εει
1754 3800 2012 3876 stata:

495 3870 647 3938 θεηδί
665 3870 908 3931 Ecclesia
929 3885 1184 3939 canonice
1212 3870 1607 3958 stibroganduni
1620 3870 1795 3944 citrei.

488 3958 799 4023 Caesonius
815 3969 1106 4043 episcopus
1128 3991 1320 4035 servus
1339 3964 1627 4036 servorum
1647 3979 1741 4037 Dei
1760 3979 2008 4040 Hsunlco

421 4051 561 4124 regi,
585 4055 814 4113 salutem
843 4070 900 4117 et
921 4068 1284 4135 apostolicam
1319 4069 1775 4129 benedictionem.

489 4141 721 4247 Quando
741 4150 955 4212 litteras
980 4166 1091 4216 tuae
1110 4150 1504 4233 magnitudinis
1526 4167 1734 4247 accepi,
1749 4169 1912 4239 longe
1939 4170 2011 4226 ab

418 4237 557 4295 urbe
588 4244 826 4307 maxime
862 4248 1043 4321 [forte,
1102 4257 1380 4327 maximae,
1420 4257 1625 4333 Hann.)
1654 4240 1822 4339 causa
1851 4237 2010 4341 infir-

417 4330 625 4425 mitatis
640 4337 953 4425 aberamus,
977 4362 1101 4402 cum
1120 4350 1321 4419 quibus
1350 4350 1443 4425 [f.,
1458 4360 1514 4408 et
1538 4330 1747 4421 abhis,
1774 4356 1853 4410 sic
1874 4365 1926 4410 et
1952 4336 2010 4410 in

419 4421 645 4519 dfatim]
673 4421 1047 4492 necessarium
1075 4449 1196 4494 erat
1224 4421 1459 4500 tractare
1484 4446 1618 4515 quid
1646 4447 2009 4519 vestraelega-

419 4514 553 4573 tioni
584 4522 653 4577 ad
684 4525 927 4594 plenum,
953 4528 1098 4586 sicut
1119 4542 1353 4601 oportet,
1376 4514 1786 4607 responderem.
1815 4514 2010 4597 Vester

417 4612 584 4669 etiam
616 4621 863 4688 nuntius,
906 4623 1105 4678 horum
1139 4623 1387 4682 videlicet
1424 4629 1680 4698 portitor,
1713 4632 1784 4688 oh
1806 4633 2004 4704 praedi-

417 4714 564 4763 ctam
591 4725 813 4768 causam
826 4718 1173 4786 aegritudinis
1194 4720 1423 4778 timebat
1447 4725 1735 4782 nobiscum
1759 4743 2001 4784 manere.

421 4795 532 4891 §ed
567 4800 700 4870 quia
722 4802 1100 4867 desideramus
1128 4828 1241 4868 non
1268 4813 1451 4871 solum
1498 4818 1806 4886 vobiscum,
1840 4835 2006 4891 quem

417 4886 567 4947 Deus
610 4891 668 4947 in
712 4909 932 4953 summo
970 4917 1155 4963 rerum
1181 4908 1377 4975 posuit
1405 4908 1667 4978 culmine,
1713 4886 2004 4969 sede-tiam

415 4995 547 5037 cum
591 4983 852 5042 omnibus
885 4989 1199 5052 homin-ibus
1232 5012 1420 5069 pacem
1445 5016 1569 5071 quae
1595 5002 1651 5056 in
1681 5001 1903 5059 Christo
1921 5012 2007 5060 est

418 5071 642 5143 habere,
675 5076 881 5149 jusque
915 5097 1075 5138 suum
1097 5088 1398 5161 unicuique
1420 5092 2006 5165 observare,cupimus

413 5180 767 5241 summopere
812 5173 977 5229 corde
1003 5184 1059 5231 et
1090 5179 1276 5235 animo
1308 5183 1605 5242 adhaerere.
1662 5185 1799 5243 Novi
1854 5186 2005 5243 enim

415 5257 592 5316 (αιωά
629 5270 680 5316 te
703 5264 872 5316 credo
902 5281 1012 5316 non
1041 5266 1313 5316 innaret-nl
1339 5276 1465 5316 auia
1493 5279 1587 5316 ηιιί
1614 5277 1782 5316 non.“
1815 5296 2003 5316 mum...

2115 3178 2486 3248 providemus,
2515 3197 2640 3237 cum
2665 3182 2720 3238 in
2750 3186 2966 3242 cunctis
2988 3188 3194 3244 nostris
3227 3186 3719 3265 actibus'gloriam

2116 3265 2212 3323 Dei
2232 3272 2617 3341 proponimus.
2645 3273 2724 3331 De
2744 3274 3083 3335 Herimanno
3103 3295 3233 3336 vero
3262 3284 3548 3353 quondam
3572 3302 3717 3341 nun-

2113 3370 2314 3432 cupato
2346 3362 2747 3438 Bambergensi
2772 3369 3053 3442 episeopo,
3084 3375 3299 3432 noverit
3326 3385 3513 3433 vestra
3543 3379 3723 3435 subli-

2113 3453 2299 3521 mitas,
2335 3456 2465 3526 quia
2485 3457 2699 3529 jamdiu
2734 3470 2821 3517 est
2866 3477 2935 3518 ex
2969 3480 3083 3534 quo
3108 3480 3205 3535 per
3236 3469 3534 3538 quemdam
3564 3472 3717 3542 ejus—

2110 3543 2237 3600 dm
2279 3545 2540 3605 Ecclesia
2587 3551 2848 3609 clericum
2895 3555 3051 3611 vobis
3094 3565 3399 3630 nostroque
3441 3560 3715 3620 confratri

2114 3636 2386 3710 Sigifredo
2412 3640 2735 3714 Moguntino
2764 3647 3179 3721 archiepiscopo
3228 3658 3283 3706 et
3317 3653 3540 3711 clericis
3573 3671 3717 3727 pra:-

2111 3731 2270 3789 dictaa
2316 3731 2579 3793 Ecclesia:
2624 3738 2880 3797 misimus
2913 3757 3011 3813 per
3053 3751 3272 3801 nostras
3317 3745 3533 3804 litteras
3563 3750 3714 3820 quod

2110 3825 2435 3883 auctoritate
2477 3832 2793 3900 apostolica:
2840 3834 2987 3891 sedis
3033 3837 3104 3891 ab
3146 3839 3297 3895 omni
3328 3840 3635 3912 episcopali
3659 3842 3727 3899 et

2108 3918 2433 3976 sacerdotali
2467 3921 2732 3994 dignitate
2772 3925 2844 3982 sit
2884 3924 3187 3998 depositus,
3229 3938 3286 3986 et
3335 3933 3715 3992 anathematis

2106 4011 2328 4068 vinculo
2350 4013 2624 4086 alligatus,
2646 4016 2776 4088 quia
2810 4034 2921 4074 non
2945 4020 3129 4078 timuit
3150 4022 3479 4089 Simoniacae
3502 4025 3709 4088 bal-esi

2109 4106 2458 4178 sacrilegium
2513 4108 2770 4180 adjicere,
2821 4121 3181 4187 sanctamque
3221 4115 3534 4176 Ecclesiam
3602 4121 3711 4178 sibi

2110 4200 2464 4258 commissam
2490 4202 2646 4264 sicut
2667 4210 2935 4274 tyrannus
2960 4207 3267 4263 devastare.
3301 4208 3460 4266 Unde
3490 4216 3713 4283 rogavi-

2110 4305 2236 4346 mus
2256 4300 2313 4347 et
2343 4307 2408 4347 ex
2438 4302 2593 4363 parte
2619 4294 2760 4350 beati
2789 4294 2936 4351 Petri
2969 4300 3328 4370 prmeepimus
3368 4309 3426 4358 et
3447 4305 3713 4374 praecipi-‘-

2110 4397 2257 4449 mus,
2284 4392 2348 4438 ut
2370 4383 2428 4437 in
2456 4386 2715 4455 prcedicta
2751 4385 2996 4444 Ecclesia
3039 4390 3340 4446 secundum
3377 4391 3555 4449 Deum
3584 4396 3710 4452 talis

2041 4512 2085 4566 Β
2111 4483 2299 4545 pastor
2325 4477 2630 4545 ordinetur,
2656 4478 2750 4548 qui
2768 4481 2924 4551 .quod
2950 4479 3040 4535 fur
3062 4490 3118 4536 et
3143 4481 3283 4536 latro
3308 4486 3575 4540 mactavit
3598 4485 3711 4543 Deo

2113 4568 2332 4625 favente
2358 4570 2617 4639 viviﬁcet,
2642 4580 2697 4627 et
2727 4573 2876 4643 quod
2899 4573 2989 4629 ille
3014 4574 3301 4644 dissipavit
3323 4576 3501 4633 valeat
3524 4595 3710 4635 resar—

2111 4663 2245 4721 cire.
2284 4662 2643 4736 Omnipotens
2686 4665 2853 4735 Deus,
2900 4683 2932 4723 a
2959 4683 3072 4738 quo
3107 4678 3305 4725 cuncta
3335 4670 3481 4727 bona
3514 4689 3708 4743 proce-

2110 4758 2267 4826 dunt,
2291 4758 2504 4816 meritis
2524 4767 2580 4816 et
2598 4760 2992 4817 intercessione
3016 4762 3301 4819 beatorum
3328 4768 3708 4834 apostolorum

2110 4846 2258 4905 Petri
2275 4860 2330 4908 et
2356 4852 2513 4907 Pauli
2546 4866 2647 4906 sua
2675 4851 2876 4921 pietate
2908 4852 2963 4906 in
2990 4854 3095 4909 hac
3120 4853 3233 4909 vita
3262 4871 3363 4911 vos
3390 4855 3547 4931 [nos]
3578 4875 3707 4929 pro-

2110 4947 2278 5011 tegat,
2335 4951 2391 4997 et
2434 4958 2559 4997 cum
2613 4943 2779 5013 dupla
2826 4944 3055 5001 victoria
3098 4947 3366 5017 perducat
3426 4947 3581 5023 [nos]
3637 4952 3707 5007 ad

2112 5032 2283 5089 vitam
2308 5041 2587 5089 aeternam.
3124 5052 3127 5053 '

2641 5095 2980 5161 EPISTOLA
3015 5107 3158 5164 νηί.

2322 5208 2390 5248 ΔΙ)
2422 5209 2705 5250 τεωωυι
2729 5212 2994 5254 οιειιιεωί
3024 5213 3487 5257 ΙΕΒΙΟῙΛΜΝΕΕΠ.

2703 5285 2881 5316 [Anna
2917 5289 3052 5316 111Ἶὲ
3083 5291 3099 5316 \
