3982 5316
221 88 341 142 ὀδῖ
1397 119 1604 180 LIBER
1643 125 2047 188 TERTIUS.—
2085 137 2302 196 EPIST.
2347 143 2433 198 IX.
3441 168 3544 226 £38

215 210 856 346 ζέζέῐῖοὒίςάἰοιδηεηεί
866 226 1097 346 1ἱιῗιῆεο,
1138 238 1370 290 salutem
1395 246 1450 293 et
1495 245 1852 312 apostolicam
1885 252 1929 307 Α
1959 268 2068 307 non
2090 257 2408 325 credideris,
2454 263 2738 332 pmnitebit
2780 277 2831 322 te
2859 273 3210 346 quandoque,
3237 295 3365 337 cum
3416 291 3540 342 tua-

279 344 284 346 _
423 314 707 346 annnnm
752 313 798 346 εἷ
830 330 862 346 η
971 318 1091 346 ιιι-ε.

424 302 442 314 ο
525 307 542 318 .
785 313 798 325 ⁸
1084 294 1090 296 _
1503 294 1506 295 ν
1530 294 1556 312 ⁵,
1576 294 1745 300 ---ν-υ
1766 294 1852 302 .....
1885 294 1929 307 ,ι
1959 294 2068 307 ..νυ
2091 294 2325 314 “unum
2341 294 2408 325 na,
2454 294 2738 332 γωιιιιιῖυιι
2780 294 2831 322 lt:
2859 294 3210 346 quandoque,
3237 295 3365 337 cum
3416 294 3540 342 ιιιεο

215 294 727 435 δεὲἶθξιιῗιιῗηοω,
752 315 1112 435 siobedierit.
1217 415 1244 435 ι
1960 355 2071 400 met
2097 351 2519 420 pmeipitatione
2548 364 2601 412 te
2621 372 2688 413 eo
2717 376 2956 418 mersum
2986 365 3213 435 videbis,
3245 374 3387 430 unde
3415 391 3541 434 cum

350 409 364 435 I
397 409 440 435 n
479 413 539 435 In
571 415 659 435 nm
715 418 786 435 nn
825 422 869 435 nn
921 417 1002 435 ιιι-ι
1045 427 1071 435 Α
1124 412 1210 435 --9
1256 433 1311 435 υκ
1338 417 1355 435 ’
1607 433 1613 435 “
1653 426 1665 435 ⁸
1736 426 1752 435 ’

1959 438 2196 496 volueris
2233 443 2444 500 salvum
2480 456 2532 503 te
2558 449 2768 521 eripere
2791 469 2897 508 non
2933 455 3129 526 possis.
3163 460 3218 516 Si
3256 466 3349 534 qui
3377 467 3542 538 igitur

1957 544 2065 585 non
2093 534 2454 606 percipientes
2477 556 2541 595 ea
2586 559 2708 613 qua:
2735 544 2829 600 Dei
2857 559 3005 617 sunt,
3037 551 3194 608 aliter
3221 556 3317 611 tibi
3347 534 3542 631 sugge-

1956 637 2076 678 rere
2103 633 2155 680 et
2183 631 2511 697 persuadere
2538 633 2817 706 incipiant,
2842 650 3180 702 ostentantes
3209 659 3411 718 quanta
3440 653 3537 709 tibi

1954 715 2062 771 sint
2091 717 2146 773 iu
2175 735 2301 792 rege
2328 725 2598 794 praesidia,
2629 740 2832 800 quanta
2887 733 2940 788 in
2970 744 3063 790 tua
3113 715 3393 798 nobilitate
3439 761 3537 815 po—

1951 810 2143 878 tentia,
2174 824 2379 884 quanta
2407 819 2570 873 etiam
2591 820 2645 874 in
2672 821 3010 883 civibustuis
3035 828 3325 900 adjutoria,
3359 810 3534 891 tntum

1951 901 2048 956 tibi
2079 903 2187 960 illis
2237 909 2460 966 credere
2510 927 2618 967 non
2653 915 2954 985 existimes,
3010 922 3364 982 considerans
3403 928 3535 998 quid

1952 995 2236 1068 Scriptura
2267 1001 2414 1057 dicat
2473 1023 2485 1058 :
2535 1004 2852 1063 Maledictus
2893 1011 3068 1079 homo,
3096 1017 3185 1084 qui
3213 1033 3355 1087 spem
3381 995 3534 1074 etiam

1947 1092 2095 1160 ponit
2128 1093 2182 1146 in
2216 1093 2424 1150 homine
2463 1096 2596 1175 (λετ.
2637 1117 2769 1168 xvu,
2823 1101 2896 1174 7).
2928 1102 3104 1175 Atque
3134 1107 3237 1164 hoc
3265 1109 3320 1164 in
3349 1111 3533 1167 animo

1947 1200 2162 1254 gerens,
2183 1189 2328 1258 quod
2361 1173 2566 1260 regum.
2599 1203 2653 1248 et
2681 1194 3070 1265 imperatorum
3103 1201 3294 1268 virtus,
3325 1214 3379 1260 et
3407 1207 3530 1260 uni-

1945 1293 2102 1334 versa
2131 1281 2446 1337 mortalium
2485 1286 2798 1354 conamina,
2841 1299 3031 1345 contra
3075 1295 3377 1362 apostolica
3405 1297 3531 1367 jura

1943 1377 1998 1424 et
2023 1370 2473 1442 omnipotentiam
2517 1377 2721 1432 summi
2775 1378 2872 1434 Dei
2902 1382 3060 1452 quasi
3090 1382 3273 1439 favilla
3301 1401 3530 1457 compu-

1942 1470 2128 1518 tentur
2151 1473 2205 1519 et
2227 1466 2402 1535 palea,
2435 1467 2637 1525 nullius
2661 1486 2902 1542 unquam
2936 1472 3196 1530 instinctu
3224 1477 3307 1532 vel
3337 1478 3529 1534 ﬁducia

1942 1553 2205 1611 adversus
2291 1557 2531 1613 divinam
2603 1570 2658 1615 et
2721 1564 3074 1636 apostolicam
3149 1569 3528 1626 auctoritatem

1935 1645 2208 1703 obstinata
2263 1651 2566 1708 temeritate
2600 1661 2652 1709 te
2676 1655 2928 1712 rebellem
2961 1667 3014 1713 et
3041 1659 3375 1730 pertinacem
3410 1663 3524 1718 licri

1932 1737 2115 1795 libeat.

209 582 452 668 cupere
518 585 572 636 et
618 591 890 653 expetere,
937 605 1102 660 quam
1155 611 1258 652 nos
1293 600 1514 668 quidem
1546 604 1711 660 etiam
1742 622 1852 662 non

207 665 549 733 quaesitam
574 675 746 743 gratis
791 678 1110 751 offerimus;
1166 665 1454 758 quaesitam
1502 709 1631 749 vero
1664 711 1850 766 prom-

205 758 510 830 ptissime
533 765 753 837 damus,
786 773 832 828 si
857 775 910 829 in
947 776 1033 834 his
1054 794 1177 852 qua:
1203 781 1298 838 Dei
1321 794 1468 853 sunt,
1499 790 1704 846 nostris
1733 807 1850 848 mo-

207 851 386 919 nitis,
423 856 548 912 imo
583 860 784 918 divina:
840 851 1103 924 voluntati
1127 873 1195 927 ad
1226 851 1496 943 justitiam
1550 888 1603 934 te
1629 883 1851 951 acquie-

205 955 388 997 scere
424 947 573 1003 velle
621 958 1060 1023 cognoverimus.
1119 960 1177 1016 In
1229 979 1397 1021 causa
1449 970 1649 1024 etenim
1681 987 1846 1042 quam

205 1040 562 1109 suscepisse
596 1045 822 1115 videris,
851 1060 905 1105 et
951 1062 1154 1110 nostra:
1199 1059 1556 1116 sollicitudini
1609 1040 1851 1121 necessi-

203 1327 433 1382 causa,
469 1320 613 1374 sicut
637 1325 1009 1392 periculosum
1045 1334 1206 1394 nobis
1260 1348 1408 1393 esset
1447 1341 1652 1412 aliquid
1699 1346 1843 1402 ultra

204 1401 472 1508 limitem
499 1413 780 1481 aequitatis
824 1423 1102 1492 prosequi,
1135 1425 1209 1481 ita
1235 1428 1400 1483 etiam
1428 1401 1657 1500 justitia:
1681 1452 1842 1508 regu-

205 1492 300 1594 las
356 1498 652 1559 declinare
686 1516 740 1560 et
762 1509 865 1562 sub
922 1512 1141 1570 silentio
1176 1492 1524 1578 dissimulare
1561 1492 1836 1594 putamus.

205 1581 341 1640 Non
383 1600 577 1646 autem
640 1599 986 1665 prudentiam
1029 1614 1177 1660 tuam
1228 1608 1480 1680 ignorare
1538 1581 1832 1684 credimus,
1869 1626 1910 1681 Β

206 1678 377 1745 quod
403 1681 475 1736 ad
504 1685 872 1758 episcopalem
901 1695 1237 1765 cathedram,
1254 1678 1266 1680 θ
1286 1700 1341 1754 in
1366 1718 1473 1772 qua
1511 1705 1724 1774 positus
1746 1678 1825 1774 es,

205 1779 350 1825 ante
388 1781 446 1831 te
479 1777 590 1833 alia
623 1797 748 1851 qua:
790 1785 971 1843 adhuc
1027 1801 1306 1861 superstes
1351 1806 1437 1851 est
1485 1796 1651 1854 fuerit
1690 1803 1831 1857 assi-

207 1872 395 1931 gnata
440 1883 720 1941 persona;
765 1893 888 1947 qua:
945 1881 1053 1937 nisi
1105 1883 1274 1954 justis
1323 1889 1633 1948 rationibus
1677 1895 1830 1964 prius

209 1971 461 2061 excepta
488 1964 682 2036 fuerit,
699 1972 1003 2044 legitimum
1028 1977 1083 2034 in
1111 1995 1175 2035 ea
1199 1982 1296 2036 tibi
1325 1992 1418 2039 aut
1443 1987 1700 2057 cuiquam
1728 2006 1828 2061 pa-

212 2056 337 2104 tere
375 2052 562 2112 locum
608 2075 710 2114 nec
767 2067 1031 2122 canonica
1080 2085 1179 2125 nec
1246 2075 1547 2143 apostolica
1592 2091 1826 2136 censura

212 2145 514 2244 permittit.
544 2148 684 2207 Nam
715 2153 783 2210 de
811 2156 904 2213 illo
942 2160 1073 2230 quid
1095 2162 1384 2221 dicendum
1417 2169 1577 2225 nobis
1600 2179 1704 2239 est,
1731 2175 1828 2244 qui

215 2231 358 2288 dum
387 2235 658 2296 honorem
688 2245 933 2314 ejusdem
973 2251 1119 2308 sedis
1151 2254 1400 2314 nefandis
1426 2231 1704 2317 atl‘ectaret
1730 2231 1828 2319 dc-

218 2323 468 2396 sideriis,
497 2333 646 2402 quod
665 2334 880 2404 justitia
916 2341 1017 2396 sibi
1057 2344 1345 2417 denegavit
1396 2352 1661 2425 sacrilega
1696 2355 1748 2410 vi
1775 2366 1831 2412 et

217 2419 399 2473 armis
428 2421 695 2481 invadere
717 2444 783 2485 ac
803 2431 1040 2503 diripere
1068 2452 1176 2491 non
1205 2443 1484 2510 pepercit,
1521 2419 1686 2515 quem
1708 2462 1829 2503 am-

221 2507 458 2570 bitionis
479 2518 664 2588 culpa,
696 2538 864 2593 quam
888 2526 1143 2586 deserere
1173 2507 1368 2600 noluit,
1397 2507 1573 2606 usique
1621 2539 1690 2593 ad
1733 2539 1827 2611 ju-

220 2610 366 2661 stam
388 2607 769 2670 damnationis
793 2625 898 2674 tute
919 2622 1215 2691 perniciem
1242 2628 1444 2683 traxit?
1474 2628 1551 2686 De
1582 2645 1650 2686 eo
1669 2607 1828 2689 nobis

221 2708 309 2753 est
337 2715 528 2758 sermo
553 2707 662 2780 qui
677 2710 965 2768 nobiscum
987 2724 1090 2784 est,
1106 2733 1269 2787 quem
1293 2720 1528 2777 electum
1558 2723 1613 2778 in
1636 2725 1828 2780 eadem

223 2785 469 2847 Ecclesia
505 2805 657 2852 certe
688 2803 1086 2874 cognovimus;
1143 2808 1236 2864 sed
1292 2826 1391 2866 cur
1421 2814 1701 2882 reprobari
1727 2815 1828 2870 de-

224 2879 366 2972 beat,
427 2888 579 2943 nulla
608 2891 792 2948 adhuc
820 2894 1226 2967 deprehendere
1261 2879 1542 2972 potuimus
1588 2907 1824 2963 ratione.

2003 1829 2136 1886 Data
2177 1831 2384 1902 Romae,
2438 1853 2534 1894 Vlll
2591 1836 2692 1912 [vi]
2735 1839 2860 1898 ldus
2909 1841 3518 1919 Septembris[Decem-

1930 1922 2087 1998 bris],
2122 1925 2231 1982 ind.
2261 1942 2369 1983 xw.

2442 2111 2450 2119 .
2497 2065 2834 2128 EPISTOLA
2867 2069 2934 2127 IX
2946 2113 2960 2127 .

2094 2174 2160 2214 AD
2183 2174 2586 2220 SUFl-‘RAGANEOS
2621 2180 2886 2221 ῑεειεειε
2919 2181 3335 2224 κευιοιλδικεις

2519 2258 2700 2330 (Anno
2741 2259 2926 2330 1075.)

1932 2344 2288 2418 Significatu
2326 2348 2619 2405 Tedaldum
2649 2353 2704 2406 in
2744 2351 3127 2408 Mediolanensi
3163 2353 3406 2412 Eccam-('2'.
3437 2359 3517 2411 i1-

2003 2427 2209 2495 trtisuirt
2235 2421 2304 2472 ad
2328 2422 2586 2495 synodum
2619 2439 2846 2495 vocasse.
2877 2423 3132 2495 Praecipit
3161 2441 3238 2482 eis
3277 2442 3341 2484 ne
3380 2445 3413 2483 ιι
3438 2429 3540 2484 ἔ-ω.

1997 2489 2195 2543 audeat
2228 2489 2447 2546 eum’ad
2473 2509 2652 2548 sacros
2679 2494 2890 2549 ordines
2912 2489 3234 2564 proniorem.

2001 2604 2310 2662 GBEGORIUS
2329 2608 2640 2680 episcopus,
2677 2626 2869 2667 servus
2893 2628 3180 2669 servorum
3229 2613 3346 2682 Dei,
3411 2616 3494 2673 fra
3514 2647 3526 2656 -

1933 2697 2126 2764 tribus,
2163 2708 2220 2754 et
2263 2701 2534 2771 episcopis
2580 2704 2940 2775 coepiscopis,
2981 2705 3259 2764 GBEGORIO
3305 2708 3521 2766 Vercel-

1930 2789 2088 2858 lensi,
2114 2791 2426 2850 Cumaeam
2454 2784 2800 2865 Taurinensi,
2829 2798 3008 2854 Iseon:
3033 2800 3289 2874 [Hucoxn]
3330 2801 3524 2859 Asten-

1931 2886 1998 2952 si,
2024 2885 2228 2942 Oceano
2256 2887 2633 2958 Eporediensi,
2659 2889 2880 2947 Orlzom
2909 2892 3203 2959 Laudensi,
3227 2903 3282 2949 et
3308 2895 3521 2951 caeteris

223 2970 592 3049 Quapropter,
645 2990 788 3040 res“;
830 2989 1165 3047 conscientia
1209 2970 1418 3062 misum
1445 2997 1662 3053 sincero
1696 3000 1828 3054 ειη,
1854 2984 1895 3042 C
1929 2979 2289 3052 sull‘raganeis
2317 2993 2520 3040 sanctae
2541 2984 2961 3044 Mediolauensis
2991 2987 3249 3045 Ecclesiae
3264 2990 3520 3045 obedien-

221 3065 400 3123 ritatis
431 3071 634 3128 aﬂ'ectu
661 3084 714 3130 te
737 3078 1096 3139 admonemus
1119 3093 1179 3139 ut
1199 3087 1247 3141 si
1275 3085 1576 3145 Ecclesiam
1619 3091 1823 3163 diligis,

220 3168 274 3212 et
294 3168 346 3214 te
371 3164 588 3232 pariter
610 3175 778 3239 atque
819 3171 968 3229 illam
1015 3191 1050 3230 a
1073 3178 1318 3246 periculo
1347 3181 1690 3238 confusionis
1713 3185 1824 3239 eri-

220 3253 557 3345 perecupis,
605 3257 674 3312 ad
705 3261 1012 3329 proximam
1038 3268 1331 3338 synodum,
1368 3287 1536 3341 quam
1567 3273 1622 3328 in
1646 3275 1824 3345 prima

218 3338 571 3401 bebdomada
617 3359 862 3408 venturae
884 3353 1347 3430 Quadragesimte,
1523 3338 1821 3434 annuente,

217 3430 504 3527 celebrare
527 3436 923 3512 disposuimus,
960 3447 1066 3514 vel,
1099 3449 1145 3504 si
1175 3451 1386 3518 malles,
1410 3462 1538 3509 ante
1551 3430 1823 3527 synodum

217 3524 527 3590 apostolica
573 3527 763 3587 limina
819 3543 874 3590 et
902 3546 1148 3594 nostram
1174 3543 1425 3612 requiras
1450 3524 1820 3615 praesentiam,

216 3623 499 3682 quatenus
529 3619 598 3675 de
627 3622 856 3682 introitu
879 3637 994 3698 tuo,
1026 3633 1414 3704 priusquamte
1444 3640 1666 3708 gravius
1691 3657 1826 3711 prte-

216 3704 433 3777 cipites,
461 3726 645 3781 aqua,
696 3719 997 3787 opitulante
1055 3723 1201 3793 Deo,
1241 3704 1648 3788 examinatione
1692 3704 1822 3803 per-

217 3805 359 3867 acta,
388 3803 542 3870 quod
569 3813 625 3860 tu
661 3807 778 3878 ipse
802 3819 978 3869 tutum
994 3815 1092 3872 tibi
1121 3815 1239 3875 fore
1263 3822 1588 3893 cognoveris
1615 3824 1824 3896 absque

217 3890 618 3962 impedimento
638 3909 693 3956 et
715 3904 956 3973 periculo
983 3909 1182 3967 animae
1208 3920 1315 3969 tua:
1339 3890 1521 3987 vsequi
1545 3931 1610 3973 ac
1635 3925 1822 3972 tenere

218 3985 420 4080 possis.
479 3986 595 4045 Nec
638 3992 998 4054 dubitandum
1051 4001 1149 4058 tibi
1180 4005 1395 4073 credas,
1443 3985 1492 4063 si
1532 4008 1684 4076 huic,
1723 4011 1820 4080 qui

221 4078 512 4136 nobiscum
541 4093 646 4153 est,
675 4087 915 4147 dictante
931 4093 1147 4163 justitia
1184 4100 1511 4156 cessandum
1540 4117 1663 4158 esse
1693 4119 1820 4174 per-

221 4173 591 4243 spexerimus,
629 4179 765 4248 quin
795 4180 850 4235 in
885 4187 1232 4254 promotione
1260 4199 1354 4246 tua
1395 4191 1657 4248 benevola
1682 4209 1820 4250 con-

221 4266 472 4322 cessione
531 4269 603 4324 ad
659 4271 926 4332 honorem
981 4281 1373 4352 omnipotentis
1426 4284 1522 4340 Dei
1579 4293 1635 4341 et
1674 4285 1820 4342 beati

220 4355 495 4412 Ambrosii
537 4374 830 4419 assensum
858 4369 1063 4436 pariter
1109 4373 1450 4442 praebeamus
1480 4385 1534 4432 et
1555 4377 1817 4433 studium.

222 4446 298 4502 Ad
322 4449 625 4508 tollendam
675 4469 806 4510 vero
853 4460 1021 4518 totius
1049 4463 1278 4533 periculi
1311 4467 1702 4538 suSpicionem,
1731 4485 1820 4526 se-

223 4539 508 4597 curitatem
540 4545 640 4599 tibi
685 4561 785 4616 per
832 4565 1030 4609 manus
1067 4554 1301 4612 filiarum
1331 4567 1648 4615 nostrarum
1683 4561 1822 4617 Bea-

222 4630 368 4688 tricis
396 4643 450 4688 et
471 4636 596 4706 ejus
632 4638 761 4694 filia:
790 4639 1066 4701 Mathildis
1089 4650 1482 4718 promittimus,
1510 4659 1566 4706 et
1599 4651 1819 4709 indubi-

224 4730 393 4780 tanter
419 4727 644 4796 damus,
682 4738 744 4784 ut
764 4732 894 4788 nihil
916 4736 1037 4802 tibi,
1069 4737 1150 4792 vel
1187 4739 1273 4796 his
1303 4742 1400 4812 qui
1442 4742 1498 4796 in
1524 4750 1617 4797 tuo
1644 4745 1820 4801 comi-

222 4821 329 4869 tatu
359 4815 587 4885 fuerint,
614 4825 1021 4883 contrarietatis
1049 4843 1080 4882 a
1116 4829 1274 4888 nobis
1325 4834 1410 4888 vel
1443 4834 1646 4892 nostris
1675 4835 1816 4893 infe-

221 4914 397 4976 ratur;
421 4911 520 4965 sed
552 4911 610 4964 in
645 4911 810 4969 rebus
856 4925 909 4972 et
951 4917 1207 4987 personis
1233 4923 1451 4990 vestris,
1482 4930 1595 4978 tam
1648 4925 1703 4981 in
1731 4942 1821 4984 ve-

221 4999 411 5056 niendo
431 5019 608 5074 quam
653 5005 950 5075 redeundo,
983 5010 1088 5063 tuti
1140 5014 1358 5080 penitus
1412 5022 1468 5070 et
1506 5014 1682 5086 illmsi,
1707 5018 1819 5076 Deo

220 5101 580 5167 custodiente,
634 5106 918 5173 maneatis,
980 5113 1202 5162 ostensa
1233 5111 1579 5167 solummodo
1601 5123 1656 5169 et
1683 5131 1818 5172 con-

217 5187 423 5248 firmata
451 5209 522 5249 ea
551 5207 684 5263 qua:
709 5193 763 5249 in
789 5213 962 5254 causa
1011 5204 1104 5251 tua
1151 5198 1316 5260 fuerit
1342 5202 1575 5260 tenenda
1605 5217 1819 5264 senten-

954 5297 1108 5316 ...ι-ιι.
1170 5291 1262 5316 “-2
1327 5295 1566 5316 ____-:....‘

216 5284 280 5316 οἶσι
333 5284 570 5316 Inda-:m
604 5301 818 5316 ηιοΛηηΑ
851 5307 914 5316 ..ιι-.-

1932 3075 2078 3130 tibus
2109 3077 2425 3146 apostolicae
2459 3079 2597 3145 sedi,
2659 3080 2895 3136 salutem
2933 3089 2989 3136 et
3015 3081 3378 3152 apostolicam
3425 3081 3518 3142 b0.-

1930 3167 2314 3226 nedictionem.
2953 3223 2955 3225 .

1997 3260 2198 3317 Notum
2247 3263 2406 3320 vobis
2445 3280 2568 3322 esse
2592 3266 2848 3323 volumus
2883 3267 2950 3323 de
2980 3265 3217 3322 Tedaldo
3254 3265 3517 3321 Mediola-

1928 3359 2084 3415 nensi
2109 3359 2330 3427 clerico,
2359 3377 2522 3431 quem
2564 3377 2682 3429 rex,
2713 3370 3076 3434 praeterquam
3139 3361 3297 3416 nobis
3323 3358 3517 3415 litteris

1927 3465 1991 3505 ac
2017 3451 2319 3523 legatorum
2349 3454 2531 3510 verbis
2581 3455 2915 3525 promiserit,
2971 3455 3026 3509 in
3061 3454 3516 3510 Mediolanensem

1924 3537 2224 3597 Eeclesiam
2254 3545 2615 3616 posuit,quod
2629 3547 2994 3618 episcopalem
3023 3548 3228 3609 sedem,
3259 3547 3326 3600 ad
3348 3561 3512 3617 quam

1925 3633 2029 3689 alia
2058 3635 2211 3705 prius
2247 3653 2371 3708 quae
2407 3637 2588 3694 adhuc
2638 3648 2916 3710 superstes
2946 3648 3029 3694 est
3055 3639 3214 3694 fuerit
3239 3638 3514 3710 assignata

1923 3740 2179 3795 persona,
2209 3744 2319 3784 non
2345 3731 2482 3786 satis
2498 3731 2746 3787 ordinate
2767 3731 3074 3802 suscepisse
3097 3731 3329 3787 videtur.
3357 3729 3514 3797 Quod

1923 3829 2047 3871 cum
2075 3834 2174 3888 per
2206 3823 2476 3891 quosdam
2509 3823 2710 3878 fideles.
2729 3832 2950 3880 nostros
2995 3832 3243 3880 nostram
3270 3824 3516 3896 require-

1924 3917 2008 3963 ret
2037 3912 2358 3979 amicitiam,
2384 3915 2708 3984 scripsimus
2734 3917 2785 3970 ei
2832 3917 2938 3971 hoc
2959 3931 3063 3971 nos
3097 3917 3328 3971 multum
3376 3915 3516 3970 velle

1923 4009 1978 4056 ct
2002 4017 2220 4074 cupere,
2269 4014 2432 4076 atque
2484 4021 2552 4061 eo
2629 4015 2788 4077 pacto
2848 4007 3168 4062 facillimum
3222 4005 3515 4062 convenire

1923 4109 2105 4165 posse,
2137 4097 2184 4152 si
2222 4099 2503 4168 requisitis
2534 4099 2906 4169 apostolorum
2932 4099 3215 4155 liminibus
3245 4107 3298 4154 et
3323 4106 3513 4154 nostra

1923 4187 2213 4258 przesentia
2262 4207 2484 4247 causam
2533 4191 2894 4262 promotionis
2944 4207 3058 4247 sum
3109 4208 3302 4262 puram
3351 4199 3516 4262 atque

1924 4281 2258 4350 probabilem
2289 4285 2578 4340 ostendere
2599 4285 2759 4339 vellet
2800 4292 2854 4339 et
2902 4292 3104 4355 posset.
3128 4284 3211 4338 Ad
3241 4283 3386 4355 quod
3413 4299 3511 4366 (ξι-τ

1925 4375 2261 4444 sequendum
2289 4377 2650 4432 amicabiliter
2672 4392 2797 4432 eum
2840 4378 3179 4443 vocavimns,
3212 4385 3266 4431 et
3290 4375 3512 4446 praefixo

1923 4467 2026 4522 sibi
2058 4469 2293 4526 termino
2318 4471 2384 4526 ad
2425 4473 2733 4542 proximam
2784 4471 3054 4544 synodum
3081 4477 3325 4524 venturae
3361 4467 3510 4535 Qua-

1923 4559 2265 4632 dragesimte,
2304 4571 2418 4629 aut,
2467 4564 2513 4619 si
2571 4564 2744 4630 malit,
2793 4572 2919 4618 ante
2971 4562 3238 4634 synodum
3296 4561 3518 4617 firmam

1924 4655 2274 4710 securitatem
2303 4656 2556 4714 veniendi
2600 4657 2667 4711 ad
2715 4670 2815 4711 nos
2839 4663 2895 4710 et
2936 4655 3197 4711 redeundi
3229 4670 3296 4710 ex
3323 4661 3511 4710 nostra

1924 4756 2077 4819 parte
2101 4751 2484 4820 promisimus,
2519 4758 2575 4805 et
2621 4748 2752 4803 dare
2805 4747 2983 4818 parati
3038 4763 3252 4804 sumus.
3285 4745 3512 4816 Insuper

1919 4843 2082 4897 etiam
2113 4836 2182 4897 ne
2208 4843 2424 4898 interim
2485 4843 2721 4913 aliquem
2768 4841 2836 4896 de
2872 4841 3046 4897 sacris
3077 4841 3361 4898 ordinibus
3388 4854 3514 4911 gra-

1920 4935 2050 4991 dum
2085 4937 2313 5007 recipiat
2334 4917 2634 5005 apostolica
2667 4934 2718 4990 ei
2753 4935 3076 4990 auctoritate
3106 4933 3508 4990 interdiximns.

1923 5027 2078 5094 Quod
2102 5025 2231 5082 item
2267 5037 2320 5083 et
2347 5027 2505 5083 vobis
2531 5041 2628 5097 per
2649 5041 2770 5081 eam
2796 5041 2961 5097 quam
3000 5028 3158 5084 beato
3198 5026 3358 5081 Petro
3382 5037 3514 5091 apo-

1923 5121 2189 5190 stolorum
2215 5119 2448 5190 principi
2473 5119 2683 5175 debetis
2704 5119 3090 5186 obedientiam,
3138 5128 3195 5176 et
3215 5134 3283 5173 ex
3323 5121 3513 5170 nostra

1924 5226 2088 5282 quam
2114 5185 2427 5280 pii-cilium,
2476 5213 2603 5268 licet
2623 5211 2850 5286 indigni,
2897 5213 3261 5284 suscepimus,
3291 5211 3523 5279 apostoi

3482 5290 3509 5316 Δ
