3982 5316
444 241 553 296 439

1087 240 1142 295 s.
1185 239 1511 297 causam!
1552 238 1878 296 VII-PAP/E
1914 227 2198 297 orntum
2239 240 2497 297 rans-1.
2535 271 2602 283 -
2639 242 3058 300 nemsrnuu.

3599 246 3699 307 με,

447 353 561 411 Deo
591 354 906 437 adiuvante,
940 355 1217 426 possimus
1256 353 1659 412 examinatione
1697 355 2028 412 discernere.
2063 362 2104 415 A
2135 357 2230 412 tibi
2256 373 2355 427 pro
2378 357 2482 412 hac
2503 359 2660 428 culpa
2685 359 2976 431 injungens
3018 358 3392 430 pcenitcntiam
3430 371 3487 418 te
3523 364 3701 420 absol-

443 445 601 513 Quod
624 446 846 517 quidem
888 462 1016 503 cum
1049 447 1328 509 communi
1363 447 1597 504 consilio
1634 456 1693 502 et
1736 447 2027 519 conjuncta

446 535 692 597 omnium
720 544 1028 607 vestrorum
1047 536 1377 607 discretione
1405 553 1471 594 ac
1505 538 1714 608 judicio
1742 537 1860 594 fieri
1899 552 2024 608 pcr—

424 629 688 702 _maxime
725 628 997 701 cupimus,
1035 629 1083 685 si
1113 630 1198 685 vel
1252 630 1400 687 illius
1443 629 1705 695 Ecclesiae
1736 646 1892 696 cura,
1943 628 2028 685 vel

445 731 728 793 respectus
749 723 1063 794 apostolicae
1083 726 1419 791 reverentiae,
1460 735 1557 783 aut
1575 732 1762 781 nostra
1783 724 2028 798 charitas

446 828 545 869 vos
583 813 652 869 ad
686 815 789 870 hoc
813 815 1090 887 negotium
1120 832 1424 874 convocare
1447 818 1666 889 poterit.
1695 817 1883 875 Videte
1922 817 2027 890 igi-

445 914 536 960 tur
565 922 633 962 ne
693 907 818 977 quis
861 918 1102 965 vestrum
1146 918 1459 983 contempto
1506 913 1612 968 hoc
1638 910 1925 967 interdicta
1959 911 2028 966 ad

445 995 817 1072 illiuspariter
835 1008 890 1056 et
911 1002 995 1056 sui
1014 1002 1321 1072 periculum
1342 1019 1567 1061 manum
1589 1004 1865 1071 extendat,
1891 1018 2031 1075 quo-

446 1088 593 1144 niam
619 1090 833 1163 siquis,
893 1094 1040 1163 quod
1085 1109 1193 1150 non
1237 1095 1532 1162 credimus,
1588 1096 1645 1152 in
1677 1111 2031 1167 eaprtesum-

445 1179 631 1249 ptione
654 1196 713 1237 se
732 1196 1001 1253 occupare
1041 1184 1371 1255 proruperit,
1407 1185 1670 1243 continuo
1694 1201 1753 1243 sc
1786 1201 1827 1245 a.
1853 1185 2028 1257 gratia

441 1273 588 1328 beati
614 1272 761 1330 Petri
783 1282 839 1331 et
864 1285 1056 1333 nostra
1098 1277 1423 1346 dilectione,
1450 1294 1551 1335 nec
1576 1293 1685 1338 non
1715 1295 1751 1335 a
1777 1293 2029 1339 commu-

446 1362 611 1418 nione
645 1364 789 1420 sacri
833 1366 1080 1436 corporis
1119 1375 1174 1423 et
1222 1368 1506 1439 sanguinis
1555 1368 1773 1427 Domini
1828 1383 2029 1439 seque-

444 1464 677 1511 stratum
709 1472 831 1515 esse
864 1468 1178 1530 cognoscat.
1230 1459 1429 1517 Verum
1474 1461 1527 1518 id
1558 1461 1722 1534 agite,
1736 1461 1817 1527 id,
1839 1462 1889 1517 si
1924 1460 2031 1516 Do-

444 1545 655 1602 minum
681 1548 928 1621 diligitis,
949 1543 1160 1608 eﬂicere
1173 1560 1481 1622 procurate,
1500 1560 1559 1607 ut
1582 1551 1747 1615 frater
1765 1551 1877 1619 ille,
1899 1551 2030 1606 dum

444 1646 647 1708 potest,
681 1639 813 1695 dum
848 1641 1032 1697 locum
1061 1642 1240 1712 habet,
1267 1643 1368 1699 sibi
1405 1653 1460 1699 et
1483 1642 1737 1700 Ecclesia:
1758 1642 2028 1709 consulat,

2128 457 2237 514 vat,
2268 454 2330 503 ut
2363 448 2521 504 nobis
2558 456 2652 503 tuo
2698 464 2969 506 consensu
2996 451 3217 506 modum
3247 453 3585 524 paenitentiae
3605 465 3708 511 tuae

2127 554 2224 609 per
2246 538 2532 609 epistolam
2571 538 2726 594 suam
2758 541 3025 596 veraciter
3068 540 3321 600 intimare
3367 544 3590 600 audeat.
3635 544 3715 599 De

2128 634 2326 683 caetero
2351 628 2552 684 mirum
2583 629 2742 685 nobis
2762 629 2917 685 valde
2940 631 3152 688 videtur
3172 633 3316 705 quod
3362 636 3532 691 toties
3554 637 3710 691 nobis

2129 724 2241 771 tam
2279 716 2505 773 devotas
2555 717 2815 789 epistolas
2856 728 2909 774 et
2953 728 3158 776 tantam
3216 722 3584 789 humilitatem
3609 733 3717 781 tua

2110 808 2467 867 celsitudinis
2490 806 2900 883 perlegatorum
2927 822 3146 869 tuorum
3171 816 3334 871 verba
3358 818 3712 884 transmittis,

2129 900 2301 958 lilium
2325 910 2381 957 te
2402 912 2604 959 sanctae
2645 904 2840 960 matris
2869 902 3126 963 Ecclesia:
3148 916 3204 964 et
3250 918 3508 965 nostrum
3550 926 3715 967 vocas

2130 993 2184 1047 in
2209 992 2316 1048 ﬁde
2337 993 2663 1064 subjectum,
2692 994 2748 1049 in
2766 995 3055 1053 dilectione
3078 999 3325 1069 unicum,
3344 1000 3402 1056 in
3423 1001 3715 1057 devotione

2130 1084 2483 1155 praecipuum,
2530 1094 2809 1157 postremo
2842 1104 2968 1143 cum
3001 1091 3152 1144 omni
3183 1090 3719 1149 aﬂ'ectu‘dulcedinis

2111 1184 2183 1230 et
2238 1171 2554 1234 reverentiai
2602 1185 2652 1233 te
2697 1180 3070 1247 commendas,
3115 1197 3174 1236 ιν
3220 1191 3403 1238 tamen
3445 1193 3506 1241 et
3558 1181 3716 1239 factis

2131 1268 2513 1341 asperrimum,
2536 1270 2819 1327 canonicis
2860 1282 3024 1343 atque
3057 1275 3372 1344 apostolicis
3396 1275 3640 1332 decretis
3659 1276 3717 1332 in

2130 1363 2218 1418 his
2247 1378 2370 1435 quae
2392 1364 2759 1420 ecclesiastica
2780 1362 2971 1437 religio
2998 1367 3236 1423 maxime
3286 1369 3468 1441 poscit
3492 1380 3550 1427 te
3579 1388 3707 1428 con-

2132 1458 2360 1512 trarium
2376 1456 2640 1514 ostendis.
2671 1456 2808 1513 Nam
2830 1460 2972 1515 utde
2994 1459 3219 1532 reliquis
3246 1471 3552 1530 taceamus,
3570 1467 3721 1537 quod

2128 1545 2197 1603 de
2221 1554 2385 1602 caussa
2430 1545 2819 1605 Mediolanensi
2853 1564 2951 1620 per
2982 1558 3213 1605 matrem
3250 1559 3422 1620 tuam,
3452 1568 3555 1624 per
3586 1570 3717 1612 con-

2132 1635 2329 1693 fratres
2358 1644 2579 1692 nostros
2601 1636 2888 1709 episcopos
2943 1653 3083 1709 quos
3111 1639 3178 1693 ad
3210 1648 3265 1695 te
3312 1634 3594 1709 misimus,
3621 1659 3722 1698 no-

440 1728 564 1797 paci
584 1737 777 1785 vestra:
815 1739 869 1785 ct
910 1731 1074 1788 saluti
1118 1740 1283 1790 tanta:
1316 1733 1680 1790 multitudinis
1739 1733 2024 1791 hominum
2058 1717 2101 1772 Β
2126 1725 2211 1781 bis
2247 1724 2598 1796 Ρνοωίδθηε,
2621 1726 2858 1795 qualiter
2891 1725 3207 1794 attenderis.
3245 1736 3340 1784 aut
3384 1744 3501 1800 quo
3533 1730 3721 1786 animo

441 1835 579 1890 pene
601 1822 1023 1891 periclitantium
1055 1824 1358 1896 provideat,
1392 1840 1491 1880 nec
1530 1833 1744 1881 suamet
1776 1822 2026 1895 praecipi-

441 1911 650 1968 tatione
699 1929 890 1971 casum
946 1925 1137 1987 petens
1178 1917 1381 1973 multos
1430 1932 1620 1974 secum
1644 1917 1713 1974 ad
1738 1930 2028 1975 commune

440 2004 745 2073 periculum
793 2007 992 2062 trahat.
1030 2005 1088 2062 ln
1124 2024 1235 2079 quo
1284 2024 1431 2065 nunc
1482 2008 1762 2081 apparebit
1788 2006 1912 2080 quis
1958 2004 2030 2061 sit

442 2105 631 2165 pastor
659 2099 714 2152 in
754 2098 906 2154 vobis
940 2098 1214 2169 iniquitati
1246 2110 1429 2173 aperte
1471 2102 1757 2165 resistens,
1805 2098 1930 2169 quis
1959 2098 2029 2152 sit

441 2186 533 2243 fur
570 2189 973 2246 simulationem
1009 2180 1234 2263 faciens,
1270 2194 1394 2264 quis
1431 2195 1570 2249 latro
1613 2190 1900 2249 manifeste
1937 2191 2028 2262 ju-

448 2281 609 2339 stitiae
630 2284 1028 2341 ccutradicens.
1043 2285 1397 2342 Considerate
1418 2300 1549 2359 ergo
1571 2287 1846 2358 quomodo
1871 2297 2029 2344 caute

444 2374 758 2442 ambuletis,
807 2379 936 2448 quia
982 2377 1124 2435 sicut
1152 2379 1351 2435 durum
1392 2389 1476 2436 est
1506 2390 1697 2437 contra
1745 2382 2026 2437 stimulum

444 2464 752 2535 calcitrare,
787 2470 867 2547 sic
902 2486 1155 2540 asperum
1196 2481 1283 2528 est
1318 2480 1518 2529 sanctze
1559 2472 1818 2529 Romana:
1840 2472 2025 2529 Eccle-

447 2557 544 2614 sia:
566 2563 858 2630 contraire,
885 2564 973 2619 cui
999 2580 1097 2621 vos
1139 2572 1401 2637 tauquam
1430 2566 1592 2622 matri
1615 2582 1830 2639 semper
1866 2582 2027 2638 Opor-

442 2659 519 2705 tet
540 2652 780 2710 obedire.

512 2742 647 2801 Data
689 2745 894 2815 Romze,
933 2758 1087 2805 sexto
1135 2749 1262 2806 ldus
1319 2748 1573 2808 Octobris
1641 2750 2025 2827 [Decembris],

442 2838 739 2897 indictione
772 2842 981 2899 decima
1003 2852 1215 2914 quarta.

1033 2932 1327 2993 ElSTOLA
1355 2936 1424 2992 Χ.

761 3043 827 3081 Αἰ)
850 3044 1116 3083 HESRICI‘M
1144 3045 1315 3083 REGEM
1358 3046 1682 3085 ROMANOBUM

1034 3121 1214 3192 (Anno
1249 3121 1432 3193 ποτε.)

440 3207 633 3277 Arguit
675 3209 817 3281 quod
844 3227 960 3265 cum
993 3214 1461 3267 excommunicatis
1493 3215 1858 3269 communicet.
1908 3216 2024 3269 Μο-

512 3288 597 3331 net
631 3284 693 3332 ul
719 3281 788 3354 si
812 3281 890 3335 ita
918 3290 1017 3347 est,
1071 3282 1343 3354 aliialiquo
1373 3286 1615 3354 episcopo
1648 3286 2028 3341 absolutionem

508 3358 672 3417 petat.
712 3348 945 3425 Miratur
963 3348 1304 3425 ettmlitter'is
1339 3364 1388 3408 et
1402 3348 1763 3425 legationibus
1787 3357 2028 3411 devotum

510 3434 564 3491 se
588 3436 713 3491 erga
741 3417 1030 3491 Romanam
1078 3420 1372 3478 Ecclesium
1413 3417 1720 3491 ostendere;
1762 3443 1815 3480 re
1855 3436 2028 3481 tamen

515 3488 692 3565 (idem.
707 3490 1026 3565 adversari_,_
1045 3502 1095 3545 et
1129 3491 1339 3548 decreta
1393 3512 1426 3549 a
1480 3513 1534 3551 se
1572 3497 1627 3550 in
1657 3488 1855 3565 synodo
1884 3497 2029 3552 edita

516 3573 618 3612 non
640 3558 929 3616 observare.
973 3560 1237 3618 Hortatur
1252 3564 1323 3620 ad
1347 3581 1521 3620 veram
1548 3558 1894 3621 obedientiam
1918 3568 2027 3622 Ro-

509 3645 684 3703 mana:
705 3628 960 3703 Ecclesiae
980 3636 1358 3703 priestandam.
1406 3635 1630 3691 Demum
1662 3646 1837 3693 monet
1856 3655 1919 3694 ne
1938 3655 2028 3693 ec-

511 3698 828 3777 clesiastica:
856 3698 1095 3759 libertati
1120 3705 1242 3760 velit
1265 3723 1375 3761 esse
1400 3707 1794 3778 impedimento.

513 3788 825 3850 GBEGORIUS
845 3796 1157 3868 episcopus,
1182 3814 1373 3854 servus
1407 3814 1690 3854 servorum
1732 3798 1848 3866 Dei,
1887 3798 2029 3855 llus-

444 3897 566 3938 ntco
611 3887 745 3958 regi,
803 3891 1032 3946 salutem
1089 3900 1142 3946 et
1186 3891 1545 3963 apostolicam
1595 3892 2030 3953 benedictionem

447 3975 629 4048 (584);
660 3980 706 4035 si
736 3989 917 4038 tamen
938 3985 1251 4055 apostolicae
1279 3985 1417 4053 sedi,
1443 3994 1503 4041 ut
1526 3985 1902 4063 Christianum
1935 3987 2031 4043 de-

447 4080 534 4128 cet
560 4088 767 4144 regem,
795 4075 1063 4133 ohedierit
1086 4075 1370 4151 [obcdiat].

510 4166 937 4228 Considerantes
958 4186 1024 4228 ac
1057 4171 1287 4228 sollicite
1323 4183 1614 4243 pensantes
1641 4191 1808 4246 quam
1841 4175 2031 4233 distri-

442 4259 723 4331 ctojudici
747 4262 815 4320 de
840 4263 1246 4335 dispensatione
1278 4267 1471 4324 crediti
1496 4268 1659 4326 nobis
1687 4285 1784 4341 per
1808 4270 2028 4331 beatum

441 4351 664 4413 Petrum
691 4357 1063 4425 apostolorum
1095 4359 1394 4430 principem
1440 4360 1730 4419 ministerii
1757 4362 2027 4419 rationem

2080 1831 2082 1833 ’
2129 1815 2470 1887 promiseris,
2494 1816 2614 1887 ipsa
2638 1831 2727 1874 res
2752 1816 2976 1885 indicat,
3002 1826 3057 1874 et
3078 1833 3226 1874 nunc
3255 1819 3480 1891 quidem
3508 1831 3570 1879 ut
3597 1824 3719 1877 vul-

2130 1925 2237 1966 nus
2253 1906 2468 1965 vulneri
2491 1908 2784 1981 indigeres,
2811 1918 3008 1967 contra.
3036 1919 3240 1967 statuta
3285 1914 3607 1984 apostolica:
3630 1931 3723 1970 se-

2127 2000 2214 2062 dis
2242 1999 2513 2056 tradidisti
2541 1998 2853 2056 Firmanam
2888 2008 2944 2056 et
2995 1999 3342 2072 Spoletanam
3369 1996 3672 2058 Ecclesiam
3700 2022 3722 2071 ;

2127 2093 2175 2149 si
2210 2101 2393 2148 tamen
2421 2093 2492 2149 ab
2540 2093 2763 2150 homine
2788 2094 2926 2150 tradi
2958 2093 3203 2151 Ecclesia
3249 2104 3347 2151 aut
3376 2095 3578 2152 donari
3622 2115 3721 2168 po.

2130 2194 2235 2243 test
2254 2185 2586 2256 quibusdam
2611 2185 2864 2256 personis
2889 2186 3050 2248 nobis
3070 2187 3234 2242 etiam
3248 2187 3487 2259 ignotis;
3520 2188 3723 2260 quibus

2127 2292 2239 2332 non
2266 2277 2395 2333 licet
2423 2277 2531 2333 nisi
2556 2278 2799 2348 probatis
2826 2288 2881 2334 et
2904 2286 3029 2335 ante
3070 2279 3209 2335 bene
3230 2279 3467 2350 cognitis
3498 2281 3723 2352 regula-

2126 2368 2259 2423 riter
2281 2384 2505 2424 manum
2536 2369 2833 2439 imponere.
2866 2369 3131 2427 Decucrat
3171 2371 3378 2442 regiam
3399 2371 3721 2444 dignitatem

2126 2467 2300 2526 tuam,
2331 2472 2456 2515 cum
2500 2468 2554 2514 te
2577 2457 2752 2514 lilium
2794 2457 3053 2516 Ecclesiae
3079 2459 3378 2526 conﬁteris,
3414 2461 3722 2519 honorabi-

2127 2551 2234 2607 lius
2262 2550 2588 2622 magistrum
2642 2550 2923 2619 Ecclesiae,
2952 2552 3058 2608 hoc
3099 2562 3185 2608 est
3223 2552 3448 2610 beatum
3495 2552 3724 2611 Petrum

2127 2643 2500 2714 apostolorum
2525 2644 2830 2715 principem
2884 2643 3109 2710 intueri,
3134 2644 3246 2711 cui,
3289 2644 3335 2700 si
3367 2644 3437 2700 de
3473 2643 3725 2701 Domini-

2127 2738 2209 2793 cis
2229 2737 2424 2794 ovibus
2444 2742 2525 2805 es,
2557 2732 2841 2793 Dominica
2866 2752 3000 2794 voce
3023 2746 3079 2793 et
3100 2745 3372 2808 potestate
3402 2738 3473 2794 ad
3498 2752 3731 2808 pasccno

2126 2830 2257 2886 dum
2278 2829 2516 2887 traditus
2539 2846 2621 2896 es,
2657 2830 2872 2887 dicente
2898 2829 3002 2886 sibi
3034 2829 3256 2886 Christo
3289 2848 3301 2884 :
3337 2828 3518 2895 Patre,
3567 2847 3725 2900 pasce

2128 2939 2243 2978 oves
2268 2939 2412 2979 meas
2438 2922 2619 2993 (Joan.
2652 2923 2806 2993 xvn),
2835 2929 2889 2979 et
2910 2922 3107 2978 iterum
3141 2941 3154 2976 ε
3188 2920 3307 2976 Tibi
3348 2924 3570 2978 tradite
3602 2931 3725 2977 sunt

2127 3015 2298 3069 claves
2322 3016 2468 3086 regni
2501 3015 2772 3081 cae-lorum,
2799 3024 2850 3071 et
2880 3014 3223 3086 quodcunque
3282 3013 3536 3085 ligaveris
3562 3032 3725 3086 super

2049 3104 2090 3158 C
2122 3112 2341 3171 terram,
2363 3105 2465 3158 erit
2495 3104 2721 3176 ligatum
2739 3113 2788 3158 et
2819 3105 2875 3158 in
2906 3103 3081 3168 caelis;
3126 3112 3176 3158 et
3221 3105 3573 3176 quodcunque
3616 3106 3726 3160 tol-

2131 3198 2263 3252 ceris
2295 3213 2452 3267 super
2488 3206 2714 3264 terram,
2741 3199 2842 3252 erit
2890 3197 3124 3251 solutum
3153 3198 3281 3251 etin
3312 3195 3460 3250 catis
3496 3195 3723 3266 (Matth.

2130 3288 2264 3362 1m).
2303 3288 2361 3344 In
2405 3288 2565 3360 cujus
2617 3289 2747 3345 sede
2790 3298 2845 3344 et
2893 3287 3195 3363 apostolica
3243 3287 3724 3344 administratione

2128 3382 2259 3437 dum
2287 3397 2390 3436 nos
2411 3383 2825 3453 qualescunque
2854 3390 3171 3452 peccatores
3194 3389 3248 3436 ct
3294 3379 3506 3452 indigni
3537 3380 3724 3437 divina

2128 3470 2495 3542 dispositione
2515 3470 2691 3526 vicem
2723 3486 2837 3526 sua:
2879 3469 3165 3541 potestatis
3188 3469 3452 3541 gerimus,
3477 3468 3723 3539 profecto

2128 3562 2394 3634 quidquid
2426 3563 2495 3619 ad
2518 3577 2619 3618 nos
2649 3564 2735 3617 vel
2766 3578 2862 3632 per
2884 3564 3108 3633 scripta,
3134 3569 3195 3618 ut
3218 3562 3382 3618 nudis
3407 3562 3594 3618 verbis
3620 3563 3726 3618 mi-

2129 3654 2271 3710 seris
2294 3655 2411 3726 ipse
2437 3654 2629 3725 recipit
2654 3671 2668 3720 ;
2702 3662 2757 3709 et
2776 3653 2909 3708 dum
2941 3669 3046 3709 nos
3076 3663 3171 3709 aut
3200 3653 3474 3709 elementa
3496 3669 3725 3725 percur-

2130 3744 2324 3812 rimus,
2360 3754 2455 3801 aut
2498 3744 2843 3816 loquentium
2870 3759 3032 3799 voces
3077 3746 3476 3814 auscultamus,
3516 3747 3637 3817 ipse
3658 3764 3720 3802 ex

2129 3850 2241 3905 quo
2285 3835 2450 3891 corde
2495 3834 2753 3891 mandata
2809 3833 3113 3905 prodierint
3138 3836 3725 3909 subtili-inspectione

2129 3926 2410 3982 discernit.

2195 4080 2543 4152 Quapropter
2565 4080 2959 4152 providendum
2981 4090 3128 4137 esset
3157 4091 3263 4138 tuae
3291 4082 3629 4149 celsitudini,
3656 4100 3723 4139 ne

2129 4188 2257 4248 erga
2283 4172 2466 4228 sedem
2524 4171 2883 4243 apostolicam
2931 4172 2986 4226 in
3038 4172 3221 4229 verbis
3275 4183 3331 4230 et
3358 4175 3759 4247 legationibus

2131 4267 2240 4322 tuis
2262 4267 2447 4337 aliqua
2502 4266 2843 4323 inveniretur
2870 4266 3240 4337 discrepantia
3287 4268 3616 4336 voluntatis,
3670 4279 3722 4325 ct

2131 4361 2186 4415 in
2222 4360 2329 4426 his,
2366 4374 2463 4431 per
2489 4374 2613 4430 qua:
2639 4358 2951 4416 Christiana
2987 4359 3121 4416 ﬁdes
3139 4368 3194 4415 et
3241 4365 3424 4416 status
3461 4359 3721 4418 Ecclesize

441 4445 711 4502 reddituri
747 4464 961 4515 sumus,
987 4466 1116 4513 cum
1140 4451 1484 4521 dubitatione
1514 4454 1887 4525 apostolicam.
1922 4455 2023 4511 tibi
2054 4464 2099 4520 1)
2122 4455 2190 4510 ad
2211 4462 2468 4509 mternam
2491 4452 2724 4508 salutem
2746 4453 2983 4509 maxime
3008 4452 3246 4524 prolicit,
3275 4467 3386 4507 non
3412 4453 3597 4520 nobis,
3627 4454 3718 4511 sed

441 4537 877 4598 benedictionem
907 4543 1311 4611 mandavimus,
1354 4545 1615 4616 quoniam
1636 4547 1849 4618 judicio
1876 4549 2024 4609 sedis

442 4635 756 4701 apostolicae
795 4650 863 4693 ac
928 4637 1178 4711 synodali
1236 4653 1469 4694 censura
1533 4641 2024 4699 excommunicatis

442 4728 884 4795 communionem
913 4740 1060 4786 tuam
1087 4731 1324 4788 scienter
1350 4732 1606 4788 exhibere
1627 4734 1847 4791 diceris.
1865 4734 2024 4802 Quod

442 4816 490 4873 si
506 4833 703 4891 verum
732 4830 837 4891 est,
858 4831 920 4878 tu
948 4823 1064 4893 ipse
1086 4823 1374 4896 cognoscis
1395 4825 1544 4896 quod
1576 4840 1678 4882 nec
1702 4825 1903 4883 divinae
1922 4841 2026 4883 nec

442 4915 754 4985 apostolica:
802 4917 1198 4975 benedictionis
1220 4918 1450 4991 gratiam
1496 4915 1775 4989 percipere
1820 4918 2023 4991 possis,

445 5003 555 5063 nisi
582 5003 792 5075 bisqui
844 5008 1307 5064 excommunicati
1330 5017 1459 5065 sunt
1506 5022 1539 5064 a
1581 5016 1635 5066 te
1675 5009 1943 5079 separatis
1972 5020 2029 5066 ct

443 5097 743 5168 compulsis
762 5098 829 5153 ad
838 5098 1216 5169 pmnitcntiam
1232 5101 1298 5156 de
1322 5099 1759 5174 transgressione
1780 5110 1872 5158 tua
1895 5117 2026 5158 con-

441 5189 607 5234 diana
636 5188 976 5234 nmnilmiino.
1021 5197 1076 5234 et.
1109 5180 1483 5234 intiefnminnn
1524 5194 1680 5234 urina
1724 5194 2025 5234 nhcnlntin-

2128 4547 2238 4601 Deo
2274 4544 2635 4616 omnipotenti
2662 4544 2903 4601 debitam
2950 4559 3062 4600 non
3103 4544 3406 4616 denegares
3461 4560 3719 4601 reveren-

2129 4639 2282 4703 tiam,
2317 4651 2634 4709 quanquam
2678 4637 2943 4707 apostolis
2976 4652 3281 4709 wrumque
3303 4637 3720 4693 successoribus

2129 4730 2394 4786 Dominus
2420 4730 2604 4785 dicere
2627 4729 2887 4800 dignatus
2909 4729 2981 4784 sit
3011 4747 3023 4783 :
3049 4726 3155 4794 Qui
3194 4745 3283 4784 vos
3311 4728 3486 4793 audit,
3514 4744 3605 4783 me
3624 4744 3721 4782 au-

2127 4824 2244 4889 dit,
2279 4831 2328 4878 et
2358 4822 2449 4892 qui
2472 4838 2558 4876 vos
2600 4822 2820 4891 spernit,
2847 4837 2928 4875 me
2958 4820 3158 4890 spernit
3198 4819 3354 4890 (Luc.
3387 4819 3467 4887 Χ).
3500 4817 3719 4875 Scimus

2125 4914 2270 4969 enim
2300 4914 2561 4985 quoniam
2587 4911 2682 4982 qui
2715 4913 2924 4968 ﬁdelem
2952 4910 3441 4967 Deoobcdientiam
3456 4908 3719 4967 exhibere

2128 5024 2238 5065 non
2274 5005 2476 5073 renuit,
2505 5006 2560 5060 in
2612 5005 2698 5061 his
2727 5021 2852 5075 quae
2890 5013 3206 5060 sanctorum
3238 5001 3470 5058 Patrum
3512 5009 3715 5058 statuta

2130 5105 2420 5169 sequentes
2441 5097 2766 5160 dixerimus,
2789 5096 2957 5150 veluti
2990 5097 3037 5151 si
3067 5096 3137 5151 ab
3159 5110 3257 5149 ore
3281 5094 3458 5165 ipsius
3488 5093 3733 5165 apostoli

2132 5189 2446 5234 necauisset-
2476 5197 2662 5234 nostra
2693 5187 2899 5234 monita
2922 5202 3140 5234 servare
3173 5200 3283 5234 non
3325 5186 3556 5234 amr-nit-
3585 5185 3714 5234 Nam
