3982 5316
195 345 317 403 ιιι

1295 348 1497 406 LIBER
1535 350 1853 411 'I‘ERTlUS.
1893 385 1967 397 —-
2001 354 2219 412 EPIST.
2256 355 2347 413 XI.

3361 344 3470 419 tt:

195 460 619 518 fundamentum
654 461 908 519 Christus
936 471 1041 530 est,
1074 463 1164 519 cui
1199 465 1351 521 omni
1381 466 1731 522 veneratione
1753 484 1784 521 a
1816 469 1858 525 Α
1888 466 2186 523 riculosum
2233 469 2439 540 cogites
2462 509 2476 536 ,
2534 477 2588 524 ct
2626 468 3251 569 libertatem‘Ecclesite,
3302 489 3475 569 quamk

196 552 452 609 ﬁlius
504 552 840 623 βαθυμιιή
881 554 936 608 in
978 555 1345 611 ministerium
1377 557 1781 626 puedicationis

190 646 911 716 electisnnt,~suscipieuda
946 655 1001 702 et
1044 648 1273 703 teucrida
1310 648 1400 705 sit.
1438 648 1778 720 Congregata

191 752 438 809 umqum
466 738 575 794 hoc
619 738 678 792 in
725 754 873 794 anno
892 739 1037 809 apud
1068 739 1253 795 sedem
1289 740 1645 809 apostolicam
1690 757 1781 812 sy-

188 831 363 896 nodo,
388 831 479 886 cui
510 846 619 887 nos
644 846 882 902 superna
912 831 1246 903 dispensatio
1273 832 1563 903 praesidere
1586 833 1777 900 voluit,

188 919 291 974 cui
306 920 469 976 etiam
496 920 751 976 nonnulli
777 927 994 977 tuorum
1020 920 1231 977 iufuere
1250 908 1512 988 ﬁdelium,
1535 921 1779 979 videntes

188 1010 441 1067 ordinem
465 1010 798 1068 Christiana:
826 1013 1105 1084 religionis
1129 1015 1317 1071 multis
1338 1014 1453 1085 jam
1486 1015 1779 1071 labefacta-

188 1110 315 1156 ιι.
343 1102 703 1173 temporibus,
734 1113 790 1158 et
812 1104 1141 1175 principales
1169 1121 1235 1162 ac
1279 1108 1532 1177 proprias
1554 1108 1776 1162 lucran-

184 1192 386 1249 dnrum
405 1193 721 1251 animarum
747 1210 943 1253 causas
964 1196 1057 1253 diu
1095 1197 1399 1270 prolapsas,
1428 1208 1482 1254 et
1516 1200 1778 1255 suadente

183 1282 407 1340 diabolo
438 1286 816 1352 concideatas,
842 1289 1095 1345 concussi
1132 1290 1376 1360 periculo
1403 1300 1458 1347 et
1488 1292 1777 1349 manifesta

182 1375 494 1446 perditione
519 1376 796 1435 Dominici
836 1381 1047 1452 gregis,
1083 1382 1149 1437 ad
1201 1392 1517 1439 sanctorum
1552 1384 1774 1440 Patrum

181 1466 403 1523 decreta
430 1467 853 1541 doctrinamque
884 1473 1244 1540 recurrimus,
1282 1475 1420 1530 nihil
1454 1476 1602 1544 novi,
1640 1476 1775 1531 nihil

183 1556 573 1615 adinventione
597 1568 790 1616 nostra
814 1569 1136 1632 statuentes,
1176 1565 1267 1621 sed
1310 1565 1543 1635 primam
1573 1574 1629 1621 et
1654 1567 1775 1622 uni-

180 1663 309 1708 cam
330 1650 722 1709 ecclesiastica:
745 1653 1047 1725 disciplinae
1072 1658 1338 1728 regulam,
1362 1668 1416 1714 et
1438 1660 1622 1715 tritam
1648 1676 1774 1716 san-

182 1749 397 1797 ctornm
420 1741 571 1798 viam
596 1745 786 1813 relicto
807 1762 994 1803 errore
1017 1751 1363 1820 repetendam
1387 1760 1441 1808 et
1460 1753 1772 1809 sectandam

180 1846 305 1887 esse
328 1835 671 1891 censuimus.
711 1835 897 1909 Neque
930 1840 1078 1897 enim
1124 1842 1293 1898 alium
1339 1854 1542 1901 nostra:
1582 1847 1773 1903 salutis
1809 1837 1850 1891 Β

179 1930 238 1978 et
257 1933 474 1982 aeternae
505 1928 635 1984 vitae
664 1929 950 1987 introitum
984 1933 1190 1991 Christi
1232 1937 1427 1994 ovibus
1473 1953 1774 2011 eorumque

180 2014 494 2081 pastoribus
524 2027 715 2087 patere
761 2023 1173 2094 cognoscimus,
1210 2026 1316 2081 nisi
1344 2044 1508 2100 quem
1555 2029 1624 2085 ab
1652 2029 1772 2100 ipso

180 2114 543 2163 monstratum
591 2111 688 2181 qui
723 2110 899 2169 dixit:
938 2114 1052 2186 Ego
1087 2134 1204 2171 sum
1226 2120 1463 2185 ostium;
1490 2138 1584 2192 per
1610 2138 1691 2178 me
1724 2125 1771 2178 si

178 2200 291 2267 quis
313 2200 605 2271 introierit,
629 2205 943 2277 mirabitur,
956 2218 1004 2264 et
1018 2228 1218 2282 pascua
1236 2213 1459 2269 inveniet
1480 2214 1662 2287 (Joan.
1678 2216 1736 2288 Χ)
1754 2237 1766 2273 :

177 2300 233 2345 et
271 2292 340 2348 ab
370 2296 644 2365 apostolis
693 2301 1070 2369 praedicatum,
1107 2312 1160 2360 et
1190 2321 1222 2361 a
1259 2307 1464 2363 sanctis
1512 2307 1769 2365 Patribus

174 2383 527 2447 Vobservatum
575 2390 633 2445 in
675 2394 990 2464 evangelica
1035 2405 1090 2451 et
1144 2397 1198 2453 in
1255 2400 1406 2455 omni
1455 2400 1765 2459 divinarum

179 2473 590 2548 Scripturarum
622 2485 821 2556 pagina
844 2486 1156 2546 didicimus.

242 2571 413 2646 Hujus
438 2585 627 2631 autem
651 2576 874 2645 decreti,
902 2581 1047 2652 quod
1071 2582 1294 2653 quidam
1327 2586 1536 2655 dicunt,
1571 2590 1766 2643 huma—

176 2676 270 2720 nos
318 2665 527 2722 divinis
590 2668 897 2727 honoribus
956 2685 1362 2746 praeponentes,
1421 2678 1765 2750 importabile

175 2758 403 2827 pondus,
460 2769 518 2817 et
554 2761 884 2820 immensam
928 2768 1363 2840 gravitudinem;
1418 2788 1521 2829 nos
1578 2782 1762 2831 autem
1824 2801 1830 2806 -

174 2850 341 2923 magis
384 2854 615 2925 proprio
655 2857 956 2927 vocabulo,
1001 2865 1388 2934 recuperanda:
1431 2866 1759 2923 salutisne-

173 2943 465 3001 cessariam
502 2949 791 3006 veritatem
820 2968 1082 3011 vocamus
1115 2965 1170 3012 et
1199 2957 1398 3026 lucem,
1446 2974 1554 3014 non
1581 2960 1760 3016 solum

173 3051 205 3089 a
224 3044 292 3105 te,
318 3039 409 3094 vel
441 3040 515 3095 ab
536 3041 624 3097 his
645 3044 742 3114 qui
772 3045 826 3100 in
869 3063 1039 3119 regno
1063 3057 1157 3106 tuo
1183 3059 1339 3118 sunt,
1365 3051 1459 3107 sed
1490 3052 1560 3107 ab
1581 3051 1761 3106 omni-
1798 3118 1803 3123 _

173 3128 267 3184 bus
297 3139 578 3190 terrarum
613 3137 955 3210 principibus
997 3150 1051 3196 ct
1091 3145 1307 3214 populis
1347 3145 1441 3217 qui
1476 3143 1756 3200 Christum

171 3223 501 3283 confitentur
523 3237 578 3283 et
603 3231 813 3299 colunt,
844 3233 1036 3290 devote
1062 3238 1469 3308 suscipiendam
1493 3246 1547 3294 et
1570 3239 1758 3295 obser-

170 3317 402 3373 vandam
428 3319 834 3390 adjudieamus.
864 3323 1187 3398 Quanquam
1215 3330 1321 3385 hoc
1354 3333 1587 3386 multum
1616 3330 1762 3387 desi-

170 3408 425 3468 deremus
459 3423 513 3469 ct
547 3422 600 3470 te
624 3419 968 3488 permaxime
995 3421 1242 3490 deceret,
1292 3432 1353 3479 ut
1384 3425 1524 3479 sicut
1548 3423 1761 3481 caeteris

169 3501 359 3570 gloria,
384 3505 598 3563 honore
639 3510 953 3584 virtuteque
994 3516 1287 3586 potentior,
1325 3517 1400 3572 ita
1442 3533 1593 3574 esses
1621 3526 1675 3573 ct
1705 3519 1759 3574 in

168 3591 369 3652 Christi
399 3597 688 3658 devotione
717 3605 1026 3662 sublimior.
1053 3610 1306 3665 Attamen
1333 3628 1401 3665 ne
1442 3611 1557 3667 haec
1593 3628 1757 3683 supra

141 3687 389 3760 .modum
416 3690 516 3746 tibi
546 3696 731 3764 gravia
765 3708 861 3754 aut
894 3699 1081 3772 iniqua
1127 3702 1462 3769 viderentur,
1508 3720 1603 3774 per
1632 3711 1760 3762 tuos
1855 3750 1860 3756 -

168 3778 352 3837 ﬁdeles
404 3783 505 3840 tibi
538 3791 924 3849 mandavimus
983 3809 1053 3850 ne
1098 3812 1279 3867 pravae
1342 3801 1759 3878 consuetudinis
1802 3838 1807 3845 -

166 3873 398 3931 mutatio
448 3886 502 3933 te
545 3894 937 3952 commoveret,
969 3887 1217 3944 mitteres
1265 3891 1333 3946 ad
1356 3874 1457 3948 nos
1495 3910 1636 3965 quos
1668 3912 1758 3950 sa-

164 3964 373 4033 pientes
398 3979 457 4026 et
498 3973 786 4046 religiosos
834 3977 889 4033 in
923 3995 1089 4050 regno
1127 3990 1221 4037 tuo
1244 3982 1489 4042 invenire
1512 3964 1757 4058 posses;

163 4061 252 4130 qui
282 4063 332 4118 si
365 4065 553 4136 aliqua
584 4069 798 4125 ratione
828 4071 1209 4131 demonstrare
1241 4079 1327 4133 vel
1353 4088 1601 4135 astruere
1630 4097 1756 4152 pos-

164 4164 298 4223 sent,
328 4157 386 4213 in
413 4175 527 4230 quo
554 4162 708 4218 salvo
742 4163 938 4221 aeterni
964 4165 1128 4238 Regis
1157 4169 1389 4237 honore,
1412 4179 1469 4226 et
1498 4171 1618 4228 sine
1658 4188 1755 4243 pe-

160 4247 330 4306 riculo
342 4252 655 4323 animarum
684 4265 1000 4315 nostrarum
1022 4263 1423 4335 promulgatam
1439 4273 1755 4320 sanctorum

160 4335 378 4401 Patrum
388 4360 680 4414 possemus
692 4356 996 4421 temperare
1009 4354 1357 4422 sententiam,
1368 4369 1561 4411 eorum
1573 4357 1758 4433 censi-

160 4430 242 4489 liis
260 4437 854 4498 eondesceuderemus.
868 4442 1025 4511 Quod
1041 4447 1263 4517 quidem
1281 4448 1385 4506 etsi
1408 4465 1442 4506 a
1463 4449 1624 4507 nobis
1642 4430 1754 4507 tam

1883 574 2146 629 sponsam
2194 560 2299 615 sibi
2347 560 2559 617 ccelcsti
2609 560 2889 618 consortio
2937 552 3179 635 iungere
3214 552 3468 638 dignatus

1881 658 1986 718 cst,
2022 667 2131 707 non
2173 652 2288 725 jam
2343 662 2433 709 tua
2468 655 2828 726 occupatione
2876 655 3159 727 impedias,
3210 658 3305 713 scd
3357 672 3469 730 quo

1881 744 2119 800 maxime
2162 754 2374 802 crescat
2397 745 2509 803 Deo
2538 748 2898 819 omnipotenti
2927 758 2981 804 et
3018 749 3176 805 beato
3208 750 3387 819 Petro,
3435 748 3467 808 a

1880 837 2082 908 quibus
2107 845 2162 893 et
2184 846 2275 894 tua
2314 848 2589 895 mereatur
2615 841 2935 913 ampliﬁcari
2972 844 3165 914 gloria,
3203 832 3473 900 auxilium}

1883 937 1991 986 tum
2011 930 2232 988 virtutis
2257 932 2400 988 fideli
2432 933 2722 991 devotione
2752 926 3010 1007 exhibere
3032 936 3281 1008 incipias.
3309 928 3473 1006 Quod

1881 1022 2164 1090 nimirum,
2197 1040 2298 1096 pro
2323 1026 2520 1081 collata
2548 1026 2646 1082 tibi
2672 1042 2739 1084 ex
2774 1028 3027 1085 hostibus
3057 1028 3167 1085 tuis
3205 1031 3432 1086 victoria
3449 1016 3469 1096 ,ί

1880 1131 2028 1173 nunc
2060 1126 2115 1173 te
2148 1119 2485 1187 permaximc
2535 1121 2644 1176 illis
2678 1122 2922 1178 debitum
2972 1123 3091 1180 fore
3136 1106 3471 1201 cognoscere

1878 1208 2065 1277 debes,
2091 1219 2150 1265 ut
2175 1210 2308 1266 dum
2334 1220 2385 1267 te
2415 1214 2756 1269 memorabili
2779 1217 3141 1286 prosperitate
3165 1198 3471 1285 lanificam,

1878 1316 1945 1359 ex
1989 1303 2268 1359 concessis
2308 1303 2587 1361 beneﬁciis
2631 1305 2976 1361 devotionem
3021 1296 3256 1361 videant.
3290 1308 3472 1383 Atque;

1880 1395 1984 1451 hoc
2004 1404 2064 1451 ut
2098 1395 2263 1452 timor
2290 1396 2421 1467 Dei,
2450 1400 2506 1454 in
2539 1401 2699 1473 cujus
2725 1417 2891 1458 manu
2922 1413 2975 1458 ct
3004 1411 3274 1472 potestate
3304 1396 3471 1485 omne

1879 1503 2109 1559 regnum
2166 1499 2250 1545 est
2297 1500 2352 1547 et
2401 1493 2692 1564 imperium
2721 1537 2737 1561 ,
2784 1494 3102 1566 prmeordiis
3149 1496 3260 1552 tuis
3302 1486 3477 1573 altius.

1878 1596 2044 1651 quam
2103 1592 2295 1640 nostra
2346 1585 2653 1641 admonitio
2695 1588 2915 1660 inﬁgat,
2952 1588 3008 1643 in
3046 1597 3227 1645 mente
3263 1588 3475 1663 habeas,

1877 1675 2008 1745 quid
2047 1676 2197 1731 Sauli
2239 1688 2362 1749 post
2382 1680 2633 1751 adeptam
2684 1682 2999 1750 victoriam,
3041 1698 3148 1753 qua
3203 1668 3475 1755 propheta

1873 1768 2102 1837 jubente
2158 1787 2294 1827 usus
2344 1781 2457 1839 est,
2509 1774 2577 1833 de
2638 1790 2740 1830 suo
2780 1775 3060 1846 triumpho
3103 1762 3385 1851 glorianti,
3412 1760 3475 1855 et

1875 1860 2124 1931 ejusdem
2154 1865 2432 1947 propheta:
2456 1866 2661 1921 monita
2687 1882 2794 1920 non
2830 1866 3151 1937 exsequenti
3173 1854 3477 1947 acciderit;

1875 1962 1928 2008 ct
1981 1956 2217 2025 qualiter
2264 1972 2297 2012 a
2331 1939 2564 2013 Domino
2589 1960 2914 2029 reprobatus
2944 1959 3042 2026 sit;
3094 1939 3301 2028 quanta
3334 1940 3473 2027 vero".

1874 2049 2048 2120 gratia
2088 2047 2259 2106 David
2292 2066 2475 2125 regem
2503 2068 2569 2107 ex
2601 2052 2798 2107 merito
2821 2039 3147 2121 humilitatis
3172 2050 3316 2105 inter
3346 2042 3474 2137 vir-'J

1874 2148 2052 2196 tutum
2109 2143 2347 2215 insignia
2397 2145 2692 2201 subsecuta
2733 2145 2852 2202 fuit.
2892 2144 3140 2219 Denique
3173 2159 3339 2217 super
3373 2141 3462 2199 his

1872 2249 1996 2304 qua:
2033 2232 2086 2288 in
2114 2234 2360 2305 epistolis
2385 2229 2494 2307 tuis
2518 2238 2631 2293 visa
2648 2254 2713 2293 ac
2745 2238 2961 2313 cognita
2996 2237 3320 2315 reticenius,
3352 2251 3477 2317 non,

1870 2334 2030 2381 antea
2058 2326 2155 2383 tibi
2179 2337 2326 2384 certa
2356 2345 2622 2403 responsa
2657 2331 2943 2399 dabimus,
2980 2330 3156 2385 donec
3183 2328 3344 2400 legati
3382 2330 3461 2407 lui

1871 2418 2118 2476 Rabbodi
2171 2421 2473 2494 Adelprecb
2520 2418 2901 2500 [Adclprecus]
2934 2432 2989 2480 et
3032 2420 3298 2478 Vodescal
3329 2419 3419 2509 Rei

1868 2529 2009 2583 quos
2058 2513 2479 2587 [Vodescalcus,
2519 2518 2685 2593 quos]
2712 2520 2799 2576 his
2829 2516 3206 2591 adjuuximuS.
3244 2508 3475 2601 adﬁci

1868 2607 2100 2674 reversi,
2149 2624 2314 2679 super
2353 2610 2441 2668 his
2477 2628 2602 2682 qua:
2641 2612 2751 2666 illis
2772 2622 2953 2669 tecum
2990 2608 3199 2682 agenda
3231 2608 3451 2683 comm},

1867 2699 2043 2771 simus
2068 2710 2222 2756 tuam
2255 2702 2412 2759 nobis
2438 2705 2654 2775 plenius
2682 2705 2932 2775 aperiant
2952 2694 3311 2758 voluntatem.

1936 2790 2069 2848 Data
2082 2791 2288 2863 Romae,
2312 2805 2466 2852 sexto
2487 2796 2614 2853 ldus
2633 2796 2902 2865 Januarii,
2927 2794 3224 2851 indictione
3246 2791 3456 2851 decima

1866 2892 2088 2954 quarta.
2917 2900 2921 2909 '
3353 2882 3356 2885 ’
3404 2878 3405 2881 “

2416 2979 2758 3037 EPISTULA
2790 2981 2881 3036 XI.

2063 3086 2131 3124 AD
2175 3087 2458 3128 ARNALDUI
2492 3090 2783 3130 εριεεοῐιωι
2828 3088 3260 3132 ACIIERL’XTINUI.

2450 3167 2633 3238 (Anno
2667 3167 2854 3238 1075.)

1866 3250 2195 3341 Potestatem
2224 3257 2357 3328 facit
2391 3276 2425 3313 a
2464 3261 2692 3341 peccatis
2712 3258 3022 3341 absolvendi
3053 3256 3332 3329 Rogerium
3366 3270 3455 3308 co-

1937 3325 2116 3379 mitem
2140 3325 2254 3402 gnitu
2281 3346 2402 3384 cum
2424 3325 2539 3402 ejus
2561 3330 2822 3389 militibus
2852 3340 3039 3389 contra
3066 3325 3313 3402 ptigit!!!”
3342 3332 3479 3397 .Pu"

1932 3400 2211 3473 gnaturis,
2250 3402 2298 3455 si
2336 3396 2510 3457 tamen
2550 3403 2915 3473 paenitentiam
2939 3396 3166 3473 egerint;
3190 3396 3368 3473 Monet
3395 3406 3453 3450 ut

1932 3465 2335 3545 W‘feligionem
2368 3473 2506 3528 inter
2524 3465 2757 3545 paganos
2778 3465 3220 3545 propugnantium
3245 3467 3452 3523 eosdem

1931 3536 2414 3597 incitetIParatum
2437 3560 2491 3599 se
2513 3536 2741 3599 ostEndit
2766 3536 3049 3599 Robertimt
3069 3542 3132 3595 ab
3159 3548 3456 3609 excommu-

1902 3644 1903 3647 η
1929 3609 2196 3691 uicatione
2222 3614 2520 3691 absolvere,
2546 3617 2593 3671 si
2609 3616 2854 3691 deuotum
2873 3631 3000 3691 ergo
3023 3604 3452 3691 Bpmgnqznlﬁ-C...

1932 3678 2158 3765 etesiant
2172 3701 2227 3739 se
2256 3678 2565 3742 ostenderit.
2598 3686 2912 3765 Injungitut
2935 3678 3457 3765 Batduinodlelphii-

1932 3757 2056 3805 tano
2076 3756 2315 3829 episcopo
2338 3767 2454 3828 post
2488 3747 2755 3828 peractam
2767 3747 3129 3829 immitentiam
3157 3747 3455 3825 episcopale

1931 3836 2122 3879 manus
2149 3826 2356 3882 reddat.
2489 3826 2498 3828 ἡ
2768 3826 2777 3829 ⁷
3194 3838 3197 3841 ’
3410 3834 3415 3840 ’

1936 3912 2246 3975 ϐπςοιιιιυε
2274 3921 2596 3991 episcopus,
2628 3934 2822 3978 servus
2844 3934 3129 3978 servorum
3168 3917 3297 3984 Dei,
3332 3914 3483 4003 ‘An-d

1858 4025 2030 4066 Μωο
2088 4010 2243 4067 fratri
2288 4025 2343 4069 et
2391 4016 2713 4086 coepiscopo
2754 4016 3166 4081 Aeneae-srmo,
3194 4006 3484 4095 salutem,"

1857 4110 1912 4155 et
1944 4104 2297 4173 apostolicam
2329 4105 2786 4161 benedictionem.
3420 4178 3421 4181 η
3455 4103 3464 4113 '—

1929 4194 2153 4249 Noverit
2200 4193 2517 4251 fraternitas
2560 4208 2652 4250 tua
2684 4196 2948 4266 quoniam
2988 4193 3257 4265 Roget-ius
3295 4182 3482 4260 (585)"

1858 4302 2071 4352 eomes,
2120 4283 2291 4340 frater
2340 4283 2566 4341 Roberti
2597 4285 2783 4352 ducis,
2829 4285 3144 4355 apostolicae
3174 4280 3449 4351 scdisbe-

1857 4379 2223 4435 nedietionem
2273 4386 2328 4433 et
2375 4378 2774 4434 absolutionem
2799 4366 3331 4448 requirit,“cjusque'
3376 4374 3449 4426 ti—

1858 4473 1964 4528 lius
1997 4470 2184 4527 vocari
2226 4478 2282 4526 et
2313 4485 2439 4527 esse
2464 4470 2756 4526 desiderat.
2804 4467 3148 4540 Quapmptcr
3181 4460 3444 4547 pastorali
3479 4460 3485 4482 ’

160 4527 517 4585 amicabiliter
541 4532 912 4591 monitusuon
929 4535 1150 4607 fuisses,
1171 4556 1390 4613 aequum
1419 4550 1600 4599 tamen
1633 4542 1753 4601 fue-
1785 4527 1985 4620 Β-οιιιέτι
2040 4564 2147 4618 hoc
2196 4563 2404 4618 laboris
2450 4572 2590 4618 onus
2639 4563 2737 4617 tibi
2798 4527 3163 4633 impdnimus,
3214 4556 3325 4613 imo
3375 4544 3457 4611 ei
3482 4626 3493 4639 ἲ,

160 4628 253 4688 rat,
277 4630 335 4677 ut
347 4623 576 4695 priusin
596 4642 708 4697 quo
726 4634 780 4682 te
793 4644 1164 4701 gravaremus,
1187 4644 1283 4690 aut
1306 4637 1413 4693 tuis
1446 4637 1750 4696 honoribus

159 4711 521 4784 obstaremus,
534 4718 940 4779 rationabiliter
951 4739 982 4778 a
996 4726 1156 4783 nobis
1174 4727 1419 4800 exigeres
1436 4745 1601 4801 quam
1612 4747 1749 4803 apo-

159 4808 339 4866 stolica
367 4810 595 4867 decreta
641 4813 896 4872 violares.
932 4816 1135 4876 Verum
1177 4823 1369 4892 quanti
1416 4831 1514 4879 aut
1559 4834 1745 4883 nostra

160 4902 355 4958 monita
380 4912 480 4959 aut
504 4906 915 4965 observantiam
940 4912 1168 4983 jnstitia:
1190 4914 1405 4984 feceris,
1432 4917 1488 4985 in
1512 4918 1600 4976 his
1624 4936 1747 4991 qua:

158 4997 501 5059 postmodum
526 5014 560 5053 a
592 5008 646 5053 te
675 5009 829 5071 gesta
854 5011 911 5058 et
949 5003 1219 5074 disposita
1252 5017 1382 5063 sunt
1412 5010 1740 5070 declaratur.

160 5084 258 5140 Sed
280 5089 408 5158 quia
444 5090 581 5146 dum
610 5092 794 5150 adhuc
842 5095 1007 5166 longa
1039 5096 1135 5152 Dei
1170 5102 1430 5169 patientia
1465 5104 1533 5159 ad
1559 5121 1745 5162 emen-

156 5175 426 5236 dationem
473 5190 530 5239 te
566 5183 784 5251 invitat,
819 5197 1102 5245 crescente
1145 5192 1505 5268 intelligentia
1540 5207 1633 5255 tua
1676 5203 1743 5257 ad

156 5268 517 5314 θὴριὶίρησίαω
547 5277 933 5314 mandato-nm
964 5280 1056 5314 nn:
1094 5300 1190 5314 an-
1223 5298 1274 5314 ι..
1312 5291 1551 5314 -..ε....--...
1589 5302 1671 5314 .4,

1312 5306 1551 5314 Α..-“Α---..

1849 4664 2003 4728 parte
2049 4655 2194 4711 beati
2250 4655 2399 4712 Petri
2441 4655 2779 4725 imperamus
2803 4696 2818 4720 ,
2866 4660 2927 4709 ut
2964 4649 3265 4723 postposita
3291 4646 3443 4703 omni

1848 4751 2086 4822 torporis
2131 4751 2342 4806 desidia
2393 4750 2546 4806 illum
2580 4749 2776 4816 adeas,
2812 4763 3052 4818 eumque
3077 4747 3246 4818 hujus
3268 4737 3489 4800 uestri"-

1845 4844 2125 4915 praecepti
2149 4843 2478 4900 auctoritate
2522 4842 2694 4899 mltos
2718 4886 2732 4911 ,
2768 4840 2817 4897 si
2840 4840 3000 4897 nobis
3029 4855 3225 4911 parere
3249 4882 3264 4907 ,
3299 4831 3498 4928 sicuti

1844 4937 2125 5008 pollicitus
2164 4946 2279 5004 est,
2312 4936 2577 5002 voluerit,
2617 4944 2675 4991 et
2704 4933 3083 5007 paenitentiam
3113 4932 3198 5005 (ut
3230 4932 3489 5005 oportct"

1844 5030 2250 5102 Christianum)
2300 5031 2504 5101 egerit,
2550 5029 2620 5083 ab
2660 5028 2811 5084 omni
2832 5035 3184 5098 peccatorum
3213 5035 3445 5113 suorum
3483 5046 3499 5113 ’λ

1844 5122 2094 5188 vinculo,
2144 5129 2261 5178 tam
2315 5121 2469 5178 illum
2534 5134 2704 5191 quam
2738 5121 2903 5176 etiam
2936 5135 3072 5177 suos
3100 5120 3315 5178 milites
3348 5111 3448 5185 qui
3484 5111 3495 5129 ³

1846 5232 1969 5273 tum
2015 5230 2082 5269 eo
2126 5224 2316 5270 contra
2357 5228 2601 5286 paganos
2640 5216 2740 5287 (ita
2772 5218 2950 5271 tamen
2970 5222 3032 5269 ut
3067 5225 3234 5285 agant
3263 5205 3451 5285 poeni;
