3982 5316
512 199 620 256 M3

1159 193 1218 251 S.
1255 187 1585 251 GREGORII
1622 184 1719 244 VII
1753 183 1957 244 PAPIE
1994 180 2278 243 OPERUM
2314 181 2495 240 PARS
2531 181 2573 239 l.
2613 174 3141 238 -'REGISTRUM.

3690 169 3819 231 ω

511 314 757 387 pliticare
801 311 1051 381 studeat,
1095 317 1156 365 ut
1186 309 1255 365 de
1282 280 1489 363 eisdem
1526 303 1781 361 hostibus
1809 302 2098 358 victoriam
2201 289 2480 385 condoluit
2501 339 2517 365 ,
2571 297 2648 352 ita
2692 295 2762 352 de
2816 288 3193 351 satisfactione
3222 288 3472 346 laetetur.
3519 286 3815 344 Volumus

514 381 778 479 consequi
828 413 1125 462 mereatur.
1176 398 1426 471 Amplius
1469 399 1517 454 si
1565 398 1634 453 de
1679 395 1920 451 Roberto
1964 381 2141 449 duce'

516 500 683 556 fratre
714 515 815 556 suo
841 496 1048 568 aliquid
1080 494 1179 551 tibi
1214 493 1494 560 retulerit,
1524 489 1858 561 respondeas
1886 486 1937 541 ei
1959 499 2103 556 quo-

515 595 663 649 niam
712 591 974 647 Romanae
1008 587 1265 643 Ecclesia:
1303 587 1472 657 janua
1508 580 1901 640 misericordia:
1924 576 2106 633 omni-

516 687 621 741 bus
690 692 870 755 patet,
934 682 1249 752 quicunque
1327 675 1664 749 pce‘nitenti‘ae
1717 686 1904 728 amore
1953 667 2104 724 ducti

515 777 831 834 offensionis
891 774 1148 831 scandala
1190 773 1454 829 deserunt
1478 817 1492 842 ,
1540 781 1596 828 et
1649 767 1717 823 ad
1762 759 2108 819 rectitudinis

514 871 659 925 viam
690 869 958 923 inoffenso
985 866 1123 938 pede
1152 856 1365 934 regredi
1397 860 1813 931 concupiscunt.
1854 853 1919 908 Si
1939 851 2106 924 igitur

515 963 624 1018 dux
657 948 930 1017 Robertus
955 950 1160 1016 sancta).
1184 957 1447 1013 Romana:
1473 952 1752 1018 Ecclesiae,
1781 949 1923 1005 sicut
1937 944 2102 1008 ﬁlius,

514 1070 708 1126 parere
757 1062 1007 1125 exoptat,
1052 1062 1280 1125 paratus
1325 1066 1450 1108 sum
1490 1055 1719 1120 paterno
1759 1055 1947 1098 amore
1972 1051 2102 1093 eum

516 1147 826 1219 suscipere,
861 1156 917 1202 et
948 1163 1049 1202 suo
1090 1144 1322 1201 consilio
1351 1143 1402 1199 ei
1441 1139 1710 1213 justitiam
1744 1143 2101 1195 conservare,

515 1248 570 1294 et
596 1240 666 1294 ab
691 1236 1277 1294 excommunicationis
1311 1233 1530 1290 vinculo
1553 1230 1771 1301 penitus
1792 1222 2102 1286 absolvere,

516 1341 572 1388 et
598 1332 740 1387 inter
781 1316 1149 1403 divinasoves
1171 1322 1710 1403 eum’adnumerare.
1744 1318 1902 1388 Quod
1935 1316 1983 1371 si
2012 1326 2104 1367 re-

518 1427 706 1481 nuerit
748 1425 893 1481 idem
946 1424 1222 1481 Robertus
1249 1424 1390 1489 dux,
1429 1402 1491 1478 ut
1523 1435 1650 1476 cum
1685 1433 1750 1473 eo
1775 1416 1921 1472 ultra
1951 1429 2104 1469 com-

517 1519 763 1576 municet
810 1534 877 1574 ex
937 1527 1092 1589 parte
1142 1517 1455 1589 apostolicae
1494 1515 1640 1572 sedis
1676 1510 1951 1568 licentiam
1994 1521 2105 1562 non

516 1610 714 1679 poterit
740 1610 1050 1681 impetrare.
1080 1609 1194 1666 Hoc
1232 1611 1397 1666 etiam
1429 1618 1538 1665 tua:
1566 1602 1895 1663 fraternitati
1922 1601 2108 1672 injun-

517 1698 699 1771 gimus
726 1710 786 1756 ut
811 1701 1074 1758 confratri
1105 1711 1291 1759 nostro
1320 1702 1588 1758 Balduino
1606 1690 1944 1771 'Melphitano
1996 1698 2108 1771 epi-

517 1808 703 1865 scopo,
729 1794 824 1864 qui
846 1796 1243 1851 correctionem
1266 1794 1590 1850 universalis
1606 1788 1796 1851 matris
1822 1793 2108 1850 humiliter

516 1893 572 1940 et
625 1885 832 1942 audivit
871 1896 926 1943 et
974 1887 1313 1955 observavit,
1361 1886 1505 1944 sicut
1534 1902 1565 1941 a
1602 1885 1867 1943 fratribus
1899 1885 2106 1943 nostris

518 1978 831 2049 accepimus
856 2023 871 2048 ,
923 1979 1167 2035 officium
1198 1978 1507 2051 episcopale
1543 1978 1711 2049 hujus
1755 1978 1930 2033 nostri
1960 1993 2105 2050 prae-

521 2066 664 2134 cepti
719 2065 893 2123 fultus
934 2068 1285 2143 auctoritate,
1320 2083 1387 2122 ex
1421 2076 1575 2137 parte
1601 2067 1745 2122 beati
1777 2065 1957 2134 Petri,
1982 2075 2107 2138 post

522 2158 901 2226 pmnitentiam
931 2158 1114 2213 datam
1143 2158 1210 2213 de
1230 2158 1503 2229 aliquibus
1535 2158 1883 2227 excessibus,
1908 2158 2106 2214 reddas

522 2257 579 2303 et
626 2250 769 2305 sicut
803 2266 904 2321 ego
937 2266 1038 2324 pro
1079 2251 1172 2306 illo
1195 2241 1387 2334 preces
1420 2250 1713 2307 confratris
1760 2251 1938 2307 nostri
1980 2250 2105 2308 Ste-

520 2343 688 2415 phani
719 2342 942 2416 Trojani
977 2345 1161 2401 audivi
1190 2346 1462 2417 episcopi,
1488 2344 1561 2400 ita
1592 2344 1708 2416 ipse
1732 2344 1886 2400 illum
1909 2346 1978 2402 de
2005 2364 2106 2404 sua

519 2436 697 2493 salute
737 2437 912 2493 nostri
962 2453 1029 2493 ex
1066 2446 1223 2509 parte
1272 2439 1517 2495 monitus
1568 2427 1761 2495 audire
1807 2451 2104 2511 procuret,

522 2545 789 2602 suamque
817 2530 988 2587 vitam
1016 2524 1238 2604 semper
1268 2533 1323 2589 in
1360 2534 1556 2590 melius
1580 2576 1596 2603 ,
1632 2530 1746 2590 Deo
1769 2533 2062 2605 adiuvante
2088 2562 2105 2605 ,-

526 2621 811 2692 perducat.

592 2711 727 2767 Data
765 2712 982 2784 Romae,
1009 2714 1253 2772 secundo
1286 2714 1415 2774 Idus
1440 2717 1653 2789 Martii,
1680 2718 1978 2776 indictione
2006 2718 2107 2775 de-

523 2803 665 2860 cima
710 2805 927 2862 cuarta.
1094 2834 1101 2841 -

1068 2878 1407 2937 EPISTOLA
1434 2880 1551 2937 XII.

2202 380 2367 447 etiam
2389 397 2451 445 ut
2467 390 2588 445 vice
2609 396 2798 444 nostra
2819 386 3121 458 Pipponem
3135 382 3448 439 Tullensem
3470 382 3813 452 episcopum

2203 483 2544 540 admoneatis
2565 525 2580 550 ,
2616 490 2889 553 quatenus
2910 495 2974 535 ea
2993 493 3117 550 quae
3144 477 3249 533 sibi
3274 475 3619 547 injunximus
3637 472 3815 530 dein-

2203 591 2333 646 ceps
2384 575 2564 630 facere
2583 589 2697 629 non
2736 572 2975 629 omittat.
3019 571 3287 627 Decuerat
3322 569 3472 624 enim
3507 575 3572 622 ut
3604 566 3680 620 de
3702 564 3816 619 ob—

2141 746 2151 757 .
2200 669 2362 739 jectis
2391 667 2495 723 sibi
2534 667 2815 723 debuisset
2851 660 3182 736 respondere
3213 661 3390 734 magis
3410 676 3579 733 quam
3603 666 3812 714 contra

2204 760 2586 817 auctoritatem
2624 758 2889 831 principis
2928 757 3305 830 apostolorum
3328 754 3398 810 ad
3417 750 3813 809 defensionem

2205 853 2554 924 iniquitatum
2593 867 2820 908 suarum
2864 866 3018 906 arma
3064 849 3370 920 corripere,
3413 855 3581 918 atque
3613 846 3813 915 regem

2205 946 2500 1002 sollicitare
2523 945 2576 999 id
2605 952 2797 1001 contra
2820 935 2926 999 nos
2943 957 3277 1015 praesumere
3301 982 3316 1009 ,
3340 940 3489 1012 quod
3512 952 3813 1010 nunquam

2205 1040 2399 1107 licuit,
2423 1054 2605 1110 neque
2628 1081 2643 1105 ,
2674 1036 2788 1093 Deo
2812 1044 3109 1103 annuente,
3132 1034 3319 1090 licebit
3342 1035 3397 1088 in
3421 1034 3663 1105 aliquem
3688 1029 3813 1085 cle-

2206 1132 2447 1188 ricorum
2475 1130 2612 1187 fieri.
2640 1129 2747 1198 Qui
2769 1130 2816 1185 si
2838 1129 3004 1185 verba
3023 1127 3423 1183 exhortationis
3446 1132 3653 1180 nostra:
3676 1138 3815 1179 cm-

2206 1225 2490 1296 tcmpserit
2512 1267 2527 1292 ,
2570 1224 2895 1279 auctoritate
2936 1222 3081 1277 beati
3122 1220 3270 1277 Petri
3298 1236 3426 1276 eum
3471 1235 3503 1274 a
3544 1231 3812 1272 commu-

2206 1319 2370 1374 nione
2385 1317 2634 1389 corporis
2656 1325 2710 1372 et
2720 1315 3004 1388 sanguinis
3020 1313 3239 1370 Domini
3252 1312 3427 1369 nostri
3440 1311 3575 1368 Iesu
3594 1309 3812 1364 Christi

2207 1419 2523 1483 separatum
2570 1425 2694 1466 esse
2727 1408 2947 1466 sibimet
2981 1406 3274 1463 notificetis
3295 1412 3350 1460 et
3384 1419 3497 1460 non
3532 1403 3716 1459 solum
3753 1401 3810 1455 in

2207 1505 2424 1572 anima,
2459 1504 2554 1559 sed
2580 1503 2635 1558 in
2659 1517 2891 1573 corpore
2928 1501 3101 1572 ipsius
3123 1499 3387 1572 principis
3422 1496 3815 1569 apostolorum

2207 1596 2415 1653 ultione
2435 1595 2597 1669 digna
2626 1594 2745 1651 fore
2772 1593 3107 1666 puniendum
3131 1588 3309 1664 (586).

2742 1706 3084 1765 EPISTOLA
3123 1705 3271 1761 XIII.

2756 1819 2825 1859 Δυ
2864 1815 3219 1857 ιιοεειιλκοε.

2811 1893 2992 1966 (Anno
3016 1891 3197 1969 1076.)

2209 1999 2443 2071 Exponit
2477 1998 2830 2071 _setttentiam_
2856 1996 3025 2071 latum
3066 1996 3124 2051 in
3166 2011 3329 2071 σακία
3349 2010 3470 2071 qua
3501 1992 3823 2071 penetratur

2216 2086 2219 2087 '
2295 2065 2448 2126 inter
2467 2068 2768 2124 Ecctesiam
2789 2067 3133 2124 Rosellanam
3171 2074 3223 2120 et
3244 2065 3718 2135 Populoniensem.

2279 2164 2588 2219 GREGOBIUS
2618 2162 2909 2233 episcopus
2926 2203 2941 2228 ,
2965 2175 3158 2216 servus
3179 2173 3466 2215 servorum
3502 2155 3606 2231 De}
3624 2200 3639 2222 ,
3665 2156 3815 2211 clero

2208 2266 2263 2313 et
2307 2255 2509 2329 populo
2551 2253 2857 2313 Rosellanaz
2887 2252 3145 2310 Ecclesiae
3167 2294 3184 2321 ,
3219 2251 3457 2309 salutem
3491 2259 3552 2306 et
3587 2256 3817 2321 aposto—

2210 2349 2374 2405 licam
2396 2348 2858 2431 benedictionem.

2279 2441 2418 2510 Quia
2446 2440 2635 2497 officii
2668 2440 2843 2496 nostri
2888 2446 2975 2495 est
3007 2435 3288 2494 discordes
3334 2433 3403 2490 ad
3451 2432 3807 2490 concordiam

2208 2549 2468 2591 revocare
2487 2577 2502 2602 ,
2540 2532 2873 2590 discordiam
2905 2520 3046 2587 inter
3080 2529 3433 2586 Rusellanam
3473 2536 3529 2583 et
3570 2524 3808 2597 Populo-

2208 2628 2453 2683 niensem
2486 2625 2789 2683 Ecclesiam
2818 2624 3054 2698 graviter
3086 2631 3333 2678 exortam
3373 2620 3628 2692 diligenti
3676 2633 3808 2674 exa-

2208 2721 2508 2777 minatione
2555 2719 2942 2777 discussimus.
2987 2715 3230 2772 Tandem
3260 2723 3385 2787 post
3416 2715 3606 2769 varias
3628 2711 3806 2768 utrin-

2209 2802 2316 2884 que
2354 2814 2594 2885 prolatas
2637 2812 2879 2867 rationes
2925 2810 3122 2865 claruit
3159 2824 3269 2863 non
3304 2807 3480 2862 solum
3517 2822 3621 2877 per
3642 2803 3809 2877 privi-

2209 2904 2348 2980 legia
2396 2906 2708 2978 apostolica:
2749 2903 2925 2973 sedis,
2968 2918 3159 2958 verum
3189 2902 3353 2956 etiam
3397 2915 3496 2971 per
3528 2899 3808 2971 quoddam

521 2984 589 3023 an
636 2985 848 3028 UDONEI
868 3014 883 3039 ,
914 2988 1291 3081 rnsonoatcun
1313 2990 1767 3081 circumﬂuit
1801 2988 2102 3031 episcopos.
2134 3006 2177 3066 ο
2208 2997 2556 3055 diffluitionis
2601 2998 2867 3069 scriptum
2891 3039 2905 3064 ,
2928 2984 3222 3068 praesentia
3250 2992 3499 3048 Silvestri
3520 3009 3680 3064 papa:
3700 3036 3715 3059 ,
3756 3000 3809 3047 et

970 3070 1015 3091 ’λ
1092 3064 1273 3136 (Anno
1307 3065 1491 3137 1076.)
1568 3110 1573 3117 .

527 3148 798 3233 Manebat
822 3171 869 3233 ᾳ·
887 3154 1514 3233 schismaticis_caveant,
1539 3164 1588 3210 et
1617 3157 1757 3233 quod
1780 3173 1961 3212 eorum
1980 3173 2110 3233 suq—

597 3223 742 3299 sione
763 3223 1097 3299 deliquerunt
1126 3227 1416 3299 corrigunt;
1450 3235 1610 3299 atque
1630 3223 1939 3299 episcopum
1977 3226 2110 3283 Tul-

593 3291 916 3365 Icnsem,qtii
939 3304 1121 3350 contra
1147 3291 1322 3351 sedent
1362 3291 1708 3365 apostolicam
1750 3291 2111 3365 insurrexerat

598 3364 846 3446 moneant
889 3375 946 3419 ut
981 3368 1223 3446 ponti/fici
1270 3364 1512 3446 obediot;
1555 3369 1693 3446 quod
1723 3364 1986 3446 si’parere
2015 3385 2113 3424 no-

597 3431 790 3502 luerit,
829 3431 1341 3492 excommmiicatum
1376 3431 1531 3493 illum
1562 3431 1888 3495 denuntient.

598 3524 909 3585 Gnscomcs
940 3528 1262 3613 episcopus,
1286 3547 1480 3588 servus
1511 3522 1794 3588 servorum
1831 3533 1927 3590 Dei
1953 3576 1967 3601 ,
1999 3532 2112 3590 fra-

525 3620 701 3676 tribus
733 3630 788 3677 et
817 3623 1154 3694 coepiscopis
1175 3623 1348 3680 Unom
1391 3624 1733 3693 Trevirensi,
1766 3625 2110 3686 Tnsonontco

528 3712 879 3783 Virdu‘nensi,
907 3725 962 3770 et
989 3714 1305 3774 HERIIANNO
1330 3717 1588 3787 Metensi,
1614 3718 1846 3796 salutem
1884 3728 1940 3777 et
1985 3735 2113 3792 apo-

525 3806 775 3863 stolicam
809 3808 1264 3867 benedictionem.
1628 3840 1635 3851 ο

594 3898 828 3956 Litteras
867 3903 1182 3972 apostolicae
1235 3904 1384 3962 sedis
1430 3904 1555 3962 ideo
1598 3904 1753 3963 vobis
1798 3903 2111 3977 dirigendas

524 4008 645 4049 esse
688 3994 1033 4065 censuimus,
1080 3998 1211 4069 quia
1238 3999 1635 4073 schismaticis,
1659 3999 1757 4071 qui
1782 4007 1974 4056 contra
1998 3996 2110 4054 Do-

526 4087 738 4143 minum
791 4096 850 4144 et
904 4091 1290 4148 auctoritatem
1331 4101 1537 4149 sanctae
1563 4092 1827 4149 Romana:
1855 4091 2112 4149 Ecclesiae

525 4192 587 4236 se
623 4191 954 4252 erexerunt,
988 4196 1097 4241 non
1129 4194 1324 4257 sponte
1340 4201 1442 4243 vos
1467 4187 1816 4244 consensisse
1840 4187 2111 4243 intellexi-

2209 3093 2534 3149 clericorum
2571 3091 2946 3146 Romanorum
2968 3090 3177 3160 judicio
3198 3088 3584 3144 conﬁrmatum
3610 3129 3625 3153 ,
3649 3085 3811 3158 quid-

2208 3185 2341 3257 quid
2386 3184 2442 3240 in
2483 3174 2785 3256 quaestione
2825 3180 3003 3238 fuerat
3022 3181 3327 3237 Rosellana:
3350 3178 3616 3235 Ecclesia:
3635 3177 3807 3250 perti-

2209 3294 2359 3335 nere.
2407 3277 2563 3335 Unde
2601 3270 3007 3334 collaudatione
3056 3286 3166 3331 tam
3209 3274 3595 3346 episcoporum
3639 3288 3807 3344 quam

2208 3371 2373 3427 etiam
2404 3369 2665 3425 Romana:
2686 3369 2945 3424 Ecclesia:
2961 3361 3311 3435 clericorum,
3348 3362 3632 3436 praefatam
3654 3366 3809 3420 litem

2210 3479 2276 3519 eo
2308 3472 2495 3519 tenore
2520 3462 2824 3519 decidimus
2851 3504 2867 3528 ,
2895 3469 2956 3516 ut
2984 3459 3305 3515 investitura
3345 3457 3643 3514 Rosellano
3687 3456 3808 3528 epi-

2211 3573 2378 3628 scopo
2422 3556 2678 3627 deinceps
2726 3571 2986 3612 concessa
3009 3596 3026 3623 ,
3054 3554 3101 3610 si
3125 3562 3251 3609 ante
3278 3552 3594 3623 proximum
3623 3549 3809 3606 Domi-

2174 3645 2347 3704 'nica:
2387 3647 2729 3705 ascensionis
2776 3644 2976 3701 festum
3030 3644 3270 3716 aliquam
3317 3642 3672 3713 scriptionem
3701 3640 3811 3696 Po-

2210 3742 2552 3815 puloniensis
2577 3740 2866 3812 episcopus
2888 3739 3226 3806 ostenderit,
3248 3754 3371 3809 qua:
3392 3746 3617 3794 ostensa
3648 3736 3811 3792 nobis

2208 3851 2363 3907 papae
2416 3832 2662 3889 Silvestri
2696 3817 2844 3903 juste
2885 3830 3195 3902 improbare
3240 3829 3491 3884 videatur
3513 3871 3529 3897 ,
3576 3826 3810 3898 Populo-

2212 3928 2423 3984 niensis
2464 3928 2760 3998 episcopus
2806 3924 2874 3981 ad
2916 3923 3325 3981 reclamandum
3366 3931 3417 3978 et
3455 3923 3806 3979 renitendum

2209 4019 2440 4075 licenter
2483 4017 2823 4074 admittatur.
2867 4014 2965 4070 Sin
3002 4024 3185 4072 autem
3207 4015 3279 4070 ab
3295 4013 3489 4070 eadem
3510 4013 3807 4071 festivitate

2208 4113 2530 4185 hujusmodi
2577 4112 2952 4169 controversia
2995 4119 3322 4184 perpetuum
3369 4110 3659 4168 silentium
3706 4113 3807 4168 ha-

2212 4206 2338 4262 beat
2358 4247 2374 4273 ,
2416 4214 2471 4261 et
2505 4203 2795 4260 Rosellana
2820 4201 3065 4260 Ecclesia
3089 4201 3405 4274 apostolicae
3430 4202 3584 4259 sedis
3611 4203 3807 4260 iterata

524 4290 669 4332 mus.
711 4276 829 4344 Qua
865 4278 923 4333 in
968 4293 1029 4334 re
1074 4280 1310 4350 qualiter
1357 4280 1683 4351 resipiscere
1708 4295 1807 4336 vos
1827 4288 2108 4351 oporteat,

2214 4296 2540 4353 diffinitione
2586 4294 2743 4364 fulta,
2792 4295 2848 4351 in
2886 4305 3209 4368 perpetuum
3258 4296 3328 4353 ab
3356 4297 3463 4353 hac
3499 4298 3806 4368 quaestione

524 4385 653 4426 cum
675 4372 924 4461 eamdem
968 4387 1135 4442 quam
1168 4387 1270 4428 003
1292 4372 1561 4429 habemus
1585 4371 1776 4439 ﬁdem:
1804 4380 1859 4429 et
1885 4372 1953 4429 de
1984 4388 2113 4428 ⁵³η·
2144 4359 2190 4414 D
2213 4388 2480 4461 quiescat,
2504 4374 2561 4444 et
2598 4359 2824 4459 insuper
2842 4359 3098 4460 deinceps
3119 4387 3460 4460 privilegium
3491 4359 3680 4460 [ξὀνιε,
3707 4402 3806 4458 per

526 4468 742 4517 ctorum
778 4459 1005 4518 Patrum
1035 4463 1191 4519 libris
1213 4462 1495 4520 scientiam
1527 4463 1794 4531 habeatis,
1819 4462 2112 4519 omisimus

526 4552 871 4624 signiﬁcare,
910 4564 1196 4627 sperantes
1224 4554 1622 4613 fraternitatem
1654 4564 1868 4613 vestras
1900 4555 2113 4611 stultis-

526 4644 727 4700 simam
768 4648 1113 4704 inimicorum
1156 4657 1475 4705 nostrorum
1499 4649 1982 4720 praesumptionem
2010 4648 2110 4706 de-

525 4740 748 4807 testari,
771 4749 825 4796 et
844 4742 900 4796 in
919 4758 985 4798 ea
1021 4758 1131 4813 qua
1151 4742 1361 4799 debetis
1378 4786 1394 4812 ,
1421 4751 1476 4800 et
1497 4743 1642 4800 soliti
1666 4743 1801 4800 estis
1822 4742 2112 4799 devotione

529 4840 586 4887 et
605 4846 794 4887 amore
815 4842 1018 4888 sanctae
1039 4833 1356 4904 apostolica;
1376 4836 1490 4891 sedi
1513 4835 1743 4892 fideliter
1765 4834 1930 4891 uniri.
1956 4833 2111 4890 Unde

526 4940 790 4997 rogamus
841 4932 896 4981 et
937 4924 1297 4981 admonemus
1336 4934 1398 4981 ut
1439 4928 1589 4998 quod
1628 4927 2109 4985 schismaticorum

527 5017 887 5089 persuasione
908 5016 1217 5087 deliquistis
1243 5019 1574 5091 competenti
1591 5020 1970 5077 emendatione
1992 5034 2112 5076 cor-

526 5112 720 5184 rigatis
738 5151 754 5179 ,
801 5119 861 5166 ut
904 5104 1049 5168 sicut
1092 5120 1267 5168 mater
1303 5121 1487 5172 vestra
1539 5114 1608 5172 de
1648 5130 1880 5173 excessu
1922 5122 2108 5172 vestro

599 5245 752 5316 (586)
779 5243 846 5301 In
867 5248 984 5303 cod.
1012 5245 1205 5301 Mutin.
1239 5257 1352 5316 post
1376 5251 1713 5316 puniendum
1742 5251 1853 5308 lucc
1874 5218 2108 5307 addunt:

2214 4481 2556 4554 privilegium
2589 4480 2822 4537 munita.
2844 4477 3023 4554 Hann]
3048 4478 3426 4536 diﬁinitionem
3455 4489 3710 4542 nostram
3734 4478 3809 4534 la-

2208 4574 2325 4630 ‘tius
2367 4574 2653 4630 continens
2688 4572 2984 4640 munitum,
3006 4571 3231 4645 praedia,
3262 4587 3502 4643 quorum
3534 4572 3605 4627 lis
3641 4572 3807 4626 tantis

2214 4665 2565 4738 temporibus]
2590 4665 2850 4720 ventilata
2876 4672 2961 4719 est
2989 4705 3004 4731 ,
3043 4663 3161 4719 sine
3191 4662 3377 4735 aliqua
3415 4661 3804 4719 molestatione

2215 4757 2507 4828 possideat.

2580 4844 2583 4847 ‘
2755 4832 3095 4890 EPISTOLA
3112 4830 3237 4886 XIV

2430 4942 2495 4984 tu
2526 4926 3225 4984 noutmcuuomrmsncnu
3251 4936 3591 4981 suspensam

2813 5018 2996 5092 (Anno
3010 5014 3193 5086 1076.)

2213 5112 2430 5168 Gratias
2450 5111 2564 5184 agit
2584 5111 2649 5167 de
2668 5111 2781 5181 ejus
2802 5108 3130 5166 obseruantia
3146 5123 3275 5179 erga
3293 5106 3600 5163 Romanam
3622 5106 3806 5163 Eccle-

2211 5214 2495 5316 apparebit
2504 5246 2628 5316 quis
2651 5245 2724 5302 sit
2742 5254 2930 5316 pastor
2949 5245 3003 5301 in
3027 5241 3183 5300 nobis
3203 5241 3487 5316 iniquitati
3505 5255 3700 5316 aperte
3719 5261 3803 5302 re
