3982 5316
154 355 271 413 με

1280 360 1484 418 LIBER
1518 360 1929 423 TERTIUS.—-—
1956 356 2175 420 EPiST.
2212 359 2353 423 XVI.

3348 359 3455 417 μϐ

222 479 486 537 etaiam.
513 479 759 536 Ostendit
793 480 910 535 ideo
954 477 1266 536 Teutonicos
1306 487 1358 534 et
1396 477 1771 550 Langobardos
1797 479 1846 535 A
1870 485 2016 532 stras
2072 475 2572 548 interpellaverunt,
2624 473 2831 545 quibus
2885 489 2988 533 nos
3044 472 3449 544 respondimus,

539 562 725 636 contra
743 568 799 636 se
818 550 1274 636 ingurgleremguia
1293 565 1475 633 eorum
1494 551 1763 632 ,ει-ἰηιίηὶ-

223 619 330 677 δὶα
358 619 573 678 ebriam
594 625 712 678 iret.
740 621 815 676 De
856 619 1079 678 Ciraldo
1106 619 1383 691 Sipontino
1422 620 1663 692 episcopo
1685 637 1766 676 re-

221 694 501 763 spondere
521 695 579 748 in
600 693 752 747 aliud
777 702 977 764 tempus
1000 692 1201 763 differt.

224 786 559 844 ϐιεωιιυε
579 788 890 858 episcopus,
922 801 1118 842 servus
1141 802 1427 843 servorum
1452 787 1570 854 Dei,
1594 787 1764 843 Dom-

152 894 279 935 mco
311 879 655 951 patriarcha:
694 877 981 945 Gradensi,
1034 879 1266 934 salutem
1308 887 1363 934 et
1407 880 1762 950 apostolicam

151 970 633 1029 benedictionem.

216 1066 373 1135 Quia
398 1076 631 1123 matrem
654 1073 805 1121 tuam
828 1071 1073 1119 sanctam
1113 1060 1421 1118 Romanam
1460 1061 1762 1120 Ecclesiam

155 1158 331 1232 {sicut
357 1160 419 1215 in
440 1160 556 1217 tuis
576 1159 777 1215 litteris
799 1154 1134 1227 continetur)
1174 1163 1225 1211 te
1245 1170 1385 1225 puro
1413 1156 1579 1211 corde
1598 1172 1764 1211 vene-

155 1250 304 1321 rari,
376 1265 594 1323 nosque
668 1263 770 1323 pro
826 1262 1014 1303 amore
1068 1246 1442 1317 apostolorum
1498 1246 1762 1318 principis

156 1344 384 1404 sincera
406 1344 678 1402 cbaritate
701 1343 925 1415 diligere
944 1338 1218 1411 profiteris
1248 1382 1262 1406 ,
1308 1338 1632 1394 fraternitati
1654 1348 1762 1396 tua:

154 1448 346 1511 grates
368 1438 689 1503 referimus,
713 1443 767 1492 et
788 1432 1136 1504 rependendo
1159 1430 1332 1487 vicem
1382 1432 1626 1503 ejusdem
1676 1432 1761 1488 di-

154 1532 415 1589 lectionis
435 1542 551 1587 tam
578 1528 836 1587 Ecclesia:
855 1537 982 1593 tuae,
1006 1540 1171 1596 quam
1210 1522 1307 1579 tibi
1344 1526 1496 1581 salvo
1516 1518 1761 1581 librami¢

156 1642 224 1681 ne
245 1625 533 1696 aquitatis
552 1622 753 1681 honori
779 1628 961 1677 vestro
1006 1617 1293 1689 providere
1340 1634 1557 1690 semper
1580 1620 1756 1691 parati

157 1736 376 1775 sumus.
403 1718 682 1786 Quoniam
724 1730 855 1772 vero
878 1713 1066 1769 mirari
1111 1728 1175 1767 ac
1214 1712 1445 1768 nimium
1486 1722 1538 1768 te
1570 1714 1758 1772 dolere

157 1812 373 1880 dixisti,
397 1812 552 1884 quod
602 1808 970 1883 Longobardi,
1016 1817 1179 1879 atque
1210 1809 1458 1863 nonnulli
1492 1807 1757 1866 Teutoni-

160 1923 350 1962 eornm
394 1904 643 1979 epismpi
678 1904 734 1959 in
784 1918 885 1959 nos
927 1902 1251 1957 insaniendo
1297 1909 1409 1957 tam
1443 1900 1750 1959 vehementi

163 2000 285 2056 odio
310 1999 675 2056 inardescunt
700 2040 715 2064 ,
756 1995 962 2051 nullius
998 1995 1172 2064 culpa:
1193 2003 1393 2052 nostra:
1415 1994 1750 2052 conscientia

163 2093 282 2147 inde
303 2092 613 2162 redarguit.
642 2091 749 2146 Sed
800 2089 1006 2144 scimus
1039 2086 1111 2142 ob
1137 2087 1214 2142 nil
1243 2088 1390 2144 aliud
1415 2103 1511 2146 eos
1534 2090 1626 2145 illo
1657 2106 1751 2147 eoa

162 2185 380 2240 namine
426 2184 552 2251 niti,
594 2183 705 2239 nisi
728 2182 959 2256 quodex
989 2189 1261 2251 pracepto
1303 2180 1397 2236 Dei
1439 2190 1603 2253 atque
1623 2198 1752 2239 san-

164 2285 371 2332 ctorum
396 2277 870 2347 praedecessorum
894 2283 1209 2329 nostrorum
1244 2273 1460 2329 illorum
1483 2274 1752 2345 perversi-

165 2368 363 2423 tatibus
383 2368 700 2435 obviamus,
722 2381 929 2438 eosque
952 2365 1020 2421 ad
1042 2374 1254 2421 rectum
1295 2364 1568 2420 tramitem
1586 2364 1751 2437 justi-

165 2460 247 2514 tize
266 2461 553 2527 reducere,
577 2460 625 2515 si
648 2460 907 2530 possibile
947 2466 1112 2535 esset,
1137 2473 1201 2512 ex
1225 2457 1407 2512 debito
1429 2457 1751 2513 sollicitudi-

167 2554 248 2609 nis
264 2553 451 2610 divina
472 2553 885 2627 dispensatione
910 2551 1070 2607 nobis
1092 2550 1529 2621 superimposita:
1548 2565 1751 2621 procu-

166 2662 367 2703 ramus.
392 2645 474 2702 De
493 2647 697 2702 litteris
718 2654 897 2701 autem
922 2660 953 2700 a
976 2643 1313 2699 fraternitate
1335 2652 1445 2698 tua-
1476 2643 1635 2698 nobis
1665 2641 1751 2698 di-

169 2741 344 2807 rectis,
368 2740 524 2796 nullo
544 2740 729 2795 studio
750 2738 1053 2808 comperire
1087 2736 1395 2808 potuimus,
1447 2734 1594 2807 quod
1621 2734 1751 2790 hinc

169 2832 288 2888 illnc
308 2832 518 2889 fuerint
539 2840 847 2903 reportatae.
873 2828 1049 2901 Super
1068 2828 1368 2900 quaestione
1389 2843 1610 2898 quoque
1619 2836 1751 2882 con;

170 2923 479 2982 fraternitas
509 2935 605 2981 tua
642 2925 710 2980 de
730 2924 950 2979 Giraldo
983 2922 1252 2994 Spontino
1293 2921 1550 2992 episcopo
1588 2919 1750 2977 nobis

172 3019 454 3092 suggessit,
499 3018 568 3075 ad
613 3034 856 3090 praesens
898 3030 997 3087 pro
1036 3015 1281 3072 absentia
1328 3013 1569 3084 episc0pi
1594 3012 1751 3069 vobis

171 3112 493 3182 respondere
513 3127 623 3167 non
656 3127 969 3183 possumus.
1000 3108 1138 3165 Cum
1169 3117 1351 3164 autem
1375 3107 1606 3173 venerit,
1636 3106 1750 3162 Deo

173 3206 531 3273 concedente,
596 3221 766 3261 causa
813 3203 1099 3275 diligenter
1144 3202 1418 3273 exquisita
1456 3243 1471 3268 ,
1522 3199 1751 3271 justitize
1777 3191 1820 3248 C

173 3294 338 3370 Morte,
394 3298 565 3369 jnsta,
602 3278 808 3370 Ilium]
849 3295 1275 3367 providebimus.
1308 3293 1579 3363 Principis
1619 3305 1751 3349 vero

173 3390 285 3444 vani
316 3392 597 3463 negotium
621 3391 773 3460 nulla
802 3390 1012 3444 ratione
1043 3388 1227 3443 videre
1247 3372 1563 3459 possumus,
1602 3395 1661 3442 ut
1683 3387 1751 3442 ad

175 3496 402 3551 praesens
454 3486 609 3541 illum
651 3500 818 3556 quem
860 3482 1100 3554 postulat
1138 3481 1404 3553 consequi
1451 3480 1639 3553 possit,
1666 3478 1752 3536 vel

176 3571 353 3630 debeat
382 3577 582 3633 habere
611 3575 890 3632 effectum.

243 3668 371 3727 Data
390 3667 610 3752 Eoum,
649 3667 948 3724 indictione
973 3666 1184 3722 decima
1219 3663 1433 3735 quarta.

696 3768 1033 3826 EPISTOLA
1074 3766 1172 3822 XV
1494 3758 1499 3761 ’

391 3886 458 3924 ΑΒ
485 3881 775 3922 WIFBEDUI
808 3876 1246 3919 IEDIOLANENSEI
1272 3875 1520 3916 IILITBM.

602 3958 611 3965 ’
761 3954 943 4027 (Anno
959 3951 1108 4030 .1076
1121 3995 1149 4025 η

180 4050 413 4108 Insinuat
434 4046 774 4105 Normannos
798 4045 1013 4117 cupidos
1035 4061 1146 4099 esse
1191 4042 1559 4117 componenda:
1578 4048 1749 4113 paea,
1836 4101 1841 4105 ,

237 4140 387 4196 seque
415 4138 630 4196 sperare
654 4135 752 4196 eos
770 4118 840 4171 ad
864 4114 1182 4187 ﬁdelitatem
1208 4116 1380 4173 sancti
1404 4114 1559 4196 Petri
1578 4129 1751 4196 res"-

236 4186 404 4259 suros,
435 4186 557 4247 eum
580 4191 817 4247 Henrico
854 4186 1068 4259 quoque
1090 4202 1286 4257 rege.“
1332 4186 1754 4259 racemjtabitu-

238 4282 371 4331 rum,
392 4255 449 4319 si
478 4279 644 4317 mores
672 4255 979 4316 mutaverit.
1014 4255 1284 4331 Hortatur
1314 4260 1373 4331 ut
1404 4258 1461 4311 in
1497 4255 1754 4310 Ecclesite

237 4327 532 4407 defensione
552 4338 861 4404 perseveret,
892 4337 944 4383 et
971 4329 1106 4383 alios
1138 4329 1279 4382 idem
1322 4327 1495 4397 facere
1522 4333 1748 4380 moneat.

238 4424 544 4481 Caesonius
581 4410 1117 4494 episcopus,,servus
1168 4433 1451 4474 servorum
1487 4414 1603 4481 Dei,
1629 4413 1752 4469 Wi-

1866 584 1992 626 cum
2018 583 2213 626 conos
2236 583 2426 641 pacem
2470 568 2607 624 velle
2651 567 2870 634 habere,
2925 568 2973 623 si
3020 568 3137 637 ipse
3176 581 3302 623 cum
3339 565 3452 623 Deo

1864 676 2054 732 pacem
2090 660 2362 721 studuerit
2418 659 2638 725 habere,
2674 668 2729 717 et
2770 674 2834 715 ea
2889 674 3013 729 quia
3048 658 3118 714 ad
3148 658 3451 729 periculum

1863 760 2069 807 sanctae
2115 750 2391 817 Ecclesiae,
2441 758 2497 806 et
2537 750 2605 811 ad
2655 750 2937 809 cumulum
2986 749 3309 819 perditionis
3338 765 3453 806 suae

1862 840 2160 906 commisit,
2184 840 2341 911 juxta
2367 840 2514 910 quod
2561 854 2703 910 saepe
2743 854 2774 907 φ
2811 838 2970 899 nobis
3019 839 3336 895 admonitus
3367 847 3453 895 est

1862 930 2255 987 mandaverit.
2291 928 2397 985 Sed
2440 929 2569 1000 quia
2621 931 2674 985 in
2704 928 2942 1011 potentia
2986 928 3186 984 divina:
3232 929 3450 987 virtutis

1864 1022 2039 1101 magis
2073 1036 2240 1091 quam
2270 1020 2325 1077 in
2356 1019 2577 1081 homine
2602 1018 2779 1084 tidem,
2804 1034 2955 1089 spem
2988 1027 3044 1073 et
3074 1034 3267 1075 omnes
3298 1020 3447 1091 cogi—

1863 1122 2009 1169 tatus
2030 1121 2251 1169 nostros
2304 1111 2716 1179 collqeavimus,
2762 1111 3016 1166 volumus
3076 1119 3137 1166 ut
3174 1112 3445 1180 tnetiam,

1862 1219 2025 1275 quem
2047 1203 2117 1259 ad
2164 1200 2557 1267 confortandos
2601 1199 2808 1256 Christi
2861 1201 3063 1259 milites
3116 1201 3361 1257 animum
3392 1209 3449 1259 et

1860 1296 2239 1357 fortitudinem
2278 1294 2642 1365 resumpsisse
2684 1293 3061 1365 intelligimus,
3110 1293 3342 1351 firmiter
3391 1296 3446 1351 in

1862 1388 1973 1446 Deo
1993 1390 2268 1459 confidas;
2290 1398 2346 1445 et
2364 1396 2619 1460 exspecta
2643 1388 2764 1459 ejus
2809 1389 3071 1444 auxilium
3102 1397 3157 1444 et
3189 1389 3447 1445 consola-

1861 1482 2067 1539 tionem
2102 1482 2203 1538 tibi
2229 1490 2286 1541 et
2314 1481 2571 1537 omnibus
2593 1480 2864 1551 justitiam
2896 1489 2951 1536 et
3001 1480 3173 1551 legem
3204 1478 3298 1535 Dei
3322 1480 3447 1535 dili-

1858 1578 2114 1652 gentibus
2148 1575 2463 1638 adfuturam
2511 1583 2568 1630 et
2606 1573 2807 1629 diaboli
2854 1573 3121 1639 membra,
3172 1587 3282 1628 non
3341 1572 3447 1626 nisi

1858 1680 2128 1743 quantum
2151 1670 2298 1725 Deus
2330 1667 2663 1740 permiserit,
2692 1665 3018 1723 innocentiae
3066 1674 3267 1721 nostrae
3291 1664 3446 1720 noci-

1859 1771 2003 1818 tura.
2058 1760 2196 1817 Ecce
2240 1759 2492 1815 diabolus
2515 1758 2695 1829 palam
2748 1757 2807 1812 in
2852 1756 3058 1811 mundo
3109 1755 3446 1821 dominatur,

1787 1838 1831 1893 Β
1855 1871 1983 1913 ecce
2011 1853 2199 1911 omnia
2242 1853 2490 1910 membra
2537 1868 2638 1908 sua
2676 1866 2735 1907 se
2769 1851 3042 1906 exaltasse
3064 1849 3280 1904 laetatur
3308 1866 3323 1915 ;
3350 1847 3446 1902 sed

1850 1946 1946 2018 qui
1961 1945 2130 2001 dixit:
2157 1942 2582 2014 Conﬁdite,quia
2608 1958 2700 2012 ego
2725 1941 2827 1995 vici
2855 1937 3304 2010 mundum(Joan.
3329 1937 3443 2007 xw)

1849 2041 1941 2099 det
1972 2036 2128 2094 vobis
2150 2035 2514 2092 certissimam
2554 2033 2713 2089 iidem
2750 2031 3073 2087 festinanter
3100 2045 3159 2086 se
3184 2028 3445 2085 Ecclesia:

1850 2146 1965 2191 sum
1985 2144 2326 2193 succurrere,
2350 2136 2406 2184 et
2424 2125 2705 2182 diabolum
2726 2132 2782 2180 et
2803 2123 3048 2196 membra
3069 2122 3189 2193 ejus
3209 2120 3439 2177 omnino

1849 2221 2203 2281 confundere.
2233 2218 2502 2290 Antiquas
2531 2218 2678 2275 enim
2710 2227 2766 2273 ct
2795 2216 2972 2273 nostri
3008 2214 3274 2286 temporis
3308 2229 3444 2269 cnn-

1848 2314 2152 2370 siderantes
2170 2311 2602 2383 permutationes
2624 2301 2978 2381 probabiliter
3001 2307 3313 2362 invenimus
3341 2305 3442 2359 «ιο.

1848 2404 2080 2459 minium
2102 2402 2305 2459 diaboli
2332 2409 2487 2467 tanto
2511 2400 2695 2456 minus
2727 2397 3033 2466 duravisse,
3070 2404 3281 2468 quanto
3314 2411 3436 2449 ma-

1849 2495 1931 2567 gis
1952 2494 2132 2550 visum
2166 2491 2271 2547 fuit
2293 2491 2541 2558 exaltari,
2567 2498 2621 2546 et
2646 2491 2699 2545 in
2723 2488 3091 2545 Christianam
3121 2484 3441 2558 religionem

1849 2585 2220 2657 praevaluisse.
2257 2583 2340 2639 Tu
2397 2584 2602 2655 itaque,
2641 2582 2968 2638 charissime
3012 2579 3108 2645 lili,
3135 2577 3447 2634 confortare

1849 2679 1903 2745 in
1933 2676 2185 2746 Domino,
2215 2686 2270 2733 et
2299 2676 2355 2732 in
2384 2676 2624 2748 potentia
2669 2674 2886 2731 virtutis
2911 2672 3033 2744 ejus
3074 2670 3290 2744 (Ephes.
3320 2672 3403 2741 vr)
3423 2711 3439 2730 .

1850 2777 1906 2825 et
1930 2785 2027 2825 eos
2061 2756 2310 2825 conferta
2338 2783 2480 2839 quos
2525 2767 2582 2822 in
2629 2764 2945 2822 Christiana
2981 2762 3084 2818 fide
3123 2761 3447 2833 cognoveris

1848 2876 2203 2931 permanere;
2234 2876 2331 2916 eos
2365 2868 2547 2915 autem
2582 2857 2678 2929 qui
2707 2857 2870 2913 ﬁdem
2895 2854 3267 2911 Christianam
3313 2866 3448 2923 ope-

1849 2954 2004 3010 ribus
2026 2968 2291 3025 negavere
2324 2962 2386 3008 ut
2410 2950 2740 3022 resipiscam
2760 2950 3015 3014 admone,
3041 2955 3100 3001 ut
3120 2946 3448 3001 erubescant

1850 3050 1907 3105 in
1956 3049 2218 3106 servitute
2261 3048 2467 3104 diaboli
2509 3047 2714 3103 vivere.
2746 3045 2879 3113 Quae
2904 3053 3088 3099 autem
3120 3042 3211 3099 hic
3260 3041 3447 3099 minus

1853 3140 2169 3208 scribimus,
2194 3156 2320 3197 cum
2346 3139 2513 3194 locuti
2539 3137 2807 3193 fuerimus
2836 3150 2962 3191 cum
2995 3134 3244 3190 fidelibus
3268 3132 3447 3188 sancti

1850 3229 2021 3298 Petri,
2064 3231 2281 3303 plenius
2331 3230 2720 3298 indicabimus,
2768 3227 3035 3299 vobisque
3085 3223 3441 3296 adiutorium,

1852 3321 1965 3379 Deo
1993 3321 2229 3390 favente,
2256 3322 2389 3379 dare
2417 3320 2758 3378 curabimus.
2783 3315 3308 3389 Omnipotens‘Deus
3336 3329 3448 3371 me-

1852 3417 1973 3475 ritis
2034 3430 2268 3474 summa
2317 3415 2561 3471 domina:
2615 3421 2673 3469 et
2724 3413 3012 3469 beatorum
3071 3408 3445 3480 apostolorum

1851 3509 1995 3567 Petri
2017 3517 2072 3566 et
2098 3509 2251 3566 Pauli
2282 3518 2447 3581 atque
2477 3508 2621 3564 beati
2650 3506 2929 3562 Ambrosii
2953 3503 3208 3576 precibus
3230 3509 3444 3557 mentes

1851 3615 2062 3662 vestras
2083 3604 2371 3671 illuminet,
2400 3613 2455 3660 et
2502 3604 2556 3659 in
2584 3604 2703 3674 lege
2747 3618 2852 3658 sua
2883 3615 2983 3656 vos
3018 3613 3238 3669 semper
3270 3595 3445 3652 stabi-

1850 3698 1969 3765 liat,
1999 3706 2062 3753 ut
2086 3697 2408 3754 mereamini
2444 3712 2571 3752 cum
2607 3696 2694 3750 bis
2736 3693 3090 3751 adnumerari
3125 3690 3221 3762 qui
3253 3689 3446 3745 diabo-

1851 3790 1967 3846 lum
1992 3806 2117 3846 cum
2169 3791 2286 3848 suis
2320 3789 2582 3846 membris
2607 3788 2935 3861 iudicabunt
2979 3794 3183 3842 etcum
3222 3783 3444 3841 Christo

1852 3896 2069 3952 semper
2100 3882 2426 3953 regnabunt.
2512 3928 2517 3935 .
2548 3928 2551 3931 ,
2586 3913 2621 3933 η
2657 3930 2661 3935 .

1922 3973 2061 4029 Data
2094 3973 2302 4040 Romae,
2332 3972 2630 4029 indictione
2659 3971 2872 4028 decima
2897 3978 3117 4041 quarta.

2395 4095 2735 4152 EPISTOLA
2765 4094 2907 4149 XVI.

2007 4215 2074 4254 AD
2114 4214 2406 4254 RICﬂERIUM
2439 4210 2890 4251 ARCHIEPISCOPUDI
2922 4209 3279 4251 SENOXENSEI.

2439 4285 2622 4359 (Anno
2661 4283 2847 4355 1076.)

1855 4381 2110 4448 Queritur
2156 4380 2222 4435 de
2255 4379 2469 4449 injuriis
2500 4378 2564 4432 ab
2588 4362 2956 4449 Aurelianensi
2986 4375 3233 4449 episcope
3259 4372 3443 4449 Eccle-

1922 4454 2019 4507 sia:
2041 4469 2151 4507 sum
2172 4444 2365 4514 illatis,
2408 4450 2472 4502 de
2506 4449 2653 4504 illius
2688 4446 3047 4502 iuobedientia
3093 4454 3141 4499 et
3175 4444 3435 4499 Simonia.

182 4513 313 4573 fredo
348 4513 839 4572 Mediolanensium
863 4512 1103 4583 episcopi
1128 4509 1536 4586 [Mediulanensi
1567 4506 1751 4595 militi]

1880 4590 1889 4595 _
1936 4506 2058 4579 Yalt
2092 4506 2212 4578 eain
2235 4506 2441 4595 moneat
2476 4530 2533 4575 ut
2563 4535 2675 4595 sua;
2719 4517 2974 4573 Ecclesia:
3018 4514 3345 4586 satisfaciat,
3367 4524 3439 4580 et,

184 4608 391 4665 salutem
415 4617 471 4664 et
504 4604 863 4678 apostolicam
902 4604 1354 4659 benedictionem.

240 4701 372 4770 Quia
419 4701 715 4757 sollicitum
769 4707 820 4753 te
865 4697 933 4752 de
982 4698 1193 4752 honore
1252 4693 1579 4750 Christiana:
1624 4691 1750 4747 ﬁdei
1831 4741 1839 4749 .

183 4790 357 4850 litteris
379 4794 490 4849 tuis
524 4790 869 4863 signiﬁcasti,
915 4802 1133 4859 mquum
1167 4786 1426 4842 duximus
1450 4784 1752 4856 prudentiae

185 4894 273 4942 tua:
294 4887 614 4943 rescribere.
646 4883 804 4940 Scias
834 4883 1002 4959 igitur
1026 4880 1375 4937 Normannos
1399 4880 1564 4935 verba
1595 4895 1750 4936 com-

186 4976 437 5064 ponenda:
451 4976 603 5045 pacis
627 4970 917 5031 nobiscum
954 4972 1186 5040 habere;
1237 4986 1403 5042 quam
1447 4971 1749 5028 libentissi-

187 5069 379 5139 mejam
405 5062 686 5135 fecissent,
712 5075 767 5123 et
790 5067 954 5122 beato
988 5063 1173 5131 Petro,
1209 5079 1371 5135 quem
1402 5062 1751 5121 solummodo

188 5156 444 5186 λΑυυ-ίσιοοακ
470 5168 521 5186 Α.
566 5159 950 5186 :mnn-AOn-Am
1003 5162 1126 5186 σιτιρᾶ
1196 5153 1485 5186 ῃήννιξπιιυνι

1920 4595 2025 4649 nisi
2055 4595 2313 4665 paruerit,
2342 4588 2840 4647 excommunicetar.

1922 4685 2232 4761 Caesonius
2278 4672 2591 4763 episcopus,
2642 4698 2837 4740 servus
2890 4695 3173 4737 serv:.rum
3210 4675 3302 4733 Dei
3340 4675 3441 4731 R1-

1832 4795 2044 4851 .cnsmo
2096 4777 2400 4833 Senonensi
2444 4774 2876 4845 archiepiscopo,
2934 4770 3165 4826 salutem
3203 4777 3258 4826 et
3306 4783 3441 4838 apu-

1832 4870 2104 4945 ‘stolicam
2133 4868 2593 4925 benedictionem.

1833 5036 1839 5045 Ι
1918 4962 2343 5021 Fraternitatem
2377 4970 2526 5016 tuam
2584 4958 2917 5015 intellexisse
2952 4957 3230 5015 credimus
3261 4970 3443 5028 quan-

1832 5067 1965 5131 tum
1990 5055 2206 5127 injuriae
2235 5048 2643 5131 Aurelianensis
2673 5049 2931 5106 Ecclesia:
2956 5049 3283 5122 negligentia
3323 5045 3443 5115 epi-

1851 5152 1999 5186 ω.ηηὶ
2028 5148 2111 5186 ειιί
2186 5147 2299 5186 imn
2328 5151 2520 5186 nannln
2545 5142 2669 5186 ingn
2716 5141 3036 5186 «retinuerit
3086 5153 3137 5186 Μ
3165 5158 3327 5186 mium
3363 5139 3447 5186 in-
