3982 5316
543 367 648 424 MT

1187 366 1243 422 S.
1277 361 1603 422 GREGORII
1637 357 1726 416 νυ
1760 359 1962 416 ΡΑΡᾹΞ
1993 358 2277 416 OPERUM
2311 359 2491 418 PARS
2509 359 2565 416 .‘I.
2595 390 2667 400 —
2706 357 3125 417 REGISTRUM.

3693 364 3798 421 $48

543 481 730 547 verba,
773 487 987 536 ctmmsr
1023 495 1152 534 vera
1192 487 1396 545 essent,
1442 475 1812 547 suscipienda,
1861 491 2040 546 neque
2072 450 2204 535 in'A
2229 476 2324 547 qui
2351 475 2542 550 etiam]
2567 477 2638 532 ab
2661 475 2960 542 eis-liabet,
2997 475 3052 533 in
3085 483 3200 532 tuta
3226 473 3377 546 pacis
3418 477 3803 547 tranqudltate

543 589 673 631 eum
699 571 923 643 aliquid,
941 571 1052 626 nisi
1076 570 1232 642 legali
1267 568 1614 625 discussione
1641 575 1699 624 et
1738 568 1966 640 judicio,
1995 582 2126 638 pro-

545 664 920 736 mulgandum.
957 661 1066 718 Sed
1088 663 1206 732 ipse
1241 661 1408 732 hujus
1429 659 1868 716 mansuetudinis
1886 667 1944 715 et
1963 667 2130 715 tanta

544 756 829 814 charitatis
855 754 1081 822 oblitus,
1109 754 1350 812 fructum
1385 753 1766 809 inobedientiae
1803 751 1994 808 matris
2015 766 2130 808 suae

545 843 807 906 Romana:
825 845 1080 902 Ecclesire
1098 847 1302 904 dicitur
1322 845 1643 908 reddidisse.
1668 844 2012 916 privilegium
2036 859 2131 900 ve-

546 937 799 996 nerandae
841 938 1121 996 memorias
1177 939 1539 995 antecessoris
1573 937 1748 994 nostri
1796 951 1950 1009 paper,
2000 935 2128 992 Ale-

546 1031 740 1090 xandri
798 1029 1215 1103 confringendo,
1265 1038 1321 1087 et
1367 1030 1844 1087 excommunicato
1885 1045 1918 1085 a
1970 1027 2132 1084 nobis

544 1121 794 1179 Eurardo
834 1121 1180 1195 impudenter
1212 1123 1694 1191 communicando,
1721 1131 1776 1178 et
1804 1137 1916 1176 non
1949 1119 2130 1176 solum

543 1211 718 1286 ipsam
739 1215 1048 1284 deeaniam,
1073 1216 1166 1271 sed
1192 1213 1306 1272 fere
1331 1215 1512 1271 omnia
1540 1213 1796 1271 Ecclesiae
1829 1213 2132 1270 ministeria

546 1303 857 1364 Simoniace
899 1306 1202 1374 vendendo,
1247 1323 1279 1363 a
1336 1307 1448 1364 Deo
1505 1322 1852 1378 suspensam,
1889 1316 1953 1360 ut
2001 1305 2130 1361 olim

544 1398 858 1468 apostolicae
885 1398 1032 1454 sedis
1057 1401 1384 1455 sententiam
1417 1414 1648 1470 operum
1682 1412 1910 1453 suorum
1939 1395 2134 1466 nequi—

543 1489 620 1543 tia
645 1488 841 1544 merito
869 1490 1118 1546 videatur
1139 1491 1194 1544 in
1223 1507 1284 1547 se
1312 1505 1659 1562 provocasse.
1693 1487 1850 1545 Unde
1876 1489 2134 1546 volumus

546 1579 864 1652 religienem
895 1589 1046 1637 tuam
1085 1580 1370 1653 praefatum
1410 1583 1726 1655 episcopum
1761 1596 2130 1648 commonere,

545 1679 818 1742 quatenus
875 1673 988 1730 Deo
1039 1684 1094 1730 et
1142 1674 1402 1732 Ecclesiae
1469 1689 1585 1731 suae
1619 1673 1940 1742 satisfaciat
1971 1683 2028 1730 et
2057 1674 2134 1730 ita

544 1763 838 1821 emendare
871 1767 1103 1835 studeat,
1133 1775 1194 1824 ut
1221 1777 1274 1824 et
1302 1769 1524 1841 querela
1555 1768 1880 1824 clericorum
1908 1767 2134 1824 omnino

543 1855 817 1928 'sopiatur,
853 1864 909 1914 et
954 1827 1178 1915 infamia
1209 1875 1308 1917 sua
1322 1827 1412 1917 .ad
1457 1876 1618 1918 aures
1641 1859 1957 1932 apostolicae
1989 1859 2134 1919 sedis
2165 1827 2209 1882 Β

546 1948 778 2006 ulterius
800 1966 970 2022 super
1001 1951 1090 2008 his
1111 1953 1430 2010 excessibus
1455 1969 1566 2010 non
1593 1953 1880 2011 referatur.
1904 1951 2062 2022 Quod
2087 1955 2134 2012 si
2163 1953 2168 1956 ’

545 2038 688 2098 forte
715 2041 912 2099 litteris
937 2043 1161 2114 uestris,
1197 2061 1320 2119 quae
1367 2062 1464 2118 per
1498 2054 1550 2104 te
1601 2045 1706 2102 sibi
1743 2046 2054 2114 mittuntur,
2081 2053 2137 2102 et

547 2135 963 2192 commonitioni
1004 2146 1112 2194 tuae
1153 2138 1474 2198 inobediens
1507 2139 1797 2208 exstiterit,
1838 2138 2136 2194 auctorita-

525 2229 658 2280 “tem
678 2225 825 2282 beati
845 2226 992 2285 Petri
1022 2230 1286 2302 principis
1331 2232 1930 2304 apostolorum,,usque
1957 2231 2025 2287 ad
2047 2231 2134 2290 di-

548 2331 712 2388 gnam
743 2319 1173 2379 satisfactionem
1205 2339 1236 2380 a
1257 2325 1644 2380 communione
1667 2324 1914 2396 corporis
1933 2333 1988 2380 et
2007 2339 2136 2381 san-

549 2410 732 2494 guinis
783 2411 1002 2469 Domini
1055 2415 1230 2471 nostri
1279 2413 1410 2492 Iesu
1448 2413 1654 2472 Christi
1711 2431 1836 2470 eum
1895 2430 2132 2486 separes,

546 2500 820 2572 quatenus
853 2515 1119 2577 quantum
1155 2507 1315 2566 factis
1343 2508 1459 2566 suis
1499 2505 1797 2564 Dominum
1852 2508 2136 2566 offenderit

549 2589 635 2650 vel
666 2595 721 2652 in
747 2596 854 2653 hoc
881 2608 1294 2670 recognoscat.’

533 2684 542 2692 “
619 2684 758 2744 Data
777 2687 968 2749 Roma:
993 2689 1160 2765 [deest
1186 2691 1420 2769 Romae],
1445 2707 1636 2750 mense
1657 2691 1852 2764 Aprili,
1877 2691 1990 2749 ind.
2018 2708 2131 2748 xiv.

1083 2781 1424 2842 EPISTOLA
1454 2783 1620 2840 XVII.

749 2889 816 2932 AD
841 2891 1136 2934 RAINEIIIUI
1165 2894 1453 2936 EPISCOPUII
1480 2891 1936 2936 AUBBLIANENSEI.

537 2955 557 3040 _‘
637 2965 641 2970 '
1145 2969 1328 3044 (Anno
1358 2970 1542 3043 i076.)

539 3043 744 3171 ‘A‘r’uit
761 3063 883 3134 eum
927 3049 1266 3119 temeritatis,
1303 3051 1736 3132 praecipitauerit
1769 3049 2052 3104 canonicos
2085 3059 2138 3104 et

543 3153 548 3160 ο
657 3119 981 3171 oscheltnum
1005 3123 1432 3171 nrarnositnram-
1465 3120 1811 3171 Benedictum
1833 3136 1952 3171 vero
1975 3135 2138 3171 cano-

657 3119 1432 3200 oscltelinumyrwpositnram,
1464 3119 1811 3176 Benedictum
1833 3136 1952 3200 vero
1975 3135 2139 3176 cano-

625 3191 772 3264 niam
814 3175 1370 3264 possidereiz'sinat,et
1405 3175 1698 3264 pauperum
1725 3175 2006 3264 canoniam
2052 3207 2136 3246 re-
2165 3175 2206 3239 C-

625 3261 836 3329 stituat’,
867 3261 1031 3317 donec
1064 3261 1280 3327 Romam
1322 3263 1386 3318 de
1405 3261 1519 3318 suis
1546 3261 1855 3318 criminibus
1885 3263 2140 3319 rationem

535 3345 540 3350 ‘
623 3333 926 3388 redditurus
961 3334 1154 3388 veniat.

622 3411 936 3469 (innocuus
957 3412 1248 3484 episcopus
1269 3427 1460 3468 servus
1486 3422 1770 3468 servorum
1792 3408 1910 3478 Dei,
1943 3409 2142 3466 Κλωδ-

555 3515 648 3558 nio
673 3503 1052 3562 Aurelianensi
1085 3506 1365 3576 episeopo,
1405 3507 1638 3562 salutem
1685 3513 1742 3562 et
1783 3505 2142 3578 apostolicam

557 3595 1014 3667 benedictionem,
1046 3597 1093 3655 si
1117 3597 1400 3654 obedierit.
1963 3654 1968 3658 .

541 3707 544 3710 ’
627 3686 882 3746 Graviter
900 3699 956 3747 et
981 3700 1158 3764 usque
1190 3692 1260 3748 ad
1304 3692 1677 3748 ulciscendam
1710 3701 1816 3750 tute
1862 3692 2142 3750 temerita-

559 3775 636 3836 tis'
667 3779 953 3839 audaciam
983 3791 1176 3840 contra
1209 3793 1260 3840 te
1289 3785 1487 3841 merito
1517 3799 2010 3854 commoveremur,
2035 3786 2144 3842 nisi

560 3873 860 3943 apostolica
922 3875 1340 3933 mansuetudine
1384 3876 1772 3934 detineremur.
1825 3877 1943 3949 Ipse
1997 3877 2144 3934 enim

561 3967 878 4025 meminisse
922 3969 1090 4026 debes
1131 3979 1187 4025 et
1235 3979 1396 4042 potes
1418 3968 1652 4042 qualiter
1681 3971 2004 4028 venerandae
2031 3987 2147 4028 me-

561 4059 753 4118 moriae
785 4063 1156 4142 praedecessor
1199 4071 1408 4133 noster,
1446 4061 1753 4121 Alexander
1804 4081 1944 4137 papa
1985 4065 2147 4123 deca-

464 4181 469 4186 ·
562 4151 712 4210 niam
759 4152 852 4228 [de
876 4155 1128 4232 decania]
1174 4155 1390 4214 Sancta:
1419 4156 1634 4223 Crucis,
1681 4155 1802 4212 viso
1835 4156 2148 4214 donationis

562 4254 672 4302 tua:
702 4233 770 4304 ex
791 4249 980 4306 eadem
1009 4251 1369 4324 praepositum
1403 4249 1642 4318 decreto,
1696 4247 1830 4304 illud
1864 4249 2148 4306 canonicis

557 4338 674 4412 tuis
705 4337 1097 4412 deferentibus,
1121 4345 1202 4402 eis
1225 4359 1322 4418 per
1369 4343 1674 4400 munimina
1715 4340 2030 4414 apostolicae
2058 4357 2150 4398 ro-

561 4430 887 4501 borationis.
909 4419 1065 4506 juxta
1107 4450 1320 4494 mutem
1353 4443 1464 4494 tua:
1491 4434 1806 4494 donationis
1849 4432 2146 4490 conﬁrma-

555 4527 723 4595 πει-η,
769 4535 828 4584 et
852 4528 1162 4600 subscripta
1196 4529 1544 4586 anathemate
1573 4527 1888 4598 apostolica:
1903 4527 2147 4582 auctori-

2227 567 2508 638 possidere
2559 568 2902 639 permittens,
2959 568 3164 622 nullam
3199 567 3458 638 deinceps
3503 568 3610 633 illis
3635 572 3804 628 mole—

2230 661 2390 715 stiam
2435 660 2658 717 inferas.
2687 659 2958 717 Volumus
3001 661 3146 718 enim
3183 676 3278 718 cos
3333 659 3414 716 sic
3462 672 3658 720 cuncta
3684 681 3809 738 quae

2229 753 2336 810 illis
2391 753 2762 825 praepositum
2792 761 2922 810 sunt
2965 753 3020 808 in
3057 753 3329 826 integrum
3373 753 3656 824 possidere
3682 772 3805 812 cum

2230 844 2381 924 omni
2409 845 2573 924 pacis
2609 845 2791 918 quiete
2835 853 2896 902 ut
2933 843 3276 918 privilegium
3327 844 3503 901 beata:
3534 847 3808 922 memoriae

2229 915 2646 1010 praedecessor-is
2677 938 2850 994 nostri
2878 937 3169 994 Alexandri
3199 953 3372 1008 papae,
3415 954 3519 995 nec
3568 939 3623 994 in
3649 941 3810 994 mini-

2231 1045 2334 1088 ma
2365 1029 2606 1102 qualibet
2659 1038 2814 1101 parte
2861 1029 3108 1086 videatur
3153 1029 3397 1102 infringi.
3457 1030 3602 1098 Quin
3646 1032 3808 1088 etiam

2231 1105 2580 1192 praecipimus
2603 1131 2664 1176 ut
2683 1121 2884 1177 abhinc
2905 1137 3080 1194 usque
3091 1122 3158 1178 ad
3184 1108 3534 1179 festivitatem
3555 1121 3808 1182 Omnium

2235 1210 2583 1282 Sanctorum,
2618 1221 2730 1268 tam
2760 1213 2940 1271 dehis
2961 1229 3128 1286 quam
3179 1215 3248 1270 de
3297 1215 3486 1272 multis
3521 1217 3642 1272 aliis
3687 1234 3810 1289 qua:

2234 1305 2330 1361 tibi
2380 1304 2734 1377 objiciuntur,
2798 1305 3066 1361 rationem
3135 1307 3447 1364 redditurus
3514 1317 3566 1364 te
3624 1319 3811 1366 nostro

2234 1399 2548 1469 conspectui
2573 1407 2952 1469 reprwsentes,
2977 1408 3032 1454 et
3078 1399 3296 1454 interim
3328 1400 3446 1457 haec
3475 1404 3662 1458 omnia
3691 1420 3813 1474 qua:

2229 1489 2488 1564 superius
2510 1497 2886 1546 memorantur
2915 1490 3166 1546 canonici
3212 1498 3267 1546 et
3287 1489 3658 1562 Joscbelinus,
3693 1511 3815 1566 quae

2235 1579 2417 1654 [for-te,
2441 1583 2557 1654 qui,
2572 1580 2770 1650 "ARD.,
2799 1583 2876 1636 ita
2907 1593 2957 1638 et
2984 1584 3038 1638 in
3059 1581 3372 1657 Mutin.]'ab
3393 1585 3476 1643 eis
3488 1589 3815 1658 praepositu-

2235 1691 2352 1730 ram
2386 1683 2554 1744 tenet,
2585 1675 2641 1730 in
2683 1690 2817 1748 pace
2861 1675 3198 1747 possideant,
3243 1677 3634 1751 abbatiamque
3662 1695 3814 1736 suam

2235 1765 2377 1824 idem
2407 1767 2752 1827 Joschelinus
2773 1785 2899 1826 cum
2922 1771 3179 1831 omnibus
3203 1773 3318 1832 suis
3344 1775 3469 1832 aliis
3511 1776 3682 1834 rebus
3704 1793 3820 1833 mo-

2233 1857 2434 1917 bilibus
2463 1868 2518 1916 et
2538 1859 2910 1919 immobilibus
2940 1862 3195 1920 similiter
3241 1875 3447 1938 teneat,
3503 1877 3562 1925 et
3611 1868 3668 1924 in
3691 1885 3821 1940 pace

2235 1953 2440 2010 nullam
2475 1955 2906 2012 controversiam
2932 1972 2964 2012 a
2985 1965 3038 2014 te
3057 1955 3242 2031 aliquo
3283 1961 3449 2018 modo
3485 1961 3822 2020 submissam

2234 2047 2492 2122 patiendo
2538 2048 2833 2121 possideat.
2885 2047 3214 2108 Benedictus
3263 2068 3486 2126 quoque
3529 2055 3824 2110 canoniam

2235 2156 2394 2197 suam
2423 2139 2527 2198 sub
2547 2140 2736 2197 eadem
2764 2139 2914 2211 pacis
2940 2129 3331 2215 tranquillitate
3353 2144 3579 2201 interim
3608 2147 3821 2204 habeat.

2233 2231 2589 2306 Praecipimus
2615 2233 2782 2290 etiam
2808 2242 2871 2290 ut
2897 2235 3185 2292 canoniam
3208 2251 3528 2294 concessam
3552 2239 3826 2299 alimonia:

2235 2342 2557 2402 pauperum,
2589 2342 2766 2400 quam
2782 2327 2852 2382 ab
2873 2342 2941 2384 eo
2973 2343 3077 2384 usu
3106 2328 3440 2384 subtractam
3467 2330 3674 2393 diceris
3701 2348 3825 2388 ven-

2233 2419 2458 2495 didisse,
2495 2417 2565 2476 ad
2601 2418 2850 2476 eumdem
2888 2435 3049 2476 usum
3093 2421 3370 2478 restituas.
3397 2419 3457 2477 Si
3486 2422 3717 2494 quidem
3741 2422 3824 2478 his

2236 2517 2442 2574 nostris
2469 2509 2754 2588 praeceptis
2785 2531 2852 2574 ac
2874 2517 3102 2574 monitis
3125 2515 3440 2574 obedienter
3470 2517 3823 2592 obtempera-

2237 2608 2402 2677 veris,
2424 2617 2479 2664 et
2511 2623 2635 2681 quae
2663 2609 2719 2664 in
2769 2608 2877 2666 illis
2913 2609 3268 2665 continentur
3316 2619 3520 2668 cuncta
3554 2613 3824 2682 patienter

2237 2699 2577 2772 impleveris,
2647 2700 2955 2758 laetabimur
3007 2711 3232 2774 propter
3283 2717 3476 2774 pacem
3545 2701 3822 2770 Ecclesiae,

2237 2793 2483 2864 alioquin
2535 2794 2679 2850 scias
2730 2802 2782 2850 te
2834 2794 2906 2850 ab
2951 2793 3104 2852 omni
3138 2793 3436 2866 episcopali
3473 2794 3661 2852 oﬂicio
3711 2813 3825 2852 esse

2237 2901 2592 2957 suspensum,
2618 2894 2674 2942 et
2705 2903 2738 2942 a
2758 2886 3147 2943 communione
3180 2885 3428 2957 corporis
3451 2898 3507 2942 et
3541 2888 3825 2960 sanguinis

2237 2975 2452 3034 Domini
2477 2978 2650 3034 nostri
2679 2977 2809 3036 Jesu
2846 2977 3052 3036 Christi
3076 2985 3408 3050 separatum.

2309 3068 2448 3126 Data
2501 3068 2710 3140 Romae,
2771 3085 2959 3128 mense
3011 3070 3206 3144 Aprili,
3257 3069 3556 3127 indictione
3618 3071 3826 3128 decima

2237 3170 2454 3232 quarta.
2474 3217 2476 3219 .

2743 3232 3081 3292 EPISTOLA
3112 3233 3302 3291 XVIII.

2503 3341 2570 3381 AD
2602 3338 2868 3384 SIMEONEI
2897 3343 3190 3385 EPISCOPUI
3222 3346 3275 3386 IN
3295 3345 3566 3388 HISPANIA.

2837 3421 3020 3494 (Anno
3053 3422 3250 3496 1076.)-

2242 3495 2590 3554 Commendat
2607 3496 2722 3568 ejus
2741 3511 2867 3568 erga
2888 3497 3182 3552 Romanam
3207 3495 3506 3554 Ecclesium
3549 3500 3826 3556 obseruan-

2310 3569 2460 3640 tiam.
2491 3568 2758 3623 Hortatur
2779 3569 3170 3640 tttkapostolico!
3189 3570 3330 3624 sedis
3365 3571 3584 3626 decreta
3603 3572 3827 3640 ﬁrmiter

2313 3639 2682 3708 amplectatur,
2727 3647 2778 3694 et
2823 3637 3122 3694 Remanum
3158 3641 3396 3696 ordinem
3439 3637 3718 3696 obseruari
3741 3658 3828 3695 cs-

2315 3717 2410 3781 ret.
2443 3708 2735 3781 Respondet
2759 3709 2807 3781 ei
2823 3725 2876 3764 se
2891 3708 3026 3781 velle
3046 3710 3352 3781 apostolicw
3364 3713 3505 3766 sedis
3527 3713 3744 3766 decreta
3767 3713 3826 3764 de

2315 3779 2640 3834 celebrandis
2662 3779 2920 3850 Ecclesia:
2947 3779 3128 3850 ofﬁciis
3162 3781 3354 3836 abillis
3379 3785 3649 3837 custodiri
3675 3800 3694 3849 ;
3717 3783 3827 3836 idco

2317 3860 2488 3912 monet
2518 3861 2664 3908 utea
2710 3853 2767 3906 in
2797 3849 3066 3921 Hispania
3087 3862 3138 3907 et
3159 3851 3395 3908 Gatlicia
3429 3855 3640 3908 servari
3667 3863 3822 3908 curet.

2315 3930 2624 3989 Caesonius
2657 3933 2969 4004 episcopus,
3023 3947 3214 3989 servus
3267 3947 3556 3990 servorum
3587 3933 3712 4000 Dei,
3743 3932 3826 3988 Si-

2243 4041 2408 4086 moni
2433 4025 2818 4098 Hispaniarum
2837 4025 3113 4096 episcOpo,
3141 4025 3374 4092 salutem
3394 4032 3450 4082 et
3470 4027 3824 4096 apostolicam

2245 4121 2697 4180 benedictionem.

2315 4213 2562 4288 Cognitis
2615 4210 2974 4268 fraternitatis
3003 4219 3113 4267 tua:
3142 4209 3359 4278 litteris,
3405 4209 3612 4283 gaudio
3641 4224 3828 4266 sumus

2247 4311 2456 4382 repleti,
2481 4307 2745 4382 quoniam
2768 4321 2890 4364 eam
2921 4319 3086 4376 quam
3117 4318 3248 4374 erga
3291 4301 3605 4362 Romanam
3650 4301 3828 4358 Eccle-

2246 4405 2386 4462 siam
2407 4403 2571 4462 fidem
2593 4411 2652 4458 et
2676 4399 3023 4458 devotionem
3059 4395 3204 4469 geris
3230 4394 3288 4450 in
3313 4395 3396 4451 eis
3426 4395 3587 4466 plene
3609 4393 3826 4466 agnovi-

2178 4525 2224 4585 D
2247 4513 2392 4564 mus,
2447 4503 2504 4552 et
2541 4494 2689 4566 quod
2719 4507 2830 4550 non
2885 4488 3192 4546 adulterino
3219 4501 3343 4544 eam
3371 4501 3530 4558 more
3557 4486 3822 4585 deserere,

550 4577 723 4689 si;
740 4577 2146 4692 ιέέηῖῖιξεςῑιζοι-,ῑςιξξῑιῖξίλξξξέλξδίέιξιῑεῑίςςέη
2179 4577 2214 4585 ⁷
2246 4590 2344 4646 sed
2391 4588 2666 4692 εςείιίωω,
2699 4584 2870 4692 pro“?
2905 4580 3258 4692 sessim
3268 4577 3822 4692 gereres:

565 4711 726 4768 dicta:
773 4715 1147 4784 praepositum:
1173 4727 1272 4784 per
1313 4711 1658 4784 privilegium
1691 4725 1808 4766 suae
1855 4709 2149 4765 conﬁrma-

557 4802 738 4869 tionis
751 4805 1168 4876 compescuerit.
1182 4805 1354 4876 Cujus
1371 4801 2150 4874 anathema'_excommunicato

565 4895 819 4955 Eurardo
853 4897 1172 4972 [Everardo]
1201 4895 1678 4962 communicando,
1711 4894 1966 4965 quodque
1983 4894 2150 4949 etiam

569 4989 767 5048 durius
794 5000 878 5048 est
909 4994 1075 5065 (sicut
1106 4991 1326 5063 dicitur)
1351 4991 1421 5046 ab
1445 5004 1511 5045 eo
1543 4987 1780 5060 pretium
1810 4985 2148 5056 accipiendo,

573 5083 865 5141 temerario
914 5100 1053 5142 ausu
1096 5087 1376 5142 incurrere
1432 5096 1542 5137 non
1599 5077 1852 5144 timuisti,
1895 5085 1952 5132 et
1978 5085 2150 5132 totam

2231 4696 2356 4742 .ras.
2391 4678 2754 4751 Quapropter,
2808 4673 3132 4748 charissime
3155 4669 3344 4736 frater,
3382 4683 3610 4726 necesse
3661 4676 3746 4723 est
3773 4675 3823 4720 ut

2249 4779 2386 4836 bene
2411 4777 2708 4846 incoeptum
2733 4777 2884 4828 recto
2918 4767 3111 4822 itinere
3154 4763 3472 4836 gradiatur;
3521 4775 3624 4817 nec
3656 4758 3822 4815 btre-

2249 4871 2358 4926 tlca
2377 4869 2540 4930 debet
2570 4865 2836 4938 pravitate
2863 4858 3040 4916 minui
3079 4856 3230 4930 quod
3285 4853 3588 4926 apostolica
3618 4859 3824 4908 constat

2251 4963 2542 5021 traditione
2599 4957 2892 5018 sancitum.
2943 4948 3259 5024 Apostoliea
3301 4945 3450 5002 enim
3505 4943 3686 5011 sedes,
3739 4942 3823 4998 cui

2248 5055 2502 5127 quamvis
2561 5049 2820 5108 immeriti
2869 5045 2982 5102 Deo
3033 5051 3258 5099 auctore
3302 5035 3684 5138 praesidemus,

3493 5143 3521 5148 _
3531 5126 3629 5148 .2-..
3643 5124 3769 5148 Ακλέἒ
