3982 5316
549 265 649 320 451

1196 259 1254 318 S.
1288 257 1613 317 CIlECORll
1653 258 1741 314 Vll
1779 257 1982 316 ΡΛΡΛΕ
2018 255 2306 315 OPEBUH
2333 257 2519 312 PARS
2555 257 2596 311 1.
2631 287 2702 299 -
2736 254 3158 316 RECISTRUM.

3713 263 3813 318 ωε

551 377 684 431 dum
715 375 896 447 (Joan.
924 377 962 446 ι)
993 375 1047 430 in
1079 376 1182 432 hac
1205 375 1507 430 intentione
1538 380 1776 428 mentem
1805 380 1958 429 tuam
1999 372 2126 427 illu—
2157 375 2203 432 Α
2229 369 2476 424 Romano
2498 369 2699 442 palatio
2727 369 3015 425 nobiscum
3040 369 3288 438 enutriti,
3327 371 3564 426 multum
3599 371 3810 430 deside-

548 465 796 520 minavit.
823 464 960 519 Nam
984 465 1332 534 omnipotens
1359 463 1523 530 Deus,
1548 462 1643 532 qui
1668 477 1862 517 omnes
1884 461 2133 516 homines

548 555 666 609 vult
697 556 880 609 salvos
924 554 1131 621 facere,
1164 563 1218 608 et
1260 554 1532 608 neminem
1563 553 1741 623 perire
1773 550 1836 623 (I
1867 550 2002 605 Tim.
2047 551 2131 621 ιι),

548 647 688 702 nihil
717 655 802 704 est
846 646 993 716 quod
1044 646 1098 700 in
1136 645 1294 700 nobis
1338 643 1511 715 magis
1557 643 1818 713 approbet
1862 657 2029 713 quam
2073 651 2135 696 ut

551 737 717 792 homo
759 746 882 807 post
924 737 1270 792 dilectionem
1312 752 1469 791 suam
1515 734 1793 790 hominem
1837 733 2047 803 diligat,
2081 740 2135 786 et

550 829 696 898 quod
727 829 832 883 sibi
865 844 975 882 non
1004 829 1121 882 vult
1153 827 1294 894 fieri,
1319 827 1412 881 alii
1439 841 1546 880 non
1575 825 1737 880 faciat
1770 823 1985 893 (Matth.
2011 823 2128 894 vn).

550 916 700 975 Hanc
729 919 911 989 itaque
933 917 1254 972 charitatem
1293 932 1396 971 nos
1426 925 1480 971 et
1504 931 1604 970 vos
1630 914 1954 985 specialibus
1975 913 2132 966 nobis

547 1025 712 1080 quam
754 1009 965 1064 caeteris
998 1009 1252 1080 gentibus
1285 1009 1566 1072 debemus,
1607 1006 1702 1077 qui
1735 1021 1905 1059 unum
1938 1003 2130 1069 Deum,

548 1102 674 1155 licet
699 1100 914 1154 diverso
939 1101 1121 1166 modo,
1147 1099 1420 1154 credimus
1443 1107 1496 1153 et
1521 1099 1864 1162 confitemur,
1888 1095 1983 1167 qui
2003 1110 2132 1149 eum

550 1193 864 1247 Creatorem
891 1193 1216 1247 saeculorum
1238 1200 1293 1246 et
1318 1192 1735 1262 gubernatorem
1755 1189 1922 1259 hujus
1944 1188 2132 1244 mundi

549 1285 793 1354 quotidie
829 1285 1115 1340 laudamus
1157 1292 1212 1338 et
1244 1285 1610 1338 veneramur.’
1631 1281 1768 1336 Nam
1813 1281 1956 1336 sicut
1988 1278 2134 1350 Apo-

550 1374 724 1428 stolus
759 1374 932 1428 dicit:
970 1372 1090 1443 Ipse
1131 1381 1207 1427 est
1243 1389 1355 1442 pax
1396 1382 1576 1426 nostra
1618 1373 1708 1443 qui
1744 1372 1869 1442 fecit
1913 1381 2132 1441 utraque

548 1480 711 1516 unum
745 1461 957 1534 (ΕρΙιεε.
995 1463 1076 1534 ιι).
1111 1463 1214 1518 Sed
1247 1463 1388 1518 hanc
1422 1462 1516 1517 tibi
1550 1463 1777 1534 gratiam
1805 1479 1834 1518 a
1861 1462 1972 1518 Deo
1996 1477 2120 1516 con-

549 1567 760 1605 cessam
786 1553 971 1621 plures
995 1553 1259 1606 nobilium
1288 1551 1657 1606 Romanorum
1685 1568 1780 1622 per
1807 1566 1908 1606 nos
1930 1565 2132 1621 cogno-

548 1657 783 1710 scentes,
827 1645 1122 1700 bonitatem
1165 1655 1218 1701 et
1251 1647 1482 1701 virtutes
1524 1655 1648 1701 tuas
1685 1647 1910 1700 omnino
1953 1644 2128 1699 admi-

2236 470 2420 517 rantes
2450 461 2505 515 in
2529 461 2824 516 amicitiam
2859 469 2914 515 et
2935 476 3176 516 amorem
3200 470 3352 516 tuum
3376 463 3654 530 devenire,
3677 475 3733 519 et
3752 466 3814 520 de

2235 551 2320 607 his
2351 567 2474 622 qua:
2518 551 2573 604 in
2607 550 2855 620 patribus
2889 551 3094 606 nostris
3135 552 3401 621 placuerit
3447 553 3545 607 tibi
3587 554 3814 610 libenter

2233 644 2459 710 servire,
2487 642 2710 697 mittunt
2739 643 2807 697 ad
2842 651 2895 697 te
2930 642 3179 698 homines
3206 658 3356 710 suos,
3391 653 3450 698 ut
3480 660 3580 713 per
3603 660 3701 721 eos
3729 645 3811 699 in-

2234 733 2445 804 telligas
2476 737 2744 802 quantum
2792 741 2845 786 te
2869 732 3190 802 prudentem
3213 741 3268 786 et
3292 733 3532 789 nobilem
3561 733 3809 799 habeant,

2233 835 2290 882 et
2321 835 2589 906 quantum
2628 826 2725 880 tibi
2766 827 2998 881 libenter
3033 826 3235 881 servire
3273 826 3440 880 velint
3478 836 3537 880 et
3578 827 3808 880 valeant.

2233 917 2384 986 Quos
2432 918 2852 989 magnificentia:
2897 926 3006 972 tua:
3048 917 3493 973 commendantes
3533 934 3810 989 rogamus,

2233 1019 2294 1065 ut
2317 1025 2439 1065 eam
2462 1008 2800 1075 charitatem,
2830 1025 2994 1079 quam
3020 1009 3114 1064 tibi
3147 1010 3362 1080 tuisque
3386 1009 3645 1063 omnibus
3675 1025 3813 1064 scm-

2233 1117 2330 1172 per
2352 1101 2664 1171 impendere
2687 1100 3083 1166 desideramus,
3105 1099 3187 1155 eis
3210 1092 3310 1170 pro
3341 1115 3530 1155 amore
3556 1111 3744 1156 nostro
3763 1109 3814 1154 et

2234 1191 2741 1262 recompensatione
2803 1191 3076 1246 ﬁdelitatis
3129 1191 3516 1261 praedictorum
3571 1193 3811 1246 virorum

2233 1284 2545 1355 impendere
2591 1285 2828 1340 studeas.
2871 1282 2985 1339 Scit
3023 1285 3169 1339 enim
3211 1283 3356 1340 Deus
3397 1285 3528 1357 quia
3573 1302 3709 1356 pure
3748 1283 3812 1340 ad

2233 1377 2495 1432 honorem
2531 1375 2625 1430 Dei
2647 1383 2721 1430 'te
2761 1374 3057 1445 diligimus,
3088 1383 3142 1429 et
3183 1375 3414 1430 salutem
3449 1383 3506 1430 et
3550 1375 3809 1431 honorem

2234 1477 2387 1523 tuum
2419 1466 2476 1521 in
2510 1465 2762 1537 praesenti
2787 1474 2842 1520 et
2867 1465 2921 1519 in
2953 1465 3136 1521 futura
3162 1465 3272 1520 vita
3297 1465 3695 1522 desideramus.
3720 1467 3811 1520 At-

2231 1577 2338 1631 que
2360 1569 2421 1616 ut
2445 1561 2561 1630 ipse
2595 1559 2739 1615 Deus
2773 1559 2830 1613 in
2877 1559 3060 1614 sinum
3089 1559 3442 1614 beatitudinis
3479 1559 3808 1615 sanctissimi

2232 1653 2553 1724 patriarcha:
2587 1651 2820 1708 Abrahae
2853 1661 2977 1723 post
3017 1653 3179 1724 longa
3202 1653 3369 1724 hujus
3397 1653 3522 1708 vita:
3552 1653 3726 1724 spatia
3760 1661 3808 1708 te

551 1746 741 1791 rantur
761 1745 814 1791 et
837 1738 1150 1808 praedicant.
1175 1737 1320 1793 Inter
1342 1754 1481 1809 quos
1503 1739 1611 1794 duo
1635 1737 1930 1793 familiares
1956 1735 2129 1791 nostri
2163 1730 2204 1790 Β
2233 1743 2493 1815 perducat
2513 1743 2676 1799 corde
2699 1751 2754 1797 et
2775 1757 2869 1798 ore
2894 1759 3173 1814 rogamus.

547 1833 830 1891 Albericus
850 1845 904 1890 et
930 1835 1173 1902 Cincius,
1198 1844 1253 1890 et
1282 1837 1350 1890 ab
1373 1837 1490 1907 ipsa
1516 1851 1653 1906 pene
1681 1833 2043 1889 adolescentia
2072 1831 2126 1886 in

1354 2003 1714 2167 L-IBER
1786 2075 2335 2184 QUARTUS
2408 2071 3005 2164 REGISTRI.

553 2230 728 2292 Anno
758 2233 1095 2293 Dominicce
1124 2232 1594 2293 Ineter-nationis
1626 2229 1952 2293 millesimo
1987 2230 2438 2311 septuagesimo
2461 2237 2638 2289 sexto
2661 2272 2678 2304 ,
2711 2229 3058 2292 indictione
3085 2231 3317 2292 decima
3358 2242 3590 2313 quarta
3620 2233 3801 2313 (337).

1023 2381 1363 2437 EPISTOLA
1401 2381 1635 2439 PRIMA.

933 2491 1000 2529 AD
1041 2491 1328 2530 I'NIVERSOS
1367 2491 1555 2531 CHRIST
1564 2491 1732 2532 IANOS.

1157 2566 1316 2621 Anno
1357 2566 1540 2630 1076.)

550 2655 803 2728 Queritur
827 2656 890 2728 de
924 2653 1142 2709 Henrici
1172 2657 1307 2728 regis
1339 2656 1584 2728 perﬁdia,
1608 2665 1658 2711 et
1684 2657 1838 2711 malis
1873 2674 1989 2728 qua:
2023 2657 2123 2712 Ec-

615 2725 776 2780 clesia
808 2727 872 2779 ab
927 2743 985 2780 eo
1019 2725 1346 2797 patiebatur.
1375 2726 1550 2781 Monet
1588 2736 1642 2780 ut
1688 2745 1806 2781 eum
1846 2725 1915 2781 ad
1950 2746 2123 2782 rerum

615 2799 975 2867 paenitentiam
1018 2806 1321 2867 provocent;
1363 2799 1502 2867 quod
1549 2799 1596 2851 si
1638 2799 1823 2852 audire
1875 2800 2121 2865 noluerit,

615 2868 840 2952 viriliter
883 2867 965 2950 illi
999 2869 1264 2952 resistant2
1303 2867 1410 2950 Eos
1431 2885 1573 2952 tero
1603 2869 1721 2952 Inui.
1745 2870 1853 2950 regi
1883 2870 2122 2952 att/tmte-

616 2949 756 3010 rant,
781 2940 828 2992 si
855 2939 1153 3010 resipiscere
1183 2939 1464 3006 voluerint,
1498 2939 1567 2992 ad
1593 2938 1846 2994 Ecclesia:
1868 2942 2124 3010 gremium

617 3009 923 3082 admittant.
964 3008 1094 3082 Illos
1123 3018 1298 3082 autem
1321 3010 1410 3082 qui
1444 3027 1476 3062 a
1506 3008 1882 3082 communione
1902 3011 2038 3082 regis
2069 3027 2122 3064 se

615 3096 716 3133 non
737 3081 1119 3146 subtraxerint,
1152 3081 1392 3133 vitandos
1417 3096 1528 3133 esse
1557 3080 1903 3134 demonstrat.

2229 2362 2324 2436 tis]
2352 2382 2364 2418 :
2393 2361 2565 2418 Genus
2589 2363 2832 2433 electum,
2867 2365 3040 2436 regale
3063 2357 3420 2420 sacerdotium
3443 2365 3499 2439 (I
3526 2366 3675 2422 Petr.
3701 2371 3759 2437 ιι)
3788 2384 3802 2422 :

2229 2455 2454 2510 Obedire
2488 2456 2658 2526 magis
2681 2465 2883 2525 oportet
2907 2457 3014 2510 Deo
3040 2474 3197 2528 quam
3223 2458 3527 2512 hominibus
3563 2458 3704 2528 (Act.
3727 2461 3800 2528 v).

2227 2547 2364 2603 Nam
2393 2546 2571 2604 vestra
2596 2547 2906 2604 fraternitas
2929 2549 3154 2605 minime
3180 2552 3394 2622 ignorat
3422 2561 3633 2622 quanto
3667 2561 3804 2606 tem-

2225 2655 2358 2711 pore
2381 2649 2569 2696 sancta
2597 2639 2838 2697 Ecclesia
2868 2641 3140 2697 inauditas
3161 2643 3457 2713 pravitates
3482 2652 3538 2698 et
3561 2644 3804 2700 diversas

2225 2732 2543 2802 iniquitates
2559 2731 2723 2804 regis,
2750 2743 2804 2788 et
2823 2733 3034 2789 utinam
3061 2732 3378 2801 Christiani,
3401 2744 3455 2790 et
3482 2735 3653 2790 vestri
3686 2752 3805 2790 sus-

2225 2824 2409 2891 tinuit,
2451 2831 2506 2879 et
2534 2833 2752 2895 quanta:
2771 2825 2946 2880 ruina:
2977 2834 3302 2896 quantaque
3329 2826 3650 2893 calamitati,
3688 2828 3803 2898 ipso

2224 2915 2450 2985 antiquo
2486 2916 2643 2971 hoste
2684 2925 2907 2972 auctore
2945 2917 3298 2987 praecedente,
3332 2917 3526 2987 patuit.
3563 2917 3666 2972 Cui
3706 2933 3803 2972 nos

2224 3004 2462 3060 fraterna
2505 3005 2794 3061 dilectione
2833 3014 2887 3060 et
2932 3019 3118 3060 amore
3161 3005 3332 3075 patris
3367 3013 3420 3060 et
3454 3006 3647 3061 matris
3685 3006 3804 3076 ejus

2151 3080 2192 3136 Ο
2225 3099 2394 3166 ducti,
2421 3100 2601 3155 adhuc
2623 3101 2677 3154 in
2704 3101 2997 3156 diaconatu
3034 3101 3194 3170 positi
3221 3100 3614 3156 admonitionis
3641 3100 3800 3154 verba

529 3193 532 3196 ’
619 3187 945 3254 Cnsconws,
977 3189 1286 3258 episc0pus,
1325 3205 1515 3244 servus
1541 3185 1822 3244 servorum
1854 3187 1968 3257 Dei,
2005 3205 2124 3246 om-
2227 3191 2655 3258 transmisimus,
2691 3201 2745 3246 et
2783 3200 3075 3261 postquam
3117 3190 3183 3244 ad
3219 3189 3455 3244 ofﬁcium
3491 3189 3798 3254 sacerdotii,

543 3280 707 3335 nibus
732 3281 786 3334 in
809 3279 1031 3335 Christo
1057 3278 1336 3346 fratribus,
1363 3280 1635 3351 episcopis
1664 3281 1934 3349 videlicet,
1958 3282 2123 3337 abha-
2222 3279 2348 3334 licet
2375 3281 2604 3351 indigni,
2646 3279 2916 3345 venimus,
2945 3287 3004 3333 ut
3030 3279 3323 3349 respiceret
3346 3295 3716 3350 summopere,
3749 3288 3802 3334 et

542 3372 690 3426 tibus
712 3380 874 3442 atque
896 3371 1292 3437 sacerdotibus,
1316 3370 1548 3426 ducibus
1573 3373 1758 3438 etiam,
1785 3373 2122 3443 principibus
2222 3370 2536 3440 frequenter
2580 3386 2676 3441 per
2712 3371 2862 3424 viros
2899 3370 3184 3441 religiosos
3214 3369 3654 3440 procuravimus.
3686 3367 3800 3439 Ipse

541 3471 707 3533 atque
736 3463 1023 3529 militibus,
1065 3463 1432 3534 omnibusque
1467 3463 1835 3519 Christianam
1880 3458 2038 3518 fidem
2069 3473 2123 3520 et
2221 3479 2350 3518 vero
2387 3463 2518 3533 quid
2563 3471 2757 3518 contra
2805 3461 2998 3533 egerit,
3044 3471 3099 3518 et
3141 3462 3420 3533 quomodo
3461 3462 3668 3516 malum
3702 3477 3798 3532 pro

542 3553 686 3610 beati
720 3554 865 3610 Petri
890 3555 1155 3609 honorem
1183 3570 1370 3609 revera
1395 3554 1763 3626 diligentibus,
1791 3555 1845 3610 in
1874 3555 2120 3612 Romano

539 3649 772 3719 imperio
793 3646 1185 3714 habitantibus,
1220 3648 1449 3702 salutem
1478 3654 1533 3702 et
1558 3648 1912 3718 apostolicam
1951 3648 2118 3704 bene-

538 3739 855 3795 dictionem.

613 3831 826 3886 Gratias
863 3830 1075 3901 agimus
1112 3827 1469 3902 omnipotenti
1501 3828 1632 3896 Deo,
1667 3832 1758 3900 qui
1793 3838 2012 3900 propter
2034 3829 2118 3883 ni—

540 3924 706 3978 miam
735 3923 1055 3977 eharitatem
1081 3939 1236 3977 suam
1262 3937 1368 3992 qua
1393 3921 1580 3976 dilexit
1604 3937 1705 3976 nos
1729 3921 1953 3992 proprio
1978 3921 2117 3976 Filio

541 4027 645 4065 suo
680 4027 788 4064 non
832 4012 1089 4082 pepercit,
1136 4011 1230 4066 sed
1271 4026 1370 4081 pro
1409 4012 1567 4068 nobis
1610 4013 1863 4067 omnibus
1900 4012 2118 4066 tradidit

539 4102 725 4169 illum;
756 4103 848 4172 qui
890 4105 1029 4157 ultra
1075 4103 1348 4170 meritum,
1381 4103 1523 4158 ultra
1561 4118 1712 4173 spem
1742 4103 1904 4157 etiam
1939 4103 2114 4158 bono-

539 4213 665 4252 rum
689 4196 972 4251 hominum
997 4194 1159 4269 {forte
1181 4194 1452 4268 omnium]
1481 4194 1781 4251 Emlesiam
1809 4211 1962 4251 suam
1988 4211 2116 4266 pro-

535 4288 690 4360 tegit,
720 4286 985 4360 gubernat
1005 4296 1057 4343 ct
1084 4287 1340 4343 defendit.
1379 4287 1545 4343 Scitis
1573 4289 1742 4356 enim,
1768 4286 1962 4343 fratres
1985 4288 2114 4342 cha-

535 4380 767 4452 rissimi,
797 4380 922 4451 quia
959 4381 1063 4434 hoe
1086 4380 1394 4450 periculoso
1426 4388 1689 4451 tempore,
1717 4381 1935 4451 quando
1958 4379 2113 4435 Anti-

537 4472 779 4527 christus
813 4472 868 4526 in
905 4470 1020 4525 suis
1050 4470 1309 4525 membris
1333 4470 1446 4541 jam
1481 4480 1760 4541 Operatur,
1796 4471 1995 4541 ubique
2021 4473 2108 4526 vix

535 4560 734 4630 aliquis
768 4561 909 4615 solet
938 4558 1192 4626 inveniri,
1226 4560 1320 4629 qui
1346 4576 1535 4616 revera
1563 4570 1618 4615 et
1640 4560 1808 4615 Deum
1852 4569 1906 4616 et
1937 4563 2110 4618 hono—

537 4667 654 4706 rem
696 4653 816 4722 ejus
851 4651 1060 4723 diligat,
1088 4652 1208 4722 ejus
1233 4661 1499 4724 praaeepta
1540 4654 1787 4710 saeculari
1821 4658 2108 4712 commodo

535 4749 590 4794 et
619 4742 802 4813 gratiae
833 4753 1174 4797 terrenorum
1208 4743 1514 4814 principum
1556 4755 1855 4815 praeponat.
1886 4745 1990 4803 Sed
2020 4748 2109 4802 ille

536 4829 630 4898 qui
654 4845 764 4883 non
791 4831 1000 4899 repellit
1021 4831 1230 4901 plebem
1257 4847 1433 4899 suam,
1457 4841 1510 4888 et
1533 4835 1774 4904 quotidie
1798 4845 2108 4906 peccatores

535 4935 567 4974 a
600 4919 819 4974 sinistra
864 4921 920 4974 in
966 4921 1242 4976 dexteram
1278 4932 1595 4992 commutat,
1639 4940 1736 4980 vos
1777 4926 2008 4996 pr0pitio
2042 4941 2107 4980 ac

533 5024 728 5066 sereno
763 5011 918 5066 vultu
959 5014 1217 5083 respexit,
1263 5021 1317 5068 et
1346 5023 1536 5070 contra
1577 5030 1709 5072 suos
1752 5016 2003 5072 inimicos
2036 5017 2105 5072 ad

533 5101 763 5154 salutem
791 5102 1085 5157 multarum
1127 5105 1369 5174 gentium
1413 5109 1606 5176 erexit,
1641 5117 1703 5164 ut
1744 5110 1917 5182 magis
1949 5112 2104 5167 vobis

532 5193 698 5248 libeat
731 5192 786 5246 in
821 5193 1064 5263 periculo
1093 5197 1418 5254 transitoria:
1452 5200 1577 5256 vita:
1605 5203 1904 5259 consistere
1937 5221 2043 5276 qua

531 5283 718 5316 mlnnn:
759 5281 918 5316 non“:
959 5283 1183 5316 ηιηνῖοιω
1227 5296 1275 5316 Α.
1321 5289 1578 5316 ιιηηΑ-Α...
1624 5293 1872 5316 1---...-μμ
1923 5295 2098 5316 ....-.ε--

2219 3554 2364 3610 bono
2383 3553 2698 3619 reddiderit,
2724 3554 2808 3608 vel
2829 3553 3064 3624 qualiter
3083 3553 3400 3608 calcaneum
3424 3567 3588 3606 suum
3613 3559 3798 3606 contra

2220 3645 2437 3699 beatum
2467 3641 2688 3698 Petrum
2714 3642 2990 3714 erigendo,
3015 3650 3260 3698 sanctam
3285 3640 3608 3708 Ecclesiam,
3636 3657 3796 3712 quam

2219 3736 2323 3793 sibi
2356 3735 2702 3806 omnipotens
2745 3733 2889 3790 Deus
2928 3735 3222 3802 commisit,
3254 3735 3503 3790 scindere
3532 3750 3797 3806 procura-

2217 3829 2374 3896 verit,
2399 3837 2578 3884 vestra
2601 3827 2754 3883 novit
2775 3828 3039 3895 eharitas,
3065 3838 3120 3884 et
3140 3844 3236 3899 per
3257 3829 3442 3882 omnia
3467 3828 3663 3883 mundi
3685 3829 3794 3899 jam

2217 3921 2501 3993 personuit
2526 3921 2765 3976 climata.
2810 3919 2917 3976 Sed
2957 3922 3086 3992 quia
3116 3921 3290 3978 nostri
3313 3929 3398 3976 est
3423 3921 3797 3976 ollicii'homi-

2217 4031 2334 4080 nes,
2371 4029 2480 4069 non
2506 4014 2637 4070 vitia
2673 4013 2914 4085 diligere,
2951 4024 3003 4070 et
3028 4015 3230 4086 pravis,
3263 4023 3325 4070 ut
3349 4016 3682 4087 resipiscam
3711 4031 3793 4071 re-

2217 4106 2430 4172 sistere,
2462 4114 2518 4162 et
2552 4105 2880 4175 impietates,
2913 4121 3022 4160 non
3064 4106 3313 4162 homines
3347 4106 3668 4171 abhorrere,
3700 4121 3795 4159 au-

2215 4200 2464 4255 ctoritate
2483 4199 2627 4256 beati
2650 4198 2794 4254 Petri
2815 4200 3188 4269 apostolorum
3217 4199 3481 4270 principis
3506 4214 3794 4255 monemus

2215 4306 2331 4357 vos,
2359 4300 2414 4347 et
2436 4298 2498 4346 ut
2525 4289 2882 4346 charissimos
2912 4289 3110 4346 fratres
3141 4305 3420 4361 rogamus,
3445 4289 3650 4344 amodo
3681 4299 3792 4345 stu-

2213 4381 2335 4436 dete
2363 4382 2516 4436 illum
2547 4381 2615 4436 de
2636 4397 2803 4436 manu
2829 4381 3031 4436 diaboli
3056 4395 3268 4447 eruere,
3295 4388 3349 4436 et
3372 4380 3440 4435 ad
3463 4396 3656 4436 veram
3680 4395 3791 4450 pm-

2214 4475 2500 4531 nitentiam
2522 4491 2842 4546 provocare,
2867 4483 2930 4530 ut
2951 4490 3074 4530 eum
3098 4475 3394 4546 possimus,
3420 4473 3530 4529 Deo
3554 4473 3786 4540 favente,

2212 4567 2279 4622 ad
2322 4567 2505 4622 sinum
2549 4566 2859 4622 communis
2892 4565 3086 4620 matris
3111 4574 3330 4632 nostrae,
3367 4580 3536 4634 quam
3558 4577 3790 4622 conatus

2209 4666 2294 4712 est
2323 4657 2591 4724 scindere,
2629 4655 2871 4712 fraterna
2917 4657 3065 4712 ducti
3095 4657 3362 4712 charitate
3395 4671 3685 4724 revocare,
3715 4658 3786 4712 ita

2209 4757 2390 4804 tamen
2428 4758 2490 4805 ut
2528 4751 2674 4806 nulla
2718 4750 2893 4821 possit
2934 4749 3124 4805 fraude
3164 4749 3396 4805 recidiva
3431 4749 3588 4805 clade
3626 4750 3786 4804 Chri—

2207 4842 2441 4898 stianam
2483 4843 2799 4914 religionem
2834 4841 3186 4909 confundere,
3228 4853 3284 4897 et
3316 4851 3561 4897 sanctam
3597 4841 3783 4898 Eccle-

2207 4935 2344 4992 siam
2375 4937 2604 5006 pedibus
2627 4937 2742 4993 suis
2764 4939 3107 4994 conculcare.

2276 5025 2432 5093 Quod
2479 5027 2526 5082 si
2567 5042 2666 5083 vos
2711 5043 2822 5084 non
2869 5029 3120 5095 audierit,
3172 5037 3228 5084 et
3275 5029 3554 5085 diabolum
3603 5029 3782 5100 potius

2205 5131 2370 5186 quam
2413 5116 2694 5174 Christum
2745 5119 2899 5190 sequi
2940 5119 3182 5191 elegerit,
3218 5129 3274 5176 et
3316 5137 3508 5176 eorum
3552 5123 3650 5193 qui
3684 5135 3779 5192 pro

2208 5208 2516 5266 Simoniaca
2550 5211 2744 5267 haeresi
2778 5212 2894 5282 jam
2936 5228 3033 5283 per
3067 5213 3229 5284 longa
3273 5221 3518 5284 tempora
3561 5229 3778 5270 excom-
