  <div class='ocr_page' id='page_1' title='image "/cluster/home/n/w/nwhite01/storage/ocr_20150623/148/hvd.32044015471840/230.png"; bbox 0 0 3982 5316; ppageno 0'>
   <div class='ocr_carea' id='block_1_1' title="bbox 198 158 319 213">
    <p class='ocr_par' dir='ltr' id='par_1_1' title="bbox 198 158 319 213">
     <span class='ocr_line' id='line_1_1' title="bbox 198 158 319 213; baseline 0 0"><span class='ocrx_word' id='word_1_1' title='bbox 198 158 319 213; x_wconf 70' lang='grc' dir='ltr'><strong>ιεδ</strong></span> 
     </span>
    </p>
   </div>
   <div class='ocr_carea' id='block_1_2' title="bbox 1314 146 2361 217">
    <p class='ocr_par' dir='ltr' id='par_1_2' title="bbox 1314 146 2361 217">
     <span class='ocr_line' id='line_1_2' title="bbox 1314 146 2361 217; baseline -0.003 -12"><span class='ocrx_word' id='word_1_2' title='bbox 1314 149 1519 206; x_wconf 72' lang='lat' dir='ltr'><strong>“BER</strong></span> <span class='ocrx_word' id='word_1_3' title='bbox 1551 146 1902 217; x_wconf 78' lang='lat' dir='ltr'><strong>QUARTUS.</strong></span> <span class='ocrx_word' id='word_1_4' title='bbox 1935 178 2006 190; x_wconf 89' lang='lat'><strong>—</strong></span> <span class='ocrx_word' id='word_1_5' title='bbox 2041 147 2260 204; x_wconf 81' lang='lat' dir='ltr'><strong>EPIST.</strong></span> <span class='ocrx_word' id='word_1_6' title='bbox 2300 147 2361 203; x_wconf 87' lang='lat' dir='ltr'><strong>ll.</strong></span> 
     </span>
    </p>
   </div>
   <div class='ocr_carea' id='block_1_3' title="bbox 3373 146 3484 204">
    <p class='ocr_par' dir='ltr' id='par_1_3' title="bbox 3373 146 3484 204">
     <span class='ocr_line' id='line_1_3' title="bbox 3373 146 3484 204; baseline 0.018 -2"><span class='ocrx_word' id='word_1_7' title='bbox 3373 146 3484 204; x_wconf 68' lang='grc' dir='ltr'><strong>ιδι</strong></span> 
     </span>
    </p>
   </div>
   <div class='ocr_carea' id='block_1_4' title="bbox 203 265 3489 341">
    <p class='ocr_par' dir='ltr' id='par_1_4' title="bbox 203 265 3489 341">
     <span class='ocr_line' id='line_1_4' title="bbox 203 265 3489 341; baseline -0.002 -12"><span class='ocrx_word' id='word_1_8' title='bbox 203 273 319 329; x_wconf 86' lang='lat' dir='ltr'><strong>sali</strong></span> <span class='ocrx_word' id='word_1_9' title='bbox 357 272 623 329; x_wconf 65' lang='lat' dir='ltr'><strong>Ecclesiae</strong></span> <span class='ocrx_word' id='word_1_10' title='bbox 644 270 868 341; x_wconf 75' lang='lat' dir='ltr'><strong>iamiam</strong></span> <span class='ocrx_word' id='word_1_11' title='bbox 905 284 1044 339; x_wconf 89' lang='lat' dir='ltr'><strong>pene</strong></span> <span class='ocrx_word' id='word_1_12' title='bbox 1073 267 1275 322; x_wconf 76' lang='lat' dir='ltr'><strong>labenti</strong></span> <span class='ocrx_word' id='word_1_13' title='bbox 1305 282 1695 322; x_wconf 82' lang='lat' dir='ltr'><strong>succurramus</strong></span> <span class='ocrx_word' id='word_1_14' title='bbox 1722 266 1804 322; x_wconf 90' lang='lat' dir='ltr'><strong>vi-</strong></span> <span class='ocrx_word' id='word_1_15' title='bbox 1832 269 1879 325; x_wconf 73' lang='grc' dir='ltr'><strong>Δ</strong></span> <span class='ocrx_word' id='word_1_16' title='bbox 1974 283 2099 336; x_wconf 81' lang='lat' dir='ltr'><strong>pum</strong></span> <span class='ocrx_word' id='word_1_17' title='bbox 2127 266 2424 341; x_wconf 67' lang='lat' dir='ltr'><strong>Tullensent</strong></span> <span class='ocrx_word' id='word_1_18' title='bbox 2450 266 2517 321; x_wconf 87' lang='lat' dir='ltr'><strong>ab</strong></span> <span class='ocrx_word' id='word_1_19' title='bbox 2550 265 2940 341; x_wconf 71' lang='lat' dir='ltr'><strong>archiepiscopo</strong></span> <span class='ocrx_word' id='word_1_20' title='bbox 2981 266 3298 341; x_wconf 69' lang='lat' dir='ltr'><strong>Tremensi,</strong></span> <span class='ocrx_word' id='word_1_21' title='bbox 3337 282 3398 341; x_wconf 75' lang='lat' dir='ltr'><strong>ne</strong></span> <span class='ocrx_word' id='word_1_22' title='bbox 3426 267 3489 323; x_wconf 81' lang='lat' dir='ltr'><strong>in</strong></span> 
     </span>
    </p>
   </div>
   <div class='ocr_carea' id='block_1_5' title="bbox 203 349 1804 433">
    <p class='ocr_par' dir='ltr' id='par_1_5' title="bbox 203 349 1804 433">
     <span class='ocr_line' id='line_1_5' title="bbox 203 349 1804 433; baseline -0.004 -13"><span class='ocrx_word' id='word_1_23' title='bbox 203 365 413 420; x_wconf 83' lang='lat' dir='ltr'><strong>riliter.</strong></span> <span class='ocrx_word' id='word_1_24' title='bbox 440 363 768 433; x_wconf 83' lang='lat' dir='ltr'><strong>Quicunque</strong></span> <span class='ocrx_word' id='word_1_25' title='bbox 794 379 862 416; x_wconf 80' lang='lat' dir='ltr'><strong>ex</strong></span> <span class='ocrx_word' id='word_1_26' title='bbox 905 362 989 416; x_wconf 88' lang='lat' dir='ltr'><strong>bis</strong></span> <span class='ocrx_word' id='word_1_27' title='bbox 1022 360 1316 429; x_wconf 87' lang='lat' dir='ltr'><strong>resipuerit</strong></span> <span class='ocrx_word' id='word_1_28' title='bbox 1351 360 1461 430; x_wconf 31' lang='lat' dir='ltr'><strong>qui,</strong></span> <span class='ocrx_word' id='word_1_29' title='bbox 1486 349 1804 429; x_wconf 67' lang='lat' dir='ltr'><strong>praedictum</strong></span> 
     </span>
    </p>
   </div>
   <div class='ocr_carea' id='block_1_6' title="bbox 189 451 1804 527">
    <p class='ocr_par' dir='ltr' id='par_1_6' title="bbox 189 451 1804 527">
     <span class='ocr_line' id='line_1_6' title="bbox 189 451 1804 527; baseline -0.005 -15"><span class='ocrx_word' id='word_1_30' title='bbox 189 473 405 527; x_wconf 71' lang='lat' dir='ltr'><strong>regem</strong></span> <span class='ocrx_word' id='word_1_31' title='bbox 427 472 542 511; x_wconf 85' lang='lat' dir='ltr'><strong>non</strong></span> <span class='ocrx_word' id='word_1_32' title='bbox 574 456 911 511; x_wconf 86' lang='lat' dir='ltr'><strong>erubuerunt</strong></span> <span class='ocrx_word' id='word_1_33' title='bbox 936 452 1298 523; x_wconf 73' lang='lat' dir='ltr'><strong>omnipotenti</strong></span> <span class='ocrx_word' id='word_1_34' title='bbox 1329 451 1441 506; x_wconf 90' lang='lat' dir='ltr'><strong>Deo</strong></span> <span class='ocrx_word' id='word_1_35' title='bbox 1467 466 1804 522; x_wconf 68' lang='lat' dir='ltr'><strong>przeponere,</strong></span> 
     </span>
    </p>
   </div>
   <div class='ocr_carea' id='block_1_7' title="bbox 198 543 1806 618">
    <p class='ocr_par' dir='ltr' id='par_1_7' title="bbox 198 543 1806 618">
     <span class='ocr_line' id='line_1_7' title="bbox 198 543 1806 618; baseline -0.005 -14"><span class='ocrx_word' id='word_1_36' title='bbox 198 558 262 604; x_wconf 90' lang='lat' dir='ltr'><strong>et</strong></span> <span class='ocrx_word' id='word_1_37' title='bbox 280 547 673 604; x_wconf 79' lang='lat' dir='ltr'><strong>Christianam</strong></span> <span class='ocrx_word' id='word_1_38' title='bbox 696 548 888 618; x_wconf 85' lang='lat' dir='ltr'><strong>legem,</strong></span> <span class='ocrx_word' id='word_1_39' title='bbox 912 544 960 602; x_wconf 88' lang='lat' dir='ltr'><strong>si</strong></span> <span class='ocrx_word' id='word_1_40' title='bbox 984 561 1093 600; x_wconf 92' lang='lat' dir='ltr'><strong>non</strong></span> <span class='ocrx_word' id='word_1_41' title='bbox 1117 544 1319 610; x_wconf 89' lang='lat' dir='ltr'><strong>verbis,</strong></span> <span class='ocrx_word' id='word_1_42' title='bbox 1345 543 1603 614; x_wconf 85' lang='lat' dir='ltr'><strong>operibus</strong></span> <span class='ocrx_word' id='word_1_43' title='bbox 1623 551 1806 597; x_wconf 91' lang='lat' dir='ltr'><strong>tamen</strong></span> 
     </span>
    </p>
   </div>
   <div class='ocr_carea' id='block_1_8' title="bbox 202 637 1809 715">
    <p class='ocr_par' dir='ltr' id='par_1_8' title="bbox 202 637 1809 715">
     <span class='ocr_line' id='line_1_8' title="bbox 202 637 1809 715; baseline -0.006 -17"><span class='ocrx_word' id='word_1_44' title='bbox 202 660 443 715; x_wconf 79' lang='lat' dir='ltr'><strong>negare,</strong></span> <span class='ocrx_word' id='word_1_45' title='bbox 475 643 625 698; x_wconf 84' lang='lat' dir='ltr'><strong>sicut</strong></span> <span class='ocrx_word' id='word_1_46' title='bbox 651 642 783 697; x_wconf 91' lang='lat' dir='ltr'><strong>dicit</strong></span> <span class='ocrx_word' id='word_1_47' title='bbox 823 638 1116 710; x_wconf 80' lang='lat' dir='ltr'><strong>Apostolus</strong></span> <span class='ocrx_word' id='word_1_48' title='bbox 1142 656 1154 692; x_wconf 90' lang='lat'><strong>:</strong></span> <span class='ocrx_word' id='word_1_49' title='bbox 1197 638 1300 692; x_wconf 85' lang='lat' dir='ltr'><strong><em>Ore</em></strong></span> <span class='ocrx_word' id='word_1_50' title='bbox 1333 637 1544 709; x_wconf 82' lang='lat' dir='ltr'><strong>quidem</strong></span> <span class='ocrx_word' id='word_1_51' title='bbox 1574 637 1809 707; x_wconf 73' lang='lat' dir='ltr'><strong>fatentur</strong></span> 
     </span>
    </p>
   </div>
   <div class='ocr_carea' id='block_1_9' title="bbox 206 726 1807 802">
    <p class='ocr_par' dir='ltr' id='par_1_9' title="bbox 206 726 1807 802">
     <span class='ocr_line' id='line_1_9' title="bbox 206 726 1807 802; baseline -0.004 -15"><span class='ocrx_word' id='word_1_52' title='bbox 206 732 411 799; x_wconf 82' lang='lat' dir='ltr'><strong>Deum,</strong></span> <span class='ocrx_word' id='word_1_53' title='bbox 451 732 617 802; x_wconf 78' lang='lat' dir='ltr'><strong>factis</strong></span> <span class='ocrx_word' id='word_1_54' title='bbox 648 741 823 785; x_wconf 83' lang='lat' dir='ltr'><strong>autem</strong></span> <span class='ocrx_word' id='word_1_55' title='bbox 853 737 1047 801; x_wconf 82' lang='lat' dir='ltr'><strong>negant</strong></span> <span class='ocrx_word' id='word_1_56' title='bbox 1084 726 1214 799; x_wconf 86' lang='lat' dir='ltr'><strong>(Tit.</strong></span> <span class='ocrx_word' id='word_1_57' title='bbox 1251 728 1321 799; x_wconf 85' lang='lat' dir='ltr'><strong>i);</strong></span> <span class='ocrx_word' id='word_1_58' title='bbox 1350 741 1450 782; x_wconf 89' lang='lat' dir='ltr'><strong>vos</strong></span> <span class='ocrx_word' id='word_1_59' title='bbox 1480 726 1677 782; x_wconf 82' lang='lat' dir='ltr'><strong>fratres</strong></span> <span class='ocrx_word' id='word_1_60' title='bbox 1700 727 1807 782; x_wconf 89' lang='lat' dir='ltr'><strong>mei</strong></span> 
     </span>
    </p>
   </div>
   <div class='ocr_carea' id='block_1_10' title="bbox 202 817 1809 880">
    <p class='ocr_par' dir='ltr' id='par_1_10' title="bbox 202 817 1809 880">
     <span class='ocr_line' id='line_1_10' title="bbox 202 817 1809 880; baseline -0.004 0"><span class='ocrx_word' id='word_1_61' title='bbox 202 832 263 879; x_wconf 84' lang='lat' dir='ltr'><strong>et</strong></span> <span class='ocrx_word' id='word_1_62' title='bbox 300 824 739 880; x_wconf 81' lang='lat' dir='ltr'><strong>consacerdotes</strong></span> <span class='ocrx_word' id='word_1_63' title='bbox 782 822 903 877; x_wconf 89' lang='lat' dir='ltr'><strong>illos</strong></span> <span class='ocrx_word' id='word_1_64' title='bbox 928 819 1254 876; x_wconf 82' lang='lat' dir='ltr'><strong>auctoritate</strong></span> <span class='ocrx_word' id='word_1_65' title='bbox 1286 818 1432 874; x_wconf 82' lang='lat' dir='ltr'><strong>beati</strong></span> <span class='ocrx_word' id='word_1_66' title='bbox 1465 817 1612 874; x_wconf 89' lang='lat' dir='ltr'><strong>Petri</strong></span> <span class='ocrx_word' id='word_1_67' title='bbox 1634 820 1809 876; x_wconf 89' lang='lat' dir='ltr'><strong>susci-</strong></span> 
     </span>
    </p>
   </div>
   <div class='ocr_carea' id='block_1_11' title="bbox 202 908 1810 985">
    <p class='ocr_par' dir='ltr' id='par_1_11' title="bbox 202 908 1810 985">
     <span class='ocr_line' id='line_1_11' title="bbox 202 908 1810 985; baseline -0.003 -17"><span class='ocrx_word' id='word_1_68' title='bbox 202 914 350 985; x_wconf 85' lang='lat' dir='ltr'><strong>pite,</strong></span> <span class='ocrx_word' id='word_1_69' title='bbox 379 921 437 967; x_wconf 89' lang='lat' dir='ltr'><strong>et</strong></span> <span class='ocrx_word' id='word_1_70' title='bbox 459 913 532 967; x_wconf 91' lang='lat' dir='ltr'><strong>ad</strong></span> <span class='ocrx_word' id='word_1_71' title='bbox 568 913 837 983; x_wconf 77' lang='lat' dir='ltr'><strong>gremium</strong></span> <span class='ocrx_word' id='word_1_72' title='bbox 862 911 1052 965; x_wconf 80' lang='lat' dir='ltr'><strong>matris</strong></span> <span class='ocrx_word' id='word_1_73' title='bbox 1083 917 1288 965; x_wconf 73' lang='lat' dir='ltr'><strong>nostra:</strong></span> <span class='ocrx_word' id='word_1_74' title='bbox 1326 916 1529 964; x_wconf 67' lang='lat' dir='ltr'><strong>sanctae</strong></span> <span class='ocrx_word' id='word_1_75' title='bbox 1552 908 1810 964; x_wconf 68' lang='lat' dir='ltr'><strong>Ecclesia:</strong></span> 
     </span>
    </p>
   </div>
   <div class='ocr_carea' id='block_1_12' title="bbox 207 998 1809 1071">
    <p class='ocr_par' dir='ltr' id='par_1_12' title="bbox 207 998 1809 1071">
     <span class='ocr_line' id='line_1_12' title="bbox 207 998 1809 1071; baseline -0.002 -13"><span class='ocrx_word' id='word_1_76' title='bbox 207 1002 491 1069; x_wconf 84' lang='lat' dir='ltr'><strong>reducite,</strong></span> <span class='ocrx_word' id='word_1_77' title='bbox 520 1011 584 1057; x_wconf 91' lang='lat' dir='ltr'><strong>ut</strong></span> <span class='ocrx_word' id='word_1_78' title='bbox 604 1000 923 1056; x_wconf 84' lang='lat' dir='ltr'><strong>mereamini</strong></span> <span class='ocrx_word' id='word_1_79' title='bbox 947 1000 1204 1071; x_wconf 77' lang='lat' dir='ltr'><strong>gaudium</strong></span> <span class='ocrx_word' id='word_1_80' title='bbox 1230 998 1286 1054; x_wconf 91' lang='lat' dir='ltr'><strong>in</strong></span> <span class='ocrx_word' id='word_1_81' title='bbox 1313 998 1455 1055; x_wconf 60' lang='lat' dir='ltr'><strong>caelo</strong></span> <span class='ocrx_word' id='word_1_82' title='bbox 1482 1000 1689 1071; x_wconf 89' lang='lat' dir='ltr'><strong>angelis</strong></span> <span class='ocrx_word' id='word_1_83' title='bbox 1714 998 1809 1055; x_wconf 86' lang='lat' dir='ltr'><strong>Dei</strong></span> 
     </span>
    </p>
   </div>
   <div class='ocr_carea' id='block_1_13' title="bbox 209 1088 1811 1156">
    <p class='ocr_par' dir='ltr' id='par_1_13' title="bbox 209 1088 1811 1156">
     <span class='ocr_line' id='line_1_13' title="bbox 209 1088 1811 1156; baseline -0.001 -8"><span class='ocrx_word' id='word_1_84' title='bbox 209 1095 513 1149; x_wconf 86' lang='lat' dir='ltr'><strong>innovare.</strong></span> <span class='ocrx_word' id='word_1_85' title='bbox 529 1092 590 1147; x_wconf 89' lang='lat' dir='ltr'><strong>ln</strong></span> <span class='ocrx_word' id='word_1_86' title='bbox 610 1092 867 1148; x_wconf 91' lang='lat' dir='ltr'><strong>omnibus</strong></span> <span class='ocrx_word' id='word_1_87' title='bbox 888 1100 1092 1156; x_wconf 91' lang='lat' dir='ltr'><strong>tamen,</strong></span> <span class='ocrx_word' id='word_1_88' title='bbox 1110 1091 1252 1146; x_wconf 86' lang='lat' dir='ltr'><strong>sicut</strong></span> <span class='ocrx_word' id='word_1_89' title='bbox 1274 1088 1430 1145; x_wconf 86' lang='lat' dir='ltr'><strong>decet</strong></span> <span class='ocrx_word' id='word_1_90' title='bbox 1456 1091 1811 1148; x_wconf 84' lang='lat' dir='ltr'><strong>charissimos</strong></span> 
     </span>
    </p>
   </div>
   <div class='ocr_carea' id='block_1_14' title="bbox 208 1182 1810 1254">
    <p class='ocr_par' dir='ltr' id='par_1_14' title="bbox 208 1182 1810 1254">
     <span class='ocr_line' id='line_1_14' title="bbox 208 1182 1810 1254; baseline -0.001 -14"><span class='ocrx_word' id='word_1_91' title='bbox 208 1186 379 1251; x_wconf 87' lang='lat' dir='ltr'><strong>lilios,</strong></span> <span class='ocrx_word' id='word_1_92' title='bbox 404 1186 679 1240; x_wconf 88' lang='lat' dir='ltr'><strong>honorem</strong></span> <span class='ocrx_word' id='word_1_93' title='bbox 710 1183 784 1253; x_wconf 85' lang='lat' dir='ltr'><strong>pii</strong></span> <span class='ocrx_word' id='word_1_94' title='bbox 815 1182 992 1238; x_wconf 85' lang='lat' dir='ltr'><strong>Patris</strong></span> <span class='ocrx_word' id='word_1_95' title='bbox 1030 1182 1200 1238; x_wconf 78' lang='lat' dir='ltr'><strong>vestri</strong></span> <span class='ocrx_word' id='word_1_96' title='bbox 1242 1182 1616 1252; x_wconf 82' lang='lat' dir='ltr'><strong>apostolorum</strong></span> <span class='ocrx_word' id='word_1_97' title='bbox 1654 1183 1810 1254; x_wconf 88' lang='lat' dir='ltr'><strong>prin-</strong></span> 
     </span>
    </p>
   </div>
   <div class='ocr_carea' id='block_1_15' title="bbox 208 1270 1813 1345">
    <p class='ocr_par' dir='ltr' id='par_1_15' title="bbox 208 1270 1813 1345">
     <span class='ocr_line' id='line_1_15' title="bbox 208 1270 1813 1345; baseline -0.001 -16"><span class='ocrx_word' id='word_1_98' title='bbox 208 1275 356 1345; x_wconf 86' lang='lat' dir='ltr'><strong>cipis</strong></span> <span class='ocrx_word' id='word_1_99' title='bbox 379 1290 499 1344; x_wconf 75' lang='lat' dir='ltr'><strong>prae</strong></span> <span class='ocrx_word' id='word_1_100' title='bbox 519 1273 700 1329; x_wconf 90' lang='lat' dir='ltr'><strong>oculis</strong></span> <span class='ocrx_word' id='word_1_101' title='bbox 728 1273 940 1327; x_wconf 87' lang='lat' dir='ltr'><strong>habete.</strong></span> <span class='ocrx_word' id='word_1_102' title='bbox 971 1270 1297 1342; x_wconf 84' lang='lat' dir='ltr'><strong>Quicunque</strong></span> <span class='ocrx_word' id='word_1_103' title='bbox 1321 1280 1503 1329; x_wconf 89' lang='lat' dir='ltr'><strong>autem</strong></span> <span class='ocrx_word' id='word_1_104' title='bbox 1527 1273 1813 1345; x_wconf 88' lang='lat' dir='ltr'><strong>episcopo-</strong></span> 
     </span>
    </p>
   </div>
   <div class='ocr_carea' id='block_1_16' title="bbox 210 1363 1811 1434">
    <p class='ocr_par' dir='ltr' id='par_1_16' title="bbox 210 1363 1811 1434">
     <span class='ocr_line' id='line_1_16' title="bbox 210 1363 1811 1434; baseline -0.001 -11"><span class='ocrx_word' id='word_1_105' title='bbox 210 1382 341 1423; x_wconf 80' lang='lat' dir='ltr'><strong>rum</strong></span> <span class='ocrx_word' id='word_1_106' title='bbox 369 1366 458 1420; x_wconf 92' lang='lat' dir='ltr'><strong>vel</strong></span> <span class='ocrx_word' id='word_1_107' title='bbox 484 1365 757 1421; x_wconf 87' lang='lat' dir='ltr'><strong>laicorum</strong></span> <span class='ocrx_word' id='word_1_108' title='bbox 781 1364 978 1419; x_wconf 86' lang='lat' dir='ltr'><strong>timore</strong></span> <span class='ocrx_word' id='word_1_109' title='bbox 1004 1363 1091 1418; x_wconf 90' lang='lat' dir='ltr'><strong>vel</strong></span> <span class='ocrx_word' id='word_1_110' title='bbox 1130 1363 1303 1434; x_wconf 89' lang='lat' dir='ltr'><strong>gratia</strong></span> <span class='ocrx_word' id='word_1_111' title='bbox 1332 1365 1573 1422; x_wconf 87' lang='lat' dir='ltr'><strong>humana</strong></span> <span class='ocrx_word' id='word_1_112' title='bbox 1602 1366 1811 1422; x_wconf 84' lang='lat' dir='ltr'><strong>seducti</strong></span> 
     </span>
    </p>
   </div>
   <div class='ocr_carea' id='block_1_17' title="bbox 210 1455 1811 1527">
    <p class='ocr_par' dir='ltr' id='par_1_17' title="bbox 210 1455 1811 1527">
     <span class='ocr_line' id='line_1_17' title="bbox 210 1455 1811 1527; baseline 0.002 -16"><span class='ocrx_word' id='word_1_113' title='bbox 210 1473 244 1511; x_wconf 89' lang='lat' dir='ltr'><strong>a</strong></span> <span class='ocrx_word' id='word_1_114' title='bbox 266 1457 670 1515; x_wconf 88' lang='lat' dir='ltr'><strong>communione</strong></span> <span class='ocrx_word' id='word_1_115' title='bbox 699 1456 841 1527; x_wconf 78' lang='lat' dir='ltr'><strong>regis</strong></span> <span class='ocrx_word' id='word_1_116' title='bbox 869 1472 927 1511; x_wconf 87' lang='lat' dir='ltr'><strong>se</strong></span> <span class='ocrx_word' id='word_1_117' title='bbox 951 1471 1062 1510; x_wconf 93' lang='lat' dir='ltr'><strong>non</strong></span> <span class='ocrx_word' id='word_1_118' title='bbox 1087 1455 1497 1524; x_wconf 80' lang='lat' dir='ltr'><strong>subtraxerunt,</strong></span> <span class='ocrx_word' id='word_1_119' title='bbox 1526 1459 1621 1514; x_wconf 87' lang='lat' dir='ltr'><strong>sed</strong></span> <span class='ocrx_word' id='word_1_120' title='bbox 1651 1459 1699 1514; x_wconf 91' lang='lat' dir='ltr'><strong>ei</strong></span> <span class='ocrx_word' id='word_1_121' title='bbox 1728 1457 1811 1514; x_wconf 88' lang='lat' dir='ltr'><strong>fa-</strong></span> 
     </span>
    </p>
   </div>
   <div class='ocr_carea' id='block_1_18' title="bbox 208 1546 1810 1614">
    <p class='ocr_par' dir='ltr' id='par_1_18' title="bbox 208 1546 1810 1614">
     <span class='ocr_line' id='line_1_18' title="bbox 208 1546 1810 1614; baseline 0.002 -13"><span class='ocrx_word' id='word_1_122' title='bbox 208 1557 408 1604; x_wconf 80' lang='lat' dir='ltr'><strong>ventes</strong></span> <span class='ocrx_word' id='word_1_123' title='bbox 453 1549 701 1604; x_wconf 87' lang='lat' dir='ltr'><strong>animam</strong></span> <span class='ocrx_word' id='word_1_124' title='bbox 731 1563 887 1603; x_wconf 86' lang='lat' dir='ltr'><strong>suam</strong></span> <span class='ocrx_word' id='word_1_125' title='bbox 923 1557 980 1602; x_wconf 90' lang='lat' dir='ltr'><strong>et</strong></span> <span class='ocrx_word' id='word_1_126' title='bbox 1022 1546 1171 1604; x_wconf 92' lang='lat' dir='ltr'><strong>illius</strong></span> <span class='ocrx_word' id='word_1_127' title='bbox 1201 1548 1420 1614; x_wconf 76' lang='lat' dir='ltr'><strong>diabolo</strong></span> <span class='ocrx_word' id='word_1_128' title='bbox 1446 1550 1810 1606; x_wconf 63' lang='lat' dir='ltr'><strong>tradere‘non</strong></span> 
     </span>
    </p>
   </div>
   <div class='ocr_carea' id='block_1_19' title="bbox 212 1639 1812 1713">
    <p class='ocr_par' dir='ltr' id='par_1_19' title="bbox 212 1639 1812 1713">
     <span class='ocr_line' id='line_1_19' title="bbox 212 1639 1812 1713; baseline 0.002 -19"><span class='ocrx_word' id='word_1_129' title='bbox 212 1640 548 1706; x_wconf 83' lang='lat' dir='ltr'><strong>timuerunt,</strong></span> <span class='ocrx_word' id='word_1_130' title='bbox 585 1640 633 1695; x_wconf 92' lang='lat' dir='ltr'><strong>si</strong></span> <span class='ocrx_word' id='word_1_131' title='bbox 664 1655 776 1694; x_wconf 91' lang='lat' dir='ltr'><strong>non</strong></span> <span class='ocrx_word' id='word_1_132' title='bbox 810 1639 1143 1710; x_wconf 88' lang='lat' dir='ltr'><strong>resipuerint</strong></span> <span class='ocrx_word' id='word_1_133' title='bbox 1176 1648 1231 1695; x_wconf 91' lang='lat' dir='ltr'><strong>et</strong></span> <span class='ocrx_word' id='word_1_134' title='bbox 1268 1642 1594 1713; x_wconf 79' lang='lat' dir='ltr'><strong>condignam</strong></span> <span class='ocrx_word' id='word_1_135' title='bbox 1631 1641 1812 1713; x_wconf 67' lang='lat' dir='ltr'><strong>poeni-</strong></span> 
     </span>
    </p>
   </div>
   <div class='ocr_carea' id='block_1_20' title="bbox 213 1732 1813 1803">
    <p class='ocr_par' dir='ltr' id='par_1_20' title="bbox 213 1732 1813 1803">
     <span class='ocr_line' id='line_1_20' title="bbox 213 1732 1813 1803; baseline 0.001 -16"><span class='ocrx_word' id='word_1_136' title='bbox 213 1733 447 1788; x_wconf 87' lang='lat' dir='ltr'><strong>tentiam</strong></span> <span class='ocrx_word' id='word_1_137' title='bbox 480 1733 720 1803; x_wconf 86' lang='lat' dir='ltr'><strong>egerint,</strong></span> <span class='ocrx_word' id='word_1_138' title='bbox 752 1732 956 1786; x_wconf 91' lang='lat' dir='ltr'><strong>nullam</strong></span> <span class='ocrx_word' id='word_1_139' title='bbox 993 1748 1121 1787; x_wconf 91' lang='lat' dir='ltr'><strong>cum</strong></span> <span class='ocrx_word' id='word_1_140' title='bbox 1149 1732 1230 1788; x_wconf 90' lang='lat' dir='ltr'><strong>eis</strong></span> <span class='ocrx_word' id='word_1_141' title='bbox 1261 1735 1702 1789; x_wconf 89' lang='lat' dir='ltr'><strong>communionem</strong></span> <span class='ocrx_word' id='word_1_142' title='bbox 1727 1734 1813 1790; x_wconf 83' lang='lat' dir='ltr'><strong>vel</strong></span> 
     </span>
    </p>
   </div>
   <div class='ocr_carea' id='block_1_21' title="bbox 99 1822 1813 1895">
    <p class='ocr_par' dir='ltr' id='par_1_21' title="bbox 99 1822 1813 1895">
     <span class='ocr_line' id='line_1_21' title="bbox 99 1822 1813 1895; baseline 0.002 -18"><span class='ocrx_word' id='word_1_143' title='bbox 99 1852 111 1865; x_wconf 74' lang='grc' dir='ltr'><strong><em>ο</em></strong></span> <span class='ocrx_word' id='word_1_144' title='bbox 216 1824 527 1881; x_wconf 80' lang='lat' dir='ltr'><strong>amicitiam</strong></span> <span class='ocrx_word' id='word_1_145' title='bbox 545 1823 818 1879; x_wconf 86' lang='lat' dir='ltr'><strong>habeatis.</strong></span> <span class='ocrx_word' id='word_1_146' title='bbox 845 1822 941 1879; x_wconf 90' lang='lat' dir='ltr'><strong>lsti</strong></span> <span class='ocrx_word' id='word_1_147' title='bbox 960 1824 1106 1878; x_wconf 90' lang='lat' dir='ltr'><strong>enim</strong></span> <span class='ocrx_word' id='word_1_148' title='bbox 1131 1832 1259 1879; x_wconf 91' lang='lat' dir='ltr'><strong>sunt</strong></span> <span class='ocrx_word' id='word_1_149' title='bbox 1278 1825 1374 1895; x_wconf 93' lang='lat' dir='ltr'><strong>qui</strong></span> <span class='ocrx_word' id='word_1_150' title='bbox 1395 1827 1631 1879; x_wconf 89' lang='lat' dir='ltr'><strong>animam</strong></span> <span class='ocrx_word' id='word_1_151' title='bbox 1657 1841 1813 1880; x_wconf 88' lang='lat' dir='ltr'><strong>suam</strong></span> 
     </span>
    </p>
   </div>
   <div class='ocr_carea' id='block_1_22' title="bbox 215 1915 1812 1989">
    <p class='ocr_par' dir='ltr' id='par_1_22' title="bbox 215 1915 1812 1989">
     <span class='ocr_line' id='line_1_22' title="bbox 215 1915 1812 1989; baseline 0.002 -20"><span class='ocrx_word' id='word_1_152' title='bbox 215 1924 273 1969; x_wconf 88' lang='lat' dir='ltr'><strong>et</strong></span> <span class='ocrx_word' id='word_1_153' title='bbox 299 1915 448 1986; x_wconf 87' lang='lat' dir='ltr'><strong>regis</strong></span> <span class='ocrx_word' id='word_1_154' title='bbox 463 1915 597 1971; x_wconf 87' lang='lat' dir='ltr'><strong>odio</strong></span> <span class='ocrx_word' id='word_1_155' title='bbox 613 1915 819 1970; x_wconf 86' lang='lat' dir='ltr'><strong>habent</strong></span> <span class='ocrx_word' id='word_1_156' title='bbox 837 1923 893 1969; x_wconf 92' lang='lat' dir='ltr'><strong>et</strong></span> <span class='ocrx_word' id='word_1_157' title='bbox 915 1915 1193 1983; x_wconf 89' lang='lat' dir='ltr'><strong>occidunt,</strong></span> <span class='ocrx_word' id='word_1_158' title='bbox 1210 1925 1265 1971; x_wconf 88' lang='lat' dir='ltr'><strong>et</strong></span> <span class='ocrx_word' id='word_1_159' title='bbox 1284 1933 1535 1988; x_wconf 88' lang='lat' dir='ltr'><strong>regnum,</strong></span> <span class='ocrx_word' id='word_1_160' title='bbox 1558 1916 1812 1989; x_wconf 89' lang='lat' dir='ltr'><strong>patriam,</strong></span> 
     </span>
    </p>
   </div>
   <div class='ocr_carea' id='block_1_23' title="bbox 216 2006 1814 2078">
    <p class='ocr_par' dir='ltr' id='par_1_23' title="bbox 216 2006 1814 2078">
     <span class='ocr_line' id='line_1_23' title="bbox 216 2006 1814 2078; baseline 0.002 -17"><span class='ocrx_word' id='word_1_161' title='bbox 216 2006 713 2077; x_wconf 83' lang='lat' dir='ltr'><strong>Christianamque</strong></span> <span class='ocrx_word' id='word_1_162' title='bbox 755 2007 1073 2078; x_wconf 88' lang='lat' dir='ltr'><strong>religionem</strong></span> <span class='ocrx_word' id='word_1_163' title='bbox 1105 2007 1439 2064; x_wconf 88' lang='lat' dir='ltr'><strong>confundere</strong></span> <span class='ocrx_word' id='word_1_164' title='bbox 1477 2024 1588 2064; x_wconf 91' lang='lat' dir='ltr'><strong>non</strong></span> <span class='ocrx_word' id='word_1_165' title='bbox 1614 2010 1814 2065; x_wconf 89' lang='lat' dir='ltr'><strong>erube-</strong></span> 
     </span>
    </p>
   </div>
   <div class='ocr_carea' id='block_1_24' title="bbox 218 2097 1816 2175">
    <p class='ocr_par' dir='ltr' id='par_1_24' title="bbox 218 2097 1816 2175">
     <span class='ocr_line' id='line_1_24' title="bbox 218 2097 1816 2175; baseline 0.004 -21"><span class='ocrx_word' id='word_1_166' title='bbox 218 2107 407 2155; x_wconf 88' lang='lat' dir='ltr'><strong>scunt.</strong></span> <span class='ocrx_word' id='word_1_167' title='bbox 433 2098 595 2155; x_wconf 84' lang='lat' dir='ltr'><strong>Sicut</strong></span> <span class='ocrx_word' id='word_1_168' title='bbox 620 2097 771 2154; x_wconf 90' lang='lat' dir='ltr'><strong>enim</strong></span> <span class='ocrx_word' id='word_1_169' title='bbox 801 2100 960 2155; x_wconf 85' lang='lat' dir='ltr'><strong>nobis</strong></span> <span class='ocrx_word' id='word_1_170' title='bbox 993 2099 1249 2155; x_wconf 83' lang='lat' dir='ltr'><strong>imminet</strong></span> <span class='ocrx_word' id='word_1_171' title='bbox 1265 2101 1414 2171; x_wconf 92' lang='lat' dir='ltr'><strong>quod</strong></span> <span class='ocrx_word' id='word_1_172' title='bbox 1459 2117 1557 2171; x_wconf 91' lang='lat' dir='ltr'><strong>per</strong></span> <span class='ocrx_word' id='word_1_173' title='bbox 1579 2103 1816 2175; x_wconf 85' lang='lat' dir='ltr'><strong>prophe-</strong></span> 
     </span>
    </p>
   </div>
   <div class='ocr_carea' id='block_1_25' title="bbox 219 2189 1818 2267">
    <p class='ocr_par' dir='ltr' id='par_1_25' title="bbox 219 2189 1818 2267">
     <span class='ocr_line' id='line_1_25' title="bbox 219 2189 1818 2267; baseline 0.002 -19"><span class='ocrx_word' id='word_1_174' title='bbox 219 2198 340 2249; x_wconf 78' lang='lat' dir='ltr'><strong>tam</strong></span> <span class='ocrx_word' id='word_1_175' title='bbox 366 2191 591 2247; x_wconf 77' lang='lat' dir='ltr'><strong>dicitur.</strong></span> <span class='ocrx_word' id='word_1_176' title='bbox 627 2189 687 2246; x_wconf 89' lang='lat' dir='ltr'><strong>Si</strong></span> <span class='ocrx_word' id='word_1_177' title='bbox 719 2208 825 2246; x_wconf 83' lang='lat' dir='ltr'><strong>non</strong></span> <span class='ocrx_word' id='word_1_178' title='bbox 851 2193 1247 2247; x_wconf 74' lang='lat' dir='ltr'><strong>annuntiaveris</strong></span> <span class='ocrx_word' id='word_1_179' title='bbox 1273 2194 1454 2266; x_wconf 86' lang='lat' dir='ltr'><strong>iniquo</strong></span> <span class='ocrx_word' id='word_1_180' title='bbox 1484 2195 1818 2267; x_wconf 78' lang='lat' dir='ltr'><strong>iniquitatem</strong></span> 
     </span>
    </p>
   </div>
   <div class='ocr_carea' id='block_1_26' title="bbox 220 2282 1815 2359">
    <p class='ocr_par' dir='ltr' id='par_1_26' title="bbox 220 2282 1815 2359">
     <span class='ocr_line' id='line_1_26' title="bbox 220 2282 1815 2359; baseline 0.004 -24"><span class='ocrx_word' id='word_1_181' title='bbox 220 2298 402 2346; x_wconf 75' lang='lat' dir='ltr'><strong>suam,</strong></span> <span class='ocrx_word' id='word_1_182' title='bbox 420 2283 660 2337; x_wconf 82' lang='lat' dir='ltr'><strong>animum</strong></span> <span class='ocrx_word' id='word_1_183' title='bbox 674 2282 791 2353; x_wconf 86' lang='lat' dir='ltr'><strong>ejus</strong></span> <span class='ocrx_word' id='word_1_184' title='bbox 810 2283 874 2337; x_wconf 86' lang='lat' dir='ltr'><strong>de</strong></span> <span class='ocrx_word' id='word_1_185' title='bbox 893 2301 1053 2339; x_wconf 87' lang='lat' dir='ltr'><strong>manu</strong></span> <span class='ocrx_word' id='word_1_186' title='bbox 1069 2293 1160 2338; x_wconf 87' lang='lat' dir='ltr'><strong>tua</strong></span> <span class='ocrx_word' id='word_1_187' title='bbox 1182 2286 1448 2356; x_wconf 82' lang='lat' dir='ltr'><strong>requiram</strong></span> <span class='ocrx_word' id='word_1_188' title='bbox 1465 2284 1681 2357; x_wconf 75' lang='lat' dir='ltr'><strong>(Ezech.</strong></span> <span class='ocrx_word' id='word_1_189' title='bbox 1702 2289 1783 2359; x_wconf 85' lang='grc' dir='ltr'>ιιι)</span> <span class='ocrx_word' id='word_1_190' title='bbox 1800 2305 1815 2355; x_wconf 88' lang='lat'><strong>;</strong></span> 
     </span>
    </p>
   </div>
   <div class='ocr_carea' id='block_1_27' title="bbox 220 2374 1821 2452">
    <p class='ocr_par' dir='ltr' id='par_1_27' title="bbox 220 2374 1821 2452">
     <span class='ocr_line' id='line_1_27' title="bbox 220 2374 1821 2452; baseline 0.003 -22"><span class='ocrx_word' id='word_1_191' title='bbox 220 2383 285 2430; x_wconf 83' lang='lat' dir='ltr'><strong>et</strong></span> <span class='ocrx_word' id='word_1_192' title='bbox 318 2374 640 2429; x_wconf 69' lang='lat' dir='ltr'><strong>Haledictus</strong></span> <span class='ocrx_word' id='word_1_193' title='bbox 671 2376 762 2447; x_wconf 83' lang='lat' dir='ltr'><strong>qui</strong></span> <span class='ocrx_word' id='word_1_194' title='bbox 788 2376 1022 2446; x_wconf 81' lang='lat' dir='ltr'><strong>prohibet</strong></span> <span class='ocrx_word' id='word_1_195' title='bbox 1049 2377 1289 2448; x_wconf 86' lang='lat' dir='ltr'><strong>gladium</strong></span> <span class='ocrx_word' id='word_1_196' title='bbox 1319 2395 1473 2432; x_wconf 88' lang='lat' dir='ltr'><strong>suum</strong></span> <span class='ocrx_word' id='word_1_197' title='bbox 1502 2396 1535 2434; x_wconf 91' lang='lat' dir='ltr'><strong>a</strong></span> <span class='ocrx_word' id='word_1_198' title='bbox 1566 2381 1821 2452; x_wconf 75' lang='lat' dir='ltr'><strong>sanguine</strong></span> 
     </span>
    </p>
   </div>
   <div class='ocr_carea' id='block_1_28' title="bbox 224 2464 1821 2544">
    <p class='ocr_par' dir='ltr' id='par_1_28' title="bbox 224 2464 1821 2544">
     <span class='ocr_line' id='line_1_28' title="bbox 224 2464 1821 2544; baseline 0.006 -24"><span class='ocrx_word' id='word_1_199' title='bbox 224 2464 365 2538; x_wconf 80' lang='lat' dir='ltr'><strong>(Jer.</strong></span> <span class='ocrx_word' id='word_1_200' title='bbox 409 2467 624 2538; x_wconf 67' lang='lat' dir='ltr'><strong>sunt),</strong></span> <span class='ocrx_word' id='word_1_201' title='bbox 651 2468 707 2523; x_wconf 92' lang='lat' dir='ltr'><strong>id</strong></span> <span class='ocrx_word' id='word_1_202' title='bbox 748 2478 833 2524; x_wconf 91' lang='lat' dir='ltr'><strong>est</strong></span> <span class='ocrx_word' id='word_1_203' title='bbox 853 2469 1079 2524; x_wconf 82' lang='lat' dir='ltr'><strong>verbum</strong></span> <span class='ocrx_word' id='word_1_204' title='bbox 1116 2473 1470 2529; x_wconf 88' lang='lat' dir='ltr'><strong>correctionis</strong></span> <span class='ocrx_word' id='word_1_205' title='bbox 1495 2489 1527 2528; x_wconf 92' lang='lat' dir='ltr'><strong>a</strong></span> <span class='ocrx_word' id='word_1_206' title='bbox 1548 2470 1717 2544; x_wconf 86' lang='lat' dir='ltr'><strong>prave</strong></span> <span class='ocrx_word' id='word_1_207' title='bbox 1739 2475 1821 2530; x_wconf 88' lang='lat' dir='ltr'><strong>vi-</strong></span> 
     </span>
    </p>
   </div>
   <div class='ocr_carea' id='block_1_29' title="bbox 224 2560 1822 2634">
    <p class='ocr_par' dir='ltr' id='par_1_29' title="bbox 224 2560 1822 2634">
     <span class='ocr_line' id='line_1_29' title="bbox 224 2560 1822 2634; baseline 0.007 -21"><span class='ocrx_word' id='word_1_208' title='bbox 224 2560 476 2615; x_wconf 84' lang='lat' dir='ltr'><strong>ventium</strong></span> <span class='ocrx_word' id='word_1_209' title='bbox 502 2561 909 2631; x_wconf 87' lang='lat' dir='ltr'><strong>increpatione;</strong></span> <span class='ocrx_word' id='word_1_210' title='bbox 943 2563 1015 2617; x_wconf 90' lang='lat' dir='ltr'><strong>ita</strong></span> <span class='ocrx_word' id='word_1_211' title='bbox 1040 2562 1146 2619; x_wconf 90' lang='lat' dir='ltr'><strong>illis</strong></span> <span class='ocrx_word' id='word_1_212' title='bbox 1176 2564 1444 2634; x_wconf 91' lang='lat' dir='ltr'><strong>imminet,</strong></span> <span class='ocrx_word' id='word_1_213' title='bbox 1475 2566 1523 2622; x_wconf 88' lang='lat' dir='ltr'><strong>si</strong></span> <span class='ocrx_word' id='word_1_214' title='bbox 1551 2582 1659 2622; x_wconf 92' lang='lat' dir='ltr'><strong>non</strong></span> <span class='ocrx_word' id='word_1_215' title='bbox 1687 2568 1822 2624; x_wconf 91' lang='lat' dir='ltr'><strong>obe-</strong></span> 
     </span>
    </p>
   </div>
   <div class='ocr_carea' id='block_1_30' title="bbox 227 2652 1820 2729">
    <p class='ocr_par' dir='ltr' id='par_1_30' title="bbox 227 2652 1820 2729">
     <span class='ocr_line' id='line_1_30' title="bbox 227 2652 1820 2729; baseline 0.006 -22"><span class='ocrx_word' id='word_1_216' title='bbox 227 2652 456 2719; x_wconf 84' lang='lat' dir='ltr'><strong>dierint,</strong></span> <span class='ocrx_word' id='word_1_217' title='bbox 481 2653 566 2707; x_wconf 87' lang='lat' dir='ltr'><strong>ira</strong></span> <span class='ocrx_word' id='word_1_218' title='bbox 593 2653 767 2709; x_wconf 85' lang='lat' dir='ltr'><strong>divini</strong></span> <span class='ocrx_word' id='word_1_219' title='bbox 801 2653 993 2724; x_wconf 86' lang='lat' dir='ltr'><strong>judicii</strong></span> <span class='ocrx_word' id='word_1_220' title='bbox 1022 2663 1076 2710; x_wconf 90' lang='lat' dir='ltr'><strong>et</strong></span> <span class='ocrx_word' id='word_1_221' title='bbox 1101 2657 1257 2727; x_wconf 84' lang='lat' dir='ltr'><strong>ultio,</strong></span> <span class='ocrx_word' id='word_1_222' title='bbox 1288 2667 1521 2715; x_wconf 88' lang='lat' dir='ltr'><strong>testante</strong></span> <span class='ocrx_word' id='word_1_223' title='bbox 1547 2659 1820 2729; x_wconf 85' lang='lat' dir='ltr'><strong>Samuele,</strong></span> 
     </span>
    </p>
   </div>
   <div class='ocr_carea' id='block_1_31' title="bbox 230 2743 1824 2824">
    <p class='ocr_par' dir='ltr' id='par_1_31' title="bbox 230 2743 1824 2824">
     <span class='ocr_line' id='line_1_31' title="bbox 230 2743 1824 2824; baseline 0.007 -26"><span class='ocrx_word' id='word_1_224' title='bbox 230 2743 555 2800; x_wconf 81' lang='lat' dir='ltr'><strong>idololatriae</strong></span> <span class='ocrx_word' id='word_1_225' title='bbox 577 2746 759 2802; x_wconf 88' lang='lat' dir='ltr'><strong>scelus</strong></span> <span class='ocrx_word' id='word_1_226' title='bbox 789 2744 1129 2819; x_wconf 70' lang='lat' dir='ltr'><strong>[idololatriae</strong></span> <span class='ocrx_word' id='word_1_227' title='bbox 1157 2749 1422 2824; x_wconf 86' lang='lat' dir='ltr'><strong>sceleris].</strong></span> <span class='ocrx_word' id='word_1_228' title='bbox 1459 2751 1637 2809; x_wconf 88' lang='lat' dir='ltr'><strong>Testis</strong></span> <span class='ocrx_word' id='word_1_229' title='bbox 1665 2753 1824 2810; x_wconf 92' lang='lat' dir='ltr'><strong>nobis</strong></span> 
     </span>
    </p>
   </div>
   <div class='ocr_carea' id='block_1_32' title="bbox 230 2834 1827 2908">
    <p class='ocr_par' dir='ltr' id='par_1_32' title="bbox 230 2834 1827 2908">
     <span class='ocr_line' id='line_1_32' title="bbox 230 2834 1827 2908; baseline 0.006 -17"><span class='ocrx_word' id='word_1_230' title='bbox 230 2844 319 2892; x_wconf 87' lang='lat' dir='ltr'><strong>est</strong></span> <span class='ocrx_word' id='word_1_231' title='bbox 345 2834 527 2905; x_wconf 76' lang='lat' dir='ltr'><strong>Deus,</strong></span> <span class='ocrx_word' id='word_1_232' title='bbox 547 2838 679 2908; x_wconf 91' lang='lat' dir='ltr'><strong>quia</strong></span> <span class='ocrx_word' id='word_1_233' title='bbox 719 2838 870 2894; x_wconf 89' lang='lat' dir='ltr'><strong>nulla</strong></span> <span class='ocrx_word' id='word_1_234' title='bbox 909 2855 1008 2896; x_wconf 87' lang='lat' dir='ltr'><strong>nos</strong></span> <span class='ocrx_word' id='word_1_235' title='bbox 1044 2841 1327 2897; x_wconf 71' lang='lat' dir='ltr'><strong>Commoda</strong></span> <span class='ocrx_word' id='word_1_236' title='bbox 1363 2844 1711 2899; x_wconf 66' lang='lat' dir='ltr'><strong>saecularisve</strong></span> <span class='ocrx_word' id='word_1_237' title='bbox 1736 2860 1827 2900; x_wconf 83' lang='lat' dir='ltr'><strong>re-</strong></span> 
     </span>
    </p>
   </div>
   <div class='ocr_carea' id='block_1_33' title="bbox 1975 337 3491 481">
    <p class='ocr_par' dir='ltr' id='par_1_33' title="bbox 1975 337 3491 481">
     <span class='ocr_line' id='line_1_33' title="bbox 1977 337 3491 422; baseline 0.001 -32"><span class='ocrx_word' id='word_1_238' title='bbox 1977 338 2202 407; x_wconf 80' lang='lat' dir='ltr'><strong>negotiis</strong></span> <span class='ocrx_word' id='word_1_239' title='bbox 2236 337 2515 407; x_wconf 75' lang='lat' dir='ltr'><strong>cujusdam</strong></span> <span class='ocrx_word' id='word_1_240' title='bbox 2557 339 2868 419; x_wconf 66' lang='lat' dir='ltr'><strong>monasterii</strong></span> <span class='ocrx_word' id='word_1_241' title='bbox 2898 354 2954 392; x_wconf 86' lang='lat' dir='ltr'><strong>se</strong></span> <span class='ocrx_word' id='word_1_242' title='bbox 2982 338 3491 422; x_wconf 45' lang='lat' dir='ltr'><strong>interponat..ng-</strong></span> 
     </span>
     <span class='ocr_line' id='line_1_34' title="bbox 1975 405 3486 481; baseline 0.002 -20"><span class='ocrx_word' id='word_1_243' title='bbox 1975 407 2103 461; x_wconf 87' lang='lat' dir='ltr'><strong>dam</strong></span> <span class='ocrx_word' id='word_1_244' title='bbox 2133 417 2387 477; x_wconf 75' lang='lat' dir='ltr'><strong>prwterea</strong></span> <span class='ocrx_word' id='word_1_245' title='bbox 2415 407 2480 462; x_wconf 93' lang='lat' dir='ltr'><strong>de</strong></span> <span class='ocrx_word' id='word_1_246' title='bbox 2517 405 2775 462; x_wconf 69' lang='lat' dir='ltr'><strong>llatlulde</strong></span> <span class='ocrx_word' id='word_1_247' title='bbox 2807 418 2857 463; x_wconf 90' lang='lat' dir='ltr'><strong>et</strong></span> <span class='ocrx_word' id='word_1_248' title='bbox 2896 408 3168 479; x_wconf 79' lang='lat' dir='ltr'><strong>Cottfredo</strong></span> <span class='ocrx_word' id='word_1_249' title='bbox 3195 410 3486 481; x_wconf 67' lang='lat' dir='ltr'><strong>subjungst.</strong></span> 
     </span>
    </p>
   </div>
   <div class='ocr_carea' id='block_1_34' title="bbox 1976 501 3491 592">
    <p class='ocr_par' dir='ltr' id='par_1_34' title="bbox 1976 501 3491 592">
     <span class='ocr_line' id='line_1_35' title="bbox 1976 501 3491 592; baseline 0.003 -17"><span class='ocrx_word' id='word_1_250' title='bbox 1976 501 2290 577; x_wconf 74' lang='lat' dir='ltr'><strong>Caesonius</strong></span> <span class='ocrx_word' id='word_1_251' title='bbox 2326 522 2633 592; x_wconf 90' lang='lat' dir='ltr'><strong>cpiscopus,</strong></span> <span class='ocrx_word' id='word_1_252' title='bbox 2663 537 2855 577; x_wconf 90' lang='lat' dir='ltr'><strong>servus</strong></span> <span class='ocrx_word' id='word_1_253' title='bbox 2883 538 3205 579; x_wconf 86' lang='lat' dir='ltr'><strong>servoruum</strong></span> <span class='ocrx_word' id='word_1_254' title='bbox 3228 523 3345 590; x_wconf 93' lang='lat' dir='ltr'><strong>Dei,</strong></span> <span class='ocrx_word' id='word_1_255' title='bbox 3383 521 3491 578; x_wconf 75' lang='lat' dir='ltr'><strong>He-</strong></span> 
     </span>
    </p>
   </div>
   <div class='ocr_carea' id='block_1_35' title="bbox 1907 612 3490 686">
    <p class='ocr_par' dir='ltr' id='par_1_35' title="bbox 1907 612 3490 686">
     <span class='ocr_line' id='line_1_36' title="bbox 1907 612 3490 686; baseline 0.004 -21"><span class='ocrx_word' id='word_1_256' title='bbox 1907 627 2140 668; x_wconf 72' lang='lat' dir='ltr'><strong>rmum</strong></span> <span class='ocrx_word' id='word_1_257' title='bbox 2178 612 2406 668; x_wconf 84' lang='lat' dir='ltr'><strong>Metensi</strong></span> <span class='ocrx_word' id='word_1_258' title='bbox 2447 614 2720 683; x_wconf 86' lang='lat' dir='ltr'><strong>episcopo,</strong></span> <span class='ocrx_word' id='word_1_259' title='bbox 2756 615 2987 670; x_wconf 88' lang='lat' dir='ltr'><strong>salutem</strong></span> <span class='ocrx_word' id='word_1_260' title='bbox 3028 624 3082 670; x_wconf 86' lang='lat' dir='ltr'><strong>et</strong></span> <span class='ocrx_word' id='word_1_261' title='bbox 3133 616 3490 686; x_wconf 83' lang='lat' dir='ltr'><strong>apostolicam</strong></span> 
     </span>
    </p>
   </div>
   <div class='ocr_carea' id='block_1_36' title="bbox 1906 701 2359 757">
    <p class='ocr_par' dir='ltr' id='par_1_36' title="bbox 1906 701 2359 757">
     <span class='ocr_line' id='line_1_37' title="bbox 1906 701 2359 757; baseline -0.002 -1"><span class='ocrx_word' id='word_1_262' title='bbox 1906 701 2359 757; x_wconf 84' lang='lat' dir='ltr'><strong>benedictionem.</strong></span> 
     </span>
    </p>
   </div>
   <div class='ocr_carea' id='block_1_37' title="bbox 1981 812 3490 890">
    <p class='ocr_par' dir='ltr' id='par_1_37' title="bbox 1981 812 3490 890">
     <span class='ocr_line' id='line_1_38' title="bbox 1981 812 3490 890; baseline 0.005 -22"><span class='ocrx_word' id='word_1_263' title='bbox 1981 812 2146 869; x_wconf 78' lang='lat' dir='ltr'><strong>Multa</strong></span> <span class='ocrx_word' id='word_1_264' title='bbox 2176 813 2563 886; x_wconf 89' lang='lat' dir='ltr'><strong>interrogando</strong></span> <span class='ocrx_word' id='word_1_265' title='bbox 2584 831 2614 870; x_wconf 88' lang='lat' dir='ltr'><strong>a</strong></span> <span class='ocrx_word' id='word_1_266' title='bbox 2640 832 2729 871; x_wconf 91' lang='lat' dir='ltr'><strong>me</strong></span> <span class='ocrx_word' id='word_1_267' title='bbox 2756 817 2913 873; x_wconf 83' lang='lat' dir='ltr'><strong>valde</strong></span> <span class='ocrx_word' id='word_1_268' title='bbox 2936 828 3201 890; x_wconf 88' lang='lat' dir='ltr'><strong>occupato</strong></span> <span class='ocrx_word' id='word_1_269' title='bbox 3228 817 3490 890; x_wconf 86' lang='lat' dir='ltr'><strong>requiris,</strong></span> 
     </span>
    </p>
   </div>
   <div class='ocr_carea' id='block_1_38' title="bbox 1908 905 3492 979">
    <p class='ocr_par' dir='ltr' id='par_1_38' title="bbox 1908 905 3492 979">
     <span class='ocr_line' id='line_1_39' title="bbox 1908 905 3492 979; baseline 0.005 -21"><span class='ocrx_word' id='word_1_270' title='bbox 1908 912 1964 959; x_wconf 87' lang='lat' dir='ltr'><strong>et</strong></span> <span class='ocrx_word' id='word_1_271' title='bbox 1991 906 2243 960; x_wconf 89' lang='lat' dir='ltr'><strong>nuntium</strong></span> <span class='ocrx_word' id='word_1_272' title='bbox 2273 905 2367 976; x_wconf 89' lang='lat' dir='ltr'><strong>qui</strong></span> <span class='ocrx_word' id='word_1_273' title='bbox 2398 921 2485 961; x_wconf 90' lang='lat' dir='ltr'><strong>me</strong></span> <span class='ocrx_word' id='word_1_274' title='bbox 2512 905 2679 963; x_wconf 88' lang='lat' dir='ltr'><strong>nimis</strong></span> <span class='ocrx_word' id='word_1_275' title='bbox 2714 909 2955 979; x_wconf 88' lang='lat' dir='ltr'><strong>impellat</strong></span> <span class='ocrx_word' id='word_1_276' title='bbox 2977 912 3043 965; x_wconf 85' lang='lat' dir='ltr'><strong>ad</strong></span> <span class='ocrx_word' id='word_1_277' title='bbox 3084 911 3171 967; x_wconf 91' lang='lat' dir='ltr'><strong>sui</strong></span> <span class='ocrx_word' id='word_1_278' title='bbox 3214 912 3492 967; x_wconf 88' lang='lat' dir='ltr'><strong>licentiam</strong></span> 
     </span>
    </p>
   </div>
   <div class='ocr_carea' id='block_1_39' title="bbox 1909 996 3492 1074">
    <p class='ocr_par' dir='ltr' id='par_1_39' title="bbox 1909 996 3492 1074">
     <span class='ocr_line' id='line_1_40' title="bbox 1909 996 3492 1074; baseline 0.006 -24"><span class='ocrx_word' id='word_1_279' title='bbox 1909 998 2257 1053; x_wconf 86' lang='lat' dir='ltr'><strong>transmittis.</strong></span> <span class='ocrx_word' id='word_1_280' title='bbox 2293 996 2562 1065; x_wconf 86' lang='lat' dir='ltr'><strong>Quocirca</strong></span> <span class='ocrx_word' id='word_1_281' title='bbox 2608 999 2655 1054; x_wconf 94' lang='lat' dir='ltr'><strong>si</strong></span> <span class='ocrx_word' id='word_1_282' title='bbox 2698 1016 2806 1055; x_wconf 91' lang='lat' dir='ltr'><strong>non</strong></span> <span class='ocrx_word' id='word_1_283' title='bbox 2858 1001 2993 1057; x_wconf 89' lang='lat' dir='ltr'><strong>satis</strong></span> <span class='ocrx_word' id='word_1_284' title='bbox 3024 1003 3345 1073; x_wconf 88' lang='lat' dir='ltr'><strong>respondeo,</strong></span> <span class='ocrx_word' id='word_1_285' title='bbox 3391 1019 3492 1074; x_wconf 88' lang='lat' dir='ltr'><strong>pa-</strong></span> 
     </span>
    </p>
   </div>
   <div class='ocr_carea' id='block_1_40' title="bbox 1910 1086 3492 1162">
    <p class='ocr_par' dir='ltr' id='par_1_40' title="bbox 1910 1086 3492 1162">
     <span class='ocr_line' id='line_1_41' title="bbox 1910 1086 3492 1162; baseline 0.005 -22"><span class='ocrx_word' id='word_1_286' title='bbox 1910 1086 2109 1143; x_wconf 91' lang='lat' dir='ltr'><strong>tienter</strong></span> <span class='ocrx_word' id='word_1_287' title='bbox 2153 1087 2300 1144; x_wconf 87' lang='lat' dir='ltr'><strong>feras</strong></span> <span class='ocrx_word' id='word_1_288' title='bbox 2341 1104 2492 1160; x_wconf 88' lang='lat' dir='ltr'><strong>rogo.</strong></span> <span class='ocrx_word' id='word_1_289' title='bbox 2524 1088 2770 1157; x_wconf 88' lang='lat' dir='ltr'><strong>Qualiter</strong></span> <span class='ocrx_word' id='word_1_290' title='bbox 2805 1091 2991 1161; x_wconf 87' lang='lat' dir='ltr'><strong>itaque</strong></span> <span class='ocrx_word' id='word_1_291' title='bbox 3025 1091 3078 1146; x_wconf 91' lang='lat' dir='ltr'><strong>in</strong></span> <span class='ocrx_word' id='word_1_292' title='bbox 3114 1107 3341 1162; x_wconf 91' lang='lat' dir='ltr'><strong>corpore</strong></span> <span class='ocrx_word' id='word_1_293' title='bbox 3370 1108 3492 1148; x_wconf 90' lang='lat' dir='ltr'><strong>meo</strong></span> 
     </span>
    </p>
   </div>
   <div class='ocr_carea' id='block_1_41' title="bbox 1911 1157 3538 1253">
    <p class='ocr_par' dir='ltr' id='par_1_41' title="bbox 1911 1157 3538 1253">
     <span class='ocr_line' id='line_1_42' title="bbox 1911 1157 3538 1253; baseline 0.003 -18"><span class='ocrx_word' id='word_1_294' title='bbox 1911 1194 2000 1235; x_wconf 84' lang='lat' dir='ltr'><strong>me</strong></span> <span class='ocrx_word' id='word_1_295' title='bbox 2039 1179 2299 1249; x_wconf 85' lang='lat' dir='ltr'><strong>habeam,</strong></span> <span class='ocrx_word' id='word_1_296' title='bbox 2339 1157 2432 1237; x_wconf 78' lang='lat' dir='ltr'><strong>vel</strong></span> <span class='ocrx_word' id='word_1_297' title='bbox 2461 1182 2697 1253; x_wconf 88' lang='lat' dir='ltr'><strong>qualiter</strong></span> <span class='ocrx_word' id='word_1_298' title='bbox 2743 1157 2975 1239; x_wconf 73' lang='lat' dir='ltr'><strong>Romani</strong></span> <span class='ocrx_word' id='word_1_299' title='bbox 3024 1199 3119 1239; x_wconf 88' lang='lat' dir='ltr'><strong>seu</strong></span> <span class='ocrx_word' id='word_1_300' title='bbox 3167 1157 3538 1251; x_wconf 79' lang='lat' dir='ltr'><strong>Nortmanni/</strong></span> 
     </span>
    </p>
   </div>
   <div class='ocr_carea' id='block_1_42' title="bbox 1912 1272 3494 1346">
    <p class='ocr_par' dir='ltr' id='par_1_42' title="bbox 1912 1272 3494 1346">
     <span class='ocr_line' id='line_1_43' title="bbox 1912 1272 3494 1346; baseline 0.002 -17"><span class='ocrx_word' id='word_1_301' title='bbox 1912 1272 2057 1329; x_wconf 89' lang='lat' dir='ltr'><strong>circa</strong></span> <span class='ocrx_word' id='word_1_302' title='bbox 2081 1289 2167 1329; x_wconf 91' lang='lat' dir='ltr'><strong>me</strong></span> <span class='ocrx_word' id='word_1_303' title='bbox 2196 1289 2328 1331; x_wconf 87' lang='lat' dir='ltr'><strong>suos</strong></span> <span class='ocrx_word' id='word_1_304' title='bbox 2362 1290 2545 1330; x_wconf 88' lang='lat' dir='ltr'><strong>mores</strong></span> <span class='ocrx_word' id='word_1_305' title='bbox 2582 1277 2893 1343; x_wconf 86' lang='lat' dir='ltr'><strong>ostendant,</strong></span> <span class='ocrx_word' id='word_1_306' title='bbox 2920 1277 3118 1332; x_wconf 91' lang='lat' dir='ltr'><strong>borum</strong></span> <span class='ocrx_word' id='word_1_307' title='bbox 3142 1276 3372 1346; x_wconf 88' lang='lat' dir='ltr'><strong>portitor</strong></span> <span class='ocrx_word' id='word_1_308' title='bbox 3394 1277 3494 1332; x_wconf 88' lang='lat' dir='ltr'><strong>tibi</strong></span> 
     </span>
    </p>
   </div>
   <div class='ocr_carea' id='block_1_43' title="bbox 1911 1368 3496 1444">
    <p class='ocr_par' dir='ltr' id='par_1_43' title="bbox 1911 1368 3496 1444">
     <span class='ocr_line' id='line_1_44' title="bbox 1911 1368 3496 1444; baseline 0.001 -19"><span class='ocrx_word' id='word_1_309' title='bbox 1911 1368 2077 1425; x_wconf 87' lang='lat' dir='ltr'><strong>dicat.</strong></span> <span class='ocrx_word' id='word_1_310' title='bbox 2106 1368 2182 1425; x_wconf 90' lang='lat' dir='ltr'><strong>De</strong></span> <span class='ocrx_word' id='word_1_311' title='bbox 2200 1371 2331 1425; x_wconf 80' lang='lat' dir='ltr'><strong>aliis</strong></span> <span class='ocrx_word' id='word_1_312' title='bbox 2360 1380 2544 1427; x_wconf 86' lang='lat' dir='ltr'><strong>autem</strong></span> <span class='ocrx_word' id='word_1_313' title='bbox 2572 1371 2757 1438; x_wconf 89' lang='lat' dir='ltr'><strong>rebus,</strong></span> <span class='ocrx_word' id='word_1_314' title='bbox 2789 1387 2953 1442; x_wconf 90' lang='lat' dir='ltr'><strong>super</strong></span> <span class='ocrx_word' id='word_1_315' title='bbox 2978 1372 3181 1444; x_wconf 88' lang='lat' dir='ltr'><strong>quibus</strong></span> <span class='ocrx_word' id='word_1_316' title='bbox 3208 1387 3295 1426; x_wconf 90' lang='lat' dir='ltr'><strong>me</strong></span> <span class='ocrx_word' id='word_1_317' title='bbox 3324 1371 3496 1427; x_wconf 91' lang='lat' dir='ltr'><strong>inter-</strong></span> 
     </span>
    </p>
   </div>
   <div class='ocr_carea' id='block_1_44' title="bbox 1912 1455 3497 1533">
    <p class='ocr_par' dir='ltr' id='par_1_44' title="bbox 1912 1455 3497 1533">
     <span class='ocr_line' id='line_1_45' title="bbox 1912 1455 3497 1533; baseline 0.002 -20"><span class='ocrx_word' id='word_1_318' title='bbox 1912 1459 2139 1530; x_wconf 86' lang='lat' dir='ltr'><strong>rogasti,</strong></span> <span class='ocrx_word' id='word_1_319' title='bbox 2170 1455 2381 1515; x_wconf 83' lang='lat' dir='ltr'><strong>utinam</strong></span> <span class='ocrx_word' id='word_1_320' title='bbox 2425 1462 2618 1517; x_wconf 90' lang='lat' dir='ltr'><strong>beatus</strong></span> <span class='ocrx_word' id='word_1_321' title='bbox 2658 1459 2859 1517; x_wconf 84' lang='lat' dir='ltr'><strong>Petrus</strong></span> <span class='ocrx_word' id='word_1_322' title='bbox 2894 1477 2991 1533; x_wconf 89' lang='lat' dir='ltr'><strong>per</strong></span> <span class='ocrx_word' id='word_1_323' title='bbox 3022 1477 3110 1516; x_wconf 90' lang='lat' dir='ltr'><strong>me</strong></span> <span class='ocrx_word' id='word_1_324' title='bbox 3150 1462 3497 1532; x_wconf 80' lang='lat' dir='ltr'><strong>respondeat,</strong></span> 
     </span>
    </p>
   </div>
   <div class='ocr_carea' id='block_1_45' title="bbox 1913 1551 3500 1623">
    <p class='ocr_par' dir='ltr' id='par_1_45' title="bbox 1913 1551 3500 1623">
     <span class='ocr_line' id='line_1_46' title="bbox 1913 1551 3500 1623; baseline 0.001 -18"><span class='ocrx_word' id='word_1_325' title='bbox 1913 1551 2007 1622; x_wconf 90' lang='lat' dir='ltr'><strong>qui</strong></span> <span class='ocrx_word' id='word_1_326' title='bbox 2050 1567 2192 1622; x_wconf 63' lang='lat' dir='ltr'><strong>saepe</strong></span> <span class='ocrx_word' id='word_1_327' title='bbox 2221 1552 2276 1606; x_wconf 95' lang='lat' dir='ltr'><strong>in</strong></span> <span class='ocrx_word' id='word_1_328' title='bbox 2314 1569 2401 1607; x_wconf 92' lang='lat' dir='ltr'><strong>me</strong></span> <span class='ocrx_word' id='word_1_329' title='bbox 2424 1553 2792 1623; x_wconf 90' lang='lat' dir='ltr'><strong>qualicunque</strong></span> <span class='ocrx_word' id='word_1_330' title='bbox 2827 1568 2929 1608; x_wconf 91' lang='lat' dir='ltr'><strong>suo</strong></span> <span class='ocrx_word' id='word_1_331' title='bbox 2953 1552 3159 1608; x_wconf 87' lang='lat' dir='ltr'><strong>famulo</strong></span> <span class='ocrx_word' id='word_1_332' title='bbox 3199 1554 3500 1608; x_wconf 87' lang='lat' dir='ltr'><strong>honoratur</strong></span> 
     </span>
    </p>
   </div>
   <div class='ocr_carea' id='block_1_46' title="bbox 1915 1642 3500 1714">
    <p class='ocr_par' dir='ltr' id='par_1_46' title="bbox 1915 1642 3500 1714">
     <span class='ocr_line' id='line_1_47' title="bbox 1915 1642 3500 1714; baseline 0.002 -19"><span class='ocrx_word' id='word_1_333' title='bbox 1915 1643 1993 1697; x_wconf 88' lang='lat' dir='ltr'><strong>vel</strong></span> <span class='ocrx_word' id='word_1_334' title='bbox 2026 1643 2283 1713; x_wconf 84' lang='lat' dir='ltr'><strong>injuriam</strong></span> <span class='ocrx_word' id='word_1_335' title='bbox 2313 1645 2533 1714; x_wconf 88' lang='lat' dir='ltr'><strong>patitur.</strong></span> <span class='ocrx_word' id='word_1_336' title='bbox 2565 1642 2818 1714; x_wconf 85' lang='lat' dir='ltr'><strong>Episcopi</strong></span> <span class='ocrx_word' id='word_1_337' title='bbox 2859 1659 3097 1714; x_wconf 87' lang='lat' dir='ltr'><strong>namque</strong></span> <span class='ocrx_word' id='word_1_338' title='bbox 3138 1643 3232 1714; x_wconf 92' lang='lat' dir='ltr'><strong>qui</strong></span> <span class='ocrx_word' id='word_1_339' title='bbox 3265 1645 3376 1700; x_wconf 90' lang='lat' dir='ltr'><strong>sint</strong></span> <span class='ocrx_word' id='word_1_340' title='bbox 3403 1659 3500 1698; x_wconf 81' lang='lat' dir='ltr'><strong>ex-</strong></span> 
     </span>
    </p>
   </div>
   <div class='ocr_carea' id='block_1_47' title="bbox 1914 1732 3501 1804">
    <p class='ocr_par' dir='ltr' id='par_1_47' title="bbox 1914 1732 3501 1804">
     <span class='ocr_line' id='line_1_48' title="bbox 1914 1732 3501 1804; baseline 0.001 -17"><span class='ocrx_word' id='word_1_341' title='bbox 1914 1732 2320 1799; x_wconf 87' lang='lat' dir='ltr'><strong>communicati,</strong></span> <span class='ocrx_word' id='word_1_342' title='bbox 2349 1732 2679 1800; x_wconf 77' lang='lat' dir='ltr'><strong>sacerdotes,</strong></span> <span class='ocrx_word' id='word_1_343' title='bbox 2712 1734 2797 1789; x_wconf 89' lang='lat' dir='ltr'><strong>vel</strong></span> <span class='ocrx_word' id='word_1_344' title='bbox 2834 1734 2978 1801; x_wconf 85' lang='lat' dir='ltr'><strong>laici,</strong></span> <span class='ocrx_word' id='word_1_345' title='bbox 3011 1749 3121 1788; x_wconf 94' lang='lat' dir='ltr'><strong>non</strong></span> <span class='ocrx_word' id='word_1_346' title='bbox 3151 1743 3235 1789; x_wconf 89' lang='lat' dir='ltr'><strong>est</strong></span> <span class='ocrx_word' id='word_1_347' title='bbox 3264 1750 3403 1804; x_wconf 90' lang='lat' dir='ltr'><strong>opus</strong></span> <span class='ocrx_word' id='word_1_348' title='bbox 3439 1743 3501 1789; x_wconf 91' lang='lat' dir='ltr'><strong>ut</strong></span> 
     </span>
    </p>
   </div>
   <div class='ocr_carea' id='block_1_48' title="bbox 1914 1823 3499 1897">
    <p class='ocr_par' dir='ltr' id='par_1_48' title="bbox 1914 1823 3499 1897">
     <span class='ocr_line' id='line_1_49' title="bbox 1914 1823 3499 1897; baseline 0.004 -21"><span class='ocrx_word' id='word_1_349' title='bbox 1914 1835 1946 1876; x_wconf 87' lang='lat' dir='ltr'><strong>a</strong></span> <span class='ocrx_word' id='word_1_350' title='bbox 1976 1838 2063 1877; x_wconf 92' lang='lat' dir='ltr'><strong>me</strong></span> <span class='ocrx_word' id='word_1_351' title='bbox 2087 1823 2369 1893; x_wconf 66' lang='lat' dir='ltr'><strong>quaeratis,</strong></span> <span class='ocrx_word' id='word_1_352' title='bbox 2410 1824 2539 1894; x_wconf 87' lang='lat' dir='ltr'><strong>quia</strong></span> <span class='ocrx_word' id='word_1_353' title='bbox 2582 1824 2953 1880; x_wconf 85' lang='lat' dir='ltr'><strong>indubitanter</strong></span> <span class='ocrx_word' id='word_1_354' title='bbox 2994 1826 3071 1880; x_wconf 90' lang='lat' dir='ltr'><strong>illi</strong></span> <span class='ocrx_word' id='word_1_355' title='bbox 3100 1834 3231 1882; x_wconf 90' lang='lat' dir='ltr'><strong>sunt</strong></span> <span class='ocrx_word' id='word_1_356' title='bbox 3266 1829 3359 1897; x_wconf 90' lang='lat' dir='ltr'><strong>qui</strong></span> <span class='ocrx_word' id='word_1_357' title='bbox 3398 1844 3499 1882; x_wconf 82' lang='lat' dir='ltr'><strong>ex-</strong></span> 
     </span>
    </p>
   </div>
   <div class='ocr_carea' id='block_1_49' title="bbox 1915 1906 3503 1991">
    <p class='ocr_par' dir='ltr' id='par_1_49' title="bbox 1915 1906 3503 1991">
     <span class='ocr_line' id='line_1_50' title="bbox 1915 1906 3503 1991; baseline 0.006 -23"><span class='ocrx_word' id='word_1_358' title='bbox 1915 1915 2320 1971; x_wconf 89' lang='lat' dir='ltr'><strong>communicato</strong></span> <span class='ocrx_word' id='word_1_359' title='bbox 2346 1916 2457 1987; x_wconf 86' lang='lat' dir='ltr'><strong>regi</strong></span> <span class='ocrx_word' id='word_1_360' title='bbox 2484 1915 2719 1972; x_wconf 85' lang='lat' dir='ltr'><strong>Henrico</strong></span> <span class='ocrx_word' id='word_1_361' title='bbox 2745 1917 2814 1989; x_wconf 90' lang='lat' dir='ltr'><strong>(si</strong></span> <span class='ocrx_word' id='word_1_362' title='bbox 2839 1917 2923 1974; x_wconf 90' lang='lat' dir='ltr'><strong>fas</strong></span> <span class='ocrx_word' id='word_1_363' title='bbox 2950 1906 3039 1974; x_wconf 84' lang='lat' dir='ltr'><strong>est</strong></span> <span class='ocrx_word' id='word_1_364' title='bbox 3061 1919 3168 1974; x_wconf 91' lang='lat' dir='ltr'><strong>dici</strong></span> <span class='ocrx_word' id='word_1_365' title='bbox 3193 1921 3313 1991; x_wconf 83' lang='lat' dir='ltr'><strong>rex)</strong></span> <span class='ocrx_word' id='word_1_366' title='bbox 3351 1937 3503 1976; x_wconf 87' lang='lat' dir='ltr'><strong>com-</strong></span> 
     </span>
    </p>
   </div>
   <div class='ocr_carea' id='block_1_50' title="bbox 1916 2004 3502 2076">
    <p class='ocr_par' dir='ltr' id='par_1_50' title="bbox 1916 2004 3502 2076">
     <span class='ocr_line' id='line_1_51' title="bbox 1916 2004 3502 2076; baseline 0.006 -18"><span class='ocrx_word' id='word_1_367' title='bbox 1916 2004 2199 2059; x_wconf 89' lang='lat' dir='ltr'><strong>municare</strong></span> <span class='ocrx_word' id='word_1_368' title='bbox 2226 2010 2648 2076; x_wconf 80' lang='lat' dir='ltr'><strong>cognoscuntur.</strong></span> <span class='ocrx_word' id='word_1_369' title='bbox 2675 2006 2793 2063; x_wconf 84' lang='lat' dir='ltr'><strong>Non</strong></span> <span class='ocrx_word' id='word_1_370' title='bbox 2818 2009 2964 2064; x_wconf 91' lang='lat' dir='ltr'><strong>enim</strong></span> <span class='ocrx_word' id='word_1_371' title='bbox 3006 2019 3265 2066; x_wconf 89' lang='lat' dir='ltr'><strong>verentur</strong></span> <span class='ocrx_word' id='word_1_372' title='bbox 3302 2012 3502 2067; x_wconf 90' lang='lat' dir='ltr'><strong>huma-</strong></span> 
     </span>
    </p>
   </div>
   <div class='ocr_carea' id='block_1_51' title="bbox 1917 2095 3504 2172">
    <p class='ocr_par' dir='ltr' id='par_1_51' title="bbox 1917 2095 3504 2172">
     <span class='ocr_line' id='line_1_52' title="bbox 1917 2095 3504 2172; baseline 0.006 -24"><span class='ocrx_word' id='word_1_373' title='bbox 1917 2110 2046 2149; x_wconf 87' lang='lat' dir='ltr'><strong>nam</strong></span> <span class='ocrx_word' id='word_1_374' title='bbox 2090 2095 2323 2167; x_wconf 68' lang='lat' dir='ltr'><strong>gratiam</strong></span> <span class='ocrx_word' id='word_1_375' title='bbox 2373 2096 2458 2151; x_wconf 90' lang='lat' dir='ltr'><strong>vel</strong></span> <span class='ocrx_word' id='word_1_376' title='bbox 2508 2097 2759 2152; x_wconf 88' lang='lat' dir='ltr'><strong>timorem</strong></span> <span class='ocrx_word' id='word_1_377' title='bbox 2809 2099 2955 2171; x_wconf 83' lang='lat' dir='ltr'><strong>regis</strong></span> <span class='ocrx_word' id='word_1_378' title='bbox 3001 2100 3188 2157; x_wconf 72' lang='lat' dir='ltr'><strong>aeterni</strong></span> <span class='ocrx_word' id='word_1_379' title='bbox 3233 2110 3504 2172; x_wconf 70' lang='lat' dir='ltr'><strong>praecepto</strong></span> 
     </span>
    </p>
   </div>
   <div class='ocr_carea' id='block_1_52' title="bbox 1906 2189 3503 2261">
    <p class='ocr_par' dir='ltr' id='par_1_52' title="bbox 1906 2189 3503 2261">
     <span class='ocr_line' id='line_1_53' title="bbox 1906 2189 3503 2261; baseline 0.006 -20"><span class='ocrx_word' id='word_1_380' title='bbox 1906 2202 2251 2258; x_wconf 68' lang='lat' dir='ltr'><strong>praeponere,</strong></span> <span class='ocrx_word' id='word_1_381' title='bbox 2295 2203 2475 2261; x_wconf 90' lang='lat' dir='ltr'><strong>neque</strong></span> <span class='ocrx_word' id='word_1_382' title='bbox 2518 2189 2713 2247; x_wconf 89' lang='lat' dir='ltr'><strong>timent</strong></span> <span class='ocrx_word' id='word_1_383' title='bbox 2762 2208 2863 2248; x_wconf 91' lang='lat' dir='ltr'><strong>suo</strong></span> <span class='ocrx_word' id='word_1_384' title='bbox 2905 2192 3094 2250; x_wconf 81' lang='lat' dir='ltr'><strong>favore</strong></span> <span class='ocrx_word' id='word_1_385' title='bbox 3131 2195 3200 2250; x_wconf 90' lang='lat' dir='ltr'><strong>ad</strong></span> <span class='ocrx_word' id='word_1_386' title='bbox 3230 2195 3367 2251; x_wconf 92' lang='lat' dir='ltr'><strong>iram</strong></span> <span class='ocrx_word' id='word_1_387' title='bbox 3405 2195 3503 2251; x_wconf 91' lang='lat' dir='ltr'><strong>Dei</strong></span> 
     </span>
    </p>
   </div>
   <div class='ocr_carea' id='block_1_53' title="bbox 1917 2281 3504 2359">
    <p class='ocr_par' dir='ltr' id='par_1_53' title="bbox 1917 2281 3504 2359">
     <span class='ocr_line' id='line_1_54' title="bbox 1917 2281 3504 2359; baseline 0.005 -24"><span class='ocrx_word' id='word_1_388' title='bbox 1917 2281 2308 2352; x_wconf 86' lang='lat' dir='ltr'><strong>omnipotentis</strong></span> <span class='ocrx_word' id='word_1_389' title='bbox 2329 2282 2581 2339; x_wconf 89' lang='lat' dir='ltr'><strong>eumdem</strong></span> <span class='ocrx_word' id='word_1_390' title='bbox 2611 2299 2793 2356; x_wconf 84' lang='lat' dir='ltr'><strong>regem</strong></span> <span class='ocrx_word' id='word_1_391' title='bbox 2829 2285 3128 2356; x_wconf 86' lang='lat' dir='ltr'><strong>impellere.</strong></span> <span class='ocrx_word' id='word_1_392' title='bbox 3154 2286 3247 2342; x_wconf 92' lang='lat' dir='ltr'><strong>llle</strong></span> <span class='ocrx_word' id='word_1_393' title='bbox 3280 2287 3504 2359; x_wconf 90' lang='lat' dir='ltr'><strong>quidem</strong></span> 
     </span>
    </p>
   </div>
   <div class='ocr_carea' id='block_1_54' title="bbox 1920 2374 3507 2435">
    <p class='ocr_par' dir='ltr' id='par_1_54' title="bbox 1920 2374 3507 2435">
     <span class='ocr_line' id='line_1_55' title="bbox 1920 2374 3507 2435; baseline 0.004 -6"><span class='ocrx_word' id='word_1_394' title='bbox 1920 2375 2037 2430; x_wconf 86' lang='lat' dir='ltr'><strong>suis</strong></span> <span class='ocrx_word' id='word_1_395' title='bbox 2081 2374 2537 2431; x_wconf 88' lang='lat' dir='ltr'><strong>communicando</strong></span> <span class='ocrx_word' id='word_1_396' title='bbox 2589 2375 2963 2433; x_wconf 82' lang='lat' dir='ltr'><strong>familiaribus</strong></span> <span class='ocrx_word' id='word_1_397' title='bbox 3013 2380 3507 2435; x_wconf 82' lang='lat' dir='ltr'><strong>excommunicatis</strong></span> 
     </span>
    </p>
   </div>
   <div class='ocr_carea' id='block_1_55' title="bbox 1906 2456 3504 2536">
    <p class='ocr_par' dir='ltr' id='par_1_55' title="bbox 1906 2456 3504 2536">
     <span class='ocr_line' id='line_1_56' title="bbox 1906 2456 3504 2536; baseline 0.004 -16"><span class='ocrx_word' id='word_1_398' title='bbox 1906 2481 2019 2536; x_wconf 87' lang='lat' dir='ltr'><strong>pro</strong></span> <span class='ocrx_word' id='word_1_399' title='bbox 2057 2456 2372 2522; x_wconf 87' lang='lat' dir='ltr'><strong>Simoniaca</strong></span> <span class='ocrx_word' id='word_1_400' title='bbox 2413 2467 2608 2524; x_wconf 65' lang='lat' dir='ltr'><strong>haeresi</strong></span> <span class='ocrx_word' id='word_1_401' title='bbox 2651 2471 3271 2527; x_wconf 83' lang='lat' dir='ltr'><strong>e&#39;xcommunicationem</strong></span> <span class='ocrx_word' id='word_1_402' title='bbox 3315 2472 3504 2528; x_wconf 90' lang='lat' dir='ltr'><strong>incur-</strong></span> 
     </span>
    </p>
   </div>
   <div class='ocr_carea' id='block_1_56' title="bbox 1922 2559 3505 2631">
    <p class='ocr_par' dir='ltr' id='par_1_56' title="bbox 1922 2559 3505 2631">
     <span class='ocr_line' id='line_1_57' title="bbox 1922 2559 3505 2631; baseline 0.004 -20"><span class='ocrx_word' id='word_1_403' title='bbox 1922 2570 2041 2614; x_wconf 87' lang='lat' dir='ltr'><strong>rere</strong></span> <span class='ocrx_word' id='word_1_404' title='bbox 2081 2575 2192 2614; x_wconf 92' lang='lat' dir='ltr'><strong>non</strong></span> <span class='ocrx_word' id='word_1_405' title='bbox 2235 2559 2441 2627; x_wconf 90' lang='lat' dir='ltr'><strong>timuit,</strong></span> <span class='ocrx_word' id='word_1_406' title='bbox 2478 2568 2533 2616; x_wconf 89' lang='lat' dir='ltr'><strong>et</strong></span> <span class='ocrx_word' id='word_1_407' title='bbox 2574 2568 2635 2616; x_wconf 91' lang='lat' dir='ltr'><strong>ut</strong></span> <span class='ocrx_word' id='word_1_408' title='bbox 2668 2561 2761 2616; x_wconf 90' lang='lat' dir='ltr'><strong>alii</strong></span> <span class='ocrx_word' id='word_1_409' title='bbox 2808 2578 2996 2618; x_wconf 90' lang='lat' dir='ltr'><strong>secum</strong></span> <span class='ocrx_word' id='word_1_410' title='bbox 3044 2563 3505 2631; x_wconf 88' lang='lat' dir='ltr'><strong>communicando</strong></span> 
     </span>
    </p>
   </div>
   <div class='ocr_carea' id='block_1_57' title="bbox 1921 2650 3507 2711">
    <p class='ocr_par' dir='ltr' id='par_1_57' title="bbox 1921 2650 3507 2711">
     <span class='ocr_line' id='line_1_58' title="bbox 1921 2650 3507 2711; baseline 0.002 -6"><span class='ocrx_word' id='word_1_411' title='bbox 1921 2650 2462 2706; x_wconf 76' lang='lat' dir='ltr'><strong>excommunicentur</strong></span> <span class='ocrx_word' id='word_1_412' title='bbox 2496 2652 2772 2709; x_wconf 73' lang='lat' dir='ltr'><strong>attrahere</strong></span> <span class='ocrx_word' id='word_1_413' title='bbox 2801 2669 2908 2708; x_wconf 91' lang='lat' dir='ltr'><strong>non</strong></span> <span class='ocrx_word' id='word_1_414' title='bbox 2942 2654 3235 2711; x_wconf 86' lang='lat' dir='ltr'><strong>erubescit.</strong></span> <span class='ocrx_word' id='word_1_415' title='bbox 3267 2655 3344 2711; x_wconf 91' lang='lat' dir='ltr'><strong>De</strong></span> <span class='ocrx_word' id='word_1_416' title='bbox 3381 2654 3507 2709; x_wconf 88' lang='lat' dir='ltr'><strong>tali-</strong></span> 
     </span>
    </p>
   </div>
   <div class='ocr_carea' id='block_1_58' title="bbox 1920 2740 3510 2816">
    <p class='ocr_par' dir='ltr' id='par_1_58' title="bbox 1920 2740 3510 2816">
     <span class='ocr_line' id='line_1_59' title="bbox 1920 2740 3510 2816; baseline 0.004 -21"><span class='ocrx_word' id='word_1_417' title='bbox 1920 2740 2026 2795; x_wconf 86' lang='lat' dir='ltr'><strong>bus</strong></span> <span class='ocrx_word' id='word_1_418' title='bbox 2054 2742 2186 2811; x_wconf 91' lang='lat' dir='ltr'><strong>quid</strong></span> <span class='ocrx_word' id='word_1_419' title='bbox 2216 2749 2391 2798; x_wconf 83' lang='lat' dir='ltr'><strong>restat</strong></span> <span class='ocrx_word' id='word_1_420' title='bbox 2423 2751 2485 2798; x_wconf 85' lang='lat' dir='ltr'><strong>ut</strong></span> <span class='ocrx_word' id='word_1_421' title='bbox 2512 2743 2833 2809; x_wconf 88' lang='lat' dir='ltr'><strong>sentiamus,</strong></span> <span class='ocrx_word' id='word_1_422' title='bbox 2862 2745 2970 2800; x_wconf 87' lang='lat' dir='ltr'><strong>nisi</strong></span> <span class='ocrx_word' id='word_1_423' title='bbox 3000 2746 3145 2814; x_wconf 91' lang='lat' dir='ltr'><strong>quod</strong></span> <span class='ocrx_word' id='word_1_424' title='bbox 3180 2746 3236 2800; x_wconf 94' lang='lat' dir='ltr'><strong>in</strong></span> <span class='ocrx_word' id='word_1_425' title='bbox 3278 2746 3510 2816; x_wconf 84' lang='lat' dir='ltr'><strong>psalmis</strong></span> 
     </span>
    </p>
   </div>
   <div class='ocr_carea' id='block_1_59' title="bbox 1912 2828 3510 2905">
    <p class='ocr_par' dir='ltr' id='par_1_59' title="bbox 1912 2828 3510 2905">
     <span class='ocr_line' id='line_1_60' title="bbox 1912 2828 3510 2905; baseline 0.003 -19"><span class='ocrx_word' id='word_1_426' title='bbox 1912 2831 2255 2888; x_wconf 71' lang='lat' dir='ltr'><strong>didicimus:</strong></span> <span class='ocrx_word' id='word_1_427' title='bbox 2302 2830 2457 2887; x_wconf 74' lang='lat' dir='ltr'><strong>Dixit</strong></span> <span class='ocrx_word' id='word_1_428' title='bbox 2498 2834 2753 2905; x_wconf 79' lang='lat' dir='ltr'><strong>insipiens</strong></span> <span class='ocrx_word' id='word_1_429' title='bbox 2794 2834 2849 2888; x_wconf 85' lang='lat' dir='ltr'><strong>in</strong></span> <span class='ocrx_word' id='word_1_430' title='bbox 2894 2835 3051 2890; x_wconf 88' lang='lat' dir='ltr'><strong>corde</strong></span> <span class='ocrx_word' id='word_1_431' title='bbox 3088 2828 3226 2890; x_wconf 77' lang='lat' dir='ltr'><strong>suo:</strong></span> <span class='ocrx_word' id='word_1_432' title='bbox 3273 2835 3397 2890; x_wconf 88' lang='lat' dir='ltr'><strong>Non</strong></span> <span class='ocrx_word' id='word_1_433' title='bbox 3430 2846 3510 2891; x_wconf 85' lang='lat' dir='ltr'><strong>est</strong></span> 
     </span>
    </p>
   </div>
   <div class='ocr_carea' id='block_1_60' title="bbox 228 2924 3509 3012">
    <p class='ocr_par' dir='ltr' id='par_1_60' title="bbox 228 2924 3509 3012">
     <span class='ocr_line' id='line_1_61' title="bbox 228 2924 3509 3012; baseline 0 -27"><span class='ocrx_word' id='word_1_434' title='bbox 228 2938 458 2999; x_wconf 78' lang='lat' dir='ltr'><strong>spectas</strong></span> <span class='ocrx_word' id='word_1_435' title='bbox 479 2938 671 2986; x_wconf 90' lang='lat' dir='ltr'><strong>contra</strong></span> <span class='ocrx_word' id='word_1_436' title='bbox 698 2946 897 3002; x_wconf 89' lang='lat' dir='ltr'><strong>pravos</strong></span> <span class='ocrx_word' id='word_1_437' title='bbox 928 2931 1202 3002; x_wconf 90' lang='lat' dir='ltr'><strong>principes</strong></span> <span class='ocrx_word' id='word_1_438' title='bbox 1222 2942 1277 2989; x_wconf 88' lang='lat' dir='ltr'><strong>et</strong></span> <span class='ocrx_word' id='word_1_439' title='bbox 1298 2934 1495 3005; x_wconf 90' lang='lat' dir='ltr'><strong>impios</strong></span> <span class='ocrx_word' id='word_1_440' title='bbox 1515 2937 1824 2993; x_wconf 85' lang='lat' dir='ltr'><strong>sacerdotes</strong></span> <span class='ocrx_word' id='word_1_441' title='bbox 1851 2955 1892 3012; x_wconf 70' lang='grc' dir='ltr'>ο</span> <span class='ocrx_word' id='word_1_442' title='bbox 1926 2924 2065 2980; x_wconf 82' lang='lat' dir='ltr'><strong>Deus</strong></span> <span class='ocrx_word' id='word_1_443' title='bbox 2098 2924 2273 2998; x_wconf 83' lang='lat' dir='ltr'><strong>(Psal.</strong></span> <span class='ocrx_word' id='word_1_444' title='bbox 2304 2924 2447 2998; x_wconf 78' lang='lat' dir='ltr'><strong>sui),</strong></span> <span class='ocrx_word' id='word_1_445' title='bbox 2489 2934 2544 2983; x_wconf 90' lang='lat' dir='ltr'><strong>et</strong></span> <span class='ocrx_word' id='word_1_446' title='bbox 2577 2926 2775 2983; x_wconf 90' lang='lat' dir='ltr'><strong>iterum</strong></span> <span class='ocrx_word' id='word_1_447' title='bbox 2802 2947 2815 2983; x_wconf 92' lang='lat'><strong>:</strong></span> <span class='ocrx_word' id='word_1_448' title='bbox 2853 2928 3048 2987; x_wconf 80' lang='lat' dir='ltr'><strong>Omnes</strong></span> <span class='ocrx_word' id='word_1_449' title='bbox 3079 2930 3242 2985; x_wconf 80' lang='lat' dir='ltr'><strong>simul</strong></span> <span class='ocrx_word' id='word_1_450' title='bbox 3293 2930 3509 2986; x_wconf 79' lang='lat' dir='ltr'><strong>inutiles</strong></span> 
     </span>
    </p>
   </div>
   <div class='ocr_carea' id='block_1_61' title="bbox 231 3020 1818 3099">
    <p class='ocr_par' dir='ltr' id='par_1_61' title="bbox 231 3020 1818 3099">
     <span class='ocr_line' id='line_1_62' title="bbox 231 3020 1818 3099; baseline 0.006 -24"><span class='ocrx_word' id='word_1_451' title='bbox 231 3020 487 3093; x_wconf 81' lang='lat' dir='ltr'><strong>impellit,</strong></span> <span class='ocrx_word' id='word_1_452' title='bbox 518 3022 615 3078; x_wconf 85' lang='lat' dir='ltr'><strong>sed</strong></span> <span class='ocrx_word' id='word_1_453' title='bbox 644 3023 1010 3080; x_wconf 88' lang='lat' dir='ltr'><strong>consideratio</strong></span> <span class='ocrx_word' id='word_1_454' title='bbox 1047 3024 1220 3080; x_wconf 89' lang='lat' dir='ltr'><strong>nostri</strong></span> <span class='ocrx_word' id='word_1_455' title='bbox 1256 3025 1437 3094; x_wconf 85' lang='lat' dir='ltr'><strong>ollicii,</strong></span> <span class='ocrx_word' id='word_1_456' title='bbox 1474 3035 1529 3083; x_wconf 92' lang='lat' dir='ltr'><strong>et</strong></span> <span class='ocrx_word' id='word_1_457' title='bbox 1555 3036 1818 3099; x_wconf 89' lang='lat' dir='ltr'><strong>potestas,</strong></span> 
     </span>
    </p>
   </div>
   <div class='ocr_carea' id='block_1_62' title="bbox 231 3113 1824 3188">
    <p class='ocr_par' dir='ltr' id='par_1_62' title="bbox 231 3113 1824 3188">
     <span class='ocr_line' id='line_1_63' title="bbox 231 3113 1824 3188; baseline 0.004 -18"><span class='ocrx_word' id='word_1_458' title='bbox 231 3129 346 3184; x_wconf 84' lang='lat' dir='ltr'><strong>qua</strong></span> <span class='ocrx_word' id='word_1_459' title='bbox 379 3113 624 3185; x_wconf 87' lang='lat' dir='ltr'><strong>quotidie</strong></span> <span class='ocrx_word' id='word_1_460' title='bbox 659 3123 1040 3185; x_wconf 87' lang='lat' dir='ltr'><strong>angustamur,</strong></span> <span class='ocrx_word' id='word_1_461' title='bbox 1089 3117 1400 3188; x_wconf 69' lang='lat' dir='ltr'><strong>apostolicae</strong></span> <span class='ocrx_word' id='word_1_462' title='bbox 1436 3119 1601 3175; x_wconf 85' lang='lat' dir='ltr'><strong>sedis.</strong></span> <span class='ocrx_word' id='word_1_463' title='bbox 1630 3119 1824 3176; x_wconf 83' lang='lat' dir='ltr'><strong>Melius</strong></span> 
     </span>
    </p>
   </div>
   <div class='ocr_carea' id='block_1_63' title="bbox 232 3207 1821 3285">
    <p class='ocr_par' dir='ltr' id='par_1_63' title="bbox 232 3207 1821 3285">
     <span class='ocr_line' id='line_1_64' title="bbox 232 3207 1821 3285; baseline 0.004 -21"><span class='ocrx_word' id='word_1_464' title='bbox 232 3215 321 3264; x_wconf 83' lang='lat' dir='ltr'><strong>est</strong></span> <span class='ocrx_word' id='word_1_465' title='bbox 344 3208 495 3265; x_wconf 84' lang='lat' dir='ltr'><strong>enim</strong></span> <span class='ocrx_word' id='word_1_466' title='bbox 516 3207 675 3263; x_wconf 88' lang='lat' dir='ltr'><strong>nobis</strong></span> <span class='ocrx_word' id='word_1_467' title='bbox 700 3208 940 3263; x_wconf 88' lang='lat' dir='ltr'><strong>debitam</strong></span> <span class='ocrx_word' id='word_1_468' title='bbox 960 3218 1193 3264; x_wconf 81' lang='lat' dir='ltr'><strong>mortem</strong></span> <span class='ocrx_word' id='word_1_469' title='bbox 1214 3210 1399 3266; x_wconf 90' lang='lat' dir='ltr'><strong>carnis</strong></span> <span class='ocrx_word' id='word_1_470' title='bbox 1422 3227 1520 3282; x_wconf 91' lang='lat' dir='ltr'><strong>per</strong></span> <span class='ocrx_word' id='word_1_471' title='bbox 1544 3220 1821 3285; x_wconf 82' lang='lat' dir='ltr'><strong>tyrannos,</strong></span> 
     </span>
    </p>
   </div>
   <div class='ocr_carea' id='block_1_64' title="bbox 236 3299 1823 3373">
    <p class='ocr_par' dir='ltr' id='par_1_64' title="bbox 236 3299 1823 3373">
     <span class='ocr_line' id='line_1_65' title="bbox 236 3299 1823 3373; baseline 0.005 -19"><span class='ocrx_word' id='word_1_472' title='bbox 236 3300 285 3355; x_wconf 88' lang='lat' dir='ltr'><strong>si</strong></span> <span class='ocrx_word' id='word_1_473' title='bbox 323 3299 651 3371; x_wconf 86' lang='lat' dir='ltr'><strong>oportuerit,</strong></span> <span class='ocrx_word' id='word_1_474' title='bbox 690 3299 897 3367; x_wconf 87' lang='lat' dir='ltr'><strong>subire,</strong></span> <span class='ocrx_word' id='word_1_475' title='bbox 928 3316 1096 3371; x_wconf 90' lang='lat' dir='ltr'><strong>quam</strong></span> <span class='ocrx_word' id='word_1_476' title='bbox 1124 3310 1314 3357; x_wconf 90' lang='lat' dir='ltr'><strong>nostro</strong></span> <span class='ocrx_word' id='word_1_477' title='bbox 1341 3302 1579 3371; x_wconf 88' lang='lat' dir='ltr'><strong>silentio,</strong></span> <span class='ocrx_word' id='word_1_478' title='bbox 1609 3304 1823 3373; x_wconf 88' lang='lat' dir='ltr'><strong>timore,</strong></span> 
     </span>
    </p>
   </div>
   <div class='ocr_carea' id='block_1_65' title="bbox 222 3384 1825 3464">
    <p class='ocr_par' dir='ltr' id='par_1_65' title="bbox 222 3384 1825 3464">
     <span class='ocr_line' id='line_1_66' title="bbox 222 3384 1825 3464; baseline 0.005 -21"><span class='ocrx_word' id='word_1_479' title='bbox 222 3391 321 3445; x_wconf 59' lang='lat' dir='ltr'><strong>.vel</strong></span> <span class='ocrx_word' id='word_1_480' title='bbox 353 3391 646 3448; x_wconf 80' lang='lat' dir='ltr'><strong>commodo</strong></span> <span class='ocrx_word' id='word_1_481' title='bbox 673 3390 1002 3447; x_wconf 70' lang='lat' dir='ltr'><strong>Christianae</strong></span> <span class='ocrx_word' id='word_1_482' title='bbox 1037 3393 1173 3464; x_wconf 87' lang='lat' dir='ltr'><strong>legis</strong></span> <span class='ocrx_word' id='word_1_483' title='bbox 1200 3384 1575 3451; x_wconf 44' lang='lat' dir='ltr'><strong>destructioni&#39;</strong></span> <span class='ocrx_word' id='word_1_484' title='bbox 1594 3411 1825 3453; x_wconf 87' lang='lat' dir='ltr'><strong>consen-</strong></span> 
     </span>
    </p>
   </div>
   <div class='ocr_carea' id='block_1_66' title="bbox 235 3482 1822 3556">
    <p class='ocr_par' dir='ltr' id='par_1_66' title="bbox 235 3482 1822 3556">
     <span class='ocr_line' id='line_1_67' title="bbox 235 3482 1822 3556; baseline 0.006 -19"><span class='ocrx_word' id='word_1_485' title='bbox 235 3484 357 3538; x_wconf 88' lang='lat' dir='ltr'><strong>tire.</strong></span> <span class='ocrx_word' id='word_1_486' title='bbox 384 3482 622 3539; x_wconf 87' lang='lat' dir='ltr'><strong>Sanctos</strong></span> <span class='ocrx_word' id='word_1_487' title='bbox 645 3484 869 3555; x_wconf 89' lang='lat' dir='ltr'><strong>quidem</strong></span> <span class='ocrx_word' id='word_1_488' title='bbox 891 3492 1073 3556; x_wconf 89' lang='lat' dir='ltr'><strong>patres</strong></span> <span class='ocrx_word' id='word_1_489' title='bbox 1102 3493 1321 3541; x_wconf 85' lang='lat' dir='ltr'><strong>nostros</strong></span> <span class='ocrx_word' id='word_1_490' title='bbox 1342 3486 1553 3544; x_wconf 80' lang='lat' dir='ltr'><strong>dixisse</strong></span> <span class='ocrx_word' id='word_1_491' title='bbox 1579 3488 1785 3545; x_wconf 88' lang='lat' dir='ltr'><strong>scimus</strong></span> <span class='ocrx_word' id='word_1_492' title='bbox 1809 3509 1822 3545; x_wconf 90' lang='lat'><strong>:</strong></span> 
     </span>
    </p>
   </div>
   <div class='ocr_carea' id='block_1_67' title="bbox 238 3574 1825 3652">
    <p class='ocr_par' dir='ltr' id='par_1_67' title="bbox 238 3574 1825 3652">
     <span class='ocr_line' id='line_1_68' title="bbox 238 3574 1825 3652; baseline 0.003 -20"><span class='ocrx_word' id='word_1_493' title='bbox 238 3574 341 3644; x_wconf 88' lang='lat' dir='ltr'><strong>Qui</strong></span> <span class='ocrx_word' id='word_1_494' title='bbox 368 3577 560 3649; x_wconf 88' lang='lat' dir='ltr'><strong>pravis</strong></span> <span class='ocrx_word' id='word_1_495' title='bbox 589 3577 906 3652; x_wconf 79' lang='lat' dir='ltr'><strong>hominibus</strong></span> <span class='ocrx_word' id='word_1_496' title='bbox 945 3577 1033 3633; x_wconf 89' lang='lat' dir='ltr'><strong>sui</strong></span> <span class='ocrx_word' id='word_1_497' title='bbox 1061 3577 1498 3635; x_wconf 78' lang='lat' dir='ltr'><strong>consideratione</strong></span> <span class='ocrx_word' id='word_1_498' title='bbox 1528 3579 1686 3635; x_wconf 74' lang='lat' dir='ltr'><strong>cilicii</strong></span> <span class='ocrx_word' id='word_1_499' title='bbox 1716 3597 1825 3637; x_wconf 91' lang='lat' dir='ltr'><strong>non</strong></span> 
     </span>
    </p>
   </div>
   <div class='ocr_carea' id='block_1_68' title="bbox 238 3669 1825 3742">
    <p class='ocr_par' dir='ltr' id='par_1_68' title="bbox 238 3669 1825 3742">
     <span class='ocr_line' id='line_1_69' title="bbox 238 3669 1825 3742; baseline 0.001 -16"><span class='ocrx_word' id='word_1_500' title='bbox 238 3671 586 3737; x_wconf 88' lang='lat' dir='ltr'><strong>contradicit,</strong></span> <span class='ocrx_word' id='word_1_501' title='bbox 623 3669 921 3738; x_wconf 86' lang='lat' dir='ltr'><strong>consentit;</strong></span> <span class='ocrx_word' id='word_1_502' title='bbox 954 3679 1009 3733; x_wconf 87' lang='lat' dir='ltr'><strong>et</strong></span> <span class='ocrx_word' id='word_1_503' title='bbox 1045 3669 1140 3742; x_wconf 87' lang='lat' dir='ltr'><strong>qui</strong></span> <span class='ocrx_word' id='word_1_504' title='bbox 1171 3671 1466 3726; x_wconf 87' lang='lat' dir='ltr'><strong>resecanda</strong></span> <span class='ocrx_word' id='word_1_505' title='bbox 1498 3688 1606 3728; x_wconf 93' lang='lat' dir='ltr'><strong>non</strong></span> <span class='ocrx_word' id='word_1_506' title='bbox 1626 3672 1825 3741; x_wconf 88' lang='lat' dir='ltr'><strong>aufert,</strong></span> 
     </span>
    </p>
   </div>
   <div class='ocr_carea' id='block_1_69' title="bbox 238 3760 1827 3834">
    <p class='ocr_par' dir='ltr' id='par_1_69' title="bbox 238 3760 1827 3834">
     <span class='ocr_line' id='line_1_70' title="bbox 238 3760 1827 3834; baseline 0.001 -14"><span class='ocrx_word' id='word_1_507' title='bbox 238 3763 552 3820; x_wconf 87' lang='lat' dir='ltr'><strong>committit.</strong></span> <span class='ocrx_word' id='word_1_508' title='bbox 599 3760 957 3834; x_wconf 88' lang='lat' dir='ltr'><strong>Omnipotens</strong></span> <span class='ocrx_word' id='word_1_509' title='bbox 1002 3762 1169 3829; x_wconf 89' lang='lat' dir='ltr'><strong>Deus,</strong></span> <span class='ocrx_word' id='word_1_510' title='bbox 1210 3778 1241 3816; x_wconf 90' lang='lat' dir='ltr'><strong>a</strong></span> <span class='ocrx_word' id='word_1_511' title='bbox 1285 3778 1395 3833; x_wconf 89' lang='lat' dir='ltr'><strong>quo</strong></span> <span class='ocrx_word' id='word_1_512' title='bbox 1443 3772 1637 3820; x_wconf 88' lang='lat' dir='ltr'><strong>cuncta</strong></span> <span class='ocrx_word' id='word_1_513' title='bbox 1682 3765 1827 3822; x_wconf 89' lang='lat' dir='ltr'><strong>bona</strong></span> 
     </span>
    </p>
   </div>
   <div class='ocr_carea' id='block_1_70' title="bbox 227 3843 1829 3929">
    <p class='ocr_par' dir='ltr' id='par_1_70' title="bbox 227 3843 1829 3929">
     <span class='ocr_line' id='line_1_71' title="bbox 227 3843 1829 3929; baseline 0.002 -18"><span class='ocrx_word' id='word_1_514' title='bbox 227 3856 575 3928; x_wconf 85' lang='lat' dir='ltr'><strong>.procedunt,</strong></span> <span class='ocrx_word' id='word_1_515' title='bbox 611 3855 824 3912; x_wconf 87' lang='lat' dir='ltr'><strong>meritis</strong></span> <span class='ocrx_word' id='word_1_516' title='bbox 863 3854 1097 3910; x_wconf 68' lang='lat' dir='ltr'><strong>dominae</strong></span> <span class='ocrx_word' id='word_1_517' title='bbox 1137 3857 1601 3912; x_wconf 67' lang='lat' dir='ltr'><strong>nostraa&#39;cmlestis</strong></span> <span class='ocrx_word' id='word_1_518' title='bbox 1628 3843 1829 3929; x_wconf 64' lang='lat' dir='ltr'><strong>regina:</strong></span> 
     </span>
    </p>
   </div>
   <div class='ocr_carea' id='block_1_71' title="bbox 238 3945 1827 4018">
    <p class='ocr_par' dir='ltr' id='par_1_71' title="bbox 238 3945 1827 4018">
     <span class='ocr_line' id='line_1_72' title="bbox 238 3945 1827 4018; baseline 0 -13"><span class='ocrx_word' id='word_1_519' title='bbox 238 3964 304 4006; x_wconf 83' lang='lat' dir='ltr'><strong>ac</strong></span> <span class='ocrx_word' id='word_1_520' title='bbox 338 3949 630 4005; x_wconf 86' lang='lat' dir='ltr'><strong>beatorum</strong></span> <span class='ocrx_word' id='word_1_521' title='bbox 666 3948 1039 4018; x_wconf 85' lang='lat' dir='ltr'><strong>apostolorum</strong></span> <span class='ocrx_word' id='word_1_522' title='bbox 1080 3945 1227 4002; x_wconf 90' lang='lat' dir='ltr'><strong>Petri</strong></span> <span class='ocrx_word' id='word_1_523' title='bbox 1267 3955 1321 4003; x_wconf 91' lang='lat' dir='ltr'><strong>et</strong></span> <span class='ocrx_word' id='word_1_524' title='bbox 1366 3946 1520 4003; x_wconf 88' lang='lat' dir='ltr'><strong>Pauli</strong></span> <span class='ocrx_word' id='word_1_525' title='bbox 1561 3948 1827 4005; x_wconf 88' lang='lat' dir='ltr'><strong>interces-</strong></span> 
     </span>
    </p>
   </div>
   <div class='ocr_carea' id='block_1_72' title="bbox 234 4039 1829 4112">
    <p class='ocr_par' dir='ltr' id='par_1_72' title="bbox 234 4039 1829 4112">
     <span class='ocr_line' id='line_1_73' title="bbox 234 4039 1829 4112; baseline 0 -15"><span class='ocrx_word' id='word_1_526' title='bbox 234 4044 392 4099; x_wconf 87' lang='lat' dir='ltr'><strong>sione</strong></span> <span class='ocrx_word' id='word_1_527' title='bbox 421 4041 588 4098; x_wconf 82' lang='lat' dir='ltr'><strong>corda</strong></span> <span class='ocrx_word' id='word_1_528' title='bbox 612 4050 794 4097; x_wconf 88' lang='lat' dir='ltr'><strong>vestra</strong></span> <span class='ocrx_word' id='word_1_529' title='bbox 818 4041 1099 4096; x_wconf 77' lang='lat' dir='ltr'><strong>confirmet</strong></span> <span class='ocrx_word' id='word_1_530' title='bbox 1129 4048 1183 4095; x_wconf 88' lang='lat' dir='ltr'><strong>et</strong></span> <span class='ocrx_word' id='word_1_531' title='bbox 1206 4039 1499 4107; x_wconf 86' lang='lat' dir='ltr'><strong>custodiat,</strong></span> <span class='ocrx_word' id='word_1_532' title='bbox 1519 4048 1573 4095; x_wconf 91' lang='lat' dir='ltr'><strong>et</strong></span> <span class='ocrx_word' id='word_1_533' title='bbox 1592 4039 1829 4112; x_wconf 89' lang='lat' dir='ltr'><strong>Spiritus</strong></span> 
     </span>
    </p>
   </div>
   <div class='ocr_carea' id='block_1_73' title="bbox 230 4130 1828 4208">
    <p class='ocr_par' dir='ltr' id='par_1_73' title="bbox 230 4130 1828 4208">
     <span class='ocr_line' id='line_1_74' title="bbox 230 4130 1828 4208; baseline -0.001 -17"><span class='ocrx_word' id='word_1_534' title='bbox 230 4130 325 4195; x_wconf 77' lang='lat' dir='ltr'><strong>sui</strong></span> <span class='ocrx_word' id='word_1_535' title='bbox 365 4136 608 4208; x_wconf 83' lang='lat' dir='ltr'><strong>gratiam</strong></span> <span class='ocrx_word' id='word_1_536' title='bbox 637 4131 1080 4204; x_wconf 86' lang='lat' dir='ltr'><strong>superinfundat,</strong></span> <span class='ocrx_word' id='word_1_537' title='bbox 1124 4142 1186 4190; x_wconf 89' lang='lat' dir='ltr'><strong>ut</strong></span> <span class='ocrx_word' id='word_1_538' title='bbox 1221 4150 1345 4204; x_wconf 69' lang='lat' dir='ltr'><strong>quae</strong></span> <span class='ocrx_word' id='word_1_539' title='bbox 1386 4142 1516 4189; x_wconf 88' lang='lat' dir='ltr'><strong>sunt</strong></span> <span class='ocrx_word' id='word_1_540' title='bbox 1541 4133 1591 4189; x_wconf 90' lang='lat' dir='ltr'><strong>ei</strong></span> <span class='ocrx_word' id='word_1_541' title='bbox 1628 4133 1828 4204; x_wconf 85' lang='lat' dir='ltr'><strong>placita</strong></span> 
     </span>
    </p>
   </div>
   <div class='ocr_carea' id='block_1_74' title="bbox 238 4225 1827 4297">
    <p class='ocr_par' dir='ltr' id='par_1_74' title="bbox 238 4225 1827 4297">
     <span class='ocr_line' id='line_1_75' title="bbox 238 4225 1827 4297; baseline -0.004 -11"><span class='ocrx_word' id='word_1_542' title='bbox 238 4228 505 4287; x_wconf 82' lang='lat' dir='ltr'><strong>facientes</strong></span> <span class='ocrx_word' id='word_1_543' title='bbox 536 4226 865 4282; x_wconf 84' lang='lat' dir='ltr'><strong>mereamini</strong></span> <span class='ocrx_word' id='word_1_544' title='bbox 906 4241 1165 4296; x_wconf 85' lang='lat' dir='ltr'><strong>sponsam</strong></span> <span class='ocrx_word' id='word_1_545' title='bbox 1193 4226 1335 4297; x_wconf 86' lang='lat' dir='ltr'><strong>ejus,</strong></span> <span class='ocrx_word' id='word_1_546' title='bbox 1374 4234 1604 4282; x_wconf 89' lang='lat' dir='ltr'><strong>matrem</strong></span> <span class='ocrx_word' id='word_1_547' title='bbox 1632 4225 1827 4281; x_wconf 87' lang='lat' dir='ltr'><strong>videli-</strong></span> 
     </span>
    </p>
   </div>
   <div class='ocr_carea' id='block_1_75' title="bbox 1914 3017 3507 3093">
    <p class='ocr_par' dir='ltr' id='par_1_75' title="bbox 1914 3017 3507 3093">
     <span class='ocr_line' id='line_1_76' title="bbox 1914 3017 3507 3093; baseline 0.004 -21"><span class='ocrx_word' id='word_1_548' title='bbox 1914 3019 2057 3090; x_wconf 74' lang='lat' dir='ltr'><strong>facti</strong></span> <span class='ocrx_word' id='word_1_549' title='bbox 2078 3028 2201 3073; x_wconf 86' lang='lat' dir='ltr'><strong>sunt</strong></span> <span class='ocrx_word' id='word_1_550' title='bbox 2228 3019 2284 3073; x_wconf 88' lang='lat' dir='ltr'><strong>in</strong></span> <span class='ocrx_word' id='word_1_551' title='bbox 2315 3017 2670 3075; x_wconf 81' lang='lat' dir='ltr'><strong>voluntatibus</strong></span> <span class='ocrx_word' id='word_1_552' title='bbox 2691 3021 2803 3076; x_wconf 82' lang='lat' dir='ltr'><strong>suis</strong></span> <span class='ocrx_word' id='word_1_553' title='bbox 2829 3021 3003 3093; x_wconf 85' lang='lat' dir='ltr'><strong>(Psal.</strong></span> <span class='ocrx_word' id='word_1_554' title='bbox 3039 3021 3156 3093; x_wconf 78' lang='grc' dir='ltr'>ιιι).</span> <span class='ocrx_word' id='word_1_555' title='bbox 3187 3021 3282 3079; x_wconf 88' lang='lat' dir='ltr'><strong>Eis</strong></span> <span class='ocrx_word' id='word_1_556' title='bbox 3302 3032 3507 3091; x_wconf 89' lang='lat' dir='ltr'><strong>autem,</strong></span> 
     </span>
    </p>
   </div>
   <div class='ocr_carea' id='block_1_76' title="bbox 1925 3108 3507 3183">
    <p class='ocr_par' dir='ltr' id='par_1_76' title="bbox 1925 3108 3507 3183">
     <span class='ocr_line' id='line_1_77' title="bbox 1925 3108 3507 3183; baseline 0.005 -20"><span class='ocrx_word' id='word_1_557' title='bbox 1925 3110 2020 3180; x_wconf 91' lang='lat' dir='ltr'><strong>qui</strong></span> <span class='ocrx_word' id='word_1_558' title='bbox 2065 3109 2293 3165; x_wconf 89' lang='lat' dir='ltr'><strong>dicunt:</strong></span> <span class='ocrx_word' id='word_1_559' title='bbox 2344 3108 2544 3183; x_wconf 87' lang='lat' dir='ltr'><strong>Regem</strong></span> <span class='ocrx_word' id='word_1_560' title='bbox 2591 3128 2701 3181; x_wconf 89' lang='lat' dir='ltr'><strong>non</strong></span> <span class='ocrx_word' id='word_1_561' title='bbox 2755 3121 2968 3183; x_wconf 89' lang='lat' dir='ltr'><strong>oportet</strong></span> <span class='ocrx_word' id='word_1_562' title='bbox 3014 3108 3507 3183; x_wconf 79' lang='lat' dir='ltr'><strong>excommunicari;</strong></span> 
     </span>
    </p>
   </div>
   <div class='ocr_carea' id='block_1_77' title="bbox 1924 3201 3512 3279">
    <p class='ocr_par' dir='ltr' id='par_1_77' title="bbox 1924 3201 3512 3279">
     <span class='ocr_line' id='line_1_78' title="bbox 1924 3201 3512 3279; baseline 0.006 -25"><span class='ocrx_word' id='word_1_563' title='bbox 1924 3201 2051 3256; x_wconf 88' lang='lat' dir='ltr'><strong>licet</strong></span> <span class='ocrx_word' id='word_1_564' title='bbox 2077 3217 2176 3272; x_wconf 90' lang='lat' dir='ltr'><strong>pro</strong></span> <span class='ocrx_word' id='word_1_565' title='bbox 2210 3217 2407 3273; x_wconf 89' lang='lat' dir='ltr'><strong>magna</strong></span> <span class='ocrx_word' id='word_1_566' title='bbox 2450 3202 2698 3259; x_wconf 88' lang='lat' dir='ltr'><strong>fatuitate</strong></span> <span class='ocrx_word' id='word_1_567' title='bbox 2720 3219 2835 3261; x_wconf 87' lang='lat' dir='ltr'><strong>nec</strong></span> <span class='ocrx_word' id='word_1_568' title='bbox 2864 3207 3027 3261; x_wconf 90' lang='lat' dir='ltr'><strong>etiam</strong></span> <span class='ocrx_word' id='word_1_569' title='bbox 3069 3205 3150 3262; x_wconf 88' lang='lat' dir='ltr'><strong>eis</strong></span> <span class='ocrx_word' id='word_1_570' title='bbox 3180 3208 3512 3279; x_wconf 87' lang='lat' dir='ltr'><strong>respondere</strong></span> 
     </span>
    </p>
   </div>
   <div class='ocr_carea' id='block_1_78' title="bbox 1922 3290 3509 3371">
    <p class='ocr_par' dir='ltr' id='par_1_78' title="bbox 1922 3290 3509 3371">
     <span class='ocr_line' id='line_1_79' title="bbox 1922 3290 3509 3371; baseline 0.004 -24"><span class='ocrx_word' id='word_1_571' title='bbox 1922 3290 2244 3359; x_wconf 89' lang='lat' dir='ltr'><strong>debeamus,</strong></span> <span class='ocrx_word' id='word_1_572' title='bbox 2280 3301 2462 3348; x_wconf 88' lang='lat' dir='ltr'><strong>tamen</strong></span> <span class='ocrx_word' id='word_1_573' title='bbox 2498 3310 2568 3350; x_wconf 90' lang='lat' dir='ltr'><strong>ne</strong></span> <span class='ocrx_word' id='word_1_574' title='bbox 2603 3295 2953 3366; x_wconf 84' lang='lat' dir='ltr'><strong>impatienter</strong></span> <span class='ocrx_word' id='word_1_575' title='bbox 2985 3297 3203 3354; x_wconf 88' lang='lat' dir='ltr'><strong>illorum</strong></span> <span class='ocrx_word' id='word_1_576' title='bbox 3243 3299 3509 3371; x_wconf 87' lang='lat' dir='ltr'><strong>insipien-</strong></span> 
     </span>
    </p>
   </div>
   <div class='ocr_carea' id='block_1_79' title="bbox 1925 3383 3512 3457">
    <p class='ocr_par' dir='ltr' id='par_1_79' title="bbox 1925 3383 3512 3457">
     <span class='ocr_line' id='line_1_80' title="bbox 1925 3383 3512 3457; baseline 0.006 -18"><span class='ocrx_word' id='word_1_577' title='bbox 1925 3383 2056 3439; x_wconf 88' lang='lat' dir='ltr'><strong>tiam</strong></span> <span class='ocrx_word' id='word_1_578' title='bbox 2102 3387 2385 3454; x_wconf 71' lang='lat' dir='ltr'><strong>praeterire</strong></span> <span class='ocrx_word' id='word_1_579' title='bbox 2438 3386 2741 3457; x_wconf 85' lang='lat' dir='ltr'><strong>videamur,</strong></span> <span class='ocrx_word' id='word_1_580' title='bbox 2790 3388 2858 3444; x_wconf 90' lang='lat' dir='ltr'><strong>ad</strong></span> <span class='ocrx_word' id='word_1_581' title='bbox 2912 3397 3230 3448; x_wconf 89' lang='lat' dir='ltr'><strong>sanctorum</strong></span> <span class='ocrx_word' id='word_1_582' title='bbox 3286 3390 3512 3449; x_wconf 89' lang='lat' dir='ltr'><strong>Patrum</strong></span> 
     </span>
    </p>
   </div>
   <div class='ocr_carea' id='block_1_80' title="bbox 1924 3478 3508 3549">
    <p class='ocr_par' dir='ltr' id='par_1_80' title="bbox 1924 3478 3508 3549">
     <span class='ocr_line' id='line_1_81' title="bbox 1924 3478 3508 3549; baseline 0.004 -14"><span class='ocrx_word' id='word_1_583' title='bbox 1924 3479 2066 3535; x_wconf 87' lang='lat' dir='ltr'><strong>dicta</strong></span> <span class='ocrx_word' id='word_1_584' title='bbox 2093 3480 2180 3536; x_wconf 86' lang='lat' dir='ltr'><strong>vel</strong></span> <span class='ocrx_word' id='word_1_585' title='bbox 2210 3478 2351 3534; x_wconf 89' lang='lat' dir='ltr'><strong>facta</strong></span> <span class='ocrx_word' id='word_1_586' title='bbox 2385 3479 2505 3536; x_wconf 89' lang='lat' dir='ltr'><strong>illos</strong></span> <span class='ocrx_word' id='word_1_587' title='bbox 2543 3480 2833 3549; x_wconf 89' lang='lat' dir='ltr'><strong>mittimus,</strong></span> <span class='ocrx_word' id='word_1_588' title='bbox 2869 3491 2930 3537; x_wconf 91' lang='lat' dir='ltr'><strong>ut</strong></span> <span class='ocrx_word' id='word_1_589' title='bbox 2953 3499 3050 3540; x_wconf 91' lang='lat' dir='ltr'><strong>eos</strong></span> <span class='ocrx_word' id='word_1_590' title='bbox 3088 3484 3155 3539; x_wconf 86' lang='lat' dir='ltr'><strong>ad</strong></span> <span class='ocrx_word' id='word_1_591' title='bbox 3186 3500 3377 3540; x_wconf 89' lang='lat' dir='ltr'><strong>sanam</strong></span> <span class='ocrx_word' id='word_1_592' title='bbox 3405 3485 3508 3541; x_wconf 88' lang='lat' dir='ltr'><strong>do-</strong></span> 
     </span>
    </p>
   </div>
   <div class='ocr_carea' id='block_1_81' title="bbox 1926 3564 3514 3653">
    <p class='ocr_par' dir='ltr' id='par_1_81' title="bbox 1926 3564 3514 3653">
     <span class='ocr_line' id='line_1_82' title="bbox 1926 3564 3514 3653; baseline 0.004 -26"><span class='ocrx_word' id='word_1_593' title='bbox 1926 3573 2158 3628; x_wconf 88' lang='lat' dir='ltr'><strong>ctrinam</strong></span> <span class='ocrx_word' id='word_1_594' title='bbox 2206 3587 2547 3653; x_wconf 88' lang='lat' dir='ltr'><strong>revocemus.</strong></span> <span class='ocrx_word' id='word_1_595' title='bbox 2611 3564 2820 3645; x_wconf 84' lang='lat' dir='ltr'><strong>Legant</strong></span> <span class='ocrx_word' id='word_1_596' title='bbox 2877 3575 3061 3647; x_wconf 90' lang='lat' dir='ltr'><strong>itaque</strong></span> <span class='ocrx_word' id='word_1_597' title='bbox 3124 3577 3257 3647; x_wconf 88' lang='lat' dir='ltr'><strong>quid</strong></span> <span class='ocrx_word' id='word_1_598' title='bbox 3318 3577 3514 3634; x_wconf 81' lang='lat' dir='ltr'><strong>beatus</strong></span> 
     </span>
    </p>
   </div>
   <div class='ocr_carea' id='block_1_82' title="bbox 1924 3663 3515 3740">
    <p class='ocr_par' dir='ltr' id='par_1_82' title="bbox 1924 3663 3515 3740">
     <span class='ocr_line' id='line_1_83' title="bbox 1924 3663 3515 3740; baseline 0.004 -21"><span class='ocrx_word' id='word_1_599' title='bbox 1924 3663 2121 3727; x_wconf 86' lang='lat' dir='ltr'><strong>Petrus</strong></span> <span class='ocrx_word' id='word_1_600' title='bbox 2144 3665 2201 3720; x_wconf 92' lang='lat' dir='ltr'><strong>in</strong></span> <span class='ocrx_word' id='word_1_601' title='bbox 2222 3664 2568 3720; x_wconf 89' lang='lat' dir='ltr'><strong>ordinatione</strong></span> <span class='ocrx_word' id='word_1_602' title='bbox 2602 3667 2777 3722; x_wconf 83' lang='lat' dir='ltr'><strong>sancti</strong></span> <span class='ocrx_word' id='word_1_603' title='bbox 2804 3666 3099 3725; x_wconf 88' lang='lat' dir='ltr'><strong>Clementis</strong></span> <span class='ocrx_word' id='word_1_604' title='bbox 3125 3670 3326 3740; x_wconf 90' lang='lat' dir='ltr'><strong>populo</strong></span> <span class='ocrx_word' id='word_1_605' title='bbox 3349 3668 3515 3726; x_wconf 82' lang='lat' dir='ltr'><strong>Chri-</strong></span> 
     </span>
    </p>
   </div>
   <div class='ocr_carea' id='block_1_83' title="bbox 1926 3756 3512 3834">
    <p class='ocr_par' dir='ltr' id='par_1_83' title="bbox 1926 3756 3512 3834">
     <span class='ocr_line' id='line_1_84' title="bbox 1926 3756 3512 3834; baseline 0.003 -22"><span class='ocrx_word' id='word_1_606' title='bbox 1926 3757 2106 3813; x_wconf 86' lang='lat' dir='ltr'><strong>stiano</strong></span> <span class='ocrx_word' id='word_1_607' title='bbox 2128 3756 2384 3827; x_wconf 73' lang='lat' dir='ltr'><strong>pmcepit</strong></span> <span class='ocrx_word' id='word_1_608' title='bbox 2417 3756 2485 3812; x_wconf 93' lang='lat' dir='ltr'><strong>de</strong></span> <span class='ocrx_word' id='word_1_609' title='bbox 2519 3772 2586 3813; x_wconf 89' lang='lat' dir='ltr'><strong>eo</strong></span> <span class='ocrx_word' id='word_1_610' title='bbox 2605 3773 2768 3829; x_wconf 92' lang='lat' dir='ltr'><strong>quem</strong></span> <span class='ocrx_word' id='word_1_611' title='bbox 2796 3759 2999 3815; x_wconf 89' lang='lat' dir='ltr'><strong>scirent</strong></span> <span class='ocrx_word' id='word_1_612' title='bbox 3020 3776 3129 3815; x_wconf 90' lang='lat' dir='ltr'><strong>non</strong></span> <span class='ocrx_word' id='word_1_613' title='bbox 3158 3762 3358 3817; x_wconf 90' lang='lat' dir='ltr'><strong>habere</strong></span> <span class='ocrx_word' id='word_1_614' title='bbox 3384 3778 3512 3834; x_wconf 86' lang='lat' dir='ltr'><strong>gra-</strong></span> 
     </span>
    </p>
   </div>
   <div class='ocr_carea' id='block_1_84' title="bbox 1926 3846 3516 3922">
    <p class='ocr_par' dir='ltr' id='par_1_84' title="bbox 1926 3846 3516 3922">
     <span class='ocr_line' id='line_1_85' title="bbox 1926 3846 3516 3922; baseline 0.003 -19"><span class='ocrx_word' id='word_1_615' title='bbox 1926 3848 2059 3904; x_wconf 90' lang='lat' dir='ltr'><strong>tiam</strong></span> <span class='ocrx_word' id='word_1_616' title='bbox 2086 3847 2380 3918; x_wconf 82' lang='lat' dir='ltr'><strong>pontiﬁcis.</strong></span> <span class='ocrx_word' id='word_1_617' title='bbox 2413 3846 2713 3904; x_wconf 85' lang='lat' dir='ltr'><strong>Addiscant</strong></span> <span class='ocrx_word' id='word_1_618' title='bbox 2734 3865 2835 3905; x_wconf 90' lang='lat' dir='ltr'><strong>cur</strong></span> <span class='ocrx_word' id='word_1_619' title='bbox 2860 3850 3159 3922; x_wconf 85' lang='lat' dir='ltr'><strong>Apostolus</strong></span> <span class='ocrx_word' id='word_1_620' title='bbox 3181 3852 3327 3908; x_wconf 89' lang='lat' dir='ltr'><strong>dicat</strong></span> <span class='ocrx_word' id='word_1_621' title='bbox 3354 3871 3366 3907; x_wconf 93' lang='lat'><strong>:</strong></span> <span class='ocrx_word' id='word_1_622' title='bbox 3397 3852 3516 3907; x_wconf 86' lang='lat' dir='ltr'><strong>Ha-</strong></span> 
     </span>
    </p>
   </div>
   <div class='ocr_carea' id='block_1_85' title="bbox 1928 3939 3515 4010">
    <p class='ocr_par' dir='ltr' id='par_1_85' title="bbox 1928 3939 3515 4010">
     <span class='ocr_line' id='line_1_86' title="bbox 1928 3939 3515 4010; baseline 0.004 -17"><span class='ocrx_word' id='word_1_623' title='bbox 1928 3939 2102 3994; x_wconf 88' lang='lat' dir='ltr'><strong>bentes</strong></span> <span class='ocrx_word' id='word_1_624' title='bbox 2173 3941 2231 3994; x_wconf 88' lang='lat' dir='ltr'><strong>in</strong></span> <span class='ocrx_word' id='word_1_625' title='bbox 2285 3949 2529 4010; x_wconf 85' lang='lat' dir='ltr'><strong>promptu</strong></span> <span class='ocrx_word' id='word_1_626' title='bbox 2593 3941 2783 3996; x_wconf 73' lang='lat' dir='ltr'><strong>ulcisci</strong></span> <span class='ocrx_word' id='word_1_627' title='bbox 2842 3960 3046 3998; x_wconf 85' lang='lat' dir='ltr'><strong>omnem</strong></span> <span class='ocrx_word' id='word_1_628' title='bbox 3107 3945 3515 4000; x_wconf 81' lang='lat' dir='ltr'><strong>inobedientiam</strong></span> 
     </span>
    </p>
   </div>
   <div class='ocr_carea' id='block_1_86' title="bbox 1929 4029 3516 4104">
    <p class='ocr_par' dir='ltr' id='par_1_86' title="bbox 1929 4029 3516 4104">
     <span class='ocr_line' id='line_1_87' title="bbox 1929 4029 3516 4104; baseline 0.003 -21"><span class='ocrx_word' id='word_1_629' title='bbox 1929 4029 2018 4101; x_wconf 88' lang='grc' dir='ltr'><strong>(ΙΙ</strong></span> <span class='ocrx_word' id='word_1_630' title='bbox 2042 4029 2165 4086; x_wconf 86' lang='lat' dir='ltr'><strong>Cor.</strong></span> <span class='ocrx_word' id='word_1_631' title='bbox 2198 4030 2289 4101; x_wconf 77' lang='lat' dir='ltr'><strong>x);</strong></span> <span class='ocrx_word' id='word_1_632' title='bbox 2317 4039 2372 4085; x_wconf 90' lang='lat' dir='ltr'><strong>et</strong></span> <span class='ocrx_word' id='word_1_633' title='bbox 2402 4031 2470 4085; x_wconf 88' lang='lat' dir='ltr'><strong>de</strong></span> <span class='ocrx_word' id='word_1_634' title='bbox 2497 4030 2702 4100; x_wconf 86' lang='lat' dir='ltr'><strong>quibus</strong></span> <span class='ocrx_word' id='word_1_635' title='bbox 2725 4032 2858 4087; x_wconf 88' lang='lat' dir='ltr'><strong>dicit</strong></span> <span class='ocrx_word' id='word_1_636' title='bbox 2884 4051 2897 4087; x_wconf 89' lang='lat'><strong>:</strong></span> <span class='ocrx_word' id='word_1_637' title='bbox 2927 4032 3059 4089; x_wconf 86' lang='lat' dir='ltr'><strong>Cum</strong></span> <span class='ocrx_word' id='word_1_638' title='bbox 3092 4035 3395 4104; x_wconf 83' lang='lat' dir='ltr'><strong>hujusmodi</strong></span> <span class='ocrx_word' id='word_1_639' title='bbox 3422 4050 3516 4088; x_wconf 83' lang='lat' dir='ltr'><strong>nec</strong></span> 
     </span>
    </p>
   </div>
   <div class='ocr_carea' id='block_1_87' title="bbox 1927 4119 3515 4194">
    <p class='ocr_par' dir='ltr' id='par_1_87' title="bbox 1927 4119 3515 4194">
     <span class='ocr_line' id='line_1_88' title="bbox 1927 4119 3515 4194; baseline 0.003 -18"><span class='ocrx_word' id='word_1_640' title='bbox 1927 4121 2102 4176; x_wconf 87' lang='lat' dir='ltr'><strong>cibum</strong></span> <span class='ocrx_word' id='word_1_641' title='bbox 2124 4137 2327 4176; x_wconf 84' lang='lat' dir='ltr'><strong>sumere</strong></span> <span class='ocrx_word' id='word_1_642' title='bbox 2357 4119 2412 4194; x_wconf 86' lang='grc' dir='ltr'><strong>(Ι</strong></span> <span class='ocrx_word' id='word_1_643' title='bbox 2447 4120 2571 4177; x_wconf 83' lang='lat' dir='ltr'><strong>Cor.</strong></span> <span class='ocrx_word' id='word_1_644' title='bbox 2596 4121 2673 4193; x_wconf 89' lang='lat' dir='ltr'><strong>v).</strong></span> <span class='ocrx_word' id='word_1_645' title='bbox 2711 4122 3071 4181; x_wconf 85' lang='lat' dir='ltr'><strong>Considerent</strong></span> <span class='ocrx_word' id='word_1_646' title='bbox 3096 4139 3197 4179; x_wconf 87' lang='lat' dir='ltr'><strong>cur</strong></span> <span class='ocrx_word' id='word_1_647' title='bbox 3221 4123 3515 4181; x_wconf 81' lang='lat' dir='ltr'><strong>Zacharias</strong></span> 
     </span>
    </p>
   </div>
   <div class='ocr_carea' id='block_1_88' title="bbox 1927 4213 3510 4286">
    <p class='ocr_par' dir='ltr' id='par_1_88' title="bbox 1927 4213 3510 4286">
     <span class='ocr_line' id='line_1_89' title="bbox 1927 4213 3510 4286; baseline 0.003 -18"><span class='ocrx_word' id='word_1_648' title='bbox 1927 4228 2067 4284; x_wconf 84' lang='lat' dir='ltr'><strong>papa</strong></span> <span class='ocrx_word' id='word_1_649' title='bbox 2089 4227 2271 4285; x_wconf 88' lang='lat' dir='ltr'><strong>regem</strong></span> <span class='ocrx_word' id='word_1_650' title='bbox 2299 4213 2633 4270; x_wconf 88' lang='lat' dir='ltr'><strong>Francorum</strong></span> <span class='ocrx_word' id='word_1_651' title='bbox 2670 4215 3001 4286; x_wconf 89' lang='lat' dir='ltr'><strong>deposuerit,</strong></span> <span class='ocrx_word' id='word_1_652' title='bbox 3033 4224 3087 4272; x_wconf 91' lang='lat' dir='ltr'><strong>et</strong></span> <span class='ocrx_word' id='word_1_653' title='bbox 3108 4232 3303 4273; x_wconf 89' lang='lat' dir='ltr'><strong>omnes</strong></span> <span class='ocrx_word' id='word_1_654' title='bbox 3332 4215 3510 4272; x_wconf 87' lang='lat' dir='ltr'><strong>Fran-</strong></span> 
     </span>
    </p>
   </div>
   <div class='ocr_carea' id='block_1_89' title="bbox 242 4304 1819 4393">
    <p class='ocr_par' dir='ltr' id='par_1_89' title="bbox 242 4318 1819 4393">
     <span class='ocr_line' id='line_1_90' title="bbox 242 4318 1819 4393; baseline -0.004 -12"><span class='ocrx_word' id='word_1_655' title='bbox 242 4332 324 4381; x_wconf 84' lang='lat' dir='ltr'><strong>cet</strong></span> <span class='ocrx_word' id='word_1_656' title='bbox 344 4330 616 4388; x_wconf 89' lang='lat' dir='ltr'><strong>nostram,</strong></span> <span class='ocrx_word' id='word_1_657' title='bbox 645 4320 714 4376; x_wconf 92' lang='lat' dir='ltr'><strong>de</strong></span> <span class='ocrx_word' id='word_1_658' title='bbox 752 4318 1007 4377; x_wconf 86' lang='lat' dir='ltr'><strong>faucibus</strong></span> <span class='ocrx_word' id='word_1_659' title='bbox 1034 4319 1287 4393; x_wconf 88' lang='lat' dir='ltr'><strong>luporum</strong></span> <span class='ocrx_word' id='word_1_660' title='bbox 1310 4318 1540 4390; x_wconf 89' lang='lat' dir='ltr'><strong>eripere,</strong></span> <span class='ocrx_word' id='word_1_661' title='bbox 1571 4325 1734 4390; x_wconf 88' lang='lat' dir='ltr'><strong>atque</strong></span> <span class='ocrx_word' id='word_1_662' title='bbox 1764 4319 1819 4374; x_wconf 79' lang='lat' dir='ltr'><strong>ad</strong></span> 
     </span>
    </p>
   </div>
   <div class='ocr_carea' id='block_1_90' title="bbox 1924 4304 3517 4393">
    <p class='ocr_par' dir='ltr' id='par_1_90' title="bbox 1934 4304 3517 4393">
     <span class='ocr_line' id='line_1_91' title="bbox 1934 4304 3517 4393; baseline 0.002 -32"><span class='ocrx_word' id='word_1_663' title='bbox 1934 4304 2154 4376; x_wconf 87' lang='lat' dir='ltr'><strong>cigenas</strong></span> <span class='ocrx_word' id='word_1_664' title='bbox 2189 4320 2219 4359; x_wconf 89' lang='lat' dir='ltr'><strong>a</strong></span> <span class='ocrx_word' id='word_1_665' title='bbox 2248 4304 2468 4361; x_wconf 89' lang='lat' dir='ltr'><strong>vinculo</strong></span> <span class='ocrx_word' id='word_1_666' title='bbox 2490 4305 2788 4393; x_wconf 89' lang='lat' dir='ltr'><strong>juramenti</strong></span> <span class='ocrx_word' id='word_1_667' title='bbox 2817 4308 2963 4380; x_wconf 92' lang='lat' dir='ltr'><strong>quod</strong></span> <span class='ocrx_word' id='word_1_668' title='bbox 3003 4307 3107 4363; x_wconf 88' lang='lat' dir='ltr'><strong>sibi</strong></span> <span class='ocrx_word' id='word_1_669' title='bbox 3142 4307 3387 4363; x_wconf 87' lang='lat' dir='ltr'><strong>fecerant</strong></span> <span class='ocrx_word' id='word_1_670' title='bbox 3412 4308 3517 4364; x_wconf 87' lang='lat' dir='ltr'><strong>ab-</strong></span> 
     </span>
    </p>
   </div>
   <div class='ocr_carea' id='block_1_91' title="bbox 234 4410 1836 4488">
    <p class='ocr_par' dir='ltr' id='par_1_91' title="bbox 234 4410 1836 4488">
     <span class='ocr_line' id='line_1_92' title="bbox 234 4410 1836 4488; baseline -0.003 -17"><span class='ocrx_word' id='word_1_671' title='bbox 234 4429 538 4488; x_wconf 36' lang='lat' dir='ltr'><strong>.snpernam</strong></span> <span class='ocrx_word' id='word_1_672' title='bbox 566 4412 723 4485; x_wconf 86' lang='lat' dir='ltr'><strong>illius</strong></span> <span class='ocrx_word' id='word_1_673' title='bbox 750 4411 982 4485; x_wconf 88' lang='lat' dir='ltr'><strong>gloriam</strong></span> <span class='ocrx_word' id='word_1_674' title='bbox 1005 4410 1076 4468; x_wconf 89' lang='lat' dir='ltr'><strong>ab</strong></span> <span class='ocrx_word' id='word_1_675' title='bbox 1116 4410 1373 4467; x_wconf 88' lang='lat' dir='ltr'><strong>omnibus</strong></span> <span class='ocrx_word' id='word_1_676' title='bbox 1401 4411 1642 4481; x_wconf 87' lang='lat' dir='ltr'><strong>peccatis</strong></span> <span class='ocrx_word' id='word_1_677' title='bbox 1669 4410 1836 4468; x_wconf 82' lang='lat' dir='ltr'><strong>abso-</strong></span> 
     </span>
    </p>
   </div>
   <div class='ocr_carea' id='block_1_92' title="bbox 241 4506 1089 4579">
    <p class='ocr_par' dir='ltr' id='par_1_92' title="bbox 241 4506 1089 4579">
     <span class='ocr_line' id='line_1_93' title="bbox 241 4506 1089 4579; baseline -0.006 -16"><span class='ocrx_word' id='word_1_678' title='bbox 241 4508 335 4563; x_wconf 90' lang='lat' dir='ltr'><strong>luti</strong></span> <span class='ocrx_word' id='word_1_679' title='bbox 358 4506 671 4579; x_wconf 88' lang='lat' dir='ltr'><strong>pervenire.</strong></span> <span class='ocrx_word' id='word_1_680' title='bbox 1084 4548 1089 4553; x_wconf 89' lang='lat'><strong>.</strong></span> 
     </span>
    </p>
   </div>
   <div class='ocr_carea' id='block_1_93' title="bbox 307 4594 1837 4666">
    <p class='ocr_par' dir='ltr' id='par_1_93' title="bbox 307 4594 1837 4666">
     <span class='ocr_line' id='line_1_94' title="bbox 307 4594 1837 4666; baseline -0.003 -10"><span class='ocrx_word' id='word_1_681' title='bbox 307 4599 442 4659; x_wconf 81' lang='lat' dir='ltr'><strong>Data</strong></span> <span class='ocrx_word' id='word_1_682' title='bbox 462 4596 755 4665; x_wconf 82' lang='lat' dir='ltr'><strong>Laurenti,</strong></span> <span class='ocrx_word' id='word_1_683' title='bbox 776 4604 968 4652; x_wconf 89' lang='lat' dir='ltr'><strong>octavo</strong></span> <span class='ocrx_word' id='word_1_684' title='bbox 981 4594 1252 4652; x_wconf 82' lang='lat' dir='ltr'><strong>Kalendas</strong></span> <span class='ocrx_word' id='word_1_685' title='bbox 1269 4594 1521 4666; x_wconf 77' lang='lat' dir='ltr'><strong>Augusti,</strong></span> <span class='ocrx_word' id='word_1_686' title='bbox 1541 4594 1837 4651; x_wconf 90' lang='lat' dir='ltr'><strong>indictione</strong></span> 
     </span>
    </p>
   </div>
   <div class='ocr_carea' id='block_1_94' title="bbox 241 4691 1266 4814">
    <p class='ocr_par' dir='ltr' id='par_1_94' title="bbox 241 4691 1266 4814">
     <span class='ocr_line' id='line_1_95' title="bbox 241 4691 1266 4814; baseline -0.002 -2"><span class='ocrx_word' id='word_1_687' title='bbox 241 4691 448 4751; x_wconf 55' lang='lat' dir='ltr'><strong>deum</strong></span> <span class='ocrx_word' id='word_1_688' title='bbox 470 4700 700 4769; x_wconf 53' lang='lat' dir='ltr'><strong>quam&#39;</strong></span> <span class='ocrx_word' id='word_1_689' title='bbox 818 4755 1160 4814; x_wconf 86' lang='lat' dir='ltr'><strong>EPISTOLA</strong></span> <span class='ocrx_word' id='word_1_690' title='bbox 1201 4755 1266 4811; x_wconf 88' lang='grc' dir='ltr'>ιι.</span> 
     </span>
    </p>
   </div>
   <div class='ocr_carea' id='block_1_95' title="bbox 479 4864 1594 4935">
    <p class='ocr_par' dir='ltr' id='par_1_95' title="bbox 479 4864 1594 4925">
     <span class='ocr_line' id='line_1_96' title="bbox 479 4864 1594 4925; baseline -0.01 -11"><span class='ocrx_word' id='word_1_691' title='bbox 479 4872 547 4913; x_wconf 72' lang='grc' dir='ltr'><strong>ΑΒ</strong></span> <span class='ocrx_word' id='word_1_692' title='bbox 575 4868 935 4925; x_wconf 54' lang='grc' dir='ltr'><strong>ΠΕΒΙΙΔΝᾘΠΙ</strong></span> <span class='ocrx_word' id='word_1_693' title='bbox 965 4864 1256 4905; x_wconf 71' lang='grc' dir='ltr'><strong>ενιεεοιιυι</strong></span> <span class='ocrx_word' id='word_1_694' title='bbox 1290 4864 1594 4905; x_wconf 70' lang='grc' dir='ltr'><strong>ΙΕΤΕΝΒΕΙ.</strong></span> 
     </span>
    </p>
   </div>
   <div class='ocr_carea' id='block_1_96' title="bbox 838 4938 1241 5017">
    <p class='ocr_par' dir='ltr' id='par_1_96' title="bbox 838 4938 1241 5017">
     <span class='ocr_line' id='line_1_97' title="bbox 838 4938 1241 5017; baseline -0.017 -17"><span class='ocrx_word' id='word_1_695' title='bbox 838 4942 1020 5017; x_wconf 83' lang='lat' dir='ltr'><strong>(Anno</strong></span> <span class='ocrx_word' id='word_1_696' title='bbox 1055 4938 1241 5010; x_wconf 74' lang='lat'><strong>1076.)</strong></span> 
     </span>
    </p>
   </div>
   <div class='ocr_carea' id='block_1_97' title="bbox 243 5030 1833 5116">
    <p class='ocr_par' dir='ltr' id='par_1_97' title="bbox 243 5030 1833 5116">
     <span class='ocr_line' id='line_1_98' title="bbox 243 5030 1833 5116; baseline -0.004 -22"><span class='ocrx_word' id='word_1_697' title='bbox 243 5037 486 5116; x_wconf 76' lang='lat' dir='ltr'><strong>Ostendit</strong></span> <span class='ocrx_word' id='word_1_698' title='bbox 514 5037 832 5116; x_wconf 70' lang='lat' dir='ltr'><strong>quicunque</strong></span> <span class='ocrx_word' id='word_1_699' title='bbox 863 5031 1122 5116; x_wconf 48' lang='lat' dir='ltr'><strong>ﬂemina</strong></span> <span class='ocrx_word' id='word_1_700' title='bbox 1163 5030 1273 5101; x_wconf 82' lang='lat' dir='ltr'><strong>regi</strong></span> <span class='ocrx_word' id='word_1_701' title='bbox 1316 5030 1833 5116; x_wconf 61' lang='lat' dir='ltr'><strong>communicaverunt,</strong></span> 
     </span>
    </p>
   </div>
   <div class='ocr_carea' id='block_1_98' title="bbox 200 5101 1834 5181">
    <p class='ocr_par' dir='ltr' id='par_1_98' title="bbox 200 5101 1834 5181">
     <span class='ocr_line' id='line_1_99' title="bbox 200 5101 1834 5181; baseline -0.004 -16"><span class='ocrx_word' id='word_1_702' title='bbox 200 5124 205 5127; x_wconf 73' lang='lat'>‘</span> <span class='ocrx_word' id='word_1_703' title='bbox 305 5111 413 5164; x_wconf 75' lang='lat' dir='ltr'><strong>sine</strong></span> <span class='ocrx_word' id='word_1_704' title='bbox 440 5101 679 5181; x_wconf 66' lang='lat' dir='ltr'><strong>epiicopi</strong></span> <span class='ocrx_word' id='word_1_705' title='bbox 712 5101 823 5159; x_wconf 79' lang='lat' dir='ltr'><strong>sive</strong></span> <span class='ocrx_word' id='word_1_706' title='bbox 855 5102 986 5181; x_wconf 71' lang='lat' dir='ltr'><strong>laici</strong></span> <span class='ocrx_word' id='word_1_707' title='bbox 1016 5101 1144 5168; x_wconf 85' lang='lat' dir='ltr'><strong>sint,</strong></span> <span class='ocrx_word' id='word_1_708' title='bbox 1179 5103 1658 5181; x_wconf 76' lang='lat' dir='ltr'><strong>excommunicatos</strong></span> <span class='ocrx_word' id='word_1_709' title='bbox 1691 5119 1834 5181; x_wconf 56' lang='lat' dir='ltr'><strong>esse;</strong></span> 
     </span>
    </p>
   </div>
   <div class='ocr_carea' id='block_1_99' title="bbox 232 5174 1835 5250">
    <p class='ocr_par' dir='ltr' id='par_1_99' title="bbox 232 5174 1835 5250">
     <span class='ocr_line' id='line_1_100' title="bbox 232 5174 1835 5250; baseline -0.004 -13"><span class='ocrx_word' id='word_1_710' title='bbox 232 5206 241 5217; x_wconf 85' lang='lat'><strong>-</strong></span> <span class='ocrx_word' id='word_1_711' title='bbox 300 5174 489 5236; x_wconf 79' lang='lat' dir='ltr'><strong>errare</strong></span> <span class='ocrx_word' id='word_1_712' title='bbox 506 5174 693 5234; x_wconf 79' lang='lat' dir='ltr'><strong>autem</strong></span> <span class='ocrx_word' id='word_1_713' title='bbox 721 5192 810 5230; x_wconf 86' lang='lat' dir='ltr'><strong>eos</strong></span> <span class='ocrx_word' id='word_1_714' title='bbox 829 5174 923 5250; x_wconf 84' lang='lat' dir='ltr'><strong>qui</strong></span> <span class='ocrx_word' id='word_1_715' title='bbox 953 5178 1197 5227; x_wconf 84' lang='lat' dir='ltr'><strong>asserunt</strong></span> <span class='ocrx_word' id='word_1_716' title='bbox 1219 5174 1835 5250; x_wconf 57' lang='lat' dir='ltr'><strong>regesexcommunicari</strong></span> 
     </span>
    </p>
   </div>
   <div class='ocr_carea' id='block_1_100' title="bbox 228 5243 1833 5316">
    <p class='ocr_par' dir='ltr' id='par_1_100' title="bbox 228 5243 1833 5316">
     <span class='ocr_line' id='line_1_101' title="bbox 228 5243 1833 5316; baseline -0.011 -4"><span class='ocrx_word' id='word_1_717' title='bbox 228 5312 233 5313; x_wconf 62' lang='lat'><strong><em>,</em></strong></span> <span class='ocrx_word' id='word_1_718' title='bbox 302 5268 409 5313; x_wconf 76' lang='lat' dir='ltr'><strong>non</strong></span> <span class='ocrx_word' id='word_1_719' title='bbox 436 5266 592 5316; x_wconf 74' lang='lat' dir='ltr'><strong>posse</strong></span> <span class='ocrx_word' id='word_1_720' title='bbox 630 5243 961 5302; x_wconf 84' lang='lat' dir='ltr'><strong>auctoritate</strong></span> <span class='ocrx_word' id='word_1_721' title='bbox 1001 5252 1052 5295; x_wconf 89' lang='lat' dir='ltr'><strong>et</strong></span> <span class='ocrx_word' id='word_1_722' title='bbox 1086 5243 1334 5316; x_wconf 56' lang='lat' dir='ltr'><strong>esemplis</strong></span> <span class='ocrx_word' id='word_1_723' title='bbox 1358 5243 1670 5299; x_wconf 72' lang='lat' dir='ltr'><strong>sanctorum</strong></span> <span class='ocrx_word' id='word_1_724' title='bbox 1701 5260 1833 5316; x_wconf 77' lang='lat' dir='ltr'><strong>pon-</strong></span> 
     </span>
    </p>
   </div>
   <div class='ocr_carea' id='block_1_101' title="bbox 1934 4392 3517 4473">
    <p class='ocr_par' dir='ltr' id='par_1_101' title="bbox 1934 4392 3517 4473">
     <span class='ocr_line' id='line_1_102' title="bbox 1934 4392 3517 4473; baseline 0.001 -20"><span class='ocrx_word' id='word_1_725' title='bbox 1934 4396 2175 4453; x_wconf 87' lang='lat' dir='ltr'><strong>solverit.</strong></span> <span class='ocrx_word' id='word_1_726' title='bbox 2204 4395 2265 4452; x_wconf 90' lang='lat' dir='ltr'><strong>ln</strong></span> <span class='ocrx_word' id='word_1_727' title='bbox 2287 4396 2538 4470; x_wconf 74' lang='lat' dir='ltr'><strong>Registro</strong></span> <span class='ocrx_word' id='word_1_728' title='bbox 2559 4392 2702 4456; x_wconf 86' lang='lat' dir='ltr'><strong>beati</strong></span> <span class='ocrx_word' id='word_1_729' title='bbox 2724 4399 2970 4473; x_wconf 84' lang='lat' dir='ltr'><strong>Gregorii</strong></span> <span class='ocrx_word' id='word_1_730' title='bbox 2992 4400 3276 4457; x_wconf 87' lang='lat' dir='ltr'><strong>addiscant</strong></span> <span class='ocrx_word' id='word_1_731' title='bbox 3302 4401 3428 4470; x_wconf 90' lang='lat' dir='ltr'><strong>quia</strong></span> <span class='ocrx_word' id='word_1_732' title='bbox 3458 4400 3517 4455; x_wconf 92' lang='lat' dir='ltr'><strong>in</strong></span> 
     </span>
    </p>
   </div>
   <div class='ocr_carea' id='block_1_102' title="bbox 1932 4487 3521 4566">
    <p class='ocr_par' dir='ltr' id='par_1_102' title="bbox 1932 4487 3521 4566">
     <span class='ocr_line' id='line_1_103' title="bbox 1932 4487 3521 4566; baseline 0.004 -24"><span class='ocrx_word' id='word_1_733' title='bbox 1932 4487 2253 4560; x_wconf 87' lang='lat' dir='ltr'><strong>privilegiis,</strong></span> <span class='ocrx_word' id='word_1_734' title='bbox 2278 4505 2404 4561; x_wconf 70' lang='lat' dir='ltr'><strong>quae</strong></span> <span class='ocrx_word' id='word_1_735' title='bbox 2431 4490 2788 4561; x_wconf 88' lang='lat' dir='ltr'><strong>quisbusdam</strong></span> <span class='ocrx_word' id='word_1_736' title='bbox 2815 4493 3063 4549; x_wconf 90' lang='lat' dir='ltr'><strong>ecclesiis</strong></span> <span class='ocrx_word' id='word_1_737' title='bbox 3096 4491 3244 4561; x_wconf 84' lang='lat' dir='ltr'><strong>fecit,</strong></span> <span class='ocrx_word' id='word_1_738' title='bbox 3278 4508 3433 4566; x_wconf 85' lang='lat' dir='ltr'><strong>reges</strong></span> <span class='ocrx_word' id='word_1_739' title='bbox 3461 4503 3521 4549; x_wconf 89' lang='lat' dir='ltr'><strong>et</strong></span> 
     </span>
    </p>
   </div>
   <div class='ocr_carea' id='block_1_103' title="bbox 1932 4582 3522 4653">
    <p class='ocr_par' dir='ltr' id='par_1_103' title="bbox 1932 4582 3522 4653">
     <span class='ocr_line' id='line_1_104' title="bbox 1932 4582 3522 4653; baseline 0.004 -16"><span class='ocrx_word' id='word_1_740' title='bbox 1932 4582 2103 4639; x_wconf 89' lang='lat' dir='ltr'><strong>duces</strong></span> <span class='ocrx_word' id='word_1_741' title='bbox 2125 4592 2315 4640; x_wconf 91' lang='lat' dir='ltr'><strong>contra</strong></span> <span class='ocrx_word' id='word_1_742' title='bbox 2337 4600 2436 4640; x_wconf 90' lang='lat' dir='ltr'><strong>sua</strong></span> <span class='ocrx_word' id='word_1_743' title='bbox 2462 4585 2607 4641; x_wconf 86' lang='lat' dir='ltr'><strong>dicta</strong></span> <span class='ocrx_word' id='word_1_744' title='bbox 2631 4587 2930 4653; x_wconf 87' lang='lat' dir='ltr'><strong>venientes,</strong></span> <span class='ocrx_word' id='word_1_745' title='bbox 2961 4602 3070 4643; x_wconf 92' lang='lat' dir='ltr'><strong>non</strong></span> <span class='ocrx_word' id='word_1_746' title='bbox 3096 4587 3274 4644; x_wconf 88' lang='lat' dir='ltr'><strong>solum</strong></span> <span class='ocrx_word' id='word_1_747' title='bbox 3296 4603 3522 4644; x_wconf 83' lang='lat' dir='ltr'><strong>excom—</strong></span> 
     </span>
    </p>
   </div>
   <div class='ocr_carea' id='block_1_104' title="bbox 1932 4672 3517 4751">
    <p class='ocr_par' dir='ltr' id='par_1_104' title="bbox 1932 4672 3517 4751">
     <span class='ocr_line' id='line_1_105' title="bbox 1932 4672 3517 4751; baseline 0.006 -25"><span class='ocrx_word' id='word_1_748' title='bbox 1932 4672 2253 4742; x_wconf 87' lang='lat' dir='ltr'><strong>municavit,</strong></span> <span class='ocrx_word' id='word_1_749' title='bbox 2287 4676 2383 4731; x_wconf 91' lang='lat' dir='ltr'><strong>sed</strong></span> <span class='ocrx_word' id='word_1_750' title='bbox 2422 4676 2588 4731; x_wconf 88' lang='lat' dir='ltr'><strong>etiam</strong></span> <span class='ocrx_word' id='word_1_751' title='bbox 2612 4685 2672 4733; x_wconf 90' lang='lat' dir='ltr'><strong>ut</strong></span> <span class='ocrx_word' id='word_1_752' title='bbox 2697 4677 2959 4751; x_wconf 88' lang='lat' dir='ltr'><strong>dignitate</strong></span> <span class='ocrx_word' id='word_1_753' title='bbox 2988 4688 3213 4736; x_wconf 86' lang='lat' dir='ltr'><strong>careant</strong></span> <span class='ocrx_word' id='word_1_754' title='bbox 3230 4679 3517 4751; x_wconf 86' lang='lat' dir='ltr'><strong>judicavit.</strong></span> 
     </span>
    </p>
   </div>
   <div class='ocr_carea' id='block_1_105' title="bbox 1931 4753 3519 4838">
    <p class='ocr_par' dir='ltr' id='par_1_105' title="bbox 1931 4753 3519 4838">
     <span class='ocr_line' id='line_1_106' title="bbox 1931 4753 3519 4838; baseline 0.003 -18"><span class='ocrx_word' id='word_1_755' title='bbox 1931 4753 2048 4824; x_wconf 79' lang='lat' dir='ltr'><strong>Nec</strong></span> <span class='ocrx_word' id='word_1_756' title='bbox 2068 4766 2486 4836; x_wconf 56' lang='lat' dir='ltr'><strong>praetermittunt</strong></span> <span class='ocrx_word' id='word_1_757' title='bbox 2512 4767 2660 4838; x_wconf 86' lang='lat' dir='ltr'><strong>quod</strong></span> <span class='ocrx_word' id='word_1_758' title='bbox 2700 4768 2894 4825; x_wconf 90' lang='lat' dir='ltr'><strong>beatus</strong></span> <span class='ocrx_word' id='word_1_759' title='bbox 2922 4767 3246 4827; x_wconf 82' lang='lat' dir='ltr'><strong>Ambrosius</strong></span> <span class='ocrx_word' id='word_1_760' title='bbox 3282 4784 3393 4826; x_wconf 92' lang='lat' dir='ltr'><strong>non</strong></span> <span class='ocrx_word' id='word_1_761' title='bbox 3422 4762 3519 4825; x_wconf 69' lang='lat' dir='ltr'><strong>eo-</strong></span> 
     </span>
    </p>
   </div>
   <div class='ocr_carea' id='block_1_106' title="bbox 1934 4857 3522 4930">
    <p class='ocr_par' dir='ltr' id='par_1_106' title="bbox 1934 4857 3522 4930">
     <span class='ocr_line' id='line_1_107' title="bbox 1934 4857 3522 4930; baseline -0.001 -15"><span class='ocrx_word' id='word_1_762' title='bbox 1934 4861 2051 4915; x_wconf 88' lang='lat' dir='ltr'><strong>lum</strong></span> <span class='ocrx_word' id='word_1_763' title='bbox 2075 4873 2283 4930; x_wconf 87' lang='lat' dir='ltr'><strong>regem,</strong></span> <span class='ocrx_word' id='word_1_764' title='bbox 2311 4857 2407 4914; x_wconf 88' lang='lat' dir='ltr'><strong>sed</strong></span> <span class='ocrx_word' id='word_1_765' title='bbox 2432 4857 2597 4913; x_wconf 90' lang='lat' dir='ltr'><strong>etiam</strong></span> <span class='ocrx_word' id='word_1_766' title='bbox 2627 4873 2817 4914; x_wconf 87' lang='lat' dir='ltr'><strong>revera</strong></span> <span class='ocrx_word' id='word_1_767' title='bbox 2856 4859 3241 4930; x_wconf 84' lang='lat' dir='ltr'><strong>imperatorem</strong></span> <span class='ocrx_word' id='word_1_768' title='bbox 3272 4858 3522 4915; x_wconf 80' lang='lat' dir='ltr'><strong>Theodo-</strong></span> 
     </span>
    </p>
   </div>
   <div class='ocr_carea' id='block_1_107' title="bbox 1924 4949 3524 5018">
    <p class='ocr_par' dir='ltr' id='par_1_107' title="bbox 1924 4949 3524 5018">
     <span class='ocr_line' id='line_1_108' title="bbox 1924 4949 3524 5018; baseline -0.002 -10"><span class='ocrx_word' id='word_1_769' title='bbox 1924 4952 2080 5009; x_wconf 84' lang='lat' dir='ltr'><strong>sium</strong></span> <span class='ocrx_word' id='word_1_770' title='bbox 2101 4949 2351 5005; x_wconf 89' lang='lat' dir='ltr'><strong>moribus</strong></span> <span class='ocrx_word' id='word_1_771' title='bbox 2375 4958 2430 5005; x_wconf 90' lang='lat' dir='ltr'><strong>et</strong></span> <span class='ocrx_word' id='word_1_772' title='bbox 2459 4956 2731 5018; x_wconf 86' lang='lat' dir='ltr'><strong>potestate</strong></span> <span class='ocrx_word' id='word_1_773' title='bbox 2757 4966 2872 5007; x_wconf 88' lang='lat' dir='ltr'><strong>non</strong></span> <span class='ocrx_word' id='word_1_774' title='bbox 2891 4957 3108 5009; x_wconf 86' lang='lat' dir='ltr'><strong>tantum</strong></span> <span class='ocrx_word' id='word_1_775' title='bbox 3143 4949 3524 5009; x_wconf 79' lang='lat' dir='ltr'><strong>excommuni-</strong></span> 
     </span>
    </p>
   </div>
   <div class='ocr_carea' id='block_1_108' title="bbox 1935 5038 3520 5108">
    <p class='ocr_par' dir='ltr' id='par_1_108' title="bbox 1935 5038 3520 5108">
     <span class='ocr_line' id='line_1_109' title="bbox 1935 5038 3520 5108; baseline -0.001 -11"><span class='ocrx_word' id='word_1_776' title='bbox 1935 5039 2099 5106; x_wconf 86' lang='lat' dir='ltr'><strong>cavit,</strong></span> <span class='ocrx_word' id='word_1_777' title='bbox 2125 5038 2221 5094; x_wconf 89' lang='lat' dir='ltr'><strong>sed</strong></span> <span class='ocrx_word' id='word_1_778' title='bbox 2254 5040 2418 5095; x_wconf 89' lang='lat' dir='ltr'><strong>etiam</strong></span> <span class='ocrx_word' id='word_1_779' title='bbox 2461 5054 2532 5094; x_wconf 92' lang='lat' dir='ltr'><strong>ne</strong></span> <span class='ocrx_word' id='word_1_780' title='bbox 2559 5054 2893 5108; x_wconf 71' lang='lat' dir='ltr'><strong>pmsumere</strong></span> <span class='ocrx_word' id='word_1_781' title='bbox 2920 5043 2977 5098; x_wconf 93' lang='lat' dir='ltr'><strong>in</strong></span> <span class='ocrx_word' id='word_1_782' title='bbox 3004 5045 3133 5102; x_wconf 88' lang='lat' dir='ltr'><strong>loco</strong></span> <span class='ocrx_word' id='word_1_783' title='bbox 3177 5042 3520 5101; x_wconf 88' lang='lat' dir='ltr'><strong>sacerdotum</strong></span> 
     </span>
    </p>
   </div>
   <div class='ocr_carea' id='block_1_109' title="bbox 1937 5127 3527 5193">
    <p class='ocr_par' dir='ltr' id='par_1_109' title="bbox 1937 5127 3527 5193">
     <span class='ocr_line' id='line_1_110' title="bbox 1937 5127 3527 5193; baseline -0.003 -3"><span class='ocrx_word' id='word_1_784' title='bbox 1937 5134 1995 5189; x_wconf 92' lang='lat' dir='ltr'><strong>in</strong></span> <span class='ocrx_word' id='word_1_785' title='bbox 2015 5129 2246 5189; x_wconf 90' lang='lat' dir='ltr'><strong>ecclesia</strong></span> <span class='ocrx_word' id='word_1_786' title='bbox 2282 5144 2505 5186; x_wconf 86' lang='lat' dir='ltr'><strong>manere</strong></span> <span class='ocrx_word' id='word_1_787' title='bbox 2540 5127 2841 5190; x_wconf 66' lang='lat' dir='ltr'><strong>interdisit.</strong></span> <span class='ocrx_word' id='word_1_788' title='bbox 2885 5133 2995 5191; x_wconf 87' lang='lat' dir='ltr'><strong>Sed</strong></span> <span class='ocrx_word' id='word_1_789' title='bbox 3034 5134 3176 5192; x_wconf 83' lang='lat' dir='ltr'><strong>forte</strong></span> <span class='ocrx_word' id='word_1_790' title='bbox 3200 5138 3307 5193; x_wconf 88' lang='lat' dir='ltr'><strong>hoc</strong></span> <span class='ocrx_word' id='word_1_791' title='bbox 3332 5132 3527 5189; x_wconf 83' lang='lat' dir='ltr'><strong>volunt</strong></span> 
     </span>
    </p>
   </div>
   <div class='ocr_carea' id='block_1_110' title="bbox 1936 5220 3524 5299">
    <p class='ocr_par' dir='ltr' id='par_1_110' title="bbox 1936 5220 3524 5299">
     <span class='ocr_line' id='line_1_111' title="bbox 1936 5220 3524 5299; baseline -0.001 -23"><span class='ocrx_word' id='word_1_792' title='bbox 1936 5220 2179 5295; x_wconf 65' lang='lat' dir='ltr'><strong>praedicti</strong></span> <span class='ocrx_word' id='word_1_793' title='bbox 2224 5221 2328 5276; x_wconf 90' lang='lat' dir='ltr'><strong>viri</strong></span> <span class='ocrx_word' id='word_1_794' title='bbox 2361 5220 2682 5292; x_wconf 87' lang='lat' dir='ltr'><strong>intelligere,</strong></span> <span class='ocrx_word' id='word_1_795' title='bbox 2722 5227 2870 5299; x_wconf 83' lang='lat' dir='ltr'><strong>quod</strong></span> <span class='ocrx_word' id='word_1_796' title='bbox 2911 5228 3133 5297; x_wconf 82' lang='lat' dir='ltr'><strong>quando</strong></span> <span class='ocrx_word' id='word_1_797' title='bbox 3167 5227 3314 5288; x_wconf 79' lang='lat' dir='ltr'><strong>Deus</strong></span> <span class='ocrx_word' id='word_1_798' title='bbox 3336 5222 3524 5278; x_wconf 82' lang='lat' dir='ltr'><strong>Eccle-</strong></span> 
     </span>
    </p>
   </div>
  </div>
