3982 5316
505 300 723 356 455.

1147 294 1204 349 S.
1245 291 1572 350 GREGORII
1611 289 1698 346 Vl!
1734 289 1936 346 PAPiE
1975 287 2263 348 OPERUM
2295 289 2479 349 PARS
2515 289 2553 346 Ι.
2590 321 2660 332 -—-
2694 288 3118 347 REGISTRUM.

501 409 708 482 ligandi
734 416 788 464 et
817 406 1060 464 solvendi
1093 407 1146 461 in
1180 407 1322 465 eicio
1353 415 1407 462 et
1440 406 1494 460 in
1517 415 1662 462 terra
1701 376 1924 477 (Matth;
1951 404 2084 476 xvi),
2119 408 2162 464 Α
2185 405 2423 472 dicitur,
2466 405 2561 476 qui
2615 405 2684 460 ad
2727 403 2969 461 ferienda
3013 405 3142 462 vitia
3189 404 3307 460 uelo
3345 405 3520 462 divini
3570 409 3790 464 amoris

499 491 712 558 nullum
755 501 986 571 excepit,
1032 499 1167 554 nihil
1209 501 1278 554 ab
1311 499 1432 569 ejus
1467 501 1734 568 potestate
1782 497 2086 552 subtraxit?

502 595 639 651 Nam
666 594 759 666 qui
799 609 856 649 se
895 601 1056 664 negat
1092 607 1200 647 non
1223 607 1384 664 posse
1425 587 1680 645 Ecclesiae
1715 586 1934 644 vinculo
1960 586 2083 643 alli-

504 689 642 759 gari,
675 696 844 743 restat
861 693 926 741 ‘ut
948 695 1108 756 neget
1133 701 1242 740 non
1267 700 1426 755 posse
1454 685 1524 740 ab
1559 683 1968 754 ejus'potestate
1989 682 2086 736 ab-

504 778 662 833 solvi.
691 776 757 832 Et
795 777 889 848 qui
936 777 1042 831 hoc
1083 773 1428 846 impudenter
1469 783 1649 846 negat,
1693 787 1753 829 se
1790 789 1821 828 a
1866 771 2086 828 Christo

506 873 731 928 omnino
757 878 1079 942 sequestrat.
1111 868 1267 936 Quod
1291 869 1338 924 si
1378 878 1566 925 sancta
1597 867 1755 924 sedes
1788 865 2084 938 apoStoliea

506 963 768 1020 divinitus
813 961 920 1016 sibi
947 961 1146 1016 collata
1176 959 1462 1030 principali
1485 967 1756 1030 potestate
1783 955 2086 1028 spiritualia

507 1053 806 1108 decernens
843 1049 1124 1121 dijudicat,
1170 1065 1270 1106 cur
1310 1065 1419 1105 non
1461 1059 1516 1104 et
1561 1048 1874 1104 saecularia?
1917 1047 2090 1119 Reges

507 1143 728 1214 quidem
775 1151 830 1198 et
878 1141 1152 1212 principes
1197 1140 1364 1212 hujus
1413 1139 1622 1206 saeculi,
1677 1139 1772 1210 qui
1825 1141 2088 1195 honorem

509 1249 671 1290 suum
711 1225 766 1288 et
805 1233 957 1289 lucra
997 1231 1316 1303 temporalia
1349 1231 1576 1302 justitiie
1623 1229 1718 1285 Dei
1746 1239 2088 1301 praeponam,

507 1323 738 1394 ejusque
787 1325 1048 1382 honorem
1100 1323 1420 1396 negligendo
1471 1323 1754 1394 proprium
1802 1331 2088 1394 quierunt,

510 1415 669 1486 cujus
697 1414 809 1471 sint
851 1415 1118 1480 membra,
1165 1414 1321 1470 cuive
1367 1413 1704 1479 adhaereant,
1751 1424 1930 1470 vestra
1982 1429 2090 1470 non

511 1505 726 1577 ignorat
763 1505 1022 1560 eharitas.
1053 1503 1188 1560 Nam
1223 1505 1367 1562 sicut
1411 1504 1490 1559 itii
1527 1501 1622 1574 qui
1662 1503 1812 1559 omni
1839 1519 1954 1559 suae
1979 1500 2090 1560 ’γο-

509 1595 704 1652 luntati
755 1595 924 1651 Deum
967 1607 1312 1668 pmeponunt,
1359 1595 1588 1666 ejusque
1629 1604 1898 1664 praecepto
1942 1592 2093 1664 plus—

509 1703 674 1758 quam
721 1687 1035 1744 hominibns
1077 1686 1358 1754 obediunt,
1402 1685 1646 1742 membra
1689 1683 2089 1751 sunt'Christi;

2183 496 2476 562 excitatur,
2511 494 2754 566 profecto
2778 513 2899 552 esse
2925 513 2984 552 se
3009 495 3104 552 Dei
3129 497 3380 568 denegat,
3403 497 3572 568 quiin
3596 513 3784 570 quan-

2185 595 2303 642 tum
2327 584 2524 642 suliieit
2552 586 2836 656 increpare
2875 585 3044 642 vitam
3086 587 3394 643 carnalium
3423 600 3670 644 recusat.
3711 587 3788 646 Et

2187 681 2234 736 si
2263 680 2354 736 ille
2379 679 2702 738 maledictus
2734 688 2819 736 est
2855 679 2951 750 qui
2982 679 3233 750 prohibet
3273 680 3516 754 gladium
3545 697 3710 737 suum
3741 698 3786 736 ι

2187 771 2452 844 sanguine
2483 769 2616 843 (der.
2659 770 2872 842 nun),
2907 769 2960 826 id
2987 779 3075 827 est
3107 769 3519 842 praidicationis
3548 770 3786 826 verbum

2189 877 2218 916 a
2267 861 2506 918 carnalis
2558 861 2682 916 vita:
2715 859 3124 930 interiectione,
3153 870 3362 932 quanto
3405 861 3650 932 amplius
3691 862 3790 917 ille

2189 951 2510 1006 maledictus
2562 960 2678 1017 est,
2733 951 2830 1020 qui
2887 951 3118 1018 timore,
3167 953 3252 1006 vel
3307 949 3497 1008 favore
3550 951 3788 1022 impellit

2189 1045 2430 1099 animam
2477 1042 2666 1100 fratris
2711 1043 2798 1100 sui
2847 1043 2905 1098 in
2954 1053 3212 1100 aeternam
3263 1043 3664 1116 perditionem?
3709 1042 3788 1100 lit

2189 1144 2370 1190 autem
2405 1134 2678 1190 maledicti
2707 1143 2761 1191 et
2795 1136 3252 1192 excommunieati
3297 1136 3514 1207 possint
3551 1136 3783 1192 benedi—

2190 1241 2334 1293 cere,
2361 1235 2417 1283 et
2439 1226 2682 1283 divinam
2709 1213 2958 1298 gratiam,
2973 1243 3140 1298 quam
3161 1243 3274 1283 non
3297 1229 3494 1283 timent
3519 1228 3785 1300 operibus

2190 1316 2496 1388 denegare,
2547 1317 2713 1373 alicui
2777 1317 3002 1389 largiri,
3076 1319 3132 1373 in
3193 1319 3400 1376 nullius
3457 1329 3782 1376 sanctorum

2192 1408 2416 1465 Patrum
2463 1418 2732 1481 prateepto
2767 1419 2950 1482 potest
2987 1411 3242 1467 inveniri.
3270 1411 3477 1468 Interea
3515 1413 3782 1484 iubemus

2194 1511 2256 1559 ut
2281 1502 2638 1572 alloquamini
2665 1503 3030 1558 venerabilem
3071 1503 3548 1576 archiepiscopum
3577 1503 3780 1559 Treve-

2194 1610 2409 1650 rensem
2433 1637 2447 1661 ,
2493 1593 2722 1651 fratrem
2779 1594 3028 1650 videlicet
3075 1603 3324 1650 nostrum
3345 1637 3361 1661 ,
3419 1604 3484 1650 ut
3531 1593 3778 1652 Tullensi

2193 1685 2472 1754 episcopo,
2497 1700 2567 1740 ne
2601 1691 2664 1740 Se
2692 1683 3020 1742 intromittat
3045 1685 3113 1740 de
3138 1684 3413 1742 abbatissa
3453 1685 3778 1741 monster-ii

512 1779 587 1834 ita
619 1787 673 1833 et
715 1778 814 1844 illi,
855 1778 921 1834 de
948 1777 1150 1848 quibus
1180 1793 1346 1848 supra
1369 1777 1630 1844 diximus,
1677 1775 1920 1830 membra
1963 1785 2091 1830 sunt
2124 1758 2166 1814 Β
2190 1774 2389 1832 Montis
2433 1773 2743 1842 Romarici,
2790 1775 3106 1842 interdicat,
3154 1784 3210 1831 et
3261 1775 3532 1846 quidquid
3585 1785 3778 1832 contra

510 1867 854 1924 Antichristi.

583 1959 642 2015 Si
663 1975 794 2032 ergo
831 1959 1143 2030 spirituales
1169 1959 1296 2028 viri,
1329 1975 1456 2015 cum
1481 1967 1716 2032 oportet,
1747 1957 2087 2031 iudicantur,

509 2065 611 2106 cur
645 2066 756 2105 non
791 2049 1083 2108 saeculares
1115 2050 1352 2120 amplius
1393 2050 1462 2105 de
1505 2049 1622 2106 suis
1654 2048 1837 2120 pravis
1876 2049 2089 2106 actibus

511 2143 930 2215 constringunt?
962 2141 1069 2198 Sed
1101 2141 1241 2199 forte
1273 2151 1470 2214 putant
1501 2141 1649 2214 quod
1685 2141 1833 2214 regia
1855 2141 2090 2214 dignitas

509 2236 878 2306 episcopalem
899 2235 1192 2306 praecellat.
1212 2233 1291 2290 Ex
1315 2251 1506 2291 eorum
1533 2233 1814 2306 principiis
1835 2233 2090 2305 colligere
2135 2265 2138 2270 -

511 2336 745 2398 possunt
777 2335 1042 2398 quantum
1066 2343 1096 2382 a
1131 2343 1191 2383 se
1216 2335 1449 2398 utraque
1467 2325 1740 2382 dill‘erunt.
1777 2323 1930 2380 illam
1961 2322 2086 2396 qui-

510 2421 634 2474 dem
679 2419 935 2490 superbia
992 2419 1232 2475 humana
1265 2418 1486 2488 reperit,
1523 2418 1665 2473 hanc
1691 2416 1877 2473 divina
1915 2415 2088 2487 pietas

510 2510 774 2580 instituit;
821 2509 912 2566 illa
964 2526 1160 2566 vanam
1209 2509 1438 2583 gloriam
1485 2509 1821 2564 incessanter
1871 2515 2084 2578 captat,

512 2602 631 2659 haec
673 2603 740 2659 ad
782 2602 1058 2659 cmicstem
1097 2601 1268 2658 vitam
1301 2615 1516 2670 semper
1555 2599 1776 2670 aspirat.
1804 2597 1870 2653 Et
1905 2597 2088 2655 addis-

507 2703 638 2755 cant
657 2695 789 2768 quid
812 2697 1004 2752 beatus
1028 2695 1352 2754 Anastasius
1378 2708 1515 2766 papa
1539 2692 1828 2750 Anastasio
1853 2691 2088 2762 impera-

509 2790 617 2846 tori
667 2791 738 2849 de
771 2791 862 2851 his
899 2791 1260 2863 dignitatibus
1303 2787 1608 2860 scripserit,
1639 2795 1698 2844 et
1726 2786 1860 2859 quid
1895 2785 2087 2842 beatus

507 2882 833 2939 Ambrosius
881 2882 940 2938 in
995 2897 1100 2939 suo
1133 2881 1403 2938 Pastorali
1465 2879 1606 2936 inter
1657 2879 1758 2936 has
1797 2878 2086 2951 dignitates

507 2975 828 3032 decreverit.
874 2974 1082 3044 llonor,
1115 2975 1394 3048 inquiens,
1441 2982 1498 3030 et
1528 2971 1836 3031 sublimitas
1869 2971 2086 3043 episco-

508 3067 670 3140 palis,
715 3068 764 3126 si
803 3083 1038 3140 regnum
1075 3067 1276 3140 fulgori
1327 3081 1634 3139 compares,
1679 3075 1734 3122 et
1779 3065 2085 3138 principum

507 3160 828 3228 diademati,
851 3160 1015 3232 longe
1047 3161 1154 3216 erit
1187 3157 1420 3216 inferius
1451 3173 1618 3230 quam
1653 3157 1700 3214 si
1727 3157 1935 3230 plumbi
1967 3172 2086 3212 me-

509 3252 700 3310 tallum
721 3251 792 3308 ad
815 3251 937 3308 auri
961 3250 1227 3322 fulgorem
1244 3266 1546 3322 compares.
1559 3249 1687 3306 Huic
1705 3264 1816 3305 non
1830 3248 2092 3320 ignorans

507 3342 906 3400 Constantinus
936 3339 1164 3414 Magnus
1183 3343 1498 3413 imperator,
1527 3356 1659 3407 non,
1694 3340 1933 3411 primum
1969 3353 2090 3395 ses-

511 3433 836 3500 sionis,.sed
870 3433 1128 3490 ultimum
1175 3433 1318 3490 inter
1347 3433 1636 3505 episcopos
1679 3432 1842 3504 elegit
1879 3431 2084 3487 locum.

513 3522 688 3582 Seivit
731 3525 880 3580 enim
921 3525 1051 3595 quia
1079 3525 1320 3596 superbis
1358 3523 1502 3580 Deus
1535 3523 1756 3590 resistit,
1803 3521 2089 3578 humilibus

510 3615 608 3672 dat
629 3616 862 3688 gratiam
891 3616 1034 3689 (Jac.
1069 3617 1166 3688 ιν).
1196 3615 1408 3672 Interea
1435 3622 1632 3670 notum
1660 3613 1734 3670 sit
1762 3611 2089 3670 fraternitati

511 3719 621 3774 tum
684 3708 815 3780 quia
875 3709 1072 3765 litteris
1128 3707 1368 3780 acceptis
1427 3706 1793 3779 quorumdam
1858 3703 2090 3762 fratrum

510 3810 830 3861 nostrorum
860 3803 1154 3874 pmulum
1183 3811 1238 3857 et
1274 3801 1476 3857 dueum
1504 3799 1826 3857 auctoritate
1868 3808 2090 3871 aposto-

511 3895 634 3952 licae
661 3896 808 3952 sedis
844 3896 1120 3964 licentiam
1162 3895 1414 3952 dedimus
1441 3895 1530 3952 his
1557 3894 1831 3967 episcopis
1865 3909 2089 3952 excom-

516 3986 830 4044 niunicatos
852 4002 886 4043 a
917 3986 1077 4044 nobis
1103 3987 1406 4053 absolvere,
1431 3987 1530 4057 qui
1557 3999 1670 4042 non
1699 3983 1998 4041 timuerunt
2033 3999 2090 4042 se

509 4091 548 4134 a
571 4077 960 4134 communione
994 4077 1140 4150 regis
1167 4077 1460 4134 abstinere.
1497 4075 1573 4133 De
1600 4077 1722 4148 ipso
1754 4085 1935 4132 autem
1965 4090 2120 4147 rege.

505 4169 740 4226 omnino
789 4169 1224 4228 contradiximus
1280 4179 1343 4228 ut
1387 4169 1573 4227 nullus
1620 4183 1747 4226 eum
1797 4176 2094 4240 praesumat

507 4262 816 4330 absolvere,
845 4277 1138 4335 quousque
1167 4263 1316 4322 illius
1359 4273 1507 4320 certa
1537 4263 1857 4336 pmnitentia
1879 4271 1934 4320 et
1973 4262 2090 4319 sin-

503 4367 638 4408 cera
699 4353 1005 4412 satisfactio
1057 4354 1218 4412 nobis
1277 4369 1375 4426 per
1427 4355 1656 4412 idoneos
1711 4363 1878 4412 testes
1929 4352 2094 4409 fuerit

2189 1878 2312 1922 eam
2343 1867 2534 1924 statuit
2561 1883 2670 1923 una
2708 1876 2889 1923 tecum
2933 1867 3153 1923 irritum
3179 1867 3362 1924 ducat.
3409 1866 3488 1923 De
3515 1865 3780 1924 llatliilda

2189 1975 2322 2017 vero
2368 1960 2648 2030 coptinuni
2703 1969 2890 2016 nostra
2938 1959 3049 2016 lilia
3104 1968 3159 2016 et
3216 1959 3361 2015 beati
3423 1959 3576 2015 Petri
3633 1959 3778 2018 fideli

2190 2049 2408 2120 ancilla,
2433 2052 2584 2124 quod
2608 2052 2691 2110 vis
2726 2053 2872 2120 volo,
2907 2053 3004 2109 sed
3047 2053 3102 2108 in
3153 2065 3268 2124 quo
3296 2061 3442 2108 statu
3491 2053 3567 2110 sit
3615 2069 3775 2109 man-

2189 2161 2319 2201 sura
2341 2187 2356 2212 ,
2398 2145 2511 2201 Deo
2561 2145 2918 2216 gubernante,
2967 2145 3148 2201 adhuc
3188 2155 3398 2202 certum
3441 2161 3556 2202 non
3593 2155 3772 2203 teneo.

2189 2237 2456 2295 Gotifredi
2502 2238 2686 2294 autem
2737 2237 3016 2308 quondam
3065 2237 3215 2294 illius
3255 2237 3358 2292 viri
3402 2238 3778 2296 indubitanter

2189 2329 2334 2387 scias
2355 2329 2504 2401 quod
2524 2328 2841 2400 frequenter
2861 2329 3003 2400 apud
3018 2327 3330 2396 Dominum,
3347 2329 3477 2384 licet
3496 2338 3772 2401 peccator,

2189 2424 2419 2479 habeam
2449 2422 2805 2491 memoriam;
2838 2422 2968 2494 quia
3003 2436 3114 2477 non
3160 2437 3252 2477 me
3299 2421 3447 2478 illius
3488 2422 3773 2478 inimicitia

2187 2512 2271 2570 vel
2293 2513 2475 2585 aliqua
2514 2513 2743 2584 impedit
2780 2511 3018 2573 vanitas.
3047 2511 3142 2568 sed
3176 2519 3362 2567 motus
3397 2509 3644 2567 fraterna
3684 2512 3772 2567 ‘di-

2187 2603 2420 2660 lectione
2451 2612 2544 2660 tua
2577 2613 2633 2660 et
2661 2601 2934 2660 Mathildae
2973 2601 3358 2674 deprecatione
3400 2601 3551 2658 illius
3574 2613 3775 2674 exopto

2187 2699 2440 2755 salutem.
2490 2693 2850 2768 Omnipotens
2891 2694 3036 2752 Deus
3082 2693 3471 2752 intercessione
3534 2695 3774 2752 emlestis

2188 2791 2390 2864 reginae
2429 2805 2644 2860 semper
2681 2787 2910 2860 virginis
2949 2785 3164 2854 Marias,
3190 2793 3246 2842 et
3290 2785 3619 2842 auctoritate
3646 2786 3775 2842 bea-

2188 2893 2371 2940 torum
2415 2881 2790 2953 apostolorum
2833 2878 2981 2936 Petri
3017 2887 3073 2934 et
3097 2876 3276 2945 Pauli,
3308 2893 3341 2932 a
3385 2892 3448 2934 se
3484 2875 3597 2934 illis
3637 2892 3768 2933 con-

2187 2991 2340 3032 cessa
2355 3017 2372 3044 ,
2413 2984 2468 3031 te
2513 2983 2842 3044 nostrosque
2884 2986 3078 3028 omnes
3123 2968 3321 3028 fratres
3347 2969 3406 3026 in
3437 2984 3772 3042 quocunque

2187 3076 2319 3124 sunt
2343 3067 2556 3134 ordine,
2582 3065 2678 3139 qui
2699 3063 3071 3122 Christianam
3115 3061 3417 3120 defendunt
3450 3061 3770 3134 religionem

2189 3167 2243 3216 et
2284 3159 2598 3230 apostolicae
2639 3158 2786 3216 sedis
2828 3157 3177 3229 dignitatem,
3226 3172 3258 3212 a
3288 3156 3502 3212 cunctis
3533 3155 3774 3227 peccatis

2189 3249 2458 3321 absolvat,
2496 3245 2759 3318 vobisque
2802 3262 3008 3319 augens
3049 3245 3232 3313 fidem,
3258 3261 3411 3316 spem
3444 3253 3501 3300 et
3533 3243 3772 3302 charita-

2190 3350 2297 3397 tem
2320 3381 2336 3407 ,
2369 3341 2424 3396 in
2459 3355 2574 3397 suae
2621 3339 2757 3412 legis
2788 3337 3107 3399 defensione
3149 3339 3467 3396 corroboret
3482 3381 3500 3407 ,
3550 3348 3614 3396 ut
3659 3355 3771 3396 me-

2192 3431 2422 3486 reamini
2453 3430 2521 3486 ad
2545 3439 2806 3486 mternam
2827 3429 3110 3502 pervenire
3144 3429 3394 3485 salutem.

2260 3521 2398 3578 Data
2419 3520 2633 3589 Tiburi,
2671 3531 2866 3578 octavo
2905 3519 3184 3578 Kalendas
3231 3519 3600 3592 Septembris,
3631 3521 3772 3578 indi-

2191 3614 2373 3671 ctione
2393 3613 2606 3671 decima
2627 3623 2846 3686 quarta.
3665 3621 3672 3626 '

2753 3718 3087 3786 EPISTOLA
3112 3730 3200 3788 Ill.

2780 3839 2846 3878 AD
2881 3838 3177 3880 CERIANOS.

2774 3911 2954 3984 (Anno
2993 3912 3176 3987 l076.)

2197 4002 2268 4057 Ut
2297 4001 2884 4086 τρεςμθπε,ιιείῃῄειιηεἰηΔ
2907 4004 3107 4086 synodo
3141 4007 3688 4086 excommunicatiini,
3721 4021 3772 4086 ᾳ

2263 4073 2408 4146 regia
2434 4073 2695 4146 dignitate
2714 4073 2977 4145 priuatum
2997 4117 3013 4142 ,
3045 4075 3094 4129 si
3122 4091 3234 4130 vere
3274 4077 3603 4146 poeniteat-it,
3626 4073 3772 4135 beni-

2263 4161 2382 4269 gite.
2399 4145 2692 4228 suseipiant
2713 4186 2728 4211 ,
2755 4145 2970 4229 remotis
2997 4145 3064 4200 ab
3095 4161 3154 4200 eo
3181 4145 3372 4227 pravis
3413 4149 3770 4220 consiliariis,

2295 4232 2410 4268 onis
2441 4215 2728 4269 adhibitis:
2763 4231 2824 4269 eo
2845 4227 3008 4269 etiam
3051 4225 3270 4269 monito.
3309 4234 3373 4269 ne
3413 4216 3677 4269 Ecclesia!
3705 4223 3770 4269 ιὶ-

2295 4216 2410 4268 onis
2441 4215 2728 4280 adhibitis;
2763 4231 2824 4270 eo
2845 4217 3008 4270 etiam
3051 4215 3270 4281 monito,
3309 4234 3373 4272 ne
3413 4216 3677 4275 Ecclesia.-
3705 4215 3772 4276 li:-

2263 4285 2515 4364 bertatein
2536 4287 2822 4364 impugnet.
2841 4285 3064 4340 Interim
3101 4302 3163 4342 ne
3187 4287 3474 4364 quisquam
3495 4291 3772 4364 episcopus

2263 4373 2382 4411 eum
2413 4355 2969 4439 absoluat,’qiiousque
2995 4355 3303 4439 apostoiicai
3317 4355 3465 4439 sedis
3487 4355 3772 4439 ama}...

505 4442 838 4500 notilicata:
877 4453 939 4500 ut
982 4443 1148 4500 simul
1177 4443 1522 4503 inveniamus
1563 4443 1820 4515 qualiter,
1867 4443 1917 4498 si
1965 4457 2090 4498 eum
2124 4461 2172 4522 ι)
2265 4427 2750 4522 93534551912935
2772 4427 3771 4522 urgericf}magna»;fungi

505 4535 699 4590 divina
739 4534 916 4610 pietas
939 4535 1272 4606 respexerit,
1307 4536 1375 4591 ad
1408 4537 1670 4592 honorem
1701 4534 1799 4592 Dei
1845 4543 1900 4590 et
1940 4535 2088 4592 illius

512 4626 748 4680 salutem
809 4641 938 4682 eum
991 4626 1362 4682 absolvamus.
1417 4625 1536 4682 Non
1593 4627 1740 4682 enim
1789 4641 1894 4683 nos
1959 4627 2090 4684 latet

509 4717 662 4786 quod
712 4718 824 4774 sint
869 4717 1044 4790 aliqui
1096 4727 1374 4786 vestrum,
1423 4717 1523 4788 qui
1573 4719 1756 4790 aliqua
1801 4718 2090 4776 occasione

511 4807 675 4876 quasi
703 4823 737 4863 a
770 4809 930 4866 nobis
963 4817 1203 4880 accepta,
1244 4809 1460 4876 timore,
1498 4809 1582 4866 vel
1631 4809 1870 4865 humana
1916 4810 2088 4882 gratia

513 4899 750 4966 seducti,
766 4911 1160 4970 praesumerent
1180 4915 1329 4967 eum,
1353 4900 1400 4957 si
1429 4915 1539 4956 non
1563 4899 2086 4965 contradiceremus.

515 4991 802 5051 absolvere
841 4994 1166 5066 vulnerique
1210 5009 1314 5065 pro
1363 4991 1629 5050 medicina
1681 4993 1875 5050 vulnus
1933 4993 2090 5048 adhi-

516 5083 678 5150 bere;
717 5083 920 5155 quibus
959 5085 1007 5140 si
1039 5085 1210 5156 aliqui
1243 5099 1432 5142 revera
1463 5083 1704 5156 episc0pi
1751 5085 2090 5141 contradice—

516 5186 660 5244 rent,
686 5191 799 5232 non
836 5177 1234 5262 eosjustitiam
1267 5176 1578 5244 defendere,
1628 5178 1725 5235 sed
1774 5176 2092 5234 inimicitias

516 5283 773 5316 exercere.
813 5267 1140 5316 indicarent.
1169 5267 1562 5316 Enismmmm
1606 5279 1780 5316 auiam
1863 5269 1956 5316 mii
1991 5285 2090 5316 ex-

2264 4497 2512 4569 idoneum
2542 4513 2712 4568 regem
2727 4537 2749 4569 ,_
2774 4513 2926 4569 quem
2969 4497 3033 4569 se
3063 4497 3504 4568 conﬁrmaturum
3546 4501 3662 4568 ait,
3709 4504 3772 4560 de

2257 4567 2482 4644 consilio
2514 4566 2692 4644 tanien
2715 4566 2930 4638 Agnetis
2971 4566 3356 4638 imperdiricis,
3389 4571 3478 4626 cui
3517 4588 3574 4628 se
3615 4566 3770 4644 jure-

2249 4637 2486 4708 jurando
2516 4637 2926 4692 obstrinxérant.

2257 4729 2568 4790 (inescatus
2591 4728 2902 4800 episcopus,
2937 4745 3131 4788 servus
3159 4746 3447 4789 servorum
3487 4733 3608 4804 Dei,
3647 4751 3767 4792 on:-

2188 4823 2352 4877 nibus
2385 4820 2598 4876 dilectis
2638 4821 2694 4874 in
2741 4818 2965 4876 Christo
2995 4819 3276 4890 fratribus,
3305 4833 3370 4879 et
3403 4825 3766 4898 coepiscopis,

2189 4913 2440 4980 ducibus,
2471 4909 2784 4978 comitibus,
2814 4913 3088 4970 universis
3134 4929 3355 4986 quoque
3399 4915 3562 4972 [idem
3605 4917 3766 4973 Chri—

2190 5005 2423 5061 stianam
2453 4999 2892 5068 defendentibus,
2920 5005 2975 5060 in
2997 5019 3168 5076 regno
3195 5005 3446 5062 videlicet
3465 5003 3766 5066 Teutonico

2190 5094 2582 5162 habitantibus,
2617 5095 2851 5150 salutem
2868 5104 2924 5152 et
2947 5097 3194 5154 omnium
3217 5107 3572 5168 peccatorum
3601 5101 3764 5158 abso-

2191 5187 2452 5243 lutionem
2481 5199 2579 5258 per
2613 5186 2970 5258 apostolicam
2995 5187 3457 5261 benedictionem.

2263 5279 2318 5316 αἱ
2346 5281 2550 5316 “Momm
2583 5279 2782 5316 (illihuic
2827 5277 3094 5316 "(inminuta
3135 5280 3312 5316 (“nino
3353 5297 3447 5316 ἰον
3490 5283 3546 5316 ἓν.
3579 5297 3760 5316 ,ιι-ιιι-
