3982 5316
214 278 322 339 ιὸῚ

1324 271 1528 333 LIBER
1559 268 1910 343 QUARTUS.
1948 306 2018 315 α-
2053 269 2270 332 EPIST.
2314 272 2377 328 κ’.

3362 272 3484 329 ,ιῦὓ

214 396 322 454 sibi
356 394 643 466 subjectus
676 411 705 451 a
733 395 953 452 vinculo
974 395 1273 466 jnramenti
1318 394 1495 451 eidem
1541 393 1798 463 promissi
1829 407 1871 463 Α
1901 396 2083 451 autem
2134 389 2280 459 quod
2327 387 2529 443 factum
2575 394 2659 441 est
2700 383 3047 455 charissima:
3108 384 3229 442 ﬁlia:
3284 395 3486 443 nostra:

209 492 285 546 sit
315 490 628 544 absolutus.
658 486 763 544 Sed
792 489 921 558 quia
951 504 1055 544 nos
1092 496 1281 543 contra
1316 502 1444 541 eum
1471 501 1581 540 non
1606 484 1798 551 movit,

209 576 323 637 Deo
364 590 545 650 teste,
596 580 873 638 saecularis
923 580 1210 650 superbia,
1265 594 1368 634 nec
1415 592 1557 632 vana
1610 577 1798 632 mundi

1903 481 2098 553 Agneti
2126 481 2459 551 imperatrici
2503 480 2784 551 Anguste,
2819 477 2867 533 si
2903 478 3049 533 ﬁlius
3093 478 3216 549 ejus
3263 494 3331 534 ex
3379 480 3487 535 hac

1902 572 2012 626 vita
2036 580 2164 627 ante
2189 571 2365 642 ipsam
2411 570 2691 640 migraret,
2725 584 2834 635 non
2861 576 2946 623 est
2972 583 3114 640 opus
3158 570 3340 626 adhuc
3379 570 3485 625 du-

207 672 510 744 cupiditas,
558 672 652 728 sed
696 681 897 728 sanctae
944 672 1089 728 sedis
1138 680 1194 726 et
1235 669 1562 727 universalis
1609 668 1801 725 matris
1901 663 2075 719 hilare
2120 663 2271 732 quia,
2309 661 2356 718 si
2415 661 2582 716 nimia
2637 660 2834 731 pietate
2880 659 3028 725 circa
3086 658 3259 715 ﬁlium
3314 659 3479 719 ducta

206 762 470 819 Ecclesia:
507 764 821 820 sollicitudo
851 772 905 820 et
937 764 1258 843 disciplina,
1290 777 1581 818 monemus
1611 775 1711 843 vos
1743 760 1797 816 in

205 854 445 911 Domino
472 855 607 911 Iesu
637 864 693 912 et
730 872 1010 927 rogamus,
1035 842 1555 913 sicuteharissimos
1576 842 1796 919 fratres,

204 956 269 1002 ut
316 963 447 1003 eum
480 949 737 1021 benigne,
774 949 820 1005 si
865 964 932 1005 ex
977 958 1093 1005 toto
1134 950 1300 1006 corde
1333 948 1402 1004 ad
1450 947 1621 1001 Deum
1665 959 1799 1000 con-

206 1055 404 1095 versus
447 1039 638 1106 fuerit,
672 1041 1005 1112 suscipiatis,
1043 1050 1098 1097 et
1117 1042 1263 1097 circa
1289 1057 1415 1097 eum
1446 1054 1556 1093 non
1584 1046 1795 1093 tantum

199 1129 498 1200 justitiam,
529 1149 657 1204 quae
680 1135 833 1211 illum
864 1151 1090 1206 regnare
1112 1134 1391 1207 prohibet,
1433 1133 1527 1189 sed
1575 1131 1794 1186 miseri-

205 1222 476 1288 cordiam,
496 1239 623 1294 qua:
643 1226 815 1280 multa
841 1227 984 1282 deiet
1003 1228 1231 1292 scelera,
1249 1225 1570 1282 ostendatis.
1586 1222 1791 1289 Estne,

203 1329 415 1383 quaeso,
451 1331 729 1373 memores
757 1318 1012 1374 humanae
1043 1318 1376 1374 conditionis
1403 1326 1458 1373 et
1483 1314 1793 1372 communis

201 1403 540 1475 fragilitatis,
573 1423 675 1463 nec
700 1424 799 1465 vos
833 1416 1119 1481 praetereat
1142 1410 1230 1480 pia
1259 1418 1316 1464 et
1350 1407 1552 1464 nobilis
1584 1420 1793 1460 memo-

201 1497 285 1552 ria
313 1498 488 1568 patris
514 1498 638 1570 ejus
668 1509 725 1555 et
749 1502 959 1569 matris,
983 1502 1186 1572 quibus
1211 1517 1322 1557 non
1345 1508 1577 1571 possunt
1603 1506 1790 1555 nostra

200 1599 360 1645 etate
387 1592 457 1645 ad
484 1591 702 1662 imperii
732 1594 1101 1665 gubernacula
1144 1593 1376 1649 inveniri
1408 1592 1666 1664 aequales.
1700 1591 1792 1647 Sic

199 1688 387 1736 tamen
434 1683 694 1740 adhibete
733 1685 1053 1743 vulneribus
1090 1686 1212 1756 ejus
1239 1686 1422 1741 oleum
1458 1686 1699 1755 pietatis,
1724 1698 1791 1739 ne

1896 753 2123 823 justitiae
2158 751 2437 818 restiterit,
2474 752 2559 806 vel
2585 750 2812 822 jus-tiliae
2854 749 3044 806 favens
3089 759 3151 806 ut
3191 750 3484 823 abjiciatur

1900 861 1933 900 a
1985 858 2157 916 regno
2180 843 2552 910 consenserit,
2585 843 2717 915 quid
2741 851 2927 909 restet,
2960 860 3057 925 vos
3088 843 3192 916 ipsi
3231 860 3483 917 compre-

1899 934 2136 990 hendite.
2184 933 2301 990 Hoc
2348 943 2530 990 tamen
2574 933 2785 989 videtur
2843 934 3144 1002 laudabile,
3190 944 3462 1007 postquau

1899 1035 2109 1081 certum
2147 1024 2317 1082 fuerit
2345 1024 2489 1097 apud
2514 1042 2612 1080 vos
2644 1028 2727 1097 (ut
2752 1026 2977 1081 omnino
3002 1024 3298 1099 ﬁrmatum)
3330 1027 3477 1097 quod

1896 1115 2016 1187 ejus
2042 1116 2187 1173 ﬁlius
2214 1133 2244 1171 a
2296 1132 2464 1187 regno
2493 1124 2859 1181 removeatur,
2902 1114 3193 1171 consilium
3224 1115 3293 1170 ab
3324 1131 3386 1170 ca
3425 1125 3484 1171 et
3584 1153 3591 1165 χ

1896 1222 1928 1262 a
1975 1207 2133 1263 nobis
2180 1208 2491 1278 requiratur
2540 1206 2609 1261 de
2658 1204 2882 1260 inventa
2942 1221 3174 1275 persona
3224 1205 3291 1261 ad
3322 1210 3481 1276 regni

1894 1296 2281 1370 gubernacula.
2330 1295 2487 1351 Tunc
2528 1305 2623 1351 aut
2678 1304 2871 1351 nostro
2918 1294 3195 1351 communi
3249 1296 3482 1351 consilio

1894 1402 2185 1443 assensum
2212 1386 2497 1459 praebebit,
2529 1396 2625 1442 aut
2646 1380 2959 1458 apostoliiaz
2990 1385 3137 1441 sedis
3181 1387 3483 1442 auctoritas

1892 1480 2077 1534 omnia
2123 1478 2342 1535 vincula
2387 1495 2511 1550 quae
2547 1479 2805 1534 videntur
2835 1477 3064 1549 justitia:
3107 1479 3482 1539 contradicere

1893 1569 2214 1625 removebit.
2246 1568 2321 1624 De
2343 1569 2836 1625 excommunicatis
2862 1578 3044 1623 autem
3062 1567 3178 1638 jam
3213 1585 3301 1624 me
3325 1569 3482 1635 vobis

1890 1657 2106 1713 dedisse
2151 1658 2449 1726 licentiam,
2481 1658 2574 1730 qui
2599 1659 2759 1714 fidem
2789 1658 3162 1714 Christianam
3196 1657 3279 1729 (ut
3313 1658 3476 1715 decet

198 1774 329 1828 vino
377 1775 688 1846 disciplinae
740 1739 1317 1849 neglectoﬂcicatrices
1357 1739 1478 1848 ejus:
1530 1739 1586 1832 in
1635 1739 1791 1847 pejus
1823 1748 2200 1849 Βθηξδθθίξθδ)
2242 1739 2559 1849 figendi“?
2611 1759 2671 1805 ut
2716 1750 3035 1849 “PSOIVNS’
3071 1750 3361 1849 rewrdof"
3416 1756 3477 1806 0‘

122 1890 127 1891 ν
200 1866 373 1935 (quod
404 1868 611 1938 absit!)
635 1879 986 1940 putrescant,
1015 1881 1071 1929 et
1094 1873 1273 1928 honor
1301 1878 1506 1927 sancta:
1539 1869 1795 1927 Ecclesiae

198 1950 551 2031 Romanique
577 1960 795 2034 imperii
822 1973 1009 2021 nostra
1034 1964 1361 2038 negligentia
1386 1979 1597 2036 magna:
1620 1964 1794 2019 ruinae

198 2057 466 2120 patescat.
488 2051 690 2109 Procul
714 2056 783 2110 ah
803 2071 869 2112 eo
895 2058 1050 2127 pravi
1073 2064 1455 2114 removeantur
1467 2056 1791 2122 consiliarii,

196 2142 296 2213 qui
363 2158 466 2214 pro
526 2142 846 2203 Simoniaea
913 2150 1109 2206 haeresi
1166 2148 1625 2206 excommunicati
1682 2163 1793 2205 non

196 2234 541 2290 ernbuerunt
575 2238 860 2295 dominum
887 2257 1050 2298 suum
1078 2241 1299 2313 propria
1347 2241 1496 2313 lepra
1521 2242 1791 2297 contami-

197 2340 352 2390 nare,
386 2335 441 2381 et
489 2343 590 2399 per
638 2329 859 2387 diversa
906 2332 1140 2389 crimina
1190 2349 1318 2389 enm
1365 2331 1677 2389 seducendo
1723 2332 1793 2388 ad

198 2418 563 2475 scindendum
614 2432 862 2479 sanctam
914 2423 1216 2481 Ecclesiam
1251 2441 1586 2499 provocare,
1634 2435 1689 2481 et
1734 2426 1790 2481 in

197 2508 336 2589 iram
368 2510 467 2567 Dei
504 2523 564 2568 et
586 2515 763 2570 sancti
791 2514 937 2589 Petri
980 2517 1278 2588 impellere.
1303 2519 1684 2576 Adhiheantur
1713 2520 1791 2577 illi

198 2602 499 2658 consiliarii
542 2606 640 2675 qui
684 2623 798 2662 non
843 2623 942 2664 sua
992 2616 1229 2678 tantum,
1262 2612 1357 2667 sed
1381 2627 1507 2667 eum
1541 2612 1788 2684 diligant,

196 2702 250 2747 et
283 2696 547 2751 saeculari
581 2697 739 2753 lucro
775 2715 871 2771 per
893 2701 1079 2756 omnia
1107 2701 1278 2759 Deum
1306 2712 1643 2774 praeponam.
1670 2702 1788 2762 Non

197 2785 335 2840 ultra
367 2796 531 2856 putet
578 2799 827 2846 sanctam
876 2791 1180 2850 Eeelesiam
1215 2794 1324 2851 sibi
1380 2794 1680 2866 subjectam
1730 2805 1792 2853 ut

197 2877 475 2946 ancillam,
505 2879 603 2935 sed
643 2882 923 2953 praela‘am
965 2892 1028 2940 ut
1073 2886 1373 2942 dominam.
1408 2885 1527 2943 Non
1571 2886 1789 2947 inflatus

197 2971 390 3041 spiritu
419 2973 682 3031 elationis
724 2977 1152 3035 consuetudines
1187 2978 1456 3050 superbia:
1489 2986 1679 3036 contra
1722 2980 1789 3037 li-

1896 1839 2075 1895 adhuc
2105 1840 2211 1896 hoc
2239 1841 2383 1896 idem
2420 1842 2704 1909 conﬁrmo,
2732 1843 2780 1898 si
2826 1857 3015 1899 revera
3042 1842 3378 1913 resipuerint
3423 1854 3483 1899 et

1896 1932 2178 1989 humiliter
2207 1934 2586 2006 pmnitentiam
2624 1934 2852 2007 egerint.

1960 2023 2096 2081 Data
2126 2024 2417 2095 Laurenti,
2464 2028 2630 2084 tertio
2666 2027 2850 2084 Nonas
2907 2027 3281 2102 Septembris,
3329 2031 3475 2085 indi-

1896 2116 2078 2172 ctione
2107 2116 2402 2189 incipiente
2433 2119 2644 2176 decima
2667 2121 2880 2191 quinta.

2449 2234 2787 2299 EPISTOLA
2824 2235 2915 2292 IV.

2487 2346 2555 2384 AD
2593 2343 2882 2385 DOLENSES.

2487 2421 2672 2493 (Anno
2709 2420 2894 2491 i076.)

1894 2509 2028 2566 Cum
2063 2528 2168 2584 non
2211 2513 2667 2584 potueritreorum
2695 2513 2960 2584 petitioni,
2993 2516 3476 2571 contmdicentibm

1961 2583 2272 2657 sationibus,
2305 2583 2617 2657 satisfacere
2653 2583 2709 2657 in
2752 2584 3051 2657 ordinando
3087 2587 3479 2657 archiepiscom

1959 2652 2203 2727 quadarn
2223 2653 2415 2727 juvene
2435 2652 2501 2707 ab
2529 2655 2617 2727 eis
2630 2655 3101 2727 electo,_ejusdeinA
3130 2652 3340 2727 juvenis
3385 2652 3476 2710 ro-

1963 2732 2092 2792 gatu
2115 2723 2357 2799 abbatem
2375 2722 2561 2799 Sancti
2589 2724 2805 2799 dfelarii
2830 2722 3106 2799 [Melanii]
3124 2722 3480 2797 archiepisco-

1958 2808 2084 2861 pum
2111 2793 2387 2849 ordinasse
2420 2796 2536 2860 ait;
2563 2796 2650 2849 cui
2678 2812 2765 2850 eos
2791 2793 3002 2851 obedire
3034 2793 3226 2852 inbuet.

1960 2881 2271 2940 Caesonius
2297 2885 2616 2957 episcopus,
2644 2902 2837 2944 servus
2865 2904 3149 2944 servorum
3176 2888 3293 2956 Dei,
3327 2889 3479 2944 clero

1890 2982 1944 3029 et
1994 2976 2195 3046 populo
2219 2975 2441 3033 Dolensi
2470 2978 2526 3033 in
2562 2976 2867 3047 Britannia,
2896 2981 3128 3036 salutem
3156 2989 3213 3036 et
3251 2989 3478 3052 aposto-

198 3061 465 3117 hemtem
508 3074 715 3122 saneta:
760 3065 1021 3126 Ecclesia:
1068 3070 1319 3128 inventas
1367 3070 1651 3140 defendat,
1690 3073 1786 3130 sed
1814 3106 1857 3163 ρ
1891 3066 2053 3163 licini
2089 3067 2542 3163 benedictionem.

196 3151 453 3209 observet
488 3165 810 3213 sanctorum
844 3156 1072 3217 Patrum
1106 3162 1441 3231 doctrinam,
1477 3178 1645 3235 quam
1686 3180 1788 3236 pro

196 3244 367 3302 salute
396 3255 590 3303 nostra
620 3264 718 3305 eos
745 3251 935 3307 docuit
957 3260 1202 3325 potestas
1225 3255 1430 3311 divina.
1458 3254 1617 3323 Quod
1652 3258 1698 3312 si
1721 3257 1789 3314 de

197 3335 279 3391 his
312 3348 368 3393 et
388 3339 520 3395 aliis
545 3340 671 3411 jure
696 3343 769 3397 ab
806 3358 871 3398 eo
895 3346 1179 3417 exigendis
1219 3363 1322 3403 nos
1356 3363 1583 3404 securos
1609 3350 1789 3407 modis

196 3430 397 3497 quibus
454 3442 672 3503 oportet
727 3436 1062 3505 reddiderit,
1129 3439 1315 3496 statim
1376 3442 1632 3498 volumus
1692 3457 1789 3515 per

196 3525 412 3579 vestros
459 3524 690 3582 idoneos
731 3527 941 3600 legatos
981 3531 1049 3586 de
1086 3531 1346 3591 omnibus
1386 3534 1694 3601 informari,
1728 3546 1790 3593 ut

198 3613 323 3681 quid
344 3615 547 3672 debeat
577 3617 699 3673 ﬁeri
741 3622 1025 3678 communi
1070 3624 1324 3693 consilio,
1352 3624 1464 3683 Deo
1491 3630 1786 3700 aspirante,

197 3706 372 3761 valeat
424 3707 683 3765 inveniri.
724 3710 865 3768 Illud
899 3724 1080 3770 autem
1127 3715 1270 3772 inter
1311 3720 1496 3775 omnia
1538 3737 1606 3776 ex
1636 3733 1790 3793 parte

198 3795 339 3853 beati
379 3799 539 3856 Petri
593 3802 996 3876 interdicimus,
1038 3816 1100 3862 ut
1144 3810 1333 3867 nullus
1376 3822 1620 3869 vestrum
1662 3832 1789 3873 eum

200 3900 501 3959 praisumat
529 3893 602 3947 ab
637 3898 1210 3957 exeommnnicatione
1252 3901 1552 3971 absolvere,
1576 3922 1787 3978 quous-

200 3996 325 4051 que,
352 3982 438 4038 eis
463 4000 589 4054 quae
612 3987 967 4055 praediximus
996 3992 1155 4048 nobis
1180 3994 1455 4063 indicatis,
1476 3999 1790 4068 apostolica:

199 4073 344 4130 sedis
374 4091 725 4132 consensum
766 4089 823 4134 et
847 4080 1103 4139 iteratum
1129 4101 1455 4157 responsum
1490 4090 1785 4161 recipiatis.

200 4165 271 4221 De
295 4168 651 4225 diversorum
674 4172 899 4242 quidem
926 4176 1158 4233 diversis
1183 4178 1429 4236 consiliis
1450 4180 1786 4253 dubitamus,

199 4268 251 4346 et
302 4259 611 4318 humanam
643 4264 881 4336 gratiam
934 4270 1019 4323 vel
1060 4269 1312 4327 timorem
1350 4273 1649 4345 suspicioni
1690 4275 1790 4331 ha-

197 4351 403 4411 bemus.
455 4352 615 4419 Quod
654 4356 723 4427 si,
794 4359 1136 4432 exigentibus
1198 4365 1497 4421 multorum
1552 4370 1791 4437 peccatis

1963 3157 2188 3216 Misistis
2211 3160 2279 3215 ad
2304 3176 2404 3217 nos
2430 3163 2721 3232 quemdam
2742 3164 3024 3235 juvenem,
3048 3174 3292 3237 petentes
3317 3168 3480 3223 vobis

1892 3265 1924 3304 a
1979 3250 2142 3307 nobis
2192 3251 2345 3308 illum
2396 3253 2641 3310 ordinari
2696 3256 3050 3327 pontiﬁcem;
3106 3259 3198 3314 cui
3251 3260 3476 3330 quidem

1891 3340 2177 3411 petitioni,
2240 3343 2501 3414 quoniam
2557 3344 2701 3401 sacri
2767 3362 3011 3403 canones
3061 3350 3475 3417 contradicunt,

1890 3448 2177 3491 assensum
2206 3435 2450 3508 praebere
2479 3452 2829 3509 nequaquam
2875 3440 3179 3510 potuimus.
3214 3440 3326 3498 Nos
3372 3442 3476 3498 de-

1889 3523 2056 3597 nique
2105 3536 2499 3598 cognoscentes
2560 3528 2867 3586 Ecclesiam
2918 3539 3157 3588 vestram
3216 3534 3312 3588 diu
3376 3550 3478 3589 ne-

1889 3618 2144 3688 quissimi
2168 3621 2481 3690 pervaseris
2508 3623 2799 3703 tyrannide
2827 3639 3167 3695 oppressam,
3199 3640 3264 3681 cx
3294 3627 3479 3682 debito

1888 3716 1944 3765 et
1995 3710 2171 3768 nostri
2230 3711 2393 3769 cilicii
2441 3713 2888 3771 consideratione
2911 3756 2928 3783 ,
2989 3718 3288 3788 apostolico
3351 3717 3476 3775 fulti

1888 3801 2171 3872 praesidio,
2225 3812 2389 3874 prout
2438 3806 2803 3873 valemns_in
2856 3807 3123 3877 Domino,
3172 3810 3477 3868 reformare

1889 3894 2163 3965 cupimus.
2199 3894 2562 3967 Quapropter,
2590 3899 2837 3970 ejusdem
2872 3900 3093 3972 juvenis
3137 3914 3329 3976 rogatu
3380 3920 3473 3961 as-

1889 4001 2164 4058 sensuque
2188 3988 2466 4044 sociorum
2490 3990 2634 4068 ejus,
2659 3990 2844 4048 Sancti
2873 3993 3103 4062 Melarii,
3129 3995 3368 4068 [Melanii
3396 4000 3477 4052 sic

1888 4084 1937 4130 et
1966 4077 2024 4131 in
2058 4077 2174 4131 cod.
2211 4077 2437 4152 Hutin.]
2473 4081 2725 4138 abbatem
2773 4082 2991 4141 lvonem
3041 4088 3282 4154 nomine,
3309 4105 3474 4158 quem

1889 4167 1955 4222 ad
1992 4183 2094 4224 nos
2122 4177 2304 4224 vestra
2334 4170 2610 4241 legatione
2637 4173 2898 4241 misistis,
2940 4175 3123 4231 virum
3170 4178 3362 4249 utique
3392 4180 3476 4252 (ut

1891 4274 1989 4317 vos
2018 4261 2158 4316 bene
2187 4261 2388 4334 nostis)
2414 4264 2763 4335 prudentem,
2800 4266 3032 4334 bonum,
3058 4278 3316 4325 ornatum
3353 4288 3475 4328 mo-

1889 4352 2065 4421 ribus,
2093 4355 2355 4426 omnique
2380 4356 2644 4429 religione
2672 4357 2923 4431 dignum,
2965 4361 3122 4418 vobis
3166 4361 3220 4417 in
3248 4362 3469 4420 Patrem

200 4444 360 4517 (quod
385 4465 501 4504 non
542 4450 849 4523 optamus),
883 4470 947 4509 ex
980 4456 1144 4512 corde
1178 4473 1289 4513 non
1319 4456 1483 4515 fuerit
1510 4460 1577 4516 ad
1617 4459 1787 4519 Deum

1905 4451 1946 4498 at
1999 4444 2476 4517 archiepiscopum
2546 4450 3023 4518 consecravimus,
3081 4464 3366 4529 monentes
3422 4468 3476 4513 ct

198 4537 515 4623 conversus,
548 4542 676 4599 talis
711 4545 782 4600 ad
816 4546 966 4618 regni
995 4548 1388 4619 gubernacula,
1416 4549 1529 4607 Deo
1552 4552 1787 4623 favente,

195 4631 509 4688 inveniatur
544 4636 638 4706 qui
686 4652 753 4692 ea
803 4654 927 4708 quae
960 4639 1335 4710 przediximus,
1360 4651 1417 4698 et
1443 4652 1638 4701 caetera
1669 4663 1792 4718 qua:

1896 4534 2272 4603 obsecrantes,
2301 4545 2365 4592 ut
2392 4537 2535 4594 sicut
2559 4539 2703 4596 beati
2728 4539 2875 4598 Petri
2905 4544 3160 4614 apostoli,
3189 4548 3477 4618 nostrique

1894 4626 2040 4682 illius
2065 4627 2193 4683 licet
2232 4627 2442 4702 indigni
2473 4629 2664 4688 famuli
2692 4636 2924 4705 gratiam
2950 4637 3171 4707 optatis,
3217 4640 3299 4696 sic
3332 4642 3381 4696 ei
3417 4651 3476 4696 ut

191 4721 444 4779 videntur
469 4724 809 4784 Christiana:
838 4730 1089 4803 religioni
1111 4742 1166 4788 et
1189 4733 1363 4791 totius
1389 4735 1607 4808 imperii
1630 4717 1790 4797 saluti

1905 4717 2035 4788 patri
2057 4725 2113 4773 et
2135 4720 2335 4775 rectori
2366 4736 2465 4791 per
2485 4722 2671 4778 omnia
2693 4724 3061 4782 obedientiam
3092 4729 3418 4787 exhibeatis.

191 4817 528 4895 necessaria,
560 4830 778 4876 secreta
825 4837 891 4877 ac
915 4818 1260 4880 indubitabili
1289 4829 1665 4898 promissione
1691 4833 1792 4894 ob-

191 4916 546 4964 servaturum
592 4908 902 4983 promittat.
948 4912 1022 4970 Ut
1055 4926 1239 4972 autem
1282 4929 1520 4977 vestram
1566 4923 1790 4981 elemo-

191 5013 331 5066 nem,
358 5000 411 5065 si
436 5001 601 5058 valde
621 5014 843 5076 oportet
865 5014 927 5062 ut
970 5008 1097 5075 ﬁat,
1139 5012 1435 5080 apostolica
1473 5016 1792 5077 auctoritate

192 5088 471 5170 ﬁrmemus
491 5103 545 5149 et
573 5112 779 5152 novam
802 5099 1206 5155 ordinationem
1230 5107 1431 5163 nostris
1455 5109 1790 5178 temporibus

194 5184 650 5255 corroboremus,
707 5188 853 5245 sicut
905 5206 938 5245 a
1009 5191 1216 5248 sanctis
1266 5199 1470 5255 nostris
1531 5196 1789 5259 Patrihus

195 5267 389 5316 faﬂnm
418 5292 546 5316 meo
583 5280 978 5316 a-nanncnimnc
1051 5283 1324 5316 nnnniinm
1396 5304 1685 5316 --........-....
1745 5305 1786 5316 -.

1966 4807 2098 4863 Data
2136 4806 2397 4893 Romam
2428 4810 2696 4867 Kalendas
2726 4812 3000 4883 Octobris,
3045 4816 3349 4878 indictione
3394 4821 3477 4875 in-

1892 4898 2128 4970 cipiente
2154 4915 2244 4953 xv.

2462 4989 2805 5052 EPISTOuA
2840 4994 2909 5053 γ.

2146 5097 2211 5136 AD
2252 5098 2530 5142 EPISCOPOS
2566 5101 2875 5150 ΒΒΙΤΑΝΝΙΒ
2926 5107 3233 5156 Αιιιοιιιιῑιῑ.
3285 5152 3289 5157 .

2482 5176 2663 5248 (Anno
2710 5182 2897 5257 1076.)

1892 5262 2091 5316 Scribit
2121 5278 2175 5316 se
2211 5264 2448 5316 'bbatem
2475 5268 2659 5316 Sancti
2690 5272 2904 5316 Πριηνεδ
2925 5275 3177 5316 [ποιηηεε
3230 5276 3312 5316 .ez.
3346 5287 3398 5316 ι..
3433 5277 3489 5316 in
