3982 5316
501 291 606 358 ιὸο

1137 295 1192 350 S.
1233 291 1556 352 GREGORII
1595 283 1684 346 νη
1721 285 1924 348 ΡΑΡᾹΞ
1956 289 2059 346 0P]

2172 286 2458 345 IM‘PARS
2489 286 2530 344 l.
2567 317 2637 329 —-
2675 287 3096 347 REGISTRUM.

3645 288 3754 346 ιϐ.

483 414 487 422 ’
567 412 874 475 exhibeant,
897 413 947 463 et
991 411 1058 462 ad
1085 409 1218 462 bona
1251 407 1484 463 ecclesia:
1514 406 1872 477 recuperanda
1917 406 2072 461 auxi—
2101 407 2146 464 Α
2173 403 2264 471 sti,
2307 412 2386 469 ut,
2417 402 2466 459 si
2497 402 2554 457 in
2583 417 2814 473 corpore
2859 400 3042 459 dilecti
3074 399 3196 456 Filii
3245 401 3329 456 sui
3371 403 3754 461 membrorum

567 485 702 536 tium
735 487 1004 551 prastent.

571 595 879 652 Caesonius
907 591 1214 662 episcopus,
1249 605 1443 646 servus
1482 603 1766 644 servorum
1806 587 1923 654 Dei,
1953 603 2071 644 om-

501 689 664 744 nibus
704 683 976 756 episcopis
1019 681 1334 748 Britanniae,
1365 681 1596 736 salutem
1615 671 1686 736 let
1717 681 2069 752 apostoiicam

499 777 928 834 benedictionem
941 813 950 829 .

565 867 686 925 Non
741 867 996 938 ignorare
1046 881 1144 920 vos
1203 864 1477 921 credimus
1535 863 1770 934 qualiter
1820 862 2070 918 Dolensis

497 959 676 1015 clerus
695 965 750 1012 et
770 957 1005 1028 populus
1030 955 1098 1010 ad
1122 969 1224 1010 nos
1249 954 1448 1009 direxit
1469 953 1728 1025 juvenem
1753 953 2066 1024 quemdam,

497 1049 632 1108 satis
653 1049 978 1120 praeclarum
1009 1061 1238 1119 genere,
1266 1055 1330 1102 ut
1371 1046 1703 1112 audivimus,
1728 1045 2068 1116 postulantes

481 1149 558 1196 ut
607 1154 735 1194 eum
795 1137 906 1193 illis
953 1137 1012 1192 in
1065 1137 1384 1208 episcopum
1446 1136 1847 1194 ordinaremus.
1896 1134 2067 1206 Cujus

495 1245 720 1288 causam
784 1229 958 1302 (sicut
1015 1229 1288 1300 oportuit)
1345 1230 1753 1295 examinantes,
1809 1230 2068 1284 honestos

494 1322 718 1393 quidem
747 1335 928 1376 mores
959 1321 1306 1406 pro.modulo
1331 1321 1506 1376 aetatis
1533 1336 1664 1388 suat,
1691 1321 1786 1376 sed
1823 1321 2066 1375 nondum

494 1414 630 1470 satis
656 1421 902 1470 maturos
925 1422 1020 1468 aut
1061 1413 1360 1468 instructos
1379 1413 1450 1468 ad
1487 1412 1812 1484 portandum
1853 1412 2066 1482 episcoo

493 1503 615 1572 pale
639 1503 872 1574 pondus,
903 1503 960 1559 in
982 1517 1048 1559 eo
1073 1502 1452 1574 probavimus;
1497 1510 1720 1574 propter
1757 1501 1904 1572 quod
1933 1516 2066 1558 one-

498 1577 623 1650 rare
665 1607 790 1648 eum
841 1600 953 1647 tam
999 1592 1148 1662 gravi
1202 1591 1420 1647 sarcina
1451 1607 1554 1647 nec
1599 1590 1702 1646 sibi
1752 1607 1853 1646 nec
1907 1590 2066 1647 nobis

491 1689 716 1738 cautum
767 1682 881 1737 fore
944 1682 1300 1752 pervidimus.
1362 1681 1474 1738 Deo
1547 1689 1728 1738 autem
1789 1682 2098 1753 aspirante-

493 1774 874 1832 adinvenimus
917 1775 972 1830 in
1008 1773 1271 1830 comitatu
1319 1789 1424 1829 suo
1459 1788 1753 1844 personam
1799 1773 1928 1828 huic
1976 1773 2064 1830 di-

485 1866 682 1940 gnitati
703 1909 718 1936 ,
751 1874 934 1933 aetate,
965 1865 1195 1922 scientia
1235 1873 1290 1922 et
1324 1880 1541 1921 morum
1582 1865 1849 1937 gravitate
1891 1867 2065 1922 multo

489 1959 664 2030 magis
691 1973 990 2028 congruam
1008 1999 1023 2024 ,
1048 1957 1297 2014 videlicet
1330 1955 1550 2012 Ivonem
1595 1957 1849 2012 abbatem
1875 1956 2062 2014 Sancti

487 2045 695 2104 Melarii
749 2047 1032 2122 [Melanii],
1080 2064 1267 2122 quem,
1327 2047 1452 2102 licet
1485 2047 1714 2102 invitum
1736 2057 1900 2119 atque
1929 2049 2061 2104 obe-

487 2138 688 2192 dientia
735 2137 1042 2206 astrictum,
1071 2154 1196 2194 cum
1227 2137 1398 2193 multa
1438 2133 1696 2207 petitione
1719 2145 1773 2196 et
1799 2138 2063 2194 electione

479 2229 634 2284 illius
677 2237 736 2285 et
771 2229 1003 2284 aliorum
1045 2229 1138 2300 qui
1173 2245 1298 2284 cum
1329 2243 1395 2284 eo
1433 2236 1716 2296 venerant,
1741 2228 2060 2299 episcopum

483 2319 881 2375 ordinavimus.
933 2318 1207 2376 Honorem
1261 2335 1480 2391 quoque
1509 2329 1564 2376 ct
1592 2335 1755 2375 usum
1787 2320 1935 2390 pallii
1961 2336 2060 2391 pro

471 2417 666 2476 vestra
687 2418 741 2464 et
763 2409 930 2464 totius
951 2408 1244 2480 provinciae
1272 2409 1562 2465 dilectione
1586 2409 1637 2462 ei
1661 2409 2055 2474 concessimus,

484 2489 550 2566 eo
575 2498 794 2570 quidem
809 2507 1014 2561 tenore
1045 2507 1104 2554 ut
1129 2508 1436 2570 opportuno
1468 2510 1711 2570 tempore
1749 2497 2060 2556 nullatenus

477 2609 544 2646 se
583 2591 844 2648 exhibere
885 2600 1101 2649 recuset
1135 2593 1203 2648 ad
1233 2593 1626 2648 discutiendam
1656 2592 2056 2663 querimoniam

484 2691 650 2754 quam
679 2682 956 2740 confratcr
995 2694 1182 2740 noster
1225 2684 1566 2757 Rodulphus,
1605 2685 1943 2742 Turonensis
1969 2701 2056 2741 ar-

467 2763 880 2851 chiepiscopus,
908 2771 975 2829 de
995 2773 1332 2844 subjectione
1351 2775 1496 2831 sedis
1521 2775 1687 2845 illius,
1717 2784 1771 2832 et
1791 2777 2054 2848 denegata

480 2862 584 2932 sibi
608 2863 936 2932 obedientia,
957 2863 1165 2936 jamdiu
1203 2865 1345 2936 apud
1377 2874 1624 2922 nostram
1655 2876 1710 2922 et
1741 2877 2054 2922 antecesso-

481 2969 600 3024 rum
623 2962 936 3009 nostrorum
966 2953 1094 3010 fecit
1117 2955 1466 3012 audientiam.
1491 2957 1647 3024 Quod
1669 2957 1736 3024 si,
1764 2959 1976 3014 ratione
1998 2968 2054 3014 et

2171 495 2489 566 dignitatem
2517 494 2764 550 obtinere
2797 493 3068 564 cupimus,
3109 492 3412 550 adinvicem
3441 494 3615 548 etiam
3640 492 3750 550 fra-

2171 585 2342 641 ternis
2388 585 2674 642 atl'ectibus
2703 594 2758 640 et
2798 585 2990 642 ciliciis
3037 583 3216 640 intimi
3265 584 3476 640 amoris
3515 585 3750 640 connexi

2169 677 2362 733 simus.
2402 677 2559 748 Agite
2589 691 2725 748 ergo
2764 685 2826 732 ut
2857 685 3037 732 vestra
3085 675 3402 732 fraternitas
3431 690 3566 746 erga
3602 675 3748 730 hunc

2171 767 2395 824 fratrem
2415 776 2470 823 et
2494 767 2794 824 Ecclesiam
2843 767 2948 824 sibi
2990 767 3340 822 commissam
3369 767 3506 822 talis
3521 765 3745 833 existat,

2167 867 2446 929 quatenus
2465 867 2521 914 et
2551 859 2694 929 apud
2729 857 3022 914 Dominum
3069 858 3501 928 omnipotentem
3531 872 3636 927 pro
3663 872 3749 912 ve-

2167 959 2296 1008 stra:
2316 950 2672 1008 beatitudinis
2691 949 2916 1022 praemio
2935 949 3254 1021 gloriemur,
3279 957 3336 1004 et
3364 948 3510 1003 inter
3533 956 3616 1004 tot
3647 948 3750 1002 hu—

2162 1041 2259 1112 jus
2278 1041 2464 1096 saeculi
2489 1056 2726 1112 nequam
2761 1039 3116 1112 conﬂigentes
3149 1040 3416 1106 turbines,
3453 1039 3522 1096 de
3544 1054 3747 1094 conso-

2168 1133 2370 1190 latione
2402 1141 2600 1190 vestrae
2631 1131 3035 1204 cooperationis
3076 1147 3180 1188 nos
3216 1147 3330 1187 non
3365 1139 3612 1198 tantum,
3652 1131 3748 1186 sed

2165 1234 2221 1281 et
2266 1233 2442 1282 mater
2480 1233 2664 1280 vestra
2701 1233 2890 1280 sancta
2934 1231 2988 1280 et
3042 1223 3346 1294 apostolica
3388 1222 3610 1278 lmtetur
3644 1221 3748 1277 Ec-

2167 1317 2350 1372 clesia.

2243 1408 2378 1464 Data
2404 1407 2608 1478 Romae,
2641 1408 2834 1480 quinto
2869 1407 3139 1464 Kalendas
3167 1406 3442 1475 Octobris,
3483 1406 3748 1462 indictio-

2166 1515 2235 1556 ne
2257 1517 2348 1556 XV.

2703 1599 3038 1656 EPISTOLA
3097 1599 3184 1656 Vl.

2373 1719 2380 1726 '
2414 1709 2482 1746 AD
2517 1707 2785 1748 BENBICUI
2819 1707 3154 1748 ιεουιεκδεκ
3179 1707 3496 1748 ενιεεονῠι.

2665 1817 2672 1824 -
2747 1783 2929 1871 (Anno
2953 1782 3150 1852 .1076.)

2165 1874 2444 1944 Rescribit,
2481 1876 2529 1930 si
2571 1876 3022 1930 excommunicato
3068 1875 3176 1946 regi
3227 1873 3584 1946 Trajectensis
3624 1889 3748 1946 ept-

2233 1961 2420 2016 scopus
2463 1947 2686 2000 scienter
2710 1945 3134 2011 communicarit,
3157 1953 3206 1998 et
3237 1945 3348 1998 sine
3369 1945 3747 2016 satisfactione

2233 2015 2440 2084 abierit,
2469 2034 2586 2070 cum
2605 2033 2664 2071 eo
2689 2033 2779 2070 nec
2811 2025 3018 2086 mortuo
3041 2031 3189 2086 posse
3209 2015 3630 2086 communicari;
3648 2015 3744 2086 sit!
3771 2056 3778 2060 .

2232 2087 2427 2152 minus,
2483 2087 2638 2142 illum
2683 2085 2908 2142 absoluit
2935 2127 2949 2152 ,
2985 2085 3049 2140 et
3076 2085 3349 2155 sacriﬁcia
3381 2102 3479 2155 pro
3525 2101 3588 2155 eo
3622 2085 3746 2152 ﬁeri

2233 2167 2401 2227 optat.
2446 2157 2614 2229 Rogat
2657 2165 3036 2229 postremepro
3065 2154 3319 2210 Ecclesiae
3344 2154 3748 2226 tranquillitate

2230 2225 2405 2296 preces
2437 2227 2506 2282 ad
2528 2225 2697 2282 Deum
2734 2225 2955 2296 eﬂ'undi;

2223 2317 2530 2374 Gueconws
2549 2311 2872 2390 episcopus,
2904 2333 3097 2374 servus
3135 2333 3422 2374 servorum
3453 2315 3571 2381 Dei,
3595 2314 3740 2370 lien-

2160 2423 2285 2484 uico
2317 2407 2602 2465 Leodiensi
2627 2410 2903 2481 episcopo,
2932 2410 3162 2466 salutem
3186 2418 3240 2465 et
3261 2408 3620 2480 apostolicam
3643 2408 3744 2464 be-

2160 2499 2543 2556 nedictionem.

2229 2591 2377 2664 (588)
2407 2591 2564 2660 Quod
2596 2577 2858 2650 de‘causa
2907 2593 3168 2650 Willelmi
3217 2592 3589 2664 Trajectensis
3620 2591 3750 2666 cpi:

2157 2684 2309 2754 scopi
2351 2700 2454 2740 nos
2475 2686 2821 2752 consuluisti,
2846 2686 3133 2758 prudentia
3159 2695 3257 2740 tua
3284 2702 3394 2740 non
3431 2693 3546 2740 tam
3579 2700 3612 2740 a
3637 2700 3738 2738 no-

2149 2774 2240 2830 bis
2261 2791 2424 2846 quam
2461 2793 2492 2832 a
2523 2778 2801 2833 communi
2830 2786 3144 2855 sanctorum
3186 2775 3410 2832 Patrum
3458 2777 3738 2832 sententia

2157 2867 2524 2924 indubitanter
2555 2885 2872 2940 expressum
2909 2871 3186 2926 addiscere
3208 2878 3263 2924 et
3293 2869 3599 2940 intelligere
3631 2883 3735 2940 po-

2157 2967 2288 3026 test;
2339 2976 2574 3030 quorum
2606 2969 2808 3017 statuta
2843 2970 3122 3018 servantes
3155 2970 3250 3016 aut
3280 2959 3660 3026 defendentes,
3683 2959 3735 3016 si

453 3045 688 3116 -justitia
718 3047 1150 3115 demonstrante,
1173 3047 1296 3104 utei
1319 3032 1562 3119 subjecta
1586 3067 1709 3106 esse
1734 3051 1927 3106 debeat
1956 3068 2052 3122 ap—
2077 3087 2119 3146 C
2153 3051 2372 3122 quando
2402 3051 2670 3122 judicium
2700 3054 2768 3110 de
2811 3053 3044 3125 negotiis
3091 3051 3477 3108 ecclesiasticis
3498 3049 3736 3105 fecimus

474 3139 738 3208 paruerit,
778 3155 877 3196 uos
911 3139 1132 3210 quidem
1178 3148 1382 3196 sancta:
1427 3139 1736 3198 Turonensi
1795 3139 2051 3198 Ecclesia:

475 3227 567 3298 jus
589 3245 750 3284 suum
773 3231 1110 3298 conservari,
1133 3239 1188 3286 et
1213 3231 1448 3286 debitam
1472 3232 1863 3303 subjectionem
1887 3249 1918 3288 a
1946 3232 2060 3308 Ι)οη

467 3316 616 3372 .lcnsi
643 3315 885 3374 Ecclesia
920 3319 1163 3374 exhiberi
1205 3321 1481 3388 volumus,
1512 3329 1567 3376 et
1607 3323 1906 3392 apostolica
1949 3339 2051 3377 au-

454 3408 724 3464 ~ctoritate
765 3425 1072 3479 censemus;
1097 3426 1258 3466 usum
1309 3420 1489 3466 tamen
1525 3411 1674 3483 pallii
1721 3428 1832 3466 non
1869 3412 2060 3492 minus.

457 3499 603 3554 rhuic
633 3500 858 3570 suisque
892 3502 1322 3573 successoribus,
1367 3504 1539 3560 donec
1563 3519 1755 3559 eorum
1795 3505 2052 3562 introitus

454 3587 527 3646 -et
553 3592 663 3647 vita
710 3593 1008 3662 probabilis
1050 3593 1235 3664 fuerit,
1283 3596 1642 3652 concedimus
1675 3605 1842 3668 atque
1869 3597 2049 3653 firma-

458 3697 615 3740 .mus.
667 3681 764 3738 Sin
795 3701 922 3742 vero
953 3686 1024 3766 ab
1065 3685 1229 3759 hujus
1265 3687 1622 3758 subjectionis
1649 3688 1792 3766 jugog
1806 3704 1928 3744 eam
1957 3689 2048 3745 ab-

471 3775 705 3830 solutam
729 3791 850 3832 esse
882 3763 1040 3849 legali
1078 3777 1396 3835 defensione
1439 3781 1760 3848 constiterit,
1785 3763 2046 3853 quaecun-

469 3880 576 3934 que
605 3866 708 3922 sibi
751 3865 1030 3939 dignitatis
1058 3869 1338 3942 privilegia
1387 3871 1455 3926 de
1499 3881 1696 3928 uetere
1739 3883 2044 3944 competere

463 3953 584 4027 visa
619 3953 852 4026 fuerint,
889 3959 1185 4030 apostolica
1219 3977 1328 4016 non
1379 3962 1665 4035 denegabit
1709 3949 2043 4033 auctoritas,

464 4055 630 4120 atque
657 4049 896 4118 interim,
946 4059 1008 4106 ut
1031 4051 1079 4106 ei
1123 4051 1266 4108 sicut
1295 4053 1709 4125 archlepiscopo
1753 4056 2042 4126 subjectio-

461 4155 591 4196 nem
611 4148 666 4197 et
695 4143 1056 4198 obedientiam
1083 4143 1405 4212 cxhibeatis,
1433 4147 1686 4218 praesenti
1716 4130 2041 4204 auctoritate

2157 3142 2242 3198 vel
2270 3141 2523 3210 facimus,
2571 3161 2682 3200 non
2727 3161 2866 3201 nova
2901 3153 2996 3201 aut
3037 3153 3224 3201 nostra
3257 3141 3614 3215 proferimus,
3637 3141 3738 3199 sed

2152 3232 2223 3288 ab
2272 3231 2354 3289 eis
2397 3249 2492 3304 per
2519 3232 2781 3305 Spiritum
2813 3244 3064 3292 sanctum
3113 3236 3326 3306 prolata
3361 3232 3651 3305 sequimur
3676 3241 3733 3287 et

2151 3340 2488 3382 exercemus.
2515 3323 2648 3381 Vide
2678 3341 2809 3398 ergo
2837 3336 2892 3382 et
2921 3327 3210 3398 diligenter
3230 3325 3448 3381 attende
3473 3324 3610 3395 quid
3637 3338 3729 3378 eo-

2151 3431 2275 3470 rum
2299 3416 2675 3496 auctoritasin
2698 3433 2793 3472 eos
2817 3417 3118 3473 decreverit
3151 3417 3268 3488 qui,
3303 3415 3374 3471 ad
3395 3414 3727 3470 subverten-

2147 3505 2248 3562 das
2282 3522 2469 3562 sacras
2497 3509 2737 3578 regulas,
2763 3509 2829 3564 ad
2855 3507 3208 3564 scindendam
3229 3507 3495 3562 unitatem
3531 3519 3730 3575 corpo-

2149 3599 2228 3655 ris
2270 3595 2494 3666 Christi,
2531 3599 2677 3670 quod
2729 3609 2814 3655 est
2842 3598 3106 3668 Ecclesia,
3151 3596 3520 3656 schismaticis
3564 3604 3740 3666 atque.

2147 3689 2419 3744 haereticis
2451 3690 2839 3746 calliditatibus
2884 3691 3081 3746 armati
3125 3688 3270 3745 ultro
3298 3696 3495 3744 contra
3541 3695 3728 3758 patres

2145 3782 2458 3854 insurgunt,
2489 3791 2584 3838 aut
2615 3767 3007 3839 scientercum
3049 3767 3544 3838 excommunicatis
3576 3793 3728 3834 com-

2144 3871 2461 3939 municant;
2489 3880 2544 3928 et
2582 3888 2691 3928 non
2717 3873 2896 3928 solum
2933 3887 3098 3943 super
3141 3871 3245 3926 hoc
3276 3870 3344 3926 de
3382 3883 3498 3940 quo
3529 3867 3729 3934 fratcr—

2142 3960 2288 4016 nitas
2309 3969 2402 4016 tua
2437 3953 2708 4034 quaesivit,
2735 3961 2830 4018 sed
2859 3977 3026 4032 super
3048 3959 3305 4018 omnibus
3328 3959 3423 4030 qui
3448 3959 3506 4012 in
3529 3958 3726 4013 eadem

2142 4067 2308 4108 causa
2333 4061 2607 4121 tenentur,
2631 4068 2825 4108 eorum
2846 4067 3080 4124 quorum
3109 4049 3356 4122 vestigia,
3385 4048 3501 4104 Deo
3527 4057 3725 4104 aucto-

2140 4157 2220 4210 re,
2251 4145 2658 4216 perpendimus,
2692 4161 2792 4215 pro
2818 4143 2978 4199 nobis
3001 4156 3263 4214 responsa
3294 4140 3534 4212 suscipe.
3563 4139 3724 4207 Quod

462 4229 870 4288 constituimus.
907 4229 1018 4289 Hoc
1057 4229 1253 4305 itaque
1299 4244 1458 4306 pacto
1490 4250 1617 4291 eum
1658 4219 2056 4295 consecratum.
2140 4235 2186 4290 si
2217 4235 2368 4290 nullo
2397 4235 2712 4302 schismate,
2740 4235 2887 4306 quod
2911 4242 3103 4291 contra
3125 4241 3386 4290 sanctam
3412 4239 3469 4286 et
3497 4237 3724 4302 aposto-

461 4315 518 4374 et
549 4330 802 4376 ornatum
828 4322 894 4377 ad
939 4323 1122 4378 sedem
1153 4339 1263 4380 non
1297 4317 1540 4382 humano
1579 4327 1812 4384 consilio
1837 4329 1930 4384 sed
1951 4329 2036 4384 di-
2140 4325 2300 4380 licam
2319 4323 2619 4382 Ecclesiam
2641 4334 3034 4397 praesumptum
3048 4331 3240 4380 contra
3252 4321 3508 4378 ultimum
3533 4334 3722 4392 quem.

452 4413 664 4470 vinitus
696 4415 746 4470 ei
779 4415 1114 4487 assignatam
1138 4419 1495 4486 remittentes,
1527 4420 1681 4477 vobis
1709 4420 1864 4476 valde
1887 4437 2038 4477 com-
2069 4450 2116 4506 ι)
2136 4417 2268 4472 libet
2296 4415 2552 4474 Ecclesiae
2572 4417 2887 4475 ministrum
2929 4415 3046 4472 fieri
3077 4415 3388 4470 nullatenus
3413 4411 3718 4478 debuisset,

451 4505 775 4562 mendatum
799 4523 922 4563 esse
942 4508 1216 4575 volumus,
1245 4517 1306 4564 ut
1330 4511 1473 4567 sicut
1505 4529 1606 4570 nos
1630 4514 1686 4569 in
1709 4530 1776 4572 eo
1800 4515 2034 4572 charita—
2069 4502 2098 4506 ἡ
2139 4510 2255 4580 ipse
2285 4518 2381 4564 aut
2413 4508 2728 4583 quicunque
2757 4524 2856 4565 sua
2893 4515 3085 4581 sponte
3130 4503 3474 4576 subscripsit,
3511 4511 3570 4558 et
3603 4502 3716 4574 regi

450 4608 562 4654 tem
593 4591 836 4657 vestram
867 4609 923 4658 et
945 4593 1113 4659 totius
1133 4603 1427 4673 provincia:
1453 4604 1814 4676 principatum
1853 4608 2030 4663 hono-
2133 4603 2608 4659 excommunicato
2657 4603 2891 4660 scienter
2923 4601 3335 4658 communicans
3376 4598 3498 4654 sine
3537 4595 3715 4667 paeni-

451 4688 722 4758 ravimus,
752 4690 830 4746 ita
859 4699 914 4746 et
943 4706 1042 4748 vos
1074 4707 1240 4762 quam
1278 4706 1378 4762 pro
1407 4707 1474 4748 eo
1507 4695 1852 4766 suscepimus
1883 4696 2033 4752 solli-
2069 4728 2086 4746 ς
2132 4692 2300 4748 tentia
2344 4701 2399 4748 et
2435 4691 2808 4748 satisfactione
2841 4691 3095 4748 discessit
3115 4690 3202 4746 vel
3245 4687 3562 4745 discesserit
3595 4703 3611 4752 ;
3642 4684 3716 4740 ab

451 4777 752 4834 citudinem
778 4787 833 4836 et
854 4781 1074 4851 pietatis
1107 4779 1359 4838 aﬂ‘ectum
1382 4783 1667 4839 nobiscum
1697 4785 2028 4856 suscipiatis;
2133 4782 2224 4838 illa
2277 4791 2592 4840 sanctorum
2642 4783 2871 4839 Patrum
2921 4781 3190 4838 sententia
3233 4779 3548 4848 discrepare
3599 4789 3711 4858 non

454 4867 639 4937 ipsum
665 4869 885 4939 quidem
917 4886 1041 4926 cum
1065 4872 1216 4928 omni
1241 4873 1453 4940 honore
1485 4881 1542 4929 et
1573 4876 1881 4932 reverentia
1916 4891 2060 4946 θυεμ,
2129 4891 2423 4946 possumus
2453 4873 2756 4940 :videlicet,
2790 4873 2991 4946 quibus
3023 4871 3162 4928 vivis
3195 4885 3305 4926 non
3335 4867 3714 4926 communica-

455 4960 740 5031 cipientes,
783 4969 839 5016 et
886 4971 946 5017 ut
990 4963 1136 5020 bona
1175 4965 1421 5024 ecclesiae
1439 4965 1554 5036 jam
1585 4982 1681 5036 per
1700 4968 1902 5024 multos
1933 4983 2032 5022 an-
2128 4966 2329 5032 vimus,
2378 4979 2480 5020 nec
2524 4965 2758 5020 mortuis
2805 4963 3212 5020 communicare
3257 4960 3547 5034 audemus.
3608 4956 3708 5012 Sin

453 5069 558 5110 nos
580 5069 612 5110 a
637 5053 918 5125 sacrilegis
951 5055 1197 5126 dispersa
1225 5058 1613 5128 pervaseribus
1647 5074 1910 5130 recupare
1943 5073 2032 5114 va-
2128 5071 2260 5112 vero
2310 5056 2515 5112 invitus
2555 5056 2912 5127 subscripsit,
2969 5063 3025 5110 et
3068 5053 3182 5126 regi
3229 5051 3709 5109 excommunicato

453 5145 564 5202 leat
596 5143 944 5217 adjuvantes;
977 5157 1246 5216 quatenus
1279 5149 1369 5205 illa
1409 5151 1568 5206 sedes
1601 5151 1730 5207 olim
1759 5151 1956 5207 nobilis
1976 5158 2033 5206 et
2123 5146 2280 5217 juxta
2317 5145 2742 5216 prohibitionem
2773 5153 3090 5202 sanctorum
3119 5157 3394 5201 canonum
3417 5157 3527 5197 non
3553 5155 3707 5198 com-

453 5245 648 5282 nntan
667 5237 736 5282 ad
767 5236 994 5282 gloriam
1029 5237 1242 5282 τιν-ἰαί.ἰηί
1270 5239 1484 5282 denm-ie
1548 5239 1661 5282 nm
1702 5241 2004 5282 nnitnlnntn
2131 5237 2490 5282 munieavnrit
2560 5236 2856 5282 aneetnlion
2913 5234 3236 5282 auctoritate
3291 5240 3428 5282 'eum
3461 5229 3705 5282 absolvi-
