3982 5316
496 373 604 432 ισδ

1142 372 1197 428 s.
1239 368 1566 428 GltEGOltll
1608 364 1936 450 “trama
1974 363 2070 421 or:

2177 363 2261 422 ΠΜ
2297 364 2478 421 ΡᾹῐίδ
2514 364 2555 420 1.
2592 373 2662 404 -ι
2700 362 3124 422 REGISTRUM.

3669 371 3781 428 ιω

497 501 692 542 cunare
716 484 1020 542 Senonenst
1047 484 1478 554 archiepiscopo,
1515 483 1748 537 salutem
1777 490 1831 537 et
1854 488 2080 550 aposto-
2110 480 2156 537 Α
2182 475 2434 532 dubitant
2479 485 2667 532 utrum
2717 488 2889 531 necne
2941 473 3250 533 sacerdotes
3301 482 3367 532 ac:
3416 477 3617 546 levita),
3674 497 3780 536 seu

498 581 663 634 licam
699 577 1152 633 benedictionem.

568 669 686 726 Non
716 669 993 726 credimus
1013 669 1183 723 latere
1213 665 1610 722 fraternitatem
1637 673 1786 720 tuam
1815 662 1960 734 quod
1992 662 2080 718 lit-

495 764 632 820 teris
655 761 858 819 nostris
899 759 1214 816 Reinerium
1255 759 1711 815 Aurelianensem
1761 756 2080 828 episcopum

499 854 938 912 commonuimus
975 852 1042 908 ad
1092 868 1192 908 nos
1236 851 1446 916 venire,
1489 857 1767 920 quatenus
1795 847 1862 902 de
1891 845 2080 901 militis

498 949 605 1010 sibi
631 945 876 1017 objectis,
901 954 955 1000 et
981 945 1218 1000 maxime
1239 943 1306 998 de
1327 941 1646 997 confusione
1668 937 2082 995 Aurelianensis

497 1038 778 1104 Ecclesiae,
809 1031 1179 1108 responderet.
1219 1033 1324 1102 Qui
1378 1035 1451 1089 ita
1497 1031 1926 1088 admonitionem
1975 1046 2078 1085 no-

497 1139 668 1186 stram
725 1129 1073 1200 contempsit,
1127 1136 1190 1184 ut
1233 1141 1408 1198 neque
1440 1125 1578 1196 .ipse
1623 1124 1854 1190 veniret,
1901 1138 2080 1195 neque

498 1225 739 1295 aliquam
777 1222 1158 1278 rationabilem
1201 1217 1606 1277 absentationis
1623 1233 1738 1272 suae
1770 1217 2080 1274 excusatio-

497 1333 625 1372 nem
660 1315 1097 1384 transmitteret;
1153 1313 1313 1384 cujus
1358 1321 1420 1367 ut
1457 1310 1838 1368 inobedieutiae
1863 1309 2080 1380 plenius

496 1410 714 1482 culpam
736 1423 1114 1480 cognosceres,
1142 1406 1418 1476 exemplar
1451 1405 1758 1460 litterarum
1780 1418 1928 1474 quas.
1941 1403 2078 1458 olim

496 1501 602 1558 sibi
652 1499 907 1558 misimus
957 1500 1202 1572 religioni
1255 1508 1363 1556 tuac
1409 1497 1696 1554 ostendere
1741 1496 2076 1552 curavimus.

496 1593 650 1668 Quas
703 1591 721 1648 i
743 1604 1087 1650 sacramento
1113 1591 1414 1648 tirmaverit
1437 1607 1495 1648 se
1519 1606 1626 1645 non
1655 1588 1878 1656 vidisse,
1903 1604 2081 1668 neque

493 1704 600 1742 suo
629 1686 867 1759 ingenio,
883 1691 1028 1758 quod
1060 1702 1168 1740 non
1194 1683 1412 1748 viderit,
1425 1681 1781 1747 remansisse,
1807 1679 1949 1736 facta
1978 1669 2078 1736 sua

491 1781 675 1837 adhuc
709 1777 1091 1850 aequanimiter
1137 1775 1385 1833 ferimus.
1427 1775 1599 1830 Aliter
1645 1782 1852 1840 autem,
1882 1781 2081 1829 secun-

489 1875 624 1930 dum
681 1881 923 1928 tenorem
968 1869 1133 1941 hujus
1178 1868 1528 1934 conditionis,
1571 1865 1930 1938 jurejurando
1973 1866 2078 1921 mi-

493 1964 640 2022 nime
664 1963 830 2032 facto,
860 1962 1210 2020 decernimus
1243 1978 1371 2019 eum
1402 1962 1472 2016 ab
1497 1959 1645 2017 omni
1670 1959 1962 2030 episcopali
1993 1955 2077 2014 of-

489 2056 616 2111 ticio
641 2071 764 2114 esse
793 2071 1144 2126 suspensum,
1175 2063 1231 2112 et
1267 2071 1299 2110 a
1329 2038 1713 2110 communione
1739 2051 1984 2121 corporis
2021 2059 2076 2106 ct

487 2147 778 2220 sangu'mis
821 2147 1036 2202 Domini
1085 2154 1422 2217 separatum,
1457 2143 1565 2200 nisi
1591 2143 1732 2198 forte
1752 2143 1854 2199 sibi
1884 2142 2078 2198 mortis

490 2239 795 2318 periculum
846 2238 1242 2309 supervenerit.
1273 2236 1341 2292 Et
1367 2237 1497 2308 quia
1534 2251 1644 2292 non
1670 2235 1852 2292 solum
1883 2251 2076 2292 neces-

407 2378 418 2390 .
490 2331 627 2388 sitas
653 2340 709 2387 et
736 2332 1014 2388 tribulatio
1037 2332 1187 2388 illius
1210 2329 1488 2396 Ecclesiae,
1509 2344 1701 2386 verum
1717 2328 1883 2386 etiam
1901 2330 2072 2384 multa

482 2424 598 2479 alia
620 2425 772 2496 regni
798 2424 966 2480 vestri
1002 2424 1218 2496 negotia
1249 2423 1477 2496 exigunt
1508 2433 1567 2480 ut
1589 2421 1839 2478 Romano
1887 2423 2071 2478 conci-

483 2515 566 2578 lio
591 2514 906 2575 fraternitas
955 2525 1047 2572 tua
1075 2516 1340 2577 interesse
1367 2515 1580 2582 debeat,
1623 2517 1982 2572 admonemus
2018 2525 2068 2572 te

487 2615 552 2664 ut
597 2609 748 2664 omni
791 2619 999 2666 remota
1038 2609 1326 2665 occasione
1354 2609 1421 2666 ad
1449 2607 1754 2679 proximam
1799 2609 2067 2680 synodum

485 2709 734 2760 nostram
758 2702 968 2770 venias,
995 2711 1047 2758 et
1082 2702 1198 2772 jam
1225 2702 1432 2757 dictum
1462 2701 1915 2756 Aurelianensem
1953 2703 2068 2774 epi-

483 2809 715 2864 scopum
757 2803 934 2850 tecum
983 2793 1166 2850 venire
1199 2809 1566 2850 commoneas.
1600 2792 1868 2850 Volumus
1899 2795 2065 2850 etiam

485 2894 548 2966 ut
582 2893 638 2942 et
665 2885 713 2943 is
739 2887 834 2962 qui
879 2902 1028 2942 nunc
1069 2895 1216 2942 tenet
1261 2886 1547 2942 deeaniam
1578 2903 1704 2942 cum
1733 2887 1924 2942 eodem
1951 2887 2066 2958 epi-

485 2994 654 3050 scopo
703 2977 904 3034 veniat.
947 2976 1054 3035 Sed
1095 2987 1150 3034 et
1187 2977 1559 3036 Joschelinum
1618 2979 1714 3052 qui
1761 2980 1962 3051 injuste
2005 2995 2066 3038 se

483 3069 867 3142 exspoliatum,
907 3079 962 3126 et
986 3071 1221 3144 plurima
1250 3087 1350 3128 sua
1390 3089 1496 3144 pro
1526 3073 1867 3144 reparatione
1894 3075 2066 3130 bono-

483 3178 607 3220 rum
635 3162 894 3221 Ecclesia:
919 3165 1244 3237 expendisse
1272 3166 1537 3238 deplorat,
1580 3182 1680 3222 nec
1705 3183 1812 3223 non
1843 3167 2068 3225 Everar—
2093 3173 2136 3232 C

483 3253 638 3323 dum,
663 3265 720 3312 et
743 3257 958 3328 aliquos
975 3259 1043 3314 de
1065 3257 1280 3316 clericis
1299 3266 1618 3316 ostensuros
1643 3266 1757 3316 tam
1785 3259 2062 3317 decretum

484 3348 766 3419 preprium
791 3349 1053 3420 episcopi,
1079 3365 1246 3420 quam
1280 3349 1446 3406 etiam
1484 3350 1808 3408 venerandae
1856 3369 2066 3410 memo-

481 3439 584 3499 riae
628 3439 920 3497 Alexandri
974 3457 1127 3512 papae
1174 3441 1591 3511 praedecessoris
1631 3443 1805 3499 nostri
1846 3444 2065 3515 privile-

484 3531 662 3601 gium,
689 3532 873 3588 venire
925 3532 1292 3604 praecipimus,
1321 3543 1594 3606 quatenus
1628 3537 2066 3610 uniuscujusque

486 3621 754 3678 rationem
783 3623 1196 3696 diligentissime
1220 3627 1494 3697 possimus
1528 3627 1826 3698 inquirere,
1853 3639 1908 3685 et
1941 3645 2066 3700 quae

485 3713 808 3785 corrigenda
850 3724 979 3771 sunt
1009 3717 1106 3785 ita,
1141 3717 1251 3776 Deo
1289 3721 1608 3790 auxiliante,
1656 3723 1950 3795 corrigere,
2005 3733 2066 3778 ut

478 3805 720 3876 quisque
739 3807 1008 3877 justitiam
1038 3827 1196 3868 suam
1226 3813 1442 3881 habeat,
1463 3825 1519 3872 et
1561 3815 1803 3872 Ecclesia
1840 3816 2070 3873 omnino

486 3897 752 3967 quiescat.
780 3899 999 3961 Interim
1027 3913 1212 3962 autem
1241 3907 1310 3964 ad
1339 3907 1714 3966 firmissimam
1741 3921 1797 3968 et
1835 3912 2064 3968 inviola-

485 3990 650 4047 bilem
681 4009 868 4063 pacem
906 3995 1152 4066 ejusdem
1196 3999 1454 4058 Ecclesiae
1499 4003 1850 4059 decernimus
1889 4014 1950 4060 ut
1985 4005 2065 4059 illi

484 4085 584 4156 qui
610 4101 756 4144 nunc
787 4087 1028 4146 decaniaa
1067 4102 1264 4162 praeest
1297 4103 1466 4164 utque
1497 4094 1566 4150 ad
1606 4095 1937 4151 audientiam
1963 4111 2063 4152 no-

478 4189 657 4236 stram
697 4180 946 4252 ejusdem
975 4184 1213 4243 decauize
1240 4188 1516 4258 possessio
1549 4189 1908 4259 relinquatur.
1940 4187 2063 4245 los-

479 4273 702 4330 chelino
727 4290 857 4332 vero
883 4277 1150 4348 quidquid
1173 4288 1299 4336 ante
1324 4280 1543 4336 initium
1554 4280 1722 4350 hujus
1747 4280 1858 4338 litis
1887 4279 2064 4336 tenuit

477 4364 605 4423 sine
649 4367 1075 4424 contradictione
1125 4378 1309 4427 tenere
1355 4371 1724 4441 permittatur.
1768 4370 2061 4428 Benedicto

477 4467 668 4518 autem
716 4475 823 4522 non
856 4461 1033 4516 solum
1082 4462 1428 4530 prmbendam
1466 4479 1645 4531 suam,
1671 4464 1767 4520 sed
1805 4465 1969 4519 etiam
1997 4482 2062 4521 ea

479 4565 608 4620 qua:
655 4552 942 4610 occasione
975 4551 1139 4624 hujus
1165 4553 1452 4609 discordiae
1479 4555 1696 4610 videtur
1739 4556 2058 4626 perdidisse,

478 4639 538 4696 in
562 4642 834 4715 integrum
862 4643 1197 4701 restituenda
1220 4643 1336 4702 fore
1355 4646 1633 4717 jnbemus.

557 4735 689 4792 Data
723 4737 908 4796 Romze
950 4755 1003 4795 tv
1037 4737 1221 4796 Nonas
1256 4738 1605 4808 Novembris,
1633 4740 1928 4798 indictione
1965 4761 2056 4799 xv.

1051 4831 1387 4888 EPISTOLA
1400 4835 1406 4839 ’
1419 4831 1490 4888 Χ.

794 4939 860 4976 AD
889 4939 1084 4980 ADILAII
1116 4941 1390 4980 ῖιλκυιυιι
1417 4941 1758 4984 (ΞΟΙΠῚδΒΑΙ.

1083 5015 1262 5088 (Anno
1286 5015 1469 5088 l076.)
1535 5005 1540 5012 ’

2183 571 2363 628 caeteri
2407 570 2501 642 qui
2537 571 2710 627 sacris
2744 571 3012 627 altaribus
3053 570 3459 636 administrant,
3503 574 3559 629 in
3603 575 3782 631 forni-

2183 662 2396 718 catione
2430 663 2788 734 persistentes
2825 663 3012 720 missae
3053 663 3287 720 debeant
3333 650 3618 722 celebrare
3655 665 3769 720 olli-

2183 755 2349 811 cium.
2382 755 2594 823 Quibus
2618 773 2683 812 ex
2717 756 3042 815 auctoritate
3083 765 3396 812 sanctorum
3425 755 3657 813 Patrum
3688 774 3780 812 re.-

2183 849 2514 921 spondcmus
2547 851 2698 906 nullo
2743 849 2908 906 modo
2963 850 3249 906 ministros
3302 851 3447 906 sacri
3498 851 3696 906 altaris
3717 852 3781 906 in

2183 945 2542 1002 fornicatione
2578 945 2880 1000 existentes
2906 943 3090 999 missa:
3136 942 3335 998 debere
3377 943 3663 999 celebrem
3689 943 3780 999 of-

2182 1039 2396 1107 ficium;
2445 1037 2579 1110 quin
2635 1037 2799 1092 etiam
2845 1044 2998 1091 extra
3048 1035 3248 1092 choros
3293 1051 3418 1091 esse
3464 1036 3776 1108 pellendos,

2180 1146 2469 1202 quousque
2533 1128 2864 1200 pmnitentizc
2919 1128 3117 1200 dignos
3185 1126 3400 1186 fruetus
3448 1129 3774 1185 exhibeant-

2185 1222 2336 1280 Unde
2381 1223 2676 1294 apostolica
2717 1222 2814 1277 tibi
2866 1219 3190 1277 auctoritate
3227 1220 3580 1292 praecipimus
3634 1237 3775 1293 qua-

2184 1327 2342 1373 tenus
2368 1316 2550 1372 nullos
2578 1331 2768 1372 eorum
2795 1314 2889 1386 qui
2919 1315 2972 1368 in
3009 1313 3212 1369 scelere
3237 1314 3542 1384 perdurant
3572 1314 3642 1370 ad
3682 1329 3778 1369 sa-

2182 1425 2336 1467 crum
2362 1409 2683 1482 mysterium
2718 1407 3102 1467 celebrandum
3151 1407 3487 1478 suscipiatis,
3516 1408 3636 1474 sed,
3667 1425 3773 1462 un-

2181 1501 2466 1570 decunque
2490 1499 2762 1570 poteritis,
2797 1499 2932 1555 tales
2978 1498 3048 1554 ad
3069 1498 3270 1555 missas
3295 1499 3654 1560 celebrandas
3679 1515 3778 1554 ac-

2181 1592 2416 1664 quiratis
2451 1591 2545 1663 qui
2575 1600 2725 1647 caste
2753 1590 2864 1647 Deo
2893 1591 3240 1658 deserviant;
3272 1592 3359 1647 his
3383 1592 3592 1648 talibus
3614 1607 3776 1663 pror-

2182 1700 2278 1740 sus
2317 1684 2386 1739 al)
2422 1684 2680 1740 omnibus
2707 1683 2966 1741 Ecclesia:
2981 1683 3262 1740 beneficiis
3282 1683 3478 1755 procul
3499 1684 3778 1755 expulsis.

2182 1791 2360 1848 neque
2393 1774 2618 1831 Huberti
2669 1776 3038 1832 archidiaconi
3085 1776 3250 1832 verba
3289 1777 3632 1846 suscipiatis,
3672 1793 3776 1832 seu.

2179 1868 2456 1940 aliquibus
2479 1867 2598 1924 suis
2637 1869 2984 1925 sermonibus
3011 1869 3261 1936 faventis,
3292 1870 3446 1940 quia,
3476 1879 3539 1924 ut
3563 1870 3773 1932 audivi.

2179 1961 2233 2016 in
2260 1959 2512 2017 luercsim
2545 1960 2732 2032 lapsus
2758 1969 2844 2016 cst
2881 1961 2994 2016 suis
3014 1960 3197 2032 pravis
3222 1961 3690 2027 contentionibus,
3717 1970 3776 2016 et

2177 2054 2246 2109 ab
2277 2052 2520 2109 llubcrto
2545 2053 2724 2125 legato
2746 2053 2912 2124 hujus
2939 2063 3141 2110 sancuc
3163 2053 3426 2110 Romana:
3456 2054 3606 2110 sedis
3627 2054 3776 2126 apud

2176 2146 2626 2204 Monasteriolum
2661 2147 2878 2218 publice
2913 2157 3000 2204 est
3025 2147 3330 2204 convictus.
3777 2216 3782 2218 _

2240 2241 2376 2297 Data
2428 2241 2636 2309 Romae,
2677 2249 2874 2311 quarto
2901 2239 3029 2298 ldus
3067 2239 3414 2306 Novembris,
3469 2238 3778 2304 indiction-

2173 2332 2385 2411 dccima
2421 2331 2633 2404 quinta.
2669 2320 2680 2326 ’

2717 2420 3058 2478 EPISTULA
3117 2422 3212 2478 XL

2454 2533 2522 2573 Αι)
2562 2532 2847 2574 ιιοΒεῐιτιτιι
2883 2533 3160 2572 ηλκῐιιιιε
3199 2531 3468 2572 εουιτειι.

2757 2606 2937 2679 (Anno
2977 2606 3159 2679 1076.)

2175 2699 2610 2772 L’tpersequatur
2647 2699 2978 2756 Simoniacos
3016 2701 3314 2772 sacerdotes
3342 2709 3392 2754 et
3418 2699 3769 2771 [armi-aria:-

2277 2770 2515 2825 nvehitur
2545 2773 2600 2825 in
2650 2771 2918 2842 episcopos
2959 2772 3048 2842 qui
3083 2770 3388 2842 apostolica:
3419 2770 3546 2825 mu
3587 2773 3741 2826 inobe

2238 2843 2439 2897 dientes
2475 2851 2646 2897 erant.

2235 2932 2547 2989 Gnnconms
2579 2932 2892 3003 episcopus,
2939 2947 3131 2988 servus
3166 2947 3451 2988 servorum
3480 2931 3613 3000 'Dei,
3655 2933 3768 2988 Ro-

2166 3042 2342 3082 nau'ro
2365 3026 2551 3082 comiti
2577 3025 2922 3094 Flandrensi,
2949 3027 3181 3082 salutem
3203 3035 3258 3082 et
3281 3027 3646 3098 apostolicam
3668 3028 3765 3083 be-

2167 3120 2554 3176 nedictionem.

2233 3211 2486 3269 Pervenit
2509 3213 2577 3269 ad
2608 3212 2962 3284 apostolicam
2994 3213 3176 3288 sedem
3213 3212 3362 3284 quod
3391 3212 3448 3267 in
3474 3221 3622 3268 terra
3655 3221 3770 3268 ture

2165 3303 2558 3359 dominationis
2595 3304 2690 3374 qui
2731 3311 3002 3360 vocantur
3045 3303 3380 3371 sacerdotes,
3427 3303 3485 3358 in
3516 3303 3764 3360 fornica-

2165 3395 2314 3450 tione
2337 3395 2522 3466 positi,
2567 3410 2676 3448 non
2711 3395 3040 3450 erubescant
3079 3395 3351 3450 cantando
3380 3396 3612 3451 missam
3658 3406 3765 3451 tra-

2166 3495 2315 3542 ctare
2348 3501 2548 3557 corpus
2583 3496 2638 3542 et
2665 3486 2988 3558 sanguinem
3010 3485 3238 3553 Christi,
3271 3501 3382 3542 non
3418 3487 3766 3542 attendentes

2165 3591 2290 3648 qua:
2319 3577 2534 3634 insania
2563 3579 2778 3648 quodve
2819 3579 2998 3636 scelus
3022 3586 3109 3634 est
3133 3592 3246 3634 uno
3285 3579 3595 3650 eodemque
3619 3588 3761 3635 tem-

2166 3683 2298 3738 pore
2324 3684 2524 3740 corpus
2555 3668 2862 3725 meretricis
2894 3678 2950 3724 et
2993 3685 3194 3740 corpus
3216 3680 3509 3726 attrectare
3531 3671 3762 3726 Christi.

2165 3759 2509 3832 Quapropter
2528 3777 2592 3817 ex
2627 3770 2783 3832 parte
2806 3762 3197 3833 omnipotentis
3222 3761 3318 3818 Dei
3345 3771 3399 3818 et
3434 3764 3762 3819 auctoritate

2164 3851 2308 3907 beati
2337 3850 2483 3908 Petri
2511 3853 2884 3923 apostolorum
2912 3854 3177 3924 principis
3200 3863 3252 3909 te
3283 3869 3548 3926 rogamus
3575 3871 3641 3910 ac
3664 3853 3763 3910 tili

2165 3943 2392 3997 omnino
2411 3944 2758 4014 praecipimus
2786 3953 2866 4010 ut,
2890 3945 3206 4016 ubicunque
3239 3955 3416 4017 potes,
3458 3946 3595 4002 huic
3638 3963 3760 4002 sce-

2167 4034 2262 4088 leri
2291 4033 2549 4091 resistere
2568 4045 2620 4091 et
2661 4035 2991 4094 Simoniaris
3021 4037 3394 4094 contradicere
3434 4040 3646 4096 nullius
3672 4055 3760 4094 ra-

2165 4126 2248 4182 tio
2265 4127 2350 4181 vel
2373 4127 2546 4198 gratia
2566 4135 2620 4183 te
2641 4129 2818 4199 possit
2837 4138 3174 4200 retorquere.
3233 4128 3339 4198 Qui
3375 4131 3524 4186 enim
3578 4131 3717 4186 dixit
3739 4150 3758 4186 :

2168 4217 2354 4274 Omnis
2381 4220 2472 4290 qui
2509 4221 2680 4286 audit,
2723 4221 2912 4275 dicat:
2949 4220 3076 4275 γρηὶ
3118 4222 3302 4294 (Apoc.
3345 4221 3509 4294 xxii),
3544 4225 3758 4279 nullum

2164 4309 2399 4381 alicujus
2424 4309 2636 4366 ordinis
2659 4313 2905 4383 excepit;
2929 4321 2981 4368 et
3012 4313 3325 4386 quicunque
3357 4315 3477 4371 vult
3512 4333 3543 4372 a
3568 4315 3758 4373 Patre-

2164 4399 2402 4458 familias
2431 4401 2718 4458 denarium
2749 4404 3016 4476 accipere,
3053 4416 3309 4476 procuret
3347 4409 3402 4463 in
3442 4409 3607 4466 vinea
3646 4410 3756 4467 Do-

2093 4494 2300 4574 Dmini
2334 4495 2583 4552 laborare
2619 4497 2837 4566 (Matth.
2876 4499 2991 4569 xx).
3033 4498 3158 4556 Hinc
3183 4501 3401 4572 quidem
3425 4504 3760 4561 universalis

2163 4593 2340 4642 mater
2379 4587 2624 4659 praecipit
2665 4589 2754 4644 his
2793 4591 2888 4660 qui
2934 4601 3200 4647 vocantur
3239 4593 3502 4666 episcOpi,
3549 4597 3754 4664 dicere,

2163 4676 2308 4732 sicut
2333 4686 2568 4747 oportet;
2598 4679 2692 4734 sed
2719 4679 2910 4750 quales
2935 4680 3065 4747 sint,
3091 4697 3121 4736 a
3143 4681 3412 4740 fructibus
3433 4701 3630 4742 eorum
3653 4704 3753 4759 po-

2162 4766 2320 4822 testis
2342 4782 2694 4839 cognoscere,
2741 4769 2836 4840 qui
2868 4784 2978 4826 non
3013 4787 3110 4842 per
3138 4773 3341 4828 ostium
3384 4775 3754 4847 ingredientes

2163 4858 2217 4914 in
2259 4859 2400 4914 ovile
2443 4861 2650 4927 ovium,
2681 4862 2775 4916 sed
2811 4861 3031 4918 aliunde
3055 4865 3410 4922 ascendentes
3441 4867 3595 4925 fures
3625 4881 3752 4928 sunt

2161 4957 2215 5004 et
2238 4949 2500 5005 latrones.
2524 4949 2628 5006 Per
2661 4951 2864 5008 ostium
2893 4953 3093 5024 quippe
3125 4956 3448 5028 ingreditur,
3475 4959 3530 5014 id
3551 4968 3637 5014 est
3655 4975 3750 5030 per

2159 5039 2461 5106 Christum,
2496 5041 2592 5112 qui
2634 5042 2933 5098 secundum
2978 5059 3169 5101 sacros
3194 5061 3436 5104 canones
3457 5049 3748 5120 episcopus
