3982 5316
197 424 291 478 ιςδ

1268 407 1473 466 LIBER
1508 408 1858 478 QCAllTL'S.
1899 438 1970 448 -—-
2012 408 2225 467 EPiST.
2261 407 2372 466 Sil.

3337 408 3442 463 ωδ

194 532 445 588 exhibete.
474 526 617 582 Nam
640 526 938 597 pret-posiae
967 541 1069 580 nou
1100 524 1326 589 obedire,
1359 523 1530 578 scelus
1564 532 1642 577 est
1677 524 1760 576 iu-
1787 522 1834 579 Α
1861 538 1957 592 per
1984 524 2224 580 triduum
2246 535 2373 582 ante
2402 505 2636 597 portam,
2662 525 2910 598 deposito
2930 524 3079 582 omni
3107 523 3254 597 regio
3269 525 3443 593 cultu,

194 638 390 678 currere
412 618 735 673 idololatria:
761 616 814 688 (1
838 617 961 687 Reg.
988 617 1100 686 xv),
1121 616 1275 685 juxta
1296 616 1460 671 verba
1481 615 1759 686 prophetm

199 709 469 774 Smnuelis,
497 723 622 778 qute
648 705 706 761 Β.
746 701 1041 776 Gregorius
1086 704 1139 758 in
1182 704 1375 759 ultimo
1408 703 1548 758 libro
1578 702 1758 757 Mora-

197 805 313 857 l'utn
348 800 486 872 (cap.
520 797 632 870 l0),
664 798 757 853 ubi
786 797 852 853 de
889 796 1193 853 obedientia
1217 796 1478 866 loquitur,
1495 810 1758 866 procuri—

196 896 263 948 vit
282 892 586 964 explanare.
636 888 763 945 ﬂare
792 897 978 944 nostra
1009 889 1195 955 verba,
1230 887 1358 953 licet
1380 886 1605 950 rustica,
1634 901 1760 941 cum

157 1027 161 1030 .
194 981 453 1039 communi
482 978 625 1035 ﬁdeli
659 987 849 1033 nostro
871 976 1216 1049 Ingelranno,
1242 975 1335 1047 qui
1360 976 1451 1031 diu
1474 976 1760 1030 nobiscum

199 1075 244 1127 in
266 1085 412 1126 sacro
435 1069 642 1153 palatio
669 1067 888 1135 mansit,
921 1068 1007 1121 vel
1040 1082 1165 1121 eum
1199 1065 1320 1122 aliis
1345 1065 1585 1120 veritatis
1607 1080 1761 1119 ama-

199 1164 385 1218 toribus
417 1160 738 1231 frequenter
760 1160 939 1231 legite,
972 1168 1027 1215 et
1051 1176 1242 1215 omnes
1274 1159 1502 1215 clericos
1522 1166 1576 1213 et
1594 1158 1764 1212 laicos

198 1265 249 1310 ut
276 1253 553 1309 veritatem
582 1253 759 1307 sciant
792 1260 846 1308 et
867 1252 1147 1324 proferant
1170 1260 1481 1324 provocate,
1518 1259 1580 1307 ut
1620 1251 1762 1305 bona

199 1345 435 1400 fratribus
478 1344 681 1401 vestris
728 1346 1040 1401 nuntiantes
1095 1345 1235 1400 inter
1287 1344 1506 1416 angelos
1560 1353 1764 1399 sortem

197 1434 491 1488 mireamini
524 1435 791 1505 accipere,
821 1444 874 1491 et
904 1451 1027 1492 cum
1063 1435 1250 1492 electis
1284 1436 1338 1491 in
1362 1435 1568 1491 caelesti
1592 1435 1764 1493 patria

198 1542 228 1595 ε
241 1524 427 1578 ludere.

256 1615 377 1669 Data
417 1613 630 1681 Romm,
671 1623 871 1687 quarto
920 1616 1046 1672 ldus
1084 1615 1430 1684 Novembris,
1473 1616 1769 1673 indictione

199 1705 383 1761 det-inn:
415 1706 616 1776 quinta
632 1757 643 1767 .,

734 1796 1067 1855 EPlSTOLA
1090 1798 1206 1854 ΧΠ.

780 1932 845 1971 AD
875 1930 1165 1973 ῦεωιλκοε.

753 2004 949 2074 (Anno
1000 2007 1184 2078 l077.)

205 2094 409 2173 Nuntiat
462 2096 760 2151 Henricum
802 2116 969 2173 regem
1017 2100 1374 2155 humillimam
1412 2103 1770 2173 pmnitcutium

257 2168 447 2243 egisse,
480 2184 640 2243 seque
681 2168 914 2223 omnium
958 2173 1249 2243 natantium
1296 2168 1770 2243 supplicationi'ns

254 2255 364 2313 eum
396 2239 709 2313 οὺωζυίεςρ,
736 2251 947 2313 accepto
970 2241 1248 2313 ﬁdelitatis
1267 2239 1593 2313 juru'mento.
1645 2245 1774 2301 Mit-

264 2310 321 2361 tit
344 2309 617 2376 exemplar
636 2309 1023 2381 jurisjurandi.
1070 2312 1141 2368 In
1174 2309 1514 2371 Gehnauiam
1564 2334 1619 2372 se
1665 2318 1775 2372 itu-

266 2397 371 2433 rum
409 2381 716 2465 pollicetur.
770 2382 1032 2465 Hortatur
1061 2386 1274 2441 interim
1312 2399 1371 2465 ut
1407 2389 1466 2441 in
1507 2389 1610 2458 ﬁde
1643 2390 1774 2443 etin

216 2472 221 2479 η
264 2468 427 2505 amore
443 2455 686 2522 justitiar
711 2464 1054 2524 perseverent.
1310 2464 1316 2471 ’

265 2539 560 2599 ϐιεςοκισδ
606 2543 922 2616 episcopus,
959 2561 1152 2602 servus
1195 2562 1479 2604 servorum
1507 2548 1625 2617 Dei,
1657 2566 1776 2605 om-

208 2631 350 2689 nibus
375 2635 832 2706 archiepiscopis,
862 2636 1152 2708 episeOpis,
1180 2639 1435 2709 ducibus,
1461 2643 1774 2710 comitibus,

209 2725 504 2796 ueterisque
546 2727 893 2799 principibus
944 2730 1099 2802 regni
1142 2730 1566 2791 Teutonicorum
1614 2734 1776 2790 Chri-

210 2817 417 2873 stianam
442 2818 607 2874 ﬁdem
629 2819 1068 2890 defendentibus,
1082 2820 1323 2881 salutem
1346 2835 1400 2882 et
1420 2830 1774 2899 apostolicam

212 2908 623 2969 benedictionem
640 2955 654 2968 .

271 3000 405 3073 (589)
460 3001 741 3071 Quoniam
782 3021 883 3073 pro
922 3023 1112 3065 amore
1147 3010 1375 3080 justitite
1430 3026 1777 3067 communem

215 3092 470 3151 nobiscum
493 3096 551 3151 in
578 3111 758 3168 agone
783 3098 1109 3157 Christiana:
1129 3101 1334 3158 militiae
1361 3118 1587 3158 causam
1608 3111 1661 3158 et
1682 3119 1780 3173 pe-

1862 615 2264 683 miserabilitcr,
2294 625 2482 688 utpote
2515 617 2876 674 discalceatus
2927 627 2981 673 et
3004 618 3176 673 laneis
3199 618 3441 683 indutus,

1860 704 2180 775 persistens,
2234 721 2342 763 non
2384 707 2538 777 prius
2570 725 2697 764 cum
2738 710 2910 764 multo
2959 708 3087 765 ﬁetu
3135 709 3446 780 apostolica:

1863 796 2231 853 miserationis
2272 798 2535 854 auxilium
2576 808 2631 854 et
2673 801 3102 859 consolationem
3152 801 3447 872 implorare

1861 887 2089 954 destitit,
2114 906 2280 960 quam
2302 905 2494 946 omnes
2523 892 2618 963 qui
2644 892 2717 947 ibi
2739 893 2983 959 aderant,
3009 902 3063 948 et
3092 893 3158 948 ad
3180 908 3321 963 quos
3347 909 3447 947 ru-

1864 992 1987 1032 mor
2010 978 2100 1033 ille
2124 981 2391 1050 pervenit,
2418 981 2486 1037 ad
2510 990 2714 1037 tantam
2747 982 3000 1053 pietatem
3022 992 3076 1038 et
3107 982 3446 1053 compassio-

1865 1069 1952 1125 nis
1978 1071 2409 1127 misericordiam
2433 1072 2622 1138 movit,
2660 1081 2740 1139 ut,
2766 1088 2865 1144 pro
2885 1089 2951 1128 eo
2974 1073 3159 1127 multis
3195 1058 3449 1142 precibus

1865 1167 1921 1214 et
1958 1160 2215 1232 lacrymis
2250 1161 2667 1228 intercedentes,
2698 1177 2888 1217 omnes
2916 1162 3135 1234 quidem
3172 1160 3447 1215 insolitam

1867 1264 2068 1310 nostrae
2103 1255 2301 1309 mentis
2345 1253 2604 1309 duritiam
2639 1252 2992 1322 mirarentur,
3028 1248 3274 1309 nonnum
3320 1268 3453 1307 vero

1866 1348 1924 1401 in
1954 1346 2112 1401 nobis
2145 1362 2257 1401 non
2301 1346 2614 1417 apostolicae
2638 1344 2943 1402 severitatis
2976 1344 3317 1417 gravitatem,
3357 1343 3449 1400 sed

1868 1440 2028 1510 quasi
2071 1439 2371 1511 tyrannicae
2401 1437 2632 1494 feritatis
2672 1438 3045 1495 crudelitatem
3086 1453 3206 1492 esse
3247 1436 3450 1491 clama-

1869 1540 2011 1587 rent.
2062 1530 2307 1602 Denique
2328 1530 2587 1588 instantia
2607 1531 3045 1604 compunctionis
3066 1530 3205 1602 ejus,
3234 1536 3453 1586 ettanta

1839 1625 2119 1681 omnium
2150 1625 2245 1696 qui
2276 1625 2351 1680 ibi
2390 1626 2619 1680 aderant
2651 1624 3044 1697 supplicatione
3084 1622 3303 1689 devicti,
3342 1630 3460 1676 tan-

1869 1719 1993 1774 dem
2024 1734 2154 1775 eum
2195 1720 2437 1775 relaxato
2466 1718 2828 1775 anatliematis
2873 1717 3091 1773 vinculo
3122 1717 3177 1770 in
3205 1731 3455 1772 commuo

1871 1811 2053 1868 nionis
2098 1813 2330 1885 gratiam
2377 1821 2434 1868 et
2481 1812 2664 1868 sinum
2716 1820 2917 1867 sancta:
2968 1810 3160 1865 matris
3204 1807 3460 1866 Ecclesiae

1872 1904 2199 1975 recepimus,
2230 1905 2466 1976 acceptis
2491 1905 2560 1960 ab
2581 1920 2646 1960 eo
2672 1904 3056 1959 securitatibus
3087 1918 3209 1973 qua:
3230 1899 3463 1955 inferius

1872 1998 2089 2069 scripta:
2132 2006 2281 2064 sunt,
2334 2013 2569 2068 quarum
2618 1996 2784 2052 etiam
2838 1995 3307 2053 conﬁrmationem
3363 2007 3460 2062 per

1873 2106 2071 2146 manus
2097 2090 2311 2146 abbatis
2348 2089 2746 2154 Cluniaeensis,
2787 2097 2842 2144 et
2877 2088 3111 2142 ﬁliarum
3145 2094 3467 2141 nostrarum

1872 2179 2148 2238 Mathildis
2173 2190 2228 2239 et
2260 2181 2556 2241 cemitissa:
2581 2180 2871 2247 Adelaidze,
2895 2188 2951 2235 et
2991 2180 3224 2235 aliorum
3252 2175 3460 2248 princi-

1873 2292 2025 2348 pum,
2055 2277 2460 2348 episcoporum,
2494 2285 2550 2333 et
2571 2275 2858 2342 laicornm,
2903 2272 2999 2347 qui
3038 2265 3197 2330 nobis
3240 2269 3307 2327 ad
3342 2267 3464 2337 ,lioc

1874 2368 2036 2425 utiles
2060 2368 2165 2425 visi
2189 2379 2338 2437 sunt,
2368 2369 2696 2441 recepimus.
2735 2366 2831 2423 llis
2876 2367 3060 2438 itaque
3099 2366 3181 2422 sic
3208 2362 3463 2435 peractis.

1876 2468 1939 2518 ut
1970 2462 2037 2517 ad
2062 2478 2252 2532 pacem
2275 2461 2530 2518 Ecclesia
2553 2470 2610 2516 et
2637 2460 2985 2517 concordiam
3007 2458 3161 2530 regni
3185 2456 3350 2528 (sicut
3369 2454 3464 2510 diu

1876 2553 2328 2625 desideravimus)
2357 2553 2543 2609 omnia
2581 2553 2818 2624 plenius,
2848 2552 2961 2608 Deo
3006 2551 3320 2629 adiuvante,
3365 2561 3463 2605 c0-

1877 2657 2063 2717 aptare
2101 2647 2398 2718 possimus,
2451 2646 2520 2701 ad
2568 2655 2752 2717 partes
2798 2654 3007 2701 vestras
3055 2643 3181 2699 data
3225 2640 3463 2713 primum

1878 2740 2285 2810 opportunitate
2313 2738 2549 2795 transire
2570 2738 2843 2808 cupimus.
2886 2735 3001 2791 [ioc
3033 2736 3178 2790 enim
3215 2732 3473 2803 dilectio-

1878 2843 2004 2882 nem
2031 2837 2269 2884 vestram
2297 2827 2668 2882 indubitanter
2693 2826 2834 2882 scire
2872 2824 3152 2888 volumus,
3176 2821 3464 2894 quoniam,

1880 2918 2022 2974 sicut
2049 2918 2104 2973 in
2133 2918 2424 2989 descriptis
2456 2916 2841 2973 securitatibus
2860 2928 3191 2986 cognoscere
3216 2909 3465 2982 potestis,

1881 3008 1954 3062 ita
1982 3008 2161 3063 adhuc
2190 3008 2357 3063 totius
2378 3006 2576 3077 negotii
2598 3021 2765 3062 causa
2790 3020 3054 3075 suspensa
3079 3011 3182 3070 est,
3209 3010 3272 3057 ut
3292 3008 3347 3057 et
3365 3000 3468 3054 ad-

1879 3107 2075 3155 ventus
2106 3105 2294 3153 noster
2321 3105 2375 3153 et
2399 3096 2752 3153 consiliorum
2784 3103 3093 3151 vestrorum
3133 3090 3470 3147 unanimitas

216 3182 419 3240 riculum
447 3188 794 3258 suscepistis,
826 3191 1059 3261 qualiter
1092 3207 1190 3249 rex
1219 3193 1542 3250 humiliatus
1565 3194 1634 3249 ad
1659 3210 1779 3265 pm-
1806 3210 1848 3267 ρ
1881 3188 2215 3258 permaxime
2256 3186 2565 3242 necessaria
2607 3200 2730 3241 esse
2767 3184 3073 3239 videantur.
3127 3180 3471 3255 Quapropter

214 3274 472 3334 nitentiam
497 3279 868 3337 absolutionis
890 3283 1104 3339 veniam
1131 3285 1527 3355 impetraverit,
1560 3293 1614 3341 ct
1644 3302 1783 3357 quo-

218 3365 359 3422 modo
379 3376 487 3424 tota
508 3384 683 3427 causa
716 3378 843 3441 post
869 3371 1155 3428 introitum
1192 3374 1313 3445 ejus
1340 3374 1397 3429 in
1430 3373 1640 3431 italiam
1682 3375 1785 3448 hu-

218 3470 400 3530 cusque
429 3461 668 3520 deducta
707 3463 799 3528 sit,
831 3471 1028 3520 vestrae
1054 3464 1334 3521 dilectioni
1362 3466 1576 3522 sincera
1599 3465 1784 3522 chari-

219 3555 310 3602 ωε
329 3549 567 3609 indicare
597 3553 936 3611 curavimus.
974 3554 1129 3612 Sicut
1154 3557 1509 3613 constitutum
1538 3557 1643 3613 fuit
1659 3573 1785 3613 eum

196 3636 387 3710 legatis
419 3645 515 3714 qui
540 3645 613 3701 ad
647 3661 753 3702 nos
776 3646 845 3703 de
878 3648 1076 3705 vestris
1104 3648 1352 3719 partibus
1378 3650 1534 3706 missi
1555 3659 1706 3717 sunt,
1731 3651 1787 3705 in

221 3726 639 3803 Mngobardiam
680 3738 952 3807 venimus,
1000 3739 1220 3796 circiter
1248 3728 1458 3812 viginti
1500 3742 1618 3798 dies
1663 3751 1789 3799 ante

221 3824 485 3881 terminum
540 3827 600 3881 in
635 3843 751 3899 quo
790 3828 988 3900 aliquis
1033 3830 1237 3886 dueum
1268 3824 1356 3886 'ad
1400 3831 1596 3889 Clusas
1629 3833 1791 3889 nobis

221 3924 483 3972 occanere
526 3917 739 3985 debuit,
786 3928 1164 3990 exspectantes
1211 3920 1504 3979 adventum
1549 3923 1787 3991 illorum,

221 4018 466 4075 quatenus
505 4011 579 4067 ad
606 4020 794 4083 partes
815 4013 936 4070 illas
964 4014 1202 4071 transire
1236 4031 1543 4086 possemus.
1588 4014 1786 4072 Verum

223 4109 331 4151 cum
352 4099 460 4170 jam
484 4102 725 4158 decurso
746 4103 982 4160 termino
1009 4105 1115 4161 hoc
1136 4105 1296 4161 nobis
1317 4105 1683 4171 nuntiaretur,
1705 4105 1791 4161 bis

224 4194 559 4263 temporibus,
586 4212 700 4267 prze
721 4197 910 4253 multis
934 4198 1104 4269 (quod
1131 4214 1233 4254 nos
1245 4198 1465 4270 quidem
1490 4198 1788 4269 credimus)

221 4275 627 4353 diﬁicultatibus,
644 4287 907 4344 ducatum
935 4290 1096 4345 nobis
1114 4290 1332 4346 obviam
1365 4290 1502 4345 mitti
1532 4305 1643 4345 non
1660 4305 1791 4360 pos-

224 4385 294 4440 se,
331 4390 425 4432 nec
462 4378 685 4434 aliunde
730 4381 945 4450 copiam
983 4381 1053 4438 ad
1087 4397 1185 4438 vos
1224 4382 1542 4438 transeundi
1573 4382 1773 4438 habere

227 4477 354 4532 mus,
388 4484 495 4523 non
519 4486 689 4540 parva
711 4462 1102 4541 sollicitudine,
1133 4473 1265 4545 quid
1306 4474 1654 4545 potissimum
1694 4490 1794 4531 no-

1883 3280 1936 3334 in
1960 3294 2023 3334 ea
2049 3279 2153 3334 ﬁde
2179 3294 2347 3350 quam
2388 3277 2653 3345 cmpistis,
2680 3286 2734 3332 et
2761 3291 2948 3332 amore
2983 3273 3229 3345 justitize,
3278 3285 3477 3326 omnes

1883 3388 2202 3443 permanere
2265 3371 2498 3439 studete,
2548 3370 2783 3427 scientes
2833 3386 2935 3426 nos
2993 3385 3103 3425 non
3151 3368 3306 3422 aliter
3355 3364 3475 3436 regi

1883 3465 2092 3521 oblatos
2139 3480 2282 3529 esse,
2325 3464 2432 3519 nisi
2477 3464 2620 3535 quod
2665 3477 2804 3534 puro
2837 3476 3089 3518 sermone
3130 3460 3295 3531 (sicut
3338 3454 3478 3512 mihi

1884 3569 2004 3610 mos
2027 3552 2131 3625 est)
2160 3555 2215 3609 in
2245 3554 2333 3608 his
2361 3569 2487 3609 eum
2519 3551 2585 3608 de
2610 3552 2767 3608 nobis
2792 3568 3012 3624 sperare
3053 3550 3376 3614 dixerimus,
3418 3546 3477 3601 in

1884 3649 2085 3720 quibus
2107 3664 2232 3704 eum
2261 3648 2331 3703 ad
2373 3648 2606 3703 salutem
2635 3655 2691 3703 et
2716 3647 2978 3702 honorem
3009 3660 3192 3710 suum,
3227 3651 3320 3697 aut
3348 3656 3475 3696 cum

1880 3742 2115 3814 justitia,
2143 3750 2237 3797 aut
2263 3758 2385 3798 cum
2415 3740 2813 3807 misericordia,
2841 3738 2958 3795 sine
2994 3745 3196 3793 nostris
3238 3742 3292 3791 et
3329 3733 3485 3788 illius.

1887 3834 2084 3890 animae
2108 3833 2351 3906 periculo
2376 3832 2636 3903 adjuvare
2663 3832 2958 3902 possimus.

2029 3925 2421 3996 Jusjurandum
2460 3922 2680 3978 Henrici
2725 3924 2859 3995 regis
2910 3922 3330 3976 Tculonicorum.

1955 4015 2069 4088 Ego
2088 4014 2355 4071 Henricus
2381 4031 2477 4070 rex
2500 4015 2566 4071 de
2588 4011 3021 4069 murmuratione
3052 4020 3106 4067 et
3137 4009 3497 4065 dissensione.

1888 4123 2055 4177 quam
2084 4122 2233 4163 nunc
2272 4107 2475 4161 habent
2511 4114 2698 4162 contra
2726 4120 2814 4159 me
2840 4100 3235 4172 archiepiscopi
3271 4108 3326 4154 et
3359 4099 3478 4168 epi-

1890 4200 2059 4270 scopi,
2083 4199 2273 4265 duces,
2293 4198 2543 4263 comites,
2565 4197 2855 4266 eaeterique
2875 4195 3148 4266 principes
3164 4190 3316 4263 regni
3332 4189 3480 4244 Teu-

1891 4293 2222 4359 tonicorum,
2263 4300 2319 4346 et
2376 4289 2467 4345 alii
2510 4289 2605 4359 qui
2652 4303 2745 4344 eos
2798 4289 2850 4342 in
2894 4286 3084 4342 eadem
3122 4282 3493 4341 dissensionis

1891 4401 2058 4441 causa
2111 4389 2435 4454 sequuntur,
2490 4378 2631 4435 infra
2684 4377 2980 4434 terminum
3025 4390 3188 4447 quem
3226 4371 3405 4429 domin
3434 4388 3485 4424 lt»

1890 4492 2039 4548 papa
2063 4474 2358 4547 Gregorius
2384 4471 2743 4537 constituerit,
2771 4478 2867 4526 aut
2889 4468 3156 4540 justitiam
3180 4463 3485 4522 secundum

228 4551 298 4610 bis
316 4560 576 4630 agendum
600 4561 762 4630 foret,
787 4564 1144 4622 circumventi
1165 4583 1376 4624 sumus.
1413 4565 1636 4624 Interim
1660 4583 1792 4625 vero
1822 4553 1867 4609 D
1888 4569 2156 4642 judicium
2190 4568 2332 4639 ejus,
2358 4575 2454 4621 aut
2466 4560 2826 4621 concordiam
2855 4559 3152 4618 secundum
3192 4552 3494 4610 consilium.

228 4660 385 4718 regem
406 4653 700 4720 adventare
726 4664 874 4712 certe
895 4658 1283 4731 cognovimus;
1311 4659 1590 4731 quietiam
1612 4659 1794 4731 prius-

229 4754 372 4809 quam
393 4745 652 4804 intrasset
671 4747 903 4819 ltaliam,
926 4752 1199 4824 supplices
1221 4753 1290 4809 ad
1308 4769 1410 4809 nos
1434 4754 1642 4825 legatos
1661 4768 1795 4825 prae-

232 4832 446 4906 mittens,
469 4856 570 4910 per
592 4844 780 4899 omnia
809 4860 867 4900 se
901 4844 1313 4904 satisfacturum
1352 4846 1467 4903 Deo
1503 4856 1559 4903 et
1604 4856 1796 4904 sancto

232 4922 371 4986 Petro
391 4948 454 4990 ac
480 4935 639 4993 nobis
659 4938 877 5006 obtulit,
899 4950 956 4996 et
980 4941 1049 4996 ad
1071 4942 1505 4999 emendationem
1529 4943 1654 4998 vitae
1680 4959 1798 5000 suae

233 5030 426 5078 omnem
449 5041 509 5082 se
530 5038 874 5087 servaturum
896 5032 1265 5089 obedientiam
1288 5036 1620 5106 repromisit,
1644 5035 1796 5092 duim

236 5113 375 5146 ῐηηὲη
409 5119 549 5146 nunc...
594 5137 691 5146 “At.
740 5122 1095 5146 -L--‘--n9-_!-
1136 5133 1181 5146 ,Δ

1896 4660 2038 4732 ejus,
2087 4658 2308 4724 faciam,
2339 4656 2446 4714 nisi
2477 4666 2688 4712 eertum
2729 4652 3175 4725 impedimentum
3221 4645 3355 4703 mihi
3397 4644 3487 4698 vel

1897 4751 2001 4807 sibi
2029 4750 2319 4815 obstiterit,
2350 4764 2460 4821 quo
2484 4754 2781 4811 transacto,
2821 4745 2889 4800 ad
2930 4739 3296 4814 peragendum
3339 4736 3485 4792 idem

1892 4851 2119 4915 paratus
2153 4858 2266 4897 ero.
2319 4840 2452 4896 Item
2479 4839 2527 4894 si
2558 4837 2700 4893 idem
2726 4834 2982 4890 dominus
3019 4848 3157 4903 papa
3192 4829 3505 4903 Gregorius-

1892 4936 2037 4991 ultra
2058 4934 2288 4999 Montes,
2315 4949 2411 4989 seu
2431 4931 2502 4986 ad
2528 4930 2662 4985 alias
2688 4937 2870 4997 partes
2897 4934 3163 4980 terrarum
3192 4923 3273 4980 ire
3298 4921 3488 4977 volue-

1892 5027 1987 5094 rit,
2015 5039 2245 5082 securus
2271 5025 2378 5079 erit
2403 5039 2470 5078 ex
2507 5008 2613 5077 mei
2639 5027 2814 5091 parte,
2857 5028 2912 5075 et
2947 5032 3137 5073 eorum
3178 5031 3320 5088 quos
3362 5030 3495 5070 cun-

1897 5118 2163 5146 ηο-ἔηηιιηυι
2200 5124 2391 5146 ηΛοΛιιΛ
2444 5112 2515 5146 ἰιι
2545 5110 2690 5146 ιιωηῖ
2731 5109 2956 5146 ιωοῖηηο
2982 5107 3106 5146 νῖίω
3130 5116 3181 5146 ρο
3214 5106 3494 5146 πιοτηὶπιη-
