3982 5316
504 395 642 496 Its?
742 493 746 498 .

535 531 664 612 etsi
687 529 814 626 quis
833 551 883 608 ei
913 551 1118 615 fecerit,
1150 563 1275 604 cum
1314 546 1456 601 bona
1493 543 1596 600 [ide
1637 541 1936 600 secundum
1967 553 2128 610 posse
2157 540 2202 596 Α

536 661 722 704 meum
742 645 894 700 illum
921 641 1212 714 adiuvabo.

604 737 804 793 Actum
831 733 1101 799 Canusina,
1132 731 1328 802 quinto
1353 729 1625 786 Kalendas
1643 723 1949 792 Februarii,
1981 720 2122 776 indi-

535 829 713 886 ctione
737 826 948 884 decima
972 825 1187 896 quinta.

1065 943 1410 1003 EPISTOLA
1446 940 1584 998 XIII.

657 1057 725 1099 AD
771 1057 1091 1099 RODULPBUI
1131 1050 1579 1096 Αιισιιιεριεῦοιιυη
1621 1046 2004 1090 τυιιοκεκεεκί

1117 1131 1300 1204 (Anno
1349 1128 1534 1199 1077.)

533 1225 658 1284 Non
707 1226 891 1284 debere
936 1242 1056 1282 eum
1103 1223 1349 1295 conqueri
1389 1221 1464 1295 de
1497 1219 1664 1290 pallio
1703 1227 2118 1295 _conceuo_cpt-

599 1313 760 1370 scapo
778 1297 1018 1370 Dolensi,
1055 1312 1176 1370 cum
1197 1284 1314 1370 i'd_a
1347 1309 1403 1346 se
1435 1284 1636 1370 factum
1667 1289 1738 1370 sit
1769 1287 1914 1343 salvo
1953 1284 2119 1370 Turo-

597 1359 780 1426 nensis
812 1359 1310 1438 Ecclesitejure,de
1331 1359 1786 1438 quo’cxploratius
1821 1374 1877 1438 se
1905 1364 2118 1438 senten-

601 1425 734 1494 tiam
754 1439 992 1494 laturum
1015 1425 1131 1508 esse
1155 1425 1403 1508 animiet,
1426 1425 1543 1508 cuni
1567 1440 1660 1485 aut
1685 1427 1871 1508 ipsein
1899 1425 2118 1508 Germa-

597 1511 766 1577 niam,
789 1519 850 1564 ut
873 1499 1652 1577 destinavit,"transierit,_aut
1691 1499 2116 1570 archiepiscopus

499 1607 506 1624 ι
598 1582 711 1653 ipse
737 1572 844 1638 una
875 1572 995 1653 curn
1018 1572 1236 1653 Doleusi
1255 1575 1496 1653 episcopo
1524 1572 1748 1653 [tantum
1778 1578 2116 1653 rocatusiqc-

493 1675 500 1681 -
598 1637 832 1708 ἀδεεῖ-ὅτ.
877 1650 1102 1706 Interim
1131 1637 1295 1721 quare
1327 1646 1383 1720 id
1416 1637 1619 1716 fecerit,
1660 1658 1875 1696 causam
1920 1637 2111 1694 reddit.

597 1753 907 1810 Caesonius
945 1753 1258 1824 episc0pus,
1293 1763 1485 1806 servus
1519 1759 1804 1802 servorum
1845 1741 1963 1810 Dei,
2003 1739 2114 1796 Ilo-

523 1859 734 1902 nuarno
771 1843 1078 1900 Turonensi
1107 1841 1538 1912 archiepiscopo,
1564 1836 1797 1894 salutem
1822 1842 1876 1890 et
1899 1839 2116 1903 aposto-

524 1936 686 1994 licam
717 1935 1153 1994 benedictionem

517 2069 524 2076 -
597 2028 754 2098 Quod
781 2030 850 2088 de
875 2029 1284 2089 consecratione
1314 2024 1567 2083 Dolensis
1609 2022 1851 2095 episc0pi
1885 2029 1941 2077 et
1979 2035 2114 2076 con-

495 2134 686 2182 cesso
711 2121 818 2179 sibi
839 2123 1049 2180 honore
1073 2121 1226 2194 pallii
1256 2121 1549 2176 adversum
1600 2132 1702 2172 nos
1735 2112 2112 2186 conquereris,

525 2229 626 2286 pro
667 2215 943 2272 voluntate
982 2215 1165 2286 potius
1207 2227 1375 2284 quam
1419 2211 1632 2266 ratione
1677 2207 1856 2264 facere
1891 2203 2114 2270 videris,

495 2307 622 2380 iqui
647 2309 748 2365 nus
775 2309 832 2364 in
865 2323 932 2366 ea
959 2323 1028 2364 re.
1045 2307 1302 2364 Ecclesia:
1340 2305 1450 2372 cui,
1479 2303 1592 2359 Deo
1617 2301 1852 2368 volente,
1883 2312 2118 2370 praeesse

498 2399 888 2472 Idignosoeris,
920 2399 1090 2456 totius
1121 2398 1352 2471 iustitia:
1372 2397 1556 2452 locum
1579 2407 1892 2452 reservasse
1913 2404 2117 2463 cogno-

499 2493 657 2550 seis.
710 2479 851 2550 Cum
899 2494 1046 2550 enim
1099 2487 1411 2550 audivimus
1430 2489 1704 2562 principes
1749 2486 1897 2541 illius
1936 2493 2116 2551 terra},

524 2595 716 2642 contra
743 2585 1027 2658 antiquam
1063 2593 1118 2642 et
1153 2583 1455 2658 pessimam
1478 2579 1974 2646 consuetudinem,
2020 2591 2120 2647 pro

520 2679 828 2735 reverentia
865 2678 962 2735 Dei
995 2676 1386 2749 omnipotentis
1413 2684 1470 2732 et
1490 2673 1802 2747 apostolica:
1831 2670 2122 2728 auctorita‘

521 2772 617 2841 tis,
658 2773 893 2829 ulterius
921 2773 976 2828 in
1013 2771 1336 2828 ordinandis
1363 2769 1636 2842 episcopis
1674 2782 1778 2824 nec
1815 2765 2121 2822 dominium

521 2863 863 2920 investiturtc
883 2873 1090 2932 tenere,
1114 2878 1216 2920 nec
1236 2862 1486 2934 pecuniae
1505 2859 1854 2917 commodum
1877 2872 2122 2930 quaerere

520 2957 681 3025 velle,
713 2965 878 3029 atque
897 2957 968 3014 ob
986 2958 1094 3013 hoc
1113 2957 1182 3013 ad
1208 2954 1561 3027 apostolicam
1585 2954 1806 3010 misisse
1831 2951 2037 3017 sedem,
2062 2959 2124 3007 ut

519 3049 580 3104 in
609 3047 834 3121 praefato
857 3051 978 3106 loco
999 3049 1158 3122 juxta
1179 3057 1499 3106 sanctorum
1529 3047 1756 3104 Patrum
1796 3053 2002 3103 statuta
2039 3045 2122 3100 le-

521 3142 661 3214 galis
683 3144 1030 3200 ordinaretur
1066 3143 1376 3214 episcopus,
1417 3140 1692 3198 devotioni
1728 3154 1920 3196 eorum
1967 3137 2124 3193 valde

1182 431 1238 488 s.
1281 422 1610 489 esseom!
1649 425 1742 482 vn
1775 422 1980 481 pars
2019 421 2300 480 orsnun
2341 397 2521 476 eius
2557 416 2598 474 ι.
2639 412 2706 459 '—
2743 415 3164 477 ancnsraun.

3687 412 3821 474 ’468

2294 552 2406 590 rem
2431 534 2648 605 eligant.
2703 531 2857 598 Quod
2893 532 2940 586 si
2976 532 3094 605 quis
3127 545 3228 582 non
3263 527 3514 605 canonice
3541 527 3815 605 episcopus

2297 607 2472 676 factus
2505 599 2597 672 Sit,
2625 605 2756 676 ipse,
2780 619 2956 658 eomes
2985 599 3218 672 fautores
3239 599 3374 669 ejus,
3405 607 3456 654 et
3478 601 3816 656 consentien-

2297 675 2392 743 tes,
2419 675 2954 732 cxcommunicentur.

2294 769 2602 827 Caesonius
2626 767 2938 838 episcopus,
2977 779 3172 820 servus
3208 779 3495 822 servorum
3535 763 3657 832 Dei,
3687 767 3814 822 uni-

2225 877 2382 919 verso
2408 861 2554 918 clero
2577 867 2632 916 et
2663 859 2864 930 populo
2881 855 3242 913 Carnotensis
3260 854 3525 912 Ecclesiae
3539 897 3556 924 ,
3581 857 3810 912 salutari

2221 963 2275 1010 et
2301 951 2654 1025 apostolicam
2683 949 3138 1006 benedictionem.

2295 1045 2625 1116 Quanquam
2647 1043 2704 1098 id
2733 1041 2915 1112 ipsum
2940 1041 3010 1096 ad
3045 1054 3208 1096 aures
3239 1049 3454 1096 vestras
3495 1038 3812 1109 pervenisse

2221 1136 2528 1202 credamus,
2554 1143 2758 1200 tamen,
2787 1139 2849 1187 ut
2871 1131 3022 1186 nulla
3050 1131 3191 1186 inter
3221 1145 3318 1186 vos
3339 1129 3542 1185 diversi
3571 1128 3810 1184 rumoris

2219 1235 2316 1284 aut
2337 1227 2612 1298 opinionis
2637 1224 2912 1282 dissensio
2935 1239 3156 1280 causam
3185 1221 3283 1278 Dei
3319 1223 3588 1294 impedire
3616 1223 3806 1288 valeat,

2217 1327 2541 1392 praesentem
2571 1319 2856 1390 epistolam
2889 1317 3046 1374 vobis
3073 1315 3352 1372 notilicare
3387 1315 3622 1387 dignum
3649 1315 3808 1370 duxi-

2219 1427 2364 1480 mus,
2403 1412 2550 1483 quod
2578 1411 2852 1468 Robertus
2879 1410 3206 1478 monachus,
3244 1408 3343 1480 qui
3380 1409 3678 1464 ecclesiam
3716 1423 3806 1462 ve-

2218 1513 2389 1562 stram
2419 1503 2652 1560 nefanda
2675 1503 2970 1559 ambitione
2990 1501 3296 1573 occupavit,
3318 1501 3376 1555 in
3399 1501 3634 1556 terribili
3655 1499 3806 1570 culpa

2217 1595 2445 1668 perjurii
2487 1611 2548 1652 se
2583 1596 2862 1668 obligavit,
2893 1611 3021 1652 cum
3043 1595 3420 1666 episcOpatum
3464 1593 3625 1648 illum
3667 1592 3806 1648 baud

2215 1688 2381 1745 dubie
2405 1705 2437 1744 a
2462 1695 2652 1744 nostro
2685 1689 2862 1761 legato
2883 1687 3253 1744 commonitus
3287 1687 3457 1765 (sicut
3495 1700 3669 1754 supra
3693 1699 3807 1740 cur-

2215 1795 2320 1852 pus
2345 1783 2489 1838 beati
2509 1781 2656 1838 Petri
2691 1783 3062 1854 apostolorum
3091 1780 3358 1854 principis
3393 1776 3808 1852 juraverat)_di—

2133 1870 2192 1944 ’3
2216 1872 2434 1929 mittere
2457 1872 2652 1942 noluit,
2677 1881 2731 1930 et
2757 1875 2860 1929 alia
2897 1888 3022 1945 quae
3047 1873 3103 1928 in
3125 1872 3316 1928 eodem
3339 1879 3696 1927 sacramento
3729 1879 3808 1924 te-

2215 1963 2488 2020 nebantur
2513 1963 2756 2036 infregit.
2807 1962 2964 2020 Unde
2997 1964 3298 2036 apostolica
3341 1977 3442 2019 vos
3485 1961 3811 2018 auctoritate

2215 2071 2505 2114 monemus
2551 2065 2718 2128 atque
2772 2057 3142 2128 pratcipimus,
3205 2063 3268 2112 ut
3319 2071 3446 2112 eum
3497 2053 3810 2110 nullatenus

2215 2147 2473 2217 deinceps
2499 2163 2600 2218 pro
2627 2147 2884 2219 episcopo
2911 2155 3007 2204 aut
3031 2145 3258 2203 domino
3285 2144 3556 2212 habeatis,
3587 2159 3696 2200 nec
3713 2143 3811 2198 ali-

2215 2255 2384 2312 quam
2437 2241 2546 2296 sibi
2593 2240 2960 2296 obedientiam
3009 2240 3093 2296 vel
3139 2239 3423 2296 servitium
3483 2237 3810 2294 exhibeatis.

2221 2333 2422 2390 Verum
2457 2349 2527 2390 ne
2550 2331 2794 2390 Ecclesia
2829 2334 2920 2389 illa
2953 2333 3160 2390 diutius
3203 2321 3583 2404 sine'pastore
3631 2347 3811 2386 rema-

2217 2435 2365 2493 neat,
2390 2427 2476 2480 vel
2506 2424 2765 2482 introitus
2819 2425 2940 2497 ejus
2983 2423 3312 2480 Simoniacas
3352 2421 3702 2494 subreptioni
3735 2421 3814 2476 ul-

2219 2518 2392 2575 terius
2439 2526 2643 2588 pateat,
2670 2517 2858 2573 eadem
2907 2516 3232 2572 auctoritate
3269 2515 3426 2570 vobis
3463 2513 3814 2585 praecipimus

2222 2619 2301 2680 ut,
2317 2610 2616 2682 praemissis
2627 2609 2970 2666 orationibus
2987 2619 3152 2680 atque
3173 2607 3430 2664 triduano
3449 2605 3672 2678 jejunio
3689 2612 3809 2662 eum

2221 2701 2598 2776 eleemosynis,
2621 2715 2721 2771 pro
2747 2699 2952 2756 nullius
2977 2700 3171 2756 timore
3191 2699 3276 2754 vel
3303 2698 3499 2770 gratia,
3533 2713 3639 2768 pro
3669 2697 3810 2752 nulla

2221 2808 2467 2864 unquam
2492 2793 2781 2849 occasione
2815 2791 3265 2866 praetermittatis,
3297 2789 3431 2862 quin
3465 2789 3636 2846 talem
3661 2789 3827 2846 vobis.

2223 2881 2280 2936 in
2304 2883 2624 2954 episcopum
2657 2883 2891 2955 eligatis,
2921 2881 3019 2953 qui
3057 2897 3169 2937 non
3196 2881 3416 2936 aliunde
3449 2880 3599 2936 sicut
3635 2881 3726 2936 fur
3761 2889 3813 2935 et

2223 2975 2384 3044 latro,
2415 2977 2508 3032 sed
2529 2992 2628 3047 per
2651 2977 2855 3033 ostium
2877 2975 3088 3031 intrans
3118 2981 3304 3046 pastor
3332 2973 3520 3030 ovium
3550 2974 3737 3030 vocari
3760 2981 3812 3028 et

2223 3081 2347 3124 esse
2381 3067 2574 3128 debeat
2606 3067 2787 3140 (Joan.
2823 3067 2902 3138 x).
2944 3065 3080 3122 lllud
3111 3065 3259 3122 enim
3303 3065 3524 3132 scitote,
3547 3081 3808 3136 muniam

2227 3157 2274 3213 si
2313 3157 2438 3229 quis
2475 3158 2544 3214 ad
2578 3158 2763 3214 sedem
2801 3158 2950 3238 illam
2985 3165 3176 3213 contra
3213 3156 3456 3229 regulam
3493 3166 3810 3213 sanctorum

521 3235 977 3308 congaudendum
1005 3243 1060 3292 ει
1087 3234 1445 3309 [ﬁnitionibus
1488 3233 1842 3289 αθηυθηάυῐη
1887 3231 2112 3324 ἀίεημω
2141 3237 2183 3294 C
2215 3248 2441 3308 Patrum
2477 3251 2836 3324 aspiraverit,
2877 3234 3059 3322 ipsum
3093 3258 3148 3308 et
3183 3265 3377 3306 omnes
3411 3248 3664 3306 fautores
3694 3251 3812 3320 ejus

521 3327 801 3384 duximus.
857 3327 1062 3384 Verum
1103 3343 1269 3400 quam
1318 3335 1474 3382 caute
1521 3341 1622 3382 nos
1659 3325 1967 3381 Turonensi
2005 3323 2112 3380 Ec-

490 3457 493 3460 ι
521 3419 702 3476 clcsite
752 3427 806 3475 et
834 3419 954 3490 ejus
979 3419 1230 3492 dignitati
1258 3418 1678 3491 providerimus,
1705 3418 1762 3473 in
1781 3417 1978 3474 litteris
2007 3417 2114 3474 illis

520 3526 662 3581 quas
686 3513 755 3567 ad
781 3511 1128 3568 Britannicus
1159 3513 1434 3584 principes
1458 3520 1512 3566 et
1539 3511 1821 3584 episcopos
1863 3511 2116 3568 misimus

522 3601 692 3672 (quod
713 3602 769 3658 et
789 3610 840 3658 te
869 3603 1190 3674 cognovisse
1222 3602 1526 3676 putamus),
1555 3603 1835 3674 aptissime
1863 3603 2114 3660 contine-

519 3689 632 3749 tur.
689 3691 1030 3766 Quapropter
1054 3692 1369 3751 fraternitas
1399 3703 1490 3750 tua
1527 3695 1648 3751 sine
1683 3693 1834 3752 omni
1867 3712 2116 3752 murmu-

517 3787 734 3842 ratione
769 3787 1173 3846 discussionem
1202 3795 1258 3844 et
1280 3787 1487 3858 justam
1531 3787 1904 3846 deﬁnitionem
1951 3789 2116 3862 hujus

522 3891 706 3932 causae
731 3886 1046 3950 exspectare
1073 3893 1184 3934 non
1206 3887 1421 3945 renuat,
1449 3879 1710 3949 quoniam
1747 3889 1802 3935 et
1843 3881 1992 3952 quod
2030 3880 2114 3938 fa-

523 3976 674 4024 ctum
702 3977 788 4026 est
820 3967 1260 4026 consideratione
1283 3967 1534 4037 fecimus,
1557 3978 1613 4026 et
1637 3970 1782 4041 quod
1805 3969 2114 4028 faciendum

521 4060 770 4134 diligenti
808 4063 1184 4134 inquisitione,
1228 4063 1372 4120 sicut
1417 4077 1508 4120 res
1543 4079 1740 4136 magna
1769 4073 1818 4121 et
1862 4065 2116 4138 ambigua

521 4153 780 4224 postulat,
816 4154 1150 4225 pertractare
1175 4163 1227 4212 et
1262 4155 1489 4226 exsequi
1529 4156 1805 4213 volumus.
1847 4155 2034 4229 Neque
2063 4157 2116 4213 id

521 4243 579 4303 in
610 4244 854 4318 longum,
895 4246 1008 4304 Dee
1044 4248 1382 4324 providente,
1428 4249 1808 4322 protelabitur,
1855 4249 2114 4320 quoniam

496 4363 498 4366 ν
521 4337 572 4392 si
593 4335 658 4412 in.
674 4347 858 4408 partes
879 4341 1028 4411 regni
1049 4338 1501 4407 Teutonicorum,
1517 4347 1678 4411 prout
1699 4340 2114 4405 destinavimus,

521 4425 629 4484 hoc
652 4428 709 4483 in
735 4437 983 4501 tempore
1003 4431 1408 4499 transierimus,
1438 4431 1565 4491 inde
1585 4440 1681 4489 aut
1705 4431 2027 4502 nosmetipsi
2047 4430 2116 4486 ad

477 4530 620 4607 ‘Ivos
641 4522 1091 4591 pertransiemus,
1115 4533 1210 4579 aut
1239 4525 1378 4579 tales
1412 4524 1510 4595 qui
1533 4523 1679 4580 hanc
1723 4540 1947 4580 causam
1993 4525 2115 4580 sin-

520 4623 650 4666 cera
671 4612 1041 4683 exploratione
1064 4614 1364 4671 discutiant
1401 4624 1566 4686 atque
1600 4615 1864 4671 deﬁniant
1906 4613 2123 4672 mittere
2151 4596 2198 4650 Β

521 4705 962 4773 procurabimus.
1007 4705 1164 4774 Quod
1199 4708 1247 4762 si
1275 4722 1342 4763 eo
1376 4707 1540 4762 modo
1569 4716 1770 4764 nostrae
1805 4708 2124 4782 dispositio-

523 4793 614 4849 nis
638 4797 928 4854 consilium
960 4799 1192 4872 transigi
1219 4813 1329 4856 non
1355 4813 1518 4872 posse
1547 4799 1852 4872 contigerit,
1880 4815 2126 4872 congruo
2159 4869 2163 4872 .

501 4887 506 4894 '
527 4891 772 4958 tempore
804 4899 858 4946 et
878 4900 932 4947 te
955 4901 1010 4948 et
1031 4891 1320 4948 Dolensem
1341 4887 1664 4971 episcopum
1687 4892 1755 4947 ad
1777 4893 2124 4963 praesentiam

525 4977 674 5036 sedis
710 4983 1020 5051 apostolica:
1058 4985 1519 5076 convocabimus,
1563 4993 1618 5039 et
1661 4984 1736 5040 ibi
1773 4999 2000 5041 causam
2037 5000 2126 5040 ve.

526 5079 698 5108 aII-vnn
722 5073 978 5108 ηθνῖηηηη
997 5077 1283 5108 Iuliam-un-
1299 5077 1664 5108 Avnminnlom
1718 5085 1876 5108 nnnnl
1909 5076 2120 5108 cinna-sn

2213 3343 2299 3402 vel
2321 3343 2376 3400 in
2399 3359 2465 3400 ea
2491 3359 2552 3400 re
2573 3345 2979 3400 consentientes
3009 3342 3311 3414 apostolica
3333 3357 3573 3398 censura
3594 3353 3654 3398 et
3675 3360 3806 3398 ana-

2212 3433 2474 3492 thematis
2501 3423 2679 3506 gladio
2709 3433 2996 3502 feriemus,
3021 3443 3076 3489 et
3099 3449 3130 3488 a
3157 3425 3385 3503 corpore
3413 3434 3588 3489 totius
3623 3433 3809 3490 Eccle-

2214 3525 2312 3583 siae
2333 3527 2668 3583 decidemus.
2720 3526 3060 3598 Quapropter
3091 3535 3423 3582 mementote
3457 3527 3608 3596 quod
3652 3542 3810 3584 nemo

2215 3633 2314 3688 pro
2339 3618 2494 3674 vobis
2527 3635 2744 3690 passus,
2769 3635 2934 3676 nemo
2961 3634 3062 3690 pro
3085 3618 3242 3673 vobis
3277 3628 3532 3676 mortuus
3560 3629 3670 3688 est,
3707 3621 3810 3676 nisi

2214 3707 2492 3779 Christus,
2525 3713 2684 3784 cujus
2711 3713 3022 3769 libertatem
3051 3711 3194 3767 sicut
3227 3711 3410 3767 dilecti
3437 3711 3537 3767 ﬁlii
3585 3712 3682 3768 Dei
3731 3723 3810 3769 te-

2215 3812 2408 3860 nentes
2427 3813 2482 3859 et
2499 3802 2874 3872 defendentes,
2899 3804 3096 3877 jugum
3132 3802 3440 3872 iniquitatis
3470 3811 3570 3859 aut
3591 3804 3812 3875 aliquod

2214 3880 2519 3954 dominium
2541 3897 2610 3953 ad
2633 3897 2992 3968 perditionem
3019 3895 3330 3950 animarum
3366 3903 3679 3952 vestrarum
3716 3911 3812 3951 vo-

2215 3992 2302 4050 bis
2323 3991 2531 4063 imponi
2551 3991 2861 4048 uullatenus
2885 3988 3192 4062 patiamini,
3225 3989 3462 4045 scientes
3487 3989 3641 4060 quod
3669 4005 3812 4044 nun-

2215 4101 2383 4158 quam
2409 4084 2562 4140 vobis
2592 4085 2649 4140 in
2671 4085 2775 4140 hac
2793 4099 2961 4140 causa
2988 4081 3288 4154 apostolica
3313 4079 3487 4138 deerit
3513 4081 3813 4137 auctoritas

2216 4187 2272 4235 et
2304 4177 2570 4235 defensio.

2286 4269 2421 4326 Data
2448 4268 2772 4341 Carpinctzc,
2811 4239 3009 4340 quarto
3045 4265 3231 4323 Nonas
3267 4265 3470 4333 Martii,
3517 4264 3812 4321 indictione

2217 4361 2427 4418 decima
2463 4361 2676 4434 quinta.

2771 4449 3113 4506 EPISTOLA
3147 4447 3264 4502 XV.

2311 4561 2379 4600 AD
2418 4557 2712 4598 RlCllERlUM
2741 4555 3196 4596 ARCIIIEPISCOPUII
3231 4551 3598 4604 SENONENSEI,
3629 4543 3738 4591 etc.

2847 4633 3004 4688 Anno
3033 4629 3213 4699 1077.)

2824 4633 3004 4706 (Anno
3033 4633 3213 4699 1077.)

2231 4707 2300 4764 Ut
2331 4709 2388 4762 in
2413 4705 2625 4762 Roberti
2656 4703 2832 4758 locum
2873 4703 3041 4758 alium
3076 4719 3109 4756 a
3142 4700 3281 4755 clero
3301 4708 3353 4754 et
3378 4699 3578 4771 papula
3607 4697 3813 4755 Camo—

2298 4779 2432 4832 tensi
2477 4775 2728 4831 canonice
2759 4773 3058 4846 eligendum
3086 4779 3298 4846 curent,
3333 4779 3382 4824 et
3425 4771 3483 4824 in
3511 4771 3811 4846 episcopum

2296 4855 2636 4913 consecrent;
2685 4854 2736 4901 et
2785 4843 3024 4900 eumdem
3076 4843 3362 4897 liobcrtum
3415 4857 3482 4913 ac
3539 4843 3810 4913 Hugoncm

2294 4921 2522 5045 {mtrem
2553 4911 2872 4990 compellant
2904 4915 3178 4970 restituere
3215 4929 3335 4984 qua:
3362 4911 3605 4966 ecclesia
3635 4911 3810 4966 ubst»

2315 4999 2486 5045 erant.

2315 4999 2486 5046 erant.

2295 5081 2599 5108 Π-..-Αιιηνη
2629 5079 2916 5108 ηηειυιΑη-ιο
2955 5091 3144 5108 couinno
3170 5089 3458 5108 animarum
3484 5071 3581 5108 “ni
3627 5071 3810 5108 nim-
