3982 5316
191 234 293 290 ιω

1246 234 1447 292 LIBER
1487 236 1837 306 QUARTUS.
1874 270 1937 280 —
1980 239 2195 319 EPlS'f.
2233 237 2394 296 XVII.

3348 230 3457 301 ne

190 348 333 404 Petri
368 350 753 421 apostolorum
777 351 1039 425 principis
1061 352 1210 422 fecit,
1245 370 1517 427 occupare
1540 336 1777 410 nonde-
1806 358 1851 412 Α
1878 370 2070 410 vamen
2093 353 2609 411 videamurinferre.
2662 348 2798 407 Nam
2820 350 3176 406 eicutsanctze
3198 346 3458 405 Romanae.

191 442 360 498 sierit.
392 441 606 499 Verum
632 446 891 515 quoniam
930 446 1233 504 Ecclesium
1268 446 1418 503 illam
1454 441 1779 503 canonicam

188 532 519 587 electionem
567 534 623 588 in
663 535 904 605 aliquam
955 536 1210 591 idoneam
1263 552 1554 607 personam
1599 535 1779 591 facere

191 620 614 689 admonuimus,
641 624 999 680 admonemus
1025 634 1079 681 et
1104 642 1202 682 vos
1226 636 1287 681 ut
1318 627 1501 701 eidem
1527 626 1778 681 electioni

189 726 309 767 eam
346 728 526 782 quam
587 726 818 785 oportet,
865 726 963 772 aut
1008 732 1108 788 per
1154 732 1252 774 vos
1285 726 1379 773 aut
1427 732 1523 788 per
1551 717 1779 773 idoneos

191 801 416 856 nuntios
448 812 689 872 vestros,
728 806 1065 877 diligentiam
1107 808 1446 875 adhibentes,
1479 823 1642 878 quem
1672 808 1779 865 ele-

193 903 335 948 etum
359 894 637 950 canonice
665 898 1050 968 cognoveritis,
1075 908 1130 955 et
1163 916 1361 955 manus
1389 901 1691 970 imponere,
1726 910 1780 955 et

193 985 246 1037 in
271 983 598 1055 episcopum
630 1001 968 1054 consecrare,
988 991 1140 1046 nulla
1171 992 1463 1048 occasione
1492 992 1776 1057 recusetis,

195 1073 424 1128 scientes
452 1074 724 1143 quoniam
762 1077 808 1131 si
845 1078 977 1135 illud
1024 1080 1217 1135 timore
1251 1089 1347 1136 aut
1378 1081 1551 1151 gratia
1594 1080 1779 1150 cujus-

194 1177 351 1231 quam
379 1166 869 1235 praztermiseritis,
898 1185 1000 1227 nos
1033 1181 1215 1226 tamen
1249 1171 1616 1227 inordinatum
1650 1188 1779 1228 eum

198 1253 506 1311 nullatenus
536 1257 936 1329 relinquemus,
968 1270 1024 1316 et
1063 1262 1163 1317 vos
1198 1277 1265 1319 eo
1288 1263 1496 1319 honore
1519 1270 1575 1318 et
1597 1263 1778 1335 digni-

196 1351 316 1410 tate,
366 1361 543 1415 quam
597 1347 909 1419 ignobiliter
959 1352 1211 1409 deserere
1263 1368 1376 1408 non
1432 1353 1776 1420 erubescitis,

194 1433 442 1504 deinceps
495 1436 756 1509 indignos
810 1439 928 1496 fore
971 1441 1364 1512 judicabimus.
1423 1442 1780 1514 Praceipimus

198 1526 350 1582 etiam
394 1527 590 1585 divina
631 1532 844 1601 justitia
912 1544 968 1590 et
1020 1536 1320 1605 apostolica
1366 1537 1692 1592 auctoritate
1721 1544 1781 1590 ut

198 1616 439 1670 eumdem
476 1616 785 1676 Bobertum
816 1631 870 1677 et
906 1622 1127 1679 fratrem
1164 1626 1285 1696 ejus
1310 1624 1594 1697 Hugonem
1622 1641 1776 1681 com-

199 1709 456 1765 moneatis
487 1722 767 1782 quatenus
793 1715 1031 1785 praefatae
1075 1716 1398 1775 Carnotensi
1444 1710 1701 1774 Ecclesia:
1722 1728 1778 1774 et

200 1798 403 1855 clericis
432 1801 582 1871 ejus,
621 1820 748 1874 quae
770 1806 1069 1876 abstulere,
1105 1810 1333 1865 omnino
1374 1810 1688 1879 restituant,
1721 1820 1777 1864 et

203 1891 444 1964 deinceps
474 1896 689 1951 nullam
719 1897 800 1953 eis
836 1899 1166 1973 injustitiam
1207 1901 1387 1959 facere
1418 1913 1771 1974 prmsumant.

202 1980 345 2046 Quod
376 1983 420 2036 si
443 1983 593 2039 infra
618 1994 730 2043 tres
764 1988 1135 2048 hebdomadas
1154 2002 1445 2063 postquam
1477 1994 1620 2049 hanc
1663 1993 1778 2063 epi-

207 2072 383 2126 stolam
420 2073 675 2130 videritis
704 2078 1003 2149 adimplere
1041 2083 1453 2153 contempserit,
1486 2100 1661 2155 usque
1709 2084 1777 2139 ad

206 2161 406 2232 dignam
457 2166 898 2226 satisfactionem
941 2181 999 2227 et
1022 2175 1459 2231 emendationem
1498 2191 1595 2231 eos
1635 2192 1666 2230 a
1709 2162 1778 2230 li-

210 2257 432 2313 minibus
466 2261 722 2317 ecclcsize
756 2265 921 2320 veluti
952 2275 1202 2338 raptores
1242 2277 1297 2323 et
1338 2269 1634 2340 sacrilegos
1678 2286 1777 2326 ex-

210 2347 497 2404 terminate.

270 2437 393 2494 Data
413 2440 751 2514 Carpinetae,
788 2456 987 2524 quarto
1032 2446 1215 2505 Nonas
1249 2448 1447 2519 Martii,
1485 2451 1781 2507 indictione

211 2527 402 2587 decima
432 2533 651 2605 quinta.

742 2647 1077 2731 εριδτοιᾼ
1113 2651 1253 2707 xvi.

624 2760 694 2797 Δί)
720 2759 976 2801 ειειιοοε
1004 2762 1359 2802 ιοιΑκεκεεε.

767 2836 972 2907 '(Anno
1016 2838 1200 2910 1077.)

220 2920 440 3003 Salutem
481 2937 534 2980 et
568 2927 983 3003 benedictionem
1026 2941 1279 3003 tanquam
1319 2932 1784 3003 eacommunicatis

279 2994 733 3092 ilignea—mittit:
762 2999 1009 3092 Iirwcipit
1042 3011 1099 3055 ut
1129 2994 1313 3056 'coram
1330 3002 1512 3084 Diettsi
1537 3002 1777 3084 episcopo
1807 3036 1847 3092 ϐ

276 3080 631 3142 compareant,
665 3079 724 3124 ut
756 3071 1079 3125 discutiatur
1113 3089 1275 3126 causa
1300 3088 1418 3142 quae
1459 3073 1597 3142 inter
1640 3072 1779 3141 ipsos

272 3144 323 3215 et
354 3138 697 3215 Viennensem
728 3142 1177 3215 archiepiscopum
1207 3143 1272 3196 de
1287 3138 1669 3215 iurisdictione
1691 3157 1782 3215 ουτ
1872 3152 1885 3163 ⁴

167 3240 175 3246 ς
268 3205 477 3288 jusdam
519 3209 628 3288 loci
661 3205 978 3288 vertebatur,
1024 3205 1178 3284 eique
1220 3205 1313 3268 nec
1341 3211 1782 3288 non__Viennensi

278 3281 505 3358 episcopo
533 3281 593 3333 in
622 3282 865 3336 onmibus
899 3281 1233 3358 obsequentes
1259 3301 1313 3358 se
1344 3283 1657 3353 exhibeant;
1701 3284 1787 3336 sin

286 3354 467 3431 minus,
490 3367 677 3404 eorum
695 3355 1084 3431 contumaciam
1111 3354 1425 3425 impunitam
1451 3370 1505 3407 se
1528 3370 1630 3407 non
1647 3370 1787 3423 pra:-

285 3423 653 3475 termissurum
678 3424 934 3477 minatur.

286 3526 586 3588 GBEGOBIUS
609 3533 918 3605 episcopus,
965 3552 1158 3592 servus
1201 3551 1484 3592 servorum
1531 3535 1647 3603 Dei,
1678 3535 1784 3590 Ro-

227 3623 564 3679 manensibus
588 3625 820 3682 clericis.

288 3712 430 3778 Quod
454 3718 691 3774 salutem
715 3730 769 3776 et
797 3721 1153 3791 apostolicam
1177 3721 1608 3777 benedictionem
1635 3720 1791 3791 vobis

231 3813 288 3854 ex
326 3820 470 3862 more
517 3825 634 3863 non
667 3810 960 3877 mittimus,
1002 3820 1226 3882 propter
1272 3811 1793 3868 excommunicatio-

233 3906 359 3959 ﬂem,
391 3915 558 3969 quam
587 3917 688 3972 pro
719 3902 896 3973 culpis
927 3904 1126 3958 vestris
1161 3902 1440 3958 incurrere
1471 3918 1581 3957 non
1608 3902 1794 3957 timui-

236 3992 338 4057 stis,
371 3992 508 4049 sicut
540 4011 701 4051 sacra
754 3995 1011 4066 praecepit
1058 3997 1378 4063 auctoritas,
1426 3994 1795 4066 praetermitti-

234 4098 359 4139 mus.
392 4085 642 4144 Scribere
671 4096 858 4144 tamcn
888 4088 1044 4143 vobis
1077 4098 1132 4145 et
1165 4089 1462 4145 admonere
1504 4103 1669 4157 super
1707 4087 1794 4143 his

237 4191 342 4244 quae
370 4179 432 4233 ad
463 4181 868 4236 correctionem
896 4191 1132 4238 vestram
1176 4181 1466 4253 pertinent,
1507 4180 1624 4251 ipsa
1660 4195 1794 4251 apo-

239 4269 406 4325 stolica
468 4254 815 4345 tapostolici]
866 4273 1259 4329 moderaminis
1314 4270 1681 4326 mansuetudo
1742 4278 1797 4325 et

1879 454 1933 503 et
1958 445 2271 517 apostolica:
2294 445 2553 501 Ecclesia:
2589 444 2715 516 jura
2742 452 2797 498 et
2839 441 3134 512 dignitates
3177 455 3305 495 suas
3331 455 3457 497 cono

1866 539 2085 597 servari
2108 539 2381 609 cupimus,
2428 538 2503 593 ita
2531 546 2586 592 et
2611 535 2870 592 membris
2912 533 3054 605 ejus,
3080 532 3331 587 videlicet
3359 549 3458 588 cas

1880 630 2011 686 teris
2045 628 2323 696 Ecclesiis,
2355 644 2423 684 ex
2454 630 2619 701 hujus
2652 626 2992 701 providentia
3035 634 3091 679 et
3131 625 3457 681 auctoritate

1872 731 2129 792 oportere
2162 721 2547 793 dignissimum
2576 735 2699 777 esse
2748 718 3153 790 perpendimus.
3208 716 3458 788 Quapro—

1879 821 2000 883 pter
2020 813 2318 883 apostolica
2341 828 2440 868 vos
2463 811 2785 868 auctoritate
2808 825 2898 866 mo
2908 824 3114 875 nemus,
3131 818 3295 879 atque
3320 826 3457 879 pra:-

1880 904 2141 975 cipimus,
2186 914 2247 960 ut
2287 905 2355 960 ad
2397 904 2804 960 discutiendam
2849 917 3074 959 causam
3114 902 3281 957 istam
3323 916 3458 957 con-

1878 995 2035 1051 fratri
2068 1005 2259 1053 nostro
2281 995 2493 1069 Hugoni
2524 993 2822 1051 venerabili
2850 993 3035 1048 Diensi
3061 993 3340 1064 episeom,
3368 992 3460 1047 cui

1878 1096 1933 1143 et
1952 1088 2127 1144 vicem
2156 1097 2405 1144 nostram
2437 1087 2495 1143 in
2537 1088 2668 1142 aliis
2711 1084 3114 1150 commisimus,
3143 1084 3262 1140 sine
3304 1085 3459 1141 omni

1880 1180 2327 1238 contradictionis
2351 1196 2505 1236 mora
2533 1194 2629 1235 vos
2652 1177 3073 1250 repraesentetis,
3101 1185 3155 1231 et
3187 1177 3454 1247 quidquid

1879 1272 1998 1342 ipse
2027 1288 2190 1344 super
2209 1272 2315 1329 hac
2338 1288 2397 1328 re
2425 1271 2638 1342 justum
2682 1269 2799 1327 fore
2823 1267 3123 1341 providerit
3159 1276 3323 1339 atque
3342 1326 3343 1329 η
3365 1269 3461 1338 ,Ῑυο

1879 1367 2159 1435 dicaverit,
2181 1366 2499 1424 obedienter
2534 1364 2761 1436 exsequi
2784 1363 3094 1420 nullatenus
3134 1360 3459 1432 praetermit-

1881 1457 2040 1524 tatis;
2081 1458 2410 1512 exhibentes
2439 1456 2603 1512 etiam
2655 1471 2754 1511 vos
2800 1455 2853 1510 in
2880 1455 3031 1510 omni
3069 1452 3376 1510 obedientia
3408 1459 3467 1505 et

1881 1546 2188 1603 humilitate
2212 1546 2388 1601 eidem
2414 1546 2621 1600 vicario
2644 1553 2834 1603 nostro
2855 1552 2909 1599 et
2929 1541 3155 1613 prafato
3168 1540 3463 1596 Viennensi

1880 1640 2318 1709 archiepiscopo,
2352 1639 2420 1693 ad
2461 1635 2910 1693 satisfaciendum
2936 1649 3102 1704 super
3130 1633 3218 1688 his
3260 1630 3466 1702 quibus

1878 1748 1977 1789 vos
2011 1731 2469 1804 reprehensibiles
2513 1739 2569 1786 et
2614 1729 2813 1785 merito
2846 1725 3200 1798 corrigendos
3225 1723 3464 1794 appella-

1877 1825 2073 1881 verint.
2116 1823 2305 1880 Videte
2338 1838 2470 1895 ergo
2500 1837 2665 1893 quam
2717 1820 2937 1875 attentis
2978 1817 3207 1874 auribus
3234 1822 3293 1871 et
3327 1815 3461 1869 obe-

1877 1900 2152 1971 dientibus
2177 1913 2375 1970 animis
2396 1929 2501 1969 nos
2523 1913 2577 1967 in
2599 1911 2688 1966 his
2701 1910 2956 1965 omnibus
2980 1906 3248 1974 audiatis;
3276 1904 3468 1961 scien.

1877 2016 1961 2061 tes
1992 2006 2253 2077 quoniam
2300 2005 2347 2061 si
2395 2004 2578 2059 denuo
2596 2003 2666 2058 ad
2713 2016 2815 2057 nos
2857 2008 3052 2056 vestra:
3083 1995 3467 2053 iuobedieutim

1880 2105 1935 2153 et
1969 2098 2274 2152 temerariae
2300 2094 2675 2151 resultationis
2708 2091 3055 2149 contumacia
3091 2089 3298 2161 perlata
3343 2086 3463 2144 fue-A

1880 2188 1973 2255 rit,
2008 2188 2236 2243 inultam
2268 2202 2389 2243 eam
2417 2193 2474 2242 et
2509 2183 2779 2254 condigna
2820 2183 3110 2238 severitate
3138 2177 3465 2249 impunitam

1882 2280 2195 2334 nullatenus
2226 2279 2527 2350 apostolica
2556 2274 2923 2332 dissimulabit
2949 2256 3268 2336 auctoritas,
3293 2279 3350 2326 et
3378 2269 3466 2324 in-

1882 2373 2049 2428 troitu
2073 2371 2319 2427 ecclesiae
2353 2378 2551 2425 vestrae
2581 2367 2840 2422 omnibus
2865 2364 3181 2420 hominibus
3210 2359 3475 2434 praisch

1884 2466 2209 2519 auctoritate
2235 2461 2529 2533 prohibito,
2558 2475 2683 2516 eam
2710 2460 2874 2514 etiam
2900 2471 3067 2527 quam
3112 2453 3320 2526 praefati
3348 2450 3464 2505 fra-

1884 2560 1997 2610 tres
2028 2554 2202 2609 nostri
2228 2553 2454 2607 ultionis
2499 2552 2554 2606 iu
2603 2566 2701 2605 vos
2735 2549 3064 2605 sententiam
3103 2555 3158 2601 et
3197 2543 3484 2616 judicium.

1882 2645 2248 2711 exercuerim,
2278 2642 2595 2714 perurgenti
2618 2641 2673 2695 in
2700 2655 2796 2696 vos
2818 2638 3159 2696 districtione
3196 2644 3377 2690 ratum
3402 2648 3469 2690 ac

1885 2737 2108 2792 firmum
2141 2750 2264 2791 esse
2286 2747 2598 2789 censemus.

1962 2825 2094 2881 Data
2120 2825 2264 2896 apud
2287 2831 2529 2880 castrum
2553 2822 2703 2892 quod
2727 2821 2929 2876 dicitur
2951 2818 3215 2889 Carpum,
3239 2813 3465 2871 κιγκλίδι.

1889 2916 2110 2987 Aprilis,
2140 2915 2434 2970 indictione
2455 2928 2543 2967 xv.

2410 3022 2744 3080 EPISTOLA
2768 3020 2926 3076 XVII.

2209 3135 2269 3172 AD
2299 3133 2618 3173 WlLLELIUM
2647 3128 2821 3170 REGE“
2844 3124 3142 3168 λΝςιοιιωι.

2478 3206 2661 3277 (Anno
2689 3202 2871 3274 1077.)

1889 3314 2121 3371 Causam
2182 3310 2425 3365 Dolensis
2485 3307 2714 3378 episcopi
2755 3312 2967 3378 propter
3008 3303 3121 3373 ejus
3170 3300 3368 3354 scelera
3391 3299 3474 3378 _ab

1950 3385 2256 3454 episcopatu
2283 3380 2437 3450 ejeeti
2461 3370 2540 3433 ita
2563 3370 3052 3454 tractatam'Luisse,
3084 3379 3141 3426 ut
3162 3370 3469 3454 accuratius

1961 3440 2185 3509 t'racta'ri
2216 3440 2323 3506 non
2348 3466 2496 3521 posse
2526 3449 2818 3521 uideretur.
2862 3440 2995 3514 Ejus
3019 3452 3201 3521 tamen
3226 3440 3470 3521 precibus

1960 3508 2159 3595 legatos
2189 3508 2511 3595 destinasse,
2530 3519 2619 3591 qui
2654 3533 2770 3572 eam
2801 3508 2990 3595 iterum
3014 3508 3285 3595 incudem
3308 3508 3472 3563 ecete—

1960 3583 2045 3649 sia
2093 3599 2441 3664 pertractant,
2486 3583 2552 3664 ’ἰή
2594 3603 2818 3664 quarunt
2845 3583 3303 3664 determination
3354 3594 3474 3633 cum

1962 3653 2478 3735 acquieturumhnon
2510 3653 2746 3735 dubitat.
2773 3656 2855 3735 4d
2898 3655 3012 3735 ejus
3043 3653 3269 3735 gloriam
3294 3668 3348 3704 se
3372 3666 3471 3720 pa-

1968 3722 2144 3790 raium
2170 3733 2431 3796 ostendit;
2458 3740 2651 3787 cwtera
2696 3722 2933 3783 Huberto
2959 3722 3131 3796 legato
3156 3739 3210 3778 se
3235 3722 3291 3774 in
3323 3736 3475 3779 man-

1964 3806 2106 3860 datis
2129 3804 2402 3870 daturum,
2437 3802 2522 3856 cui
2552 3800 2717 3870 [idem
2738 3796 3006 3852 adhibeat.

1955 3917 2263 3972 Caesonius
2295 3915 2603 3986 episcopus,
2649 3926 2843 3967 servus
2877 3921 3161 3964 servorum
3194 3903 3312 3969 Dei,
3354 3901 3474 3955 Wi-

1896 4023 2103 4066 ι.ι.εωιο
2139 4006 2252 4077 regi
2273 4004 2595 4076 Anglorum,
2632 4002 2862 4058 salutem
2889 4008 2943 4055 et
2984 3996 3338 4069 apostolicam
3381 3995 3476 4050 bc-

1896 4098 2278 4155 ncdictionem.

1893 4251 1897 4257 ,
1962 4188 2198 4244 Causam
2225 4186 2370 4244 unde
2396 4188 2500 4240 nos
2535 4184 2591 4239 in
2623 4182 2817 4237 litteris
2858 4180 3057 4236 vestris
3099 4176 3354 4248 rogastis,
3401 4176 3477 4231 ita

1892 4282 2007 4353 jam
2056 4279 2124 4335 ad
2166 4286 2472 4353 estremum
2523 4275 2812 4331 deductam
2855 4288 2995 4329 esse.
3036 4269 3370 4344 putavimus,
3412 4282 3474 4323 ut

240 4370 476 4417 consueta
504 4364 679 4433 pietas
712 4381 757 4419 a.
797 4365 955 4421 nobis
1000 4364 1186 4435 exigit.
1243 4362 1615 4434 Conqueritur
1648 4362 1789 4416 enim

1899 4372 2035 4428 nihil
2068 4372 2123 4426 in
2148 4387 2210 4427 ea
2242 4370 2390 4442 quod
2415 4367 2644 4425 ulterius
2675 4363 3076 4422 retractandum
3099 4369 3244 4418 esset
3266 4366 3479 4414 restare

241 4451 504 4511 adversum
536 4474 633 4513 vos
660 4456 943 4512 confrater
972 4466 1162 4513 noster
1196 4454 1574 4511 Wormundus
1605 4454 1794 4529 [Wor-

241 4545 831 4620 mandus],venerabilis
842 4547 1167 4606 Viennensis
1181 4548 1797 4619 archiepiscopus,quod

243 4634 285 4686 ei
313 4638 576 4709 antiquam
604 4641 852 4696 debitam
885 4650 1208 4712 potestatem
1234 4641 1342 4695 loci
1378 4641 1547 4695 vestri
1575 4647 1797 4695 contra-

246 4723 401 4782 dicere
426 4731 907 4802 praasumpseritis,
940 4747 1108 4803 quam
1143 4731 1212 4786 ab
1244 4730 1401 4785 initio
1425 4730 1632 4801 proprii
1657 4729 1800 4800 juris

247 4811 546 4879 Viennensis
567 4822 829 4878 Ecclesia:
855 4824 1151 4889 exstitisse,
1185 4830 1239 4876 et
1264 4822 1530 4878 hactenus
1553 4822 1656 4877 sub
1689 4821 1801 4877 dis-

249 4910 492 4977 positione
520 4931 751 4972 suorum
785 4924 1199 4972 antecessorum
1243 4914 1413 4971 fuisse
1447 4929 1555 4969 non
1583 4914 1800 4984 ignora-

252 4997 330 5064 tis,
359 5000 595 5060 indicans
624 5006 797 5061 etiam
821 5021 918 5061 vos
948 5007 1096 5062 hanc
1119 5003 1525 5060 contradicendi
1564 5003 1665 5058 sibi
1710 5018 1802 5058 oc-

255 5091 501 5149 casionem
549 5096 999 5153 irrationabiliter
1028 5103 1085 5152 et
1127 5095 1319 5151 callide
1356 5094 1712 5166 praetendere,
1744 5102 1805 5148 ut

255 5178 376 5236 idem
400 5183 548 5242 locus
578 5188 722 5257 juris
752 5187 807 5243 S.
844 5189 992 5246 Petri
1034 5196 1093 5243 et
1127 5187 1230 5243 sub
1255 5188 1374 5259 ejus
1407 5185 1674 5252 dominio,
1705 5202 1803 5240 ne-

260 5273 358 5316 ειδἰο
382 5278 567 5316 nnthle
605 5283 913 5316 «lupina-Hnno
944 5282 1030 5316 ποι
1062 5282 1507 5316 ηηηηορρῖηηῖιῃια
1568 5294 1690 5316 occa
1713 5280 1807 5316 ΑΩ-

1898 4466 2190 4522 videretur.
2220 4462 2357 4519 Nam
2398 4478 2525 4519 cum
2549 4461 2606 4516 in
2635 4458 2857 4515 Dolensi
2887 4454 3121 4513 ecclesia
3160 4451 3496 4524 episcopum.

1898 4555 2292 4619 ordinavimus,
2325 4551 2398 4607 ita
2432 4551 2579 4609 hunc
2602 4563 2702 4622 pro
2729 4563 2842 4619 quo
2860 4542 3179 4613 excellentia
3191 4537 3503 4599 vestram-—

1900 4645 2132 4701 tervenit
2156 4643 2224 4697 ad
2254 4641 2615 4714 dejectionem
2654 4653 2812 4693 suam
2841 4651 2909 4691 ex
2939 4633 3178 4706 propriis
3216 4627 3479 4686 facinori-

1899 4738 2025 4804 bus,
2051 4744 2106 4792 et
2129 4734 2198 4790 ad
2227 4734 2484 4790 ultimum
2508 4747 2576 4787 ex
2602 4726 2972 4784 inobedientia
2999 4741 3061 4781 se
3086 4724 3505 4795 praecipitasse,

1902 4844 2011 4883 non
2041 4827 2223 4882 solum
2248 4841 2345 4899 per
2373 4822 2602 4878 clericos
2624 4827 2680 4874 et
2705 4817 2990 4889 religiosas
3032 4829 3298 4887 personas
3337 4811 3489 4867 illius

1904 4917 2176 4982 Ecclesiae,
2204 4915 2301 4973 sed
2321 4914 2485 4971 etiam
2506 4926 2605 4983 per
2633 4909 2877 4981 legatum
2897 4915 3150 4963 nostrum
3176 4905 3487 4963 Leuzonem

1904 5006 2259 5072 monachum,
2287 5003 2758 5070 intellexeramus,
2787 5007 2847 5056 ut
2880 4998 3057 5068 magis
3090 4997 3211 5055 sibi.
3224 4996 3293 5052 de
3329 4992 3493 5053 malis

1906 5102 1961 5156 in
1989 5098 2286 5154 Ecclesiam
2302 5091 2616 5151 commissis
2641 5099 2700 5146 et
2720 5087 3143 5160 corruptissima
3162 5089 3272 5142 vita
3299 5098 3400 5140 sua
3423 5082 3497 5135 ti-

1899 5186 2164 5244 mendum
2192 5194 2248 5239 et
2288 5179 2676 5254 plangendmn,
2725 5195 2895 5256 quam
2935 5192 3036 5248 pro
3081 5172 3497 5248 recuperatione

1908 5282 2254 5316 ηηςςιοηηςιίιια
2281 5271 2737 5316 nrnnlnmandllm
2798 5281 2892 5316 sint
2933 5269 3234 5316 mlidmmm
3274 5276 3513 5316 snerana
