3982 5316
479 301 573 358 ιτι

1109 307 1166 364 s.
1205 287 1660 367 cueconn'vn
1691 288 1895 369 mm
1923 289 2216 386 eranum
2251 313 2442 374 rans.
2465 313 2506 368 l.
2547 344 2620 355 -
2654 313 3077 372 REGIS’I‘RUM.

3643 319 3754 374 173

475 431 504 474 e
523 415 855 488 irrigendum
877 421 1062 478 minus
1085 423 1313 479 solliciti
1333 425 1703 496 inveniamur,
1726 428 1934 501 legatos
1956 443 2051 483 no-
2078 431 2125 486 Α
2149 427 2432 486 beratione
2455 429 2700 500 ejusdem
2721 429 2970 486 ecclesia:
2995 431 3215 498 fecerat,
3244 443 3366 486 eam
3388 445 3666 501 occupare
3691 444 3752 492 et
3799 421 3814 436 ’

455 500 638 572 'stros,
665 506 916 563 videlicet
943 508 1272 566 confratrem
1306 525 1557 569 nostrum
1586 500 1868 588 nugonem
1889 531 2053 574 vene-

2158 517 2442 588 tyrannica
2467 520 2819 589 oppressione
2841 521 3076 592 aliligere
3099 534 3208 576 non
3233 528 3433 576 cessat.
3463 517 3619 576 Unde
3637 523 3750 578 sci-

473 593 704 649 rabilem
737 594 990 653 Dieusem
1014 598 1352 671 episcopum,
1375 612 1430 660 ct
1473 603 1731 660 dilectum
1757 605 1928 661 tilium
1957 623 2056 663 no-
2157 624 2217 666 re
2243 625 2342 666 vos
2381 610 2638 667 volumus
2688 611 2818 682 quia
2863 611 3015 668 sicut
3051 611 3326 668 eonfrater
3354 623 3550 668 noster
3592 611 3751 696 Hugo

467 693 648 742 stram
678 685 980 745 Huhertom
1010 701 1215 748 sanctae
1242 693 1506 752 Romanae
1533 695 1792 754 Ecclesia:
1825 699 2051 766 subdia-

467 793 692 849 conum,
719 791 776 838 et
819 783 1000 855 ipsum
1036 787 1202 842 etiam
1238 787 1550 846 Leumnem
1602 793 1956 861 monachum,
2003 795 2051 850 si

455 879 712 943 'ereptum
738 874 810 930 ab
832 874 1152 934 inﬁrmitate
1173 881 1478 949 poterimus
1504 880 1634 938 illuc
1673 883 1910 953 mittere,
1957 884 2052 940 de-

453 963 760 1032 crevimus,
792 967 888 1037 qui
913 981 1138 1024 causam
1167 969 1415 1041 diligenti
1461 971 1818 1043 inquisitione
1859 973 2048 1032 discu-

463 1053 624 1122 tiant,
656 1065 733 1122 et,
765 1057 810 1113 si
835 1057 970 1128 quid
997 1060 1052 1114 in
1099 1075 1163 1116 ea
1210 1061 1450 1118 dictante
1481 1063 1696 1134 justitia
1724 1067 2048 1124 mutandum

462 1145 546 1200 vel
574 1148 976 1205 emendandum
1002 1150 1188 1219 fuerit,
1215 1155 1574 1224 consequenti
1599 1156 1812 1213 ratione
1849 1165 1905 1214 et
1943 1173 2046 1214 au~

459 1239 714 1296 ctoritate
739 1244 964 1315 exsequi
1006 1246 1278 1302 studeant.
1321 1244 1604 1320 Nusquam
1628 1251 1774 1306 enim
1816 1251 1924 1308 hoc
1947 1267 2045 1307 ne-

459 1329 668 1399 gotium
695 1333 898 1390 rectius
923 1343 1018 1390 aut
1043 1335 1358 1406 diligentius
1385 1353 1552 1408 quam
1583 1339 1638 1395 in
1663 1341 1850 1396 eadem
1872 1343 2047 1398 eccle-

452 1418 541 1473 sia
565 1423 888 1491 pertractari
917 1439 1079 1495 posse
1105 1425 1340 1494 videtur,
1376 1427 1468 1484 ubi
1511 1439 1566 1486 et
1595 1429 1687 1488 hic
1706 1439 1762 1487 et
1795 1430 1871 1486 illi
1901 1445 2043 1502 prae-

457 1519 640 1566 sentes
665 1527 790 1569 esse
811 1515 1049 1583 valeant,
1078 1525 1134 1572 et
1152 1518 1320 1572 vestri
1346 1518 1510 1574 etiam
1535 1520 1800 1578 interesse
1825 1521 2039 1578 ﬁdeles.

452 1601 552 1671 'qui
579 1603 845 1659 rationem
883 1615 939 1662 et
977 1605 1247 1677 justitiam
1288 1609 1446 1679 plene
1483 1611 1854 1682 pereognitam
1878 1614 2044 1670 certis

452 1694 849 1752 assertionibus
877 1697 1032 1753 vobis
1055 1697 1298 1754 indicare
1330 1710 1554 1770 queant.
1585 1699 1698 1758 Nec
1721 1702 2041 1760 dubitamus

452 1784 706 1854 equidem
759 1787 895 1858 quin
943 1797 1128 1844 vestra
1178 1791 1444 1848 celsitudo
1479 1792 2042 1866 diliinitioni':ju5titite

451 1876 796 1932 concorditer
829 1880 1170 1950 acquiescat,
1196 1883 1460 1954 quoniam
1487 1873 1614 1940 licet
1652 1885 1706 1940 in
1745 1887 1899 1943 vobis
1942 1903 2040 1958 per

443 1967 886 2026 misericordiam
923 1971 1016 2028 Dei
1053 1975 1241 2030 multae
1269 1983 1324 2030 et
1351 1976 1584 2048 egregiae
1627 1987 1758 2033 sunt
1785 1979 2036 2047 virtutes,

451 2057 570 2114 haec
613 2069 795 2117 tamen
841 2075 926 2118 est
969 2067 1232 2135 praeclara
1285 2077 1341 2125 et
1386 2067 1778 2138 famosissima,
1816 2083 1871 2129 et
1915 2089 2040 2144 quae

450 2151 680 2222 gloriam
704 2165 942 2210 vestram
971 2155 1080 2214 Deo
1107 2160 1382 2231 praecipue
1408 2163 1757 2220 commendat
1781 2175 1836 2221 et
1860 2165 2038 2222 boml-

449 2243 634 2313 nibus,
683 2249 830 2316 quod
868 2248 1158 2318 justitiam,
1211 2265 1378 2322 quam
1428 2269 1524 2310 vos
1575 2253 1756 2311 facere.
1801 2257 2036 2328 prompti

448 2336 604 2405 estis,
635 2337 758 2396 aliis
784 2341 948 2396 etiam
976 2341 1306 2401 facientibus
1332 2345 1556 2418 diligitis
1581 2357 1746 2420 atque
1771 2350 2031 2421 probatis.

449 2426 528 2482 De
561 2439 758 2487 caetero
778 2431 972 2488 scitote
1005 2435 1364 2492 eminentiam
1391 2445 1653 2506 vestram,
1679 2449 1734 2496 et
1758 2455 1901 2513 saepe
1943 2459 2035 2499 eo—

445 2519 656 2592 gnitam
703 2522 1047 2580 devotionem
1088 2525 1230 2597 ejus,
1268 2528 1428 2585 nobis
1471 2530 1844 2601 gratissimam
1896 2531 2030 2603 fore,
2126 2585 2134 2592 .

451 2613 549 2683 qui
575 2623 631 2670 et
656 2631 756 2673 vos
779 2615 948 2687 ipsos,
967 2625 1022 2672 et
1039 2617 1305 2691 quidquid
1332 2621 1401 2677 ad
1427 2621 1656 2694 gloriam
1683 2625 2033 2684 sublimitatis

442 2713 643 2762 vestra:
669 2705 780 2762 Deo
799 2719 1023 2768 auctore
1047 2709 1312 2784 prolicere
1331 2722 1528 2784 potest,
1557 2729 1772 2788 semper
1793 2717 1849 2772 in
1871 2719 2033 2775 corde

444 2805 501 2850 et
526 2797 831 2858 visceribus
855 2806 1058 2863 nostris
1085 2822 1210 2862 cum
1251 2822 1452 2880 magno
1471 2808 1742 2867 desiderio
1760 2820 1814 2868 et
1836 2812 2027 2869 atl'ectu

446 2887 656 2945 intimze
701 2891 984 2950 charitatis
1028 2896 1430 2968 amplectimur,
1475 2908 1530 2956 et
1578 2900 1648 2956 ad
1694 2901 2030 2958 voluntatem

444 2988 685 3036 vestram
713 2982 769 3038 in
802 2985 1060 3042 omnibus
1093 3003 1217 3058 qua:
1237 2989 1380 3060 apud
1406 3005 1509 3047 nos
1548 2991 1843 3064 impetrare
1879 3010 2030 3066 qua:-

2155 701 2370 760 Diensis
2405 703 2723 774 episcopus,
2760 703 2851 762 cui
2885 705 3032 760 vices
3081 713 3298 761 nostras
3333 705 3389 760 in
3438 705 3748 761 GaIlia-rum

2152 795 2401 865 partibus
2457 795 2694 866 agendas
2737 797 3152 866 commisimus,
3204 798 3356 854 illum
3418 813 3746 854 excommu-

2154 883 2374 952 nicavit,
2413 884 2492 940 sic
2517 892 2572 940 et
2599 901 2700 942 nos
2729 887 3348 956 excommunieavimus,
3373 898 3430 945 et
3459 905 3492 944 a
3538 889 3748 960 gremio

2151 985 2354 1034 sanctae
2395 975 2654 1034 Ecclesiae
2695 979 3090 1051 separavimus.
3135 967 3482 1059 Quapropter
3525 992 3747 1052 aposto-

2150 1068 2254 1126 lica
2279 1069 2604 1125 auctoritate
2653 1071 3002 1142 praecipimus
3045 1073 3201 1152 vobis
3248 1081 3332 1140 ut,
3367 1073 3508 1129 colla
3561 1083 3742 1130 vestra

2149 1160 2216 1216 de
2263 1159 2367 1216 sub
2401 1159 2536 1232 jugo
2583 1161 2704 1232 ejus
2757 1163 3116 1231 excutientes,
3143 1180 3213 1220 ne
3261 1164 3359 1233 illi,
3396 1164 3744 1222 adlimreutes

2147 1251 2383 1319 diabolo,
2415 1251 2575 1324 cujus
2605 1253 2720 1324 ipse
2744 1255 3051 1317 membrum
3089 1256 3267 1314 factus
3310 1267 3414 1326 est,
3461 1261 3740 1327 serviatis,

2147 1343 2242 1398 sed
2269 1343 2338 1398 ab
2361 1342 2456 1398 illo
2485 1344 2626 1400 sicut
2647 1345 2716 1401 ab
2740 1349 3218 1406 excommunicato
3238 1359 3455 1422 oportet
3477 1352 3738 1418 caveatis,

2144 1445 2199 1491 et
2238 1437 2306 1494 de
2351 1439 2932 1509 excommunicatione,
2962 1457 3127 1514 quam
3172 1443 3507 1512 incurristis,
3555 1460 3740 1501 coram

2143 1529 2402 1602 praedicto
2443 1529 2630 1586 Diensi
2658 1532 2914 1604 episeopo
2939 1533 3366 1604 satisfacientes,
3400 1537 3581 1606 ipsius
3605 1553 3730 1592 cou-

2145 1620 2268 1678 silio
2305 1631 2576 1692 pastorem
2622 1622 2778 1699 vobis
2809 1625 3113 1680 secundum
3165 1625 3461 1682 Dominum
3495 1629 3734 1700 eligatis.

2143 1708 2302 1777 Quod
2325 1711 2388 1768 .si
2439 1710 2700 1779 feceritis,
2732 1713 2802 1768 ab
2835 1713 2986 1769 omni
3031 1725 3375 1770 sacramento
3423 1727 3482 1772 et
3524 1718 3738 1788 obliga-

2074 1771 2116 1826 Β
2143 1801 2289 1856 tione
2312 1816 2482 1872 quam
2510 1801 2736 1873 praefato
2773 1801 3088 1860 Simoniaco
3113 1815 3300 1861 contra
3325 1807 3627 1863 Dominum
3659 1807 3737 1862 fe-

2143 1890 2296 1946 cistis
2327 1907 2392 1948 ex
2421 1901 2574 1963 parte
2602 1894 2778 1949 sancti
2805 1893 2951 1949 Petri
2979 1909 3076 1952 vos
3105 1896 3462 1954 absolvimus.
3517 1897 3578 1952 Si
3605 1914 3738 1952 vero

2140 1981 2306 2037 etiam
2357 1998 2506 2040 nunc
2552 1992 2755 2040 nostrae
2800 1985 3028 2041 salutari
3083 1985 3324 2056 jussioni
3379 1987 3736 2043 recalcitrare

2139 2075 2622 2146 puesumpseritis,
2659 2076 2780 2148 pari
2809 2091 2906 2134 vos
2937 2079 3286 2140 anathemate
3335 2077 3734 2134 condemnatos

2140 2164 2349 2221 sciatis.

2209 2254 2344 2312 Data
2370 2254 2653 2313 Bibianelli
2682 2257 3031 2332 [Biblianelli,
3065 2268 3115 2316 et
3137 2260 3216 2314 sic
3249 2258 3479 2334 semper]
3517 2259 3733 2316 decimo

2138 2341 2407 2402 Kalendas
2427 2345 2650 2418 Aprilis,
2679 2348 2976 2406 indictione
2999 2350 3210 2407 decium
3235 2353 3449 2423 quinta.

2669 2469 3010 2528 EPISTOLA
3045 2471 3186 2529 XIX.

2565 2557 2631 2597 AD
2660 2557 2965 2599 GALLIARU!
2995 2559 3294 2608 EPISCOI'OS.

2727 2634 2908 2708 (Anno
2943 2635 3126 2709 1077.)

2135 2719 2430 2798 Con/irruat
2450 2716 2765 2798 sententiam
2787 2725 3188 2798 irﬂniciensem
3206 2729 3508 2798 episcopum
3534 2728 3726 2792 (utam.

2205 2803 2261 2846 ut
2311 2794 2366 2847 in
2411 2795 2958 2868 superior-idepiatola.
2998 2794 3438 2868 lia-communicat
3465 2809 3729 2868 prrelerea

2205 2878 2383 2918 omnes
2412 2867 2503 2935 qui
2536 2865 2816 2920 consilium
2841 2867 2890 2921 ei
2918 2867 3158 2922 dederint
3199 2878 3258 2921 ut
3305 2869 3359 2922 in
3402 2865 3502 2923 sua
3536 2871 3727 2924 Iurresi

2201 2945 2525 3009 permaneat.
2555 2935 2814 3009 Prohibet
2855 2954 3056 3009 quoque
3102 2938 3394 2994 oblationes
3430 2941 3487 2994 in
3539 2943 3724 2995 eadem

2199 3002 2423 3059 ecclesia
2447 3006 2585 3075 ﬁeri,
2609 3002 2845 3078 quandiu
2866 3002 2936 3062 ab
2958 3002 3018 3063 eo
3041 3009 3360 3064 detineatur.

443 3068 704 3138 siveritis,
731 3074 910 3144 quoad
933 3090 1250 3146 possumus,
1280 3087 1336 3135 et
1373 3082 1674 3138 secundum
1717 3083 2027 3156 beneplaci-
2055 3114 2097 3170 ρ
2204 3093 2516 3152 Gneoomus
2542 3068 2851 3170 episcopus,
2883 3113 3078 3156 servus
3115 3115 3402 3156 servorum
3440 3100 3560 3168 Dei,
3595 3101 3722 3156 uni-

442 3167 558 3214 tum
591 3161 708 3230 Dei,
736 3179 839 3220 nos
875 3167 1076 3224 audere
1104 3171 1506 3240 cognoscimus,
1534 3171 1676 3230 ﬂecti
1704 3185 1760 3231 et
1787 3191 2030 3234 annuere

441 3253 618 3321 parati
656 3268 872 3312 sumus.
909 3255 1049 3323 Quia
1087 3275 1219 3315 vero
1245 3261 1530 3331 praefatum
1580 3263 1750 3320 tilium
1779 3278 2028 3324 nostrum

447 3341 752 3400 “ubertum
803 3347 872 3403 ad
926 3365 1026 3406 vos
1087 3367 1266 3423 usque
1321 3353 1556 3427 dirigere
1607 3355 2024 3430 destinavimus,

440 3430 601 3500 plura
636 3433 792 3490 vobis
843 3436 1085 3494 scribere
1142 3456 1253 3496 non
1303 3445 1673 3502 necessarium
1725 3447 2022 3520 duximus;

441 3525 725 3594 quoniam,
760 3527 814 3582 in
836 3529 1092 3586 omnibus
1121 3547 1246 3603 quae
1269 3548 1336 3590 ex
1360 3545 1547 3592 nostra
1569 3548 1722 3609 parte
1747 3541 1902 3598 vobis
1934 3559 2024 3598 re-

439 3612 568 3682 fert,
598 3615 778 3687 ipsum
799 3620 960 3690 quasi
982 3622 1348 3682 certissimam
1373 3627 1661 3699 epistolam
1697 3642 1942 3691 nostram
1970 3645 2024 3692 et

442 3705 611 3762 verba
645 3717 834 3768 nostra
870 3710 1100 3769 ﬁdeliter
1121 3715 1490 3774 continentem
1519 3718 1637 3778 fore
1669 3739 1771 3780 nec
1791 3740 1892 3782 nos
1916 3725 2022 3781 du-

439 3795 700 3868 bitamus,
727 3817 830 3858 nec
867 3813 1106 3861 vestram
1148 3809 1527 3868 excellentiam
1573 3811 1824 3872 dubitare
1863 3818 2021 3872 volu«

440 3904 584 3946 ntus.
622 3891 766 3950 Deus
795 3905 976 3952 autem
1005 3897 1348 3970 omnipotens
1374 3903 1586 3982 meritis
1599 3915 1654 3962 et
1679 3905 2024 3968 intercessio-

438 3983 602 4040 nibus
645 3989 1014 4057 apostolorum
1037 3985 1201 4046 I’etri'
1223 4001 1278 4048 et
1305 3991 1482 4063 Pauli,
1525 4005 1580 4052 et
1609 4000 1854 4055 omnium
1886 4018 2017 4058 san-

437 4084 650 4132 ctorum
705 4095 952 4148 suorum,
991 4081 1089 4138 tibi
1141 4093 1196 4139 et
1247 4087 1612 4145 serenissima:
1659 4093 1860 4164 regina:
1900 4091 2020 4150 Ma-

435 4166 593 4222 thildi
619 4170 776 4225 uxori
797 4180 926 4240 tuze,
963 4181 1018 4229 et
1051 4174 1375 4233 clarissimis
1400 4177 1526 4234 liliis
1547 4182 1747 4237 vestris
1770 4184 2017 4241 omnium

433 4270 786 4329 peccatorum
813 4273 1120 4322 vestrorum
1148 4269 1541 4341 indulgentiam
1557 4281 1612 4329 et
1634 4275 2016 4333 remissionem

433 4360 488 4406 et
515 4351 916 4410 absolutionem
941 4357 1176 4426 tribuat;
1207 4369 1264 4415 et
1289 4377 1414 4416 cum
1443 4377 1543 4419 vos
1567 4363 1634 4420 de
1662 4365 1826 4422 rebus
1850 4384 2014 4423 mun-

2130 3185 2305 3241 versis
2331 3185 2635 3242 Galliarum
2653 3189 2950 3260 episcopis,
2973 3200 3030 3246 et
3055 3191 3267 3247 cunctis
3287 3191 3582 3247 ordinibus
3613 3191 3720 3246 sub

2127 3278 2210 3334 eis
2237 3281 2569 3352 constitutis,
2595 3284 2797 3357 quibus
2835 3301 2937 3356 pro
2966 3287 3160 3342 merito
3185 3287 3432 3356 debetur,
3483 3287 3717 3344 salutem

2127 3380 2182 3426 et
2207 3375 2563 3442 apostolicam
2593 3375 3048 3434 benedictionem.

2197 3463 2398 3522 Nolunt
2421 3481 2545 3524 esse
2577 3469 2830 3526 volumus
2872 3471 3126 3527 charitati
3164 3480 3360 3528 vestra:
3394 3473 3546 3544 quod
3589 3472 3714 3528 Ste-

2123 3555 2364 3626 phanus,
2401 3556 2710 3616 Anieiensis
2735 3560 2982 3618 ecclesiae
3017 3561 3239 3618 invasor
3252 3571 3315 3618 et
3339 3563 3714 3631 Simoniacus,

2119 3643 2328 3715 juravit
2374 3647 2532 3704 nobis
2565 3663 2732 3719 super
2763 3665 2964 3722 corpus
2984 3651 3130 3708 beati
3162 3651 3310 3708 Petri
3337 3663 3398 3708 ut
3421 3655 3713 3710 ecclesiam

2125 3735 2302 3806 ipsam
2323 3737 2644 3805 dimitteret,
2669 3748 2725 3795 et
2768 3749 3046 3811 pastorem
3073 3743 3127 3798 in
3157 3759 3222 3798 ea
3257 3745 3566 3800 secundum
3609 3744 3716 3800 Do-

2123 3826 2334 3885 minum
2357 3829 2556 3901 eligere
2587 3839 2753 3903 atque
2783 3835 3117 3890 constituere
3149 3851 3248 3906 per
3285 3836 3448 3890 tidem
3478 3836 3712 3907 adjuva-

2123 3928 2224 3986 ret,
2274 3921 2714 3994 quandocunque
2767 3923 2974 3996 legatus
3024 3925 3336 3996 apostolicae
3377 3927 3528 3981 sedis
3582 3943 3709 3982 cum

2122 4010 2320 4066 litteris
2349 4013 2555 4069 nostris
2589 4013 2642 4069 id
2668 4029 2796 4069 eum
2821 4014 3004 4072 facere
3025 4031 3122 4088 per
3145 4025 3554 4072 sacramentum
3591 4035 3710 4074 mo-

2121 4110 2294 4157 neret.
2334 4101 2530 4160 Postea
2563 4119 2698 4160 VCi‘O
2727 4107 3094 4162 commonitus
3127 4123 3160 4162 a
3199 4107 3481 4165 confratre
3517 4120 3709 4166 "OSer

2119 4187 2348 4262 IIugone
2387 4191 2575 4249 Diensi
2621 4195 2880 4267 episcopo
2927 4197 3094 4268 hujus
3140 4198 3448 4268 specialiter
3502 4202 3706 4272 negotii

2118 4280 2330 4340 litteras
2355 4299 2386 4339 a
2421 4285 2582 4342 nobis
2615 4287 2872 4356 habente,
2903 4289 3158 4359 quamvis
3180 4290 3356 4346 eidem
3397 4293 3562 4348 uices
3603 4309 3706 4348 no-

2118 4380 2262 4428 stras
2291 4374 2347 4428 in
2376 4371 2676 4430 Galliarum
2705 4377 2954 4447 partibus
2990 4380 3484 4448 commisissemus,
3513 4381 3702 4439 Eccle-

431 4440 592 4496 danis
619 4443 785 4499 eximi
807 4444 1055 4515 jusserit,
1099 4448 1168 4504 ad
1195 4457 1463 4507 aeternum
1505 4468 1732 4525 regnum
1769 4471 1932 4514 suum
1961 4469 2015 4515 et
2047 4451 2092 4510 D
2118 4461 2259 4519 siam
2301 4479 2412 4520 non
2457 4474 2638 4522 cessat
2679 4468 3008 4538 opprimere,
3051 4479 3109 4526 et
3152 4469 3293 4526 ﬁlios
3337 4471 3460 4540 ejus
3497 4471 3702 4542 duplici

432 4545 619 4586 veram
647 4533 878 4604 gloriam
907 4537 1142 4593 transire
1169 4539 1351 4595 faciat.

426 4702 429 4704 _
502 4619 636 4678 Data
666 4622 969 4695 Bibianelli,
997 4643 1075 4682 xu
1104 4625 1222 4684 Kal.
1253 4631 1474 4702 Aprilis,
1501 4635 1612 4691 ind.
1645 4654 1730 4692 xv.

943 4737 1277 4798 EPISTOLA
1311 4742 1492 4800 XVIII.

853 4824 920 4860 AD
943 4823 1232 4870 CANONICOS
1259 4831 1582 4874 ANICIENSES.

1016 4899 1197 4970 (Anno
1229 4902 1412 4980 1077.)

355 5029 363 5050 ,
423 4978 725 5064 Confirmat
770 4992 1330 5068 excontntunicationis
1379 4978 1695 5067 audentiam
1749 5019 1781 5055 a
1822 5003 2006 5058 Diensi

2115 4555 2466 4625 contritione,
2513 4559 2785 4629 corporali
2833 4562 3044 4620 scilicet
3069 4571 3124 4618 et
3170 4563 3466 4634 spirituali,
3513 4573 3700 4620 conte-

2114 4664 2253 4704 rere.
2321 4647 2477 4706 Unde
2523 4653 3164 4723 exeommunicationem,
3212 4671 3377 4727 quam
3405 4656 3698 4725 praulictus

2113 4741 2324 4811 legatus
2375 4751 2560 4798 noster
2603 4759 2768 4819 super
2799 4759 2926 4800 eum
2959 4745 3108 4813 fecit,
3143 4761 3246 4802 nos
3281 4747 3691 4807 conﬁrmamus.

2111 4831 2422 4903 ipsumque,
2443 4841 2498 4888 et
2509 4849 2701 4890 omnes
2730 4837 2825 4906 qui
2848 4837 3105 4908 deinceps
3131 4836 3424 4908 consilium
3449 4837 3503 4892 ei
3531 4837 3694 4893 dede-

2110 4925 2222 4982 rint
2247 4934 2310 4981 ut
2337 4926 2394 4981 iu
2441 4927 2546 4982 hac
2585 4928 2776 4984 hzeresi
2821 4926 3158 5000 permaneat,
3193 4945 3262 4985 ex
3301 4938 3457 5000 parte
3499 4928 3613 4984 Dei-
3637 4936 3692 4984 et

2109 5018 2282 5068 sancti
2333 5019 2479 5068 Petri
2530 5021 3076 5068 anathematizamus.
3125 5022 3302 5068 donec
3342 5023 3683 5068 msinisrnnl-
