3982 5316
145 423 239 472 4?.)

1216 417 1420 473 LIBER
1452 416 1808 486 QUARTUS.
1844 447 1913 457 -—
1941 416 2159 473 EPIST.
2195 417 2315 475 XX.

3300 411 3404 471 474

145 541 193 589 et
213 547 279 588 ex
302 542 469 601 parte
496 547 676 593 vestra
701 541 1049 606 continuare,
1072 540 1371 611 apostolica
1398 539 1726 595 auctoritate
1753 539 1799 596 Α
1824 536 1907 608 gis
1926 536 2108 593 debita
2142 553 2251 594 non
2277 546 2521 606 accusat,
2550 551 2655 608 pro
2675 538 2779 597 hac
2818 537 2876 595 in
2903 535 3142 607 capitulo
3174 530 3407 595 fratrum

145 624 514 692 pracipimus.

207 710 343 768 Data
388 712 719 787 Bibianello,
765 720 981 777 decimo
1009 718 1279 777 Kalendas
1321 719 1547 791 Aprilis,
1579 719 1724 774 indi-

146 801 314 858 ctione
335 803 562 862 decima
585 809 796 878 quinta.

683 930 1020 988 EPISTOLA
1053 931 1173 987 XX.

329 1036 396 1075 ω
427 1036 737 1079 ,ποετ-πει)ιί
760 1039 1047 1080 ενιεεοιιωι
1073 1037 1506 1079 υλαιδιλοεκεειι.

732 1115 913 1186 (Anno
946 1114 1131 1186 1077.)

148 1198 433 1257 Watterum
454 1205 762 1285 .quemdant
812 1207 877 1259 ab
923 1206 1315 1285 archiepiscopo
1352 1206 1607 1285 ,πετηεωί
1631 1221 1725 1285 ης-

205 1275 677 1355 coutususicatum,
699 1285 748 1355 et
779 1294 814 1329 a
837 1293 892 1355 _se
919 1276 1014 1331 sub
1058 1275 1269 1355 cautela
1308 1277 1633 1355 absolutum,
1655 1276 1721 1328 ab

206 1344 624 1417 archiepiscopo,
671 1349 719 1399 si
763 1346 921 1417 culpa
971 1350 1254 1413 vacaverit,
1306 1347 1507 1417 absolui
1547 1346 1718 1417 jubet.

210 1413 353 1496 Quod
374 1413 549 1496 sijlle
571 1416 745 1496 facere
788 1413 1036 1496 noluerit,
1065 1416 1187 1496 cult‘
1205 1418 1406 1496 ut_ipse
1436 1413 1673 1470 absolvat
1699 1432 1718 1481 ;

205 1485 249 1556 s_i
272 1501 388 1556 rero
419 1485 479 1538 in
511 1486 673 1555 culpa
703 1487 883 1556 fuerit,
913 1488 981 1540 ad
1021 1485 1443 1556 satisfactionem
1469 1495 1717 1540 coarctat.

207 1552 395 1628 Eadem
428 1552 644 1627 quoque
665 1552 819 1626 pacto
848 1559 1079 1628 Azonent
1105 1552 1384 1628 quemdam
1405 1557 1719 1611 canonicum

204 1624 484 1707 absoluat;
524 1624 800 1707 titanas/tis
832 1626 1018 1682 Sancti
1042 1624 1720 1707 La'mberti,_qui.extraneo

208 1694 376 1776 abbati
422 1695 642 1776 obedire
677 1697 977 1776 noluerant,
1019 1694 1579 1776 excatttntunicat-ionis
1603 1714 1721 1776 sen-

209 1766 415 1818 tentiam
441 1765 652 1820 relaxet
666 1785 686 1831 ;
717 1778 767 1822 et
789 1765 1211 1833 Cameracenses,
1235 1769 1282 1821 si
1306 1769 1566 1821 hominem
1603 1767 1718 1821 ideo

206 1838 605 1909 combusserint,
629 1839 756 1909 quia
779 1836 1108 1893 Simoniacos
1120 1848 1169 1892 et
1191 1839 1505 1909 fomicarios
1528 1838 1716 1891 missus

207 1906 456 1961 celebrare
481 1923 596 1960 non
630 1906 816 1963 debere
843 1918 1116 1975 assereret,
1146 1906 1581 1975 eaeammunieet,
1626 1925 1712 1963 se-

206 1993 294 2047 que
322 1976 587 2033 Ecclesia:
617 1978 826 2048 ﬁdelem
850 1980 1151 2033 ministrant
1172 1979 1433 2034 exhibeat.

207 2093 505 2151 (insecutus
533 2096 846 2167 episcopus,
884 2112 1078 2152 servus
1109 2110 1395 2152 servorum
1437 2091 1557 2159 Dei,
1592 2090 1720 2147 Jos-

153 2201 300 2242 rasoo
340 2186 721 2245 Parisiacensi
759 2190 1038 2260 episcopo,
1089 2189 1322 2245 salutem
1362 2195 1418 2243 et
1463 2184 1725 2257 apostoli-

151 2292 255 2332 cam
291 2279 761 2337 benedictionem.

214 2370 296 2425 Vir
325 2372 428 2428 iste
475 2373 738 2430 videlicet
780 2374 1134 2445 praesentium
1179 2372 1414 2443 portitor
1448 2370 1725 2426 Walterus

155 2462 212 2517 de
235 2462 406 2519 Duaco
434 2464 504 2520 ad
539 2480 651 2521 nos
700 2465 947 2532 veniens,
990 2464 1181 2519 multis
1236 2462 1726 2533 supplicationibus

160 2555 292 2610 nobis
315 2556 534 2623 institit,
584 2566 860 2627 quatenus
904 2557 953 2611 ei
1002 2571 1100 2627 per
1150 2556 1464 2627 apostolica:
1509 2555 1726 2625 pietatis

159 2646 568 2703 miscricordiam
603 2649 900 2705 consilium
941 2648 1305 2705 absolutionis
1332 2655 1524 2703 nostro
1553 2647 1724 2701 inter-

161 2748 297 2793 ventu
320 2742 771 2810 impenderemus
787 2741 931 2811 apud
952 2740 1285 2796 confratrem
1314 2749 1564 2796 nostrum
1587 2738 1728 2793 Rhe-

163 2846 370 2889 measem
415 2834 923 2904 archiepiscopum,
968 2832 1065 2903 qui
1108 2848 1237 2887 eum
1288 2830 1729 2887 excommunica-

162 2934 323 2981 verat:
353 2927 612 2984 indicans
640 2925 802 2983 nobis
835 2925 981 2997 quod
1009 2925 1077 2979 de
1110 2940 1278 2980 causa
1312 2931 1535 2994 propter
1557 2937 1725 2994 quam

163 3019 644 3075 excommunicatus
690 3020 765 3075 sit
810 3018 1130 3073 multotiens
1176 3016 1246 3072 ad
1276 3014 1724 3085 disceptationem

163 3117 208 3161 et
245 3108 538 3167 faciendam
591 3111 865 3181 justitiam
917 3118 1046 3167 ante
1104 3107 1724 3165 exoommunicationem

166 3209 338 3270 etpost
367 3202 1006 3258 «communicationem
1045 3216 1105 3257 se
1155 3209 1407 3272 paratum
1441 3184 1718 3254 obtulerit.

167 3289 357 3360 Verum,
379 3296 506 3365 quia
536 3294 800 3350 relationi
829 3310 946 3349 suae
967 3293 1088 3348 sine
1118 3293 1361 3364 legitima
1380 3289 1724 3348 discussione

167 3384 355 3440 credere
382 3401 492 3440 non
536 3386 678 3442 satis
719 3393 940 3440 cautum
984 3391 1081 3439 aut
1128 3384 1454 3439 rationabile
1501 3383 1719 3453 putavi-

168 3488 287 3541 mus,
335 3476 616 3533 deﬁnitam
671 3478 1001 3533 sententiam
1054 3492 1155 3547 pro
1201 3477 1322 3547 ejus
1375 3475 1724 3532 absolutionc

169 3564 277 3619 dare
296 3568 590 3633 noluimus,
633 3584 760 3624 eam
801 3568 1149 3624 solummodo
1188 3567 1622 3624 misericordiam
1657 3581 1725 3623 ex

170 3659 313 3725 gratia
339 3668 392 3715 et
421 3660 769 3733 indulgentia
794 3661 1169 3730 apostolorum
1198 3659 1346 3715 Petri
1383 3668 1438 3715 et
1458 3658 1634 3725 Pauli,
1657 3658 1727 3715 ad

172 3762 372 3816 quorum
404 3750 599 3807 limina
624 3751 902 3819 veniebat,
961 3751 1066 3808 sibi
1120 3752 1503 3818 concedentes,
1554 3760 1617 3807 ut
1669 3750 1727 3807 in

173 3840 322 3894 eundo
354 3851 408 3897 et
436 3843 727 3898 redeundo
771 3856 946 3898 sacra:
997 3842 1403 3898 communionis
1451 3841 1727 3899 licentiam

174 3923 381 3996 haberet,
412 3946 591 4001 usque
636 3931 695 3985 in
736 3938 995 3987 octavum
1021 3931 1166 3987 diem
1198 3939 1489 4002 postquam
1528 3931 1731 3987 rediret

174 4015 227 4069 ad
248 4020 483 4086 patriam.
516 4020 820 4088 Caeterum,
846 4036 915 4077 ne
937 4020 1146 4077 diutius
1169 4021 1352 4092 aliqua
1383 4020 1604 4092 indigna
1628 4035 1726 4075 oc-

174 4108 360 4164 casione
391 4112 495 4167 sub
530 4112 1128 4169 excommunicationis
1175 4113 1410 4169 nexibus
1458 4121 1724 4179 teneatur,

169 4201 435 4266 apostolica
458 4210 513 4257 te
538 4204 872 4259 auctoritate
899 4218 1189 4260 monemus
1220 4212 1301 4270 ut,
1333 4202 1506 4259 fultus
1531 4203 1619 4258 his
1644 4204 1729 4257 lit-

175 4290 282 4346 teris
308 4296 526 4363 nostris,
544 4294 1026 4366 archiepiscopum
1049 4295 1339 4352 convenire
1374 4294 1615 4360 studeas,
1642 4302 1725 4361 et,

174 4384 433 4452 perquisita
467 4403 533 4443 ac
575 4388 799 4459 cognita
834 4403 985 4443 mera
1030 4387 1197 4458 hujus
1242 4387 1443 4459 negotii
1478 4386 1725 4454 veritate,

175 4471 215 4529 si
239 4476 325 4532 iste
354 4488 445 4534 aut
476 4496 580 4551 pro
608 4496 713 4536 sua
744 4480 1056 4535 innocentia
1091 4490 1189 4535 aut
1215 4495 1473 4552 congrua:
1504 4479 1726 4535 satisfa-

179 4563 343 4622 ctionis
371 4570 712 4625 exhibitione
742 4570 841 4624 tibi
884 4570 1248 4627 absolvendus
1270 4570 1558 4637 videbitur,
1585 4585 1722 4625 con-
1754 4585 1801 4641 ι)

181 4651 305 4711 tinuo
330 4659 804 4731 archiepiscopum
860 4669 920 4714 ut
959 4676 1087 4715 eum
1118 4660 1237 4716 sine
1289 4659 1721 4716 contradictione

181 4744 391 4805 absolvat
414 4766 483 4807 ex
526 4760 721 4808 nostra
771 4761 925 4822 parte
970 4766 1363 4809 commoneas:
1415 4753 1509 4823 qui
1545 4753 1593 4809 si
1621 4752 1722 4807 ali-

180 4850 267 4906 qua
295 4840 393 4897 hoc
416 4845 774 4901 excusatione
810 4845 1073 4911 renuerit,
1121 4854 1180 4902 tu
1232 4845 1349 4916 ipse
1368 4862 1496 4902 eum
1532 4853 1720 4903 nostra

183 4929 280 4987 tice
322 4935 597 4993 absolvere
645 4938 962 4995 nullatenus
1012 4937 1416 5008 praetermittas.
1478 4935 1538 4992 Si
1590 4950 1721 4992 vero

184 5017 321 5077 istum
356 5026 410 5081 in
434 5028 594 5098 culpa
633 5042 779 5094 esse,
814 5038 868 5084 et
890 5030 1038 5099 quod
1060 5029 1271 5099 justum
1304 5027 1469 5089 fuerit
1495 5027 1721 5098 exsequi

187 5110 300 5156 nulla.
321 5119 614 5156 mneﬂtnril
677 5134 851 5156 lacn-nn
900 5119 965 5156 cui
1012 5120 1234 5158 dianam
1291 5118 1717 5158 cnlicl‘nntinnnm

1828 628 2108 683 claustrali
2142 628 2430 697 disciplina
2455 637 2785 694 correctum,
2811 636 2865 683 et
2892 623 3210 696 paenitentia
3238 622 3406 678 casti-

1827 730 2034 792 gatum,
2064 720 2118 775 in
2149 721 2468 775 societatem
2520 718 2752 774 fratrum
2795 719 2860 773 ad
2903 716 3185 788 proprium
3224 714 3407 769 locum

1825 828 1953 867 cum
1983 811 2248 866 charitate
2278 810 2447 881 recipi
2483 809 2677 865 facias.
2706 808 2804 864 Est
2826 817 2880 863 et
2906 807 3021 862 alia.
3044 820 3209 862 causa
3239 818 3408 874 quam

1825 919 1951 959 cum
1989 903 2139 959 omni
2168 902 2534 959 sollicitudine
2559 910 2613 956 te
2637 900 2915 971 suscipere
2939 906 2994 954 et
3023 911 3282 968 peragere
3306 909 3408 947 νου

1824 995 2030 1061 lumus,
2056 994 2311 1049 videlicet
2347 994 2585 1048 duorum
2616 991 2848 1047 fratrum
2876 986 3196 1045 monasterii
3233 983 3408 1041 sancti

1825 1083 2078 1155 Remigii,
2112 1082 2338 1139 Roberti
2379 1091 2436 1139 et
2480 1081 2777 1149 Lamberti,
2820 1082 3001 1153 quise
3030 1080 3098 1135 ab
3133 1077 3408 1148 archiepi-

1823 1190 1992 1246 scopo
2025 1175 2233 1230 idcirco
2256 1172 2785 1241 excommunicatos,
2830 1182 2905 1240 et,
2952 1179 3223 1227 excaecato
3264 1183 3408 1239 quo-

1821 1264 1949 1319 dam
1975 1262 2145 1320 fratre
2173 1279 2366 1321 eorum
2389 1264 2551 1332 laico,
2584 1264 2735 1319 omni
2761 1263 2984 1319 miseria
3005 1261 3410 1317 circumventos

1820 1368 1944 1408 esse
1990 1352 2181 1407 dicunt
2210 1371 2222 1406 :
2260 1352 2525 1423 quoniam
2557 1353 2776 1408 cuidam
2812 1358 3073 1405 extraneo
3114 1346 3295 1402 abbati
3326 1347 3409 1401 in-

1819 1450 2066 1497 terventu
2094 1442 2357 1512 pecuniae,
2388 1452 2443 1498 ct
2487 1442 2713 1499 omnino
2736 1452 2927 1497 conua
2953 1438 3198 1509 regulam
3234 1436 3409 1491 sancti

1820 1536 2095 1592 Benedicti
2136 1545 2192 1592 et
2225 1539 2604 1594 auctoritatem
2638 1548 2955 1595 sanctorum
2981 1535 3229 1602 Patrum,
3264 1534 3409 1589 indi-

1820 1643 1923 1699 gnc
1948 1628 2057 1683 illis
2078 1636 2133 1683 et
2176 1629 2404 1699 prmfato
2438 1630 2777 1686 monasterio
2810 1646 2910 1701 pro
2940 1629 3135 1684 abbate
3161 1626 3412 1698 apposito

1820 1719 2061 1787 obedire,
2111 1729 2168 1775 et
2217 1722 2320 1777 sub
2352 1722 2472 1792 ejus
2522 1722 2788 1794 regimine
2834 1722 2888 1777 in
2930 1722 3122 1777 eodem
3157 1719 3411 1776 cmnobio

1821 1828 2042 1869 manere
2076 1813 2392 1869 noluerint:
2441 1830 2541 1897 nec
2577 1815 2629 1868 in
2659 1814 2745 1870 his
2795 1813 3053 1869 omnlbus
3103 1811 3407 1881 quidquam

1747 1891 1791 1947 Β
1815 1901 1895 1956 eis
1929 1899 2199 1971 profuisse
2235 1916 2335 1971 pro
2357 1891 2680 1955 confu'sione
2706 1899 3045 1964 monasterii,
3077 1907 3132 1952 et
3157 1896 3408 1951 habenda

1813 1990 1978 2089 justas
2007 1989 2347 2045 defensionis
2379 2007 2493 2045 sua:
2525 1990 2766 2061 licentia,
2800 1989 2867 2044 ad
2902 1988 3236 2043 audientiam
3265 1986 3412 2042 sedis

1819 2079 2133 2151 apostolica:
2152 2082 2539 2151 proclamasse.
2568 2079 2724 2147 Quod
2755 2080 2801 2135 si
2846 2080 2917 2133 ita
2948 2086 3053 2144 est,
3080 2092 3246 2147 quam
3282 2091 3409 2147 gra‘

1818 2172 1957 2227 viter
1985 2172 2434 2243 archiepiscopus
2471 2171 2526 2226 in
2554 2172 2658 2225 hac
2682 2186 2871 2238 causa,
2905 2170 3142 2224 maxime
3179 2168 3245 2223 de
3282 2183 3412 2221 con-

1819 2270 2026 2333 tempta
2057 2261 2374 2331 apostolica:
2417 2260 2784 2325 auctoritatis,
2812 2275 2872 2314 se
2902 2257 3227 2330 culpabilem
3264 2253 3411 2311 fece-

1821 2356 1916 2422 rit,
1946 2364 2003 2408 tu
2036 2354 2152 2425 ipse.
2173 2353 2507 2425 perpendere
2550 2362 2725 2424 potes.
2772 2349 3116 2422 QuaprOpter
3144 2351 3210 2404 de
3246 2348 3331 2403 his
3360 2355 3416 2404 et

1820 2444 1887 2500 dc
1919 2444 2106 2499 multis
2132 2444 2255 2498 aliis
2292 2442 2523 2515 aptior-is
2567 2443 2674 2496 loci
2702 2450 2757 2497 et
2793 2441 3055 2515 temporis
3090 2438 3413 2511 opportuni-

1821 2544 1985 2590 tatem
2020 2534 2379 2590 convcniendi
2414 2548 2564 2599 cum,
2592 2531 2705 2588 Deo
2734 2532 3056 2598 auxiliante,
3088 2529 3413 2601 praestolan-

1825 2636 1925 2694 tes,
1951 2627 2087 2682 illud
2120 2627 2186 2681 ad
2224 2641 2467 2697 prmscns
2497 2634 2603 2680 tua:
2633 2624 2959 2679 fraternitati
2999 2622 3414 2686 committimus,

1822 2727 1877 2773 et
1907 2717 2208 2788 apostolica
2240 2715 2566 2770 auctoritate
2590 2714 2960 2784 praecipimus,
3006 2720 3067 2765 ut
3091 2726 3241 2775 eum,
3265 2709 3415 2763 omni

1823 2796 2114 2863 occasiﬁne
2160 2815 2393 2873 remota,
2427 2804 2756 2860 sententiam
2800 2800 3414 2865 cxcommunicationis,

1824 2915 1991 2971 quam
2023 2899 2077 2953 in
2104 2896 2361 2969 praefatos
2386 2896 2689 2951 monachos
2713 2894 2960 2965 protulit,
2996 2893 3238 2947 relaxare
3261 2904 3415 2944 com-

1825 3003 2072 3055 moneas,
2098 2994 2156 3042 et
2191 3001 2289 3043 eos
2332 2985 2589 3054 deinceps
2626 2984 2745 3039 sine
2788 2982 2939 3037 omni
2985 2979 3332 3034 infestatione
3361 2985 3413 3033 et

1824 3078 2068 3149 periculo
2090 3076 2148 3131 in
2171 3092 2305 3147 pace
2340 3090 2561 3131 manere
2584 3074 2865 3130 dimittat:
2902 3086 3325 3141 recognoscens,
3360 3075 3413 3123 et

1826 3169 2050 3239 superni
2078 3165 2282 3236 judicis
2301 3164 2568 3235 judicium
2608 3164 2807 3219 timens
2842 3162 2987 3233 quod
3012 3162 3092 3216 eis
3119 3168 3268 3216 tanta
3293 3174 3414 3213 ma-

1750 3242 1792 3297 C
1823 3259 1885 3339 la
1903 3259 2021 3313 sine
2045 3255 2439 3312 deliberatione
2480 3254 2709 3324 justitia:
2748 3254 2852 3308 sub
2888 3252 3253 3323 appellatione
3282 3266 3413 3319 apo-

1824 3348 2031 3405 stolicae
2068 3348 2215 3403 sedis
2246 3345 2453 3402 fecerit.
2495 3345 2552 3400 Si
2579 3360 2708 3400 vero
2743 3360 2869 3399 eum
2900 3345 2952 3397 in
2978 3344 3079 3398 hac
3105 3358 3161 3397 re
3192 3358 3289 3412 pro
3317 3357 3417 3397 sua

1822 3437 2198 3510 magnitudine
2249 3444 2304 3490 et
2342 3435 2571 3490 arbitrio
2623 3435 3084 3489 contradicentcm
3138 3440 3192 3484 et
3236 3428 3415 3485 minus

1824 3529 2165 3585 obedientem
2200 3525 2495 3593 inveneris,
2524 3534 2580 3581 tu
2613 3526 2727 3595 ipse
2759 3524 2929 3580 fultus
2957 3532 3147 3579 nostra
3172 3524 3415 3577 auctori—

1826 3628 1935 3676 tate
1968 3636 2062 3676 eos
2088 3619 2363 3685 absolvas,
2394 3626 2449 3672 et
2476 3616 2727 3671 abbatem
2776 3617 2951 3682 illum,
2981 3614 3075 3685 qui
3128 3610 3414 3685 praefatum

1825 3709 2219 3767 monasterium
2250 3708 2423 3764 sancti
2458 3706 2690 3780 Remigii
2728 3706 2960 3761 nefanda
2998 3704 3297 3758 ambitione
3325 3718 3415 3757 oc-

1824 3817 2055 3872 cupasse
2087 3801 2309 3868 dicitur,
2353 3800 2426 3855 ita
2453 3813 2829 3866 commoneas,
2866 3806 2926 3852 ut
2949 3806 3046 3851 aut
3090 3796 3145 3850 in
3172 3794 3416 3867 partibus

1826 3893 1933 3949 illis
1967 3890 2235 3947 confratri
2273 3886 2465 3946 nostro
2508 3888 2725 3963 l‘lugoni
2759 3886 3057 3944 venerabili
3086 3885 3272 3941 Dicnsi
3298 3886 3417 3955 epi-

1826 3998 2015 4054 scopo,
2053 3982 2143 4037 cui
2174 3982 2321 4037 vices
2358 3990 2581 4036 nostras
2611 3970 3013 4046 commisimus,
3047 3985 3143 4031 aut
3177 3976 3299 4030 aliis
3336 3975 3416 4027 le-

1826 4074 1965 4145 gatis
1988 4073 2215 4139 nostris,
2247 4072 2294 4126 si
2329 4086 2426 4126 eos
2463 4071 2519 4125 in
2555 4070 2727 4126 Gallia
2750 4071 3019 4143 synsdum
3044 4068 3417 4124 celebraturos

1826 4166 2159 4236 cognoverit,
2199 4178 2257 4219 se
2298 4171 2691 4233 repraesentare
2733 4178 2833 4234 pro
2883 4161 3155 4216 reddenda
3203 4160 3416 4213 ratione

1827 4256 1911 4311 sui
1933 4254 2191 4309 introitus
2220 4254 2531 4308 nullatenus
2564 4253 2960 4324 praetermittat,
3006 4260 3101 4306 aut
3139 4250 3204 4305 ad
3232 4265 3332 4303 nos
3360 4248 3414 4301 in

1826 4347 2078 4418 proxima
2109 4342 2402 4399 festivitate
2424 4342 2671 4397 omnium
2693 4350 3007 4398 sanctorum
3031 4341 3245 4396 veniat:
3270 4355 3416 4395 com-

1826 4436 2053 4492 monitis
2101 4436 2269 4491 ctiam
2307 4435 2575 4490 fratribus
2631 4432 2877 4505 ejusdem
2923 4431 3263 4496 monasterii,
3318 4431 3415 4501 qui

1828 4529 2093 4584 adversus
2118 4543 2246 4583 eum
2269 4527 2335 4582 de
2367 4542 2534 4581 causa
2575 4524 2778 4580 illicitze
2819 4523 3187 4594 subreptionis
3211 4538 3323 4577 sua:
3357 4523 3415 4578 in

1825 4623 2099 4678 abbatiam
2124 4628 2562 4692 conqueruntur,
2609 4626 2669 4673 ut
2698 4625 2753 4673 et
2794 4617 2899 4688 ipsi
2935 4614 3239 4671 secundum
3270 4630 3413 4686 pra:-

1822 4713 2081 4782 scriptam
2111 4710 2550 4766 terminationem
2577 4709 2643 4765 ad
2666 4706 3068 4765 discutiendum
3102 4705 3210 4762 hoc
3244 4720 3413 4777 uego-

1823 4807 1959 4861 tium
2007 4819 2066 4859 se
2096 4812 2392 4873 praesentes
2440 4800 2752 4857 exhibeant.
2793 4799 2925 4854 Item
2975 4798 3209 4853 relatum
3253 4797 3415 4853 nobis

1820 4907 1906 4953 est
1953 4897 2378 4952 Cameracenses
2414 4894 2692 4951 hominem
2716 4890 3010 4964 quemdam
3039 4891 3277 4947 flammis
3303 4895 3416 4945 tra—

1821 4989 2045 5055 didisse,
2075 5002 2143 5042 eo
2184 4988 2332 5058 quod
2369 4985 2715 5041 Simoniacos
2750 4994 2805 5039 ct
2845 4983 3196 5054 presbyteros
3238 4981 3416 5037 forni-

1822 5089 2037 5136 catores
2060 5077 2261 5133 missas
2309 5093 2421 5132 non
2465 5075 2662 5131 debere
2694 5075 2994 5140 celebrare,
3022 5082 3077 5129 et
3113 5074 3261 5144 quod
3292 5073 3416 5127 ilio-
