3982 5316
529 422 638 481 ΠΒ

1174 421 1234 478 S.
1271 421 1604 480 GREGORII
1643 417 1736 478 VII
1773 421 1978 478 PAPxE
2013 417 2298 478 OPERUM
2335 419 2516 478 PARS
2551 410 2703 478 Ia:-
2737 368 3159 480 REGIST‘RUM.

3706 417 3806 480 4⁸8

529 535 754 594 sceleris
797 504 1056 607 separare
1091 551 1200 591 non
1243 535 1482 604 diﬁ‘eras,
1533 546 1588 592 et
1622 537 1782 593 nobis
1832 537 1995 608 hujus
2040 537 2118 592 rei
2148 539 2194 595 A
2291 535 2426 592 Data
2469 536 2802 604 Bibianello,
2845 547 3039 594 octavo
3079 537 3206 594 ldus
3244 537 3468 608 Aprilis,
3512 535 3807 594 indictione

529 627 934 694 eertitudiuem,
965 642 1066 682 nec
1085 642 1195 682 non
1217 627 1484 698 quidquid
1505 628 1573 684 de
1595 629 1972 698 superioribus
1992 643 2123 684 cau-

530 721 610 776 sis
632 721 884 776 eﬁ‘ectum
920 717 1105 788 fuerit,
1143 735 1240 790 per
1275 720 1486 777 litteras
1515 729 1641 778 tuas
1664 735 1829 792 quam
1860 721 2124 778 citissime

529 811 712 882 possis
757 811 1002 866 indicare
1055 811 1234 867 stude.
1286 809 1364 866 De
1409 819 1609 867 caetero
1661 827 1920 883 rogamus
1971 820 2024 868 te
2070 821 2125 868 et

531 903 764 957 multum
818 901 1182 958 admonemus
1235 909 1298 958 ut
1345 885 1605 958 omnibus
1651 901 2023 959 confratribus
2069 909 2126 958 et

527 993 871 1066 coepiscopis
902 995 1012 1050 tuis
1040 1011 1139 1066 per
1166 1004 1338 1051 totam
1375 994 1669 1051 Franciam
1708 1011 1775 1052 ex
1824 996 2123 1066 apostolica

527 1088 856 1145 auctoritate
885 1089 1182 1162 signiﬁces,
1215 1097 1486 1160 quatenus
1525 1100 1580 1146 et
1608 1089 1718 1146 illis
1748 1089 2124 1146 sacerdotibus

527 1183 624 1254 qui
680 1199 711 1238 a
754 1183 1095 1255 turpitudine
1138 1181 1515 1240 fornicationis
1563 1197 1781 1240 cessare
1826 1183 2120 1250 noluerint,

433 1309 439 1314 ι
527 1273 770 1329 oﬁicium
811 1275 986 1330 sacris
1027 1274 1294 1331 altaribus
1326 1275 1675 1332 ministrandi
1707 1275 1926 1345 penitus
1954 1275 2126 1330 inter-

527 1365 732 1436 dicant,
761 1373 817 1422 et
842 1374 904 1422 tu
940 1366 1058 1438 ipse
1091 1366 1149 1421 in
1178 1367 1330 1422 omni
1372 1367 1496 1423 loco
1521 1377 1576 1425 et
1610 1374 1880 1423 conventu
1905 1367 1957 1422 id
1987 1381 2126 1438 prte-

524 1455 713 1513 dicare
741 1471 852 1512 non
879 1471 1084 1539 cesses.
1112 1455 1180 1511 Et
1210 1457 1260 1512 si
1290 1455 1346 1511 in
1385 1456 1493 1514 hac
1518 1472 1581 1512 re
1606 1465 1702 1512 aut
1731 1457 2017 1527 episcopos
2045 1466 2124 1512 te—

525 1547 708 1618 pidos,
735 1555 830 1602 aut
857 1547 980 1603 illos
1009 1547 1104 1619 qui
1138 1563 1425 1604 sacrorum
1452 1548 1708 1605 ordinum
1737 1565 1937 1605 nomen
1961 1558 2020 1606 et
2041 1549 2125 1605 of-

524 1639 711 1696 ﬁcium
740 1639 964 1712 indigne
990 1657 1092 1712 pro
1122 1643 1452 1713 supradictis
1495 1644 1820 1700 criminibus
1857 1660 2125 1716 usurpare

523 1739 886 1800 praesumunt,
922 1731 1154 1788 rebelles
1189 1748 1313 1789 esse
1341 1735 1682 1806 cognoveris,
1713 1736 1864 1792 omni
1900 1737 2123 1808 populo,

523 1837 594 1878 ne
612 1837 804 1878 eorum
841 1823 1072 1880 ulterius
1099 1823 1336 1880 ofﬁcium
1369 1826 1634 1898 suscipiat
1677 1844 1745 1884 ex
1789 1839 1945 1900 parte
1978 1831 2122 1886 beati

527 1912 672 1971 Petri
711 1924 766 1971 et
792 1925 982 1972 nostra
1011 1917 1310 1988 apostolica
1351 1920 1678 1976 auctoritate
1707 1922 1909 1993 ubique
1952 1923 2122 1979 inter-

521 2004 699 2074 dicas,
747 2016 809 2062 ut
832 2008 919 2063 vel
949 2007 1054 2063 hoc
1099 2009 1262 2066 modo
1301 2009 1518 2068 confusi
1567 2013 1636 2068 ad
1682 2013 2119 2072 emendationem

521 2096 648 2182 vita:
670 2112 803 2164 suae,
825 2108 880 2154 et
908 2099 977 2155 ad
998 2101 1308 2156 castitatem
1337 2103 1606 2174 religiosae
1632 2105 2004 2176 continentiae,
2033 2123 2121 2165 re-

521 2186 642 2242 dire
666 2197 948 2260 cogantur.
980 2187 1095 2261 Age
1126 2205 1258 2264 ergo
1284 2200 1345 2247 ut
1365 2201 1556 2248 sancta
1576 2202 1633 2250 et
1657 2195 1984 2253 universalis
2003 2213 2120 2254 ma-

489 2277 494 2281 ’
522 2285 609 2334 ter
649 2277 898 2336 Ecclesia
941 2289 995 2336 te
1029 2281 1242 2338 ﬁdelem
1279 2283 1595 2340 ministrum
1630 2295 1686 2342 et
1711 2297 2119 2358 cooperatorem

525 2379 748 2438 nostrae,
785 2369 899 2427 imo
931 2373 1263 2443 apostolicae,
1288 2375 1692 2446 sollicitudinis,
1721 2378 1832 2436 Deo
1855 2381 2120 2454 adjuvan-

523 2469 605 2528 te,
633 2471 948 2534 cognoscat,
977 2473 1034 2520 et
1079 2465 1262 2534 nobis,
1311 2469 1459 2538 quod
1507 2471 1664 2526 valde
1718 2471 2116 2542 desideramus,

523 2551 594 2608 de
635 2551 890 2610 libertate
913 2563 969 2610 et
995 2554 1182 2616 fructu
1210 2557 1291 2612 tui
1317 2560 1675 2618 sacerdotalis
1697 2562 1856 2620 cilicii
1881 2567 1952 2622 ad
1981 2583 2119 2638 pra:-

523 2657 652 2700 sens
671 2645 928 2716 gaudere,
954 2654 1010 2702 ct
1037 2646 1094 2702 in
1123 2657 1405 2718 posterum
1435 2667 1535 2722 per
1559 2652 1996 2713 misericordiam
2021 2658 2117 2715 Dei

523 2734 870 2792 conﬁdenter
893 2752 1117 2808 sperare
1144 2755 1308 2811 posse
1335 2745 1637 2813 proveniat.
1661 2776 1680 2788 ο·

598 2822 734 2881 Data
763 2825 1084 2898 Bibianello,
1114 2847 1213 2888 rm
1242 2831 1536 2904 .Kalendas
1555 2835 1781 2910 Aprilis,
1821 2840 2118 2900 indictione

522 2930 612 2972 XV.

1067 3057 1405 3118 EPISTOLA
1440 3065 1583 3123 XXI.

760 3165 828 3205 AD
872 3166 1219 3210 HERIIANNUM
1254 3172 1544 3216 EPISCOPUM
1581 3179 1880 3222 HETENSEII.

1125 3244 1306 3324 (Anno
1342 3249 1526 3324 1077.)

523 3308 820 3395 Committi!
849 3315 905 3395 ei
923 3308 1141 3395 causam
1177 3317 1320 3371 inter
1343 3308 1664 3395 episcopum
1688 3324 2028 3382 Leodiensem
2063 3337 2116 3382 et

593 3381 838 3468 abbatem
865 3384 1056 3468 δανισιὶ
1090 3381 1400 3468 Dartrentii;
1427 3395 1519 3468 qui
1537 3381 1580 3449 ἰι
1601 3396 1746 3450 dicto
1767 3381 2021 3468 episcopo
2051 3381 2116 3454 de

594 3457 918 3540 molnasterio
957 3471 1053 3507 suo
1089 3455 1286 3525 ejectus
1311 3455 1391 3517 ad
1423 3455 1598 3521 sedem
1645 3455 1991 3536 apostolicam
2020 3485 2118 3540 ap-

593 3521 907 3592 pellaverat.

595 3633 908 3694 Caesonius
927 3645 1238 3714 cpiscopus,
1265 3659 1459 3701 servus
1484 3661 1772 3702 servorum
1800 3647 1918 3715 Dei,
1949 3647 2116 3706 lient-

525 3739 703 3780 ιλιιΝο
761 3725 991 3786 Metensi
1053 3733 1330 3806 episcopo,
1381 3735 1612 3791 salutem
1659 3744 1714 3792 et
1761 3740 2116 3808 apostolicam

524 3812 982 3877 benedictionem.

597 3902 958 3964 Praesentium
1009 3913 1240 3982 portitor
1301 3913 1610 3972 litterarum
1656 3915 1905 3989 Vulpodo
1951 3921 2120 3979 abbas

527 4001 847 4076 monasterii
885 4005 1058 4060 sancti
1104 4004 1386 4063 Laurentii
1421 4007 1608 4065 Leodii
1654 4010 1721 4066 ad
1767 4027 1868 4068 nos
1893 4013 2120 4071 veniens

526 4088 714 4146 multis
751 4093 1242 4162 supplicationibus
1288 4115 1390 4156 nos
1419 4101 1667 4156 exoravit
1691 4091 1964 4172 quatenus
1992 4121 2118 4160 eum

525 4178 672 4248 apud
700 4180 1018 4254 episcopum
1047 4181 1427 4258 Leodiensem,
1459 4191 1553 4262 qui
1583 4207 1711 4248 eum
1747 4193 1814 4250 de
1843 4206 2121 4253 monaste-

525 4267 610 4324 rio
632 4285 734 4328 suo
759 4271 1011 4346 ejecerat,
1041 4285 1103 4333 ut
1127 4278 1452 4338 clementius
1477 4282 1534 4338 in
1563 4283 1718 4340 illum
1745 4296 1950 4358 ageret,
1991 4305 2123 4360 apo—

527 4360 735 4420 stolicis
784 4364 1183 4428 iutcrventibus
1219 4371 1539 4442 juvaremus
1569 4395 1581 4431 :
1632 4384 1845 4434 tantum
1872 4379 2030 4436 nobis
2055 4380 2123 4437 de

527 4467 696 4510 causa
720 4473 820 4512 sua
849 4458 1098 4518 indicans
1127 4465 1275 4534 quod
1303 4466 1370 4520 de
1395 4466 1624 4537 objectis
1649 4469 1754 4524 sibi
1794 4473 2122 4540 respondere

527 4554 760 4615 paratus
804 4547 1000 4619 fuerit;
1047 4551 1142 4608 sed
1165 4555 1381 4626 legales
1409 4549 1772 4628 respondendi
1821 4569 1876 4616 et
1921 4577 2124 4634 expur-

528 4639 692 4708 gandi
721 4655 780 4696 se
806 4641 1056 4701 inducias
1083 4645 1284 4703 habere
1313 4649 1626 4708 nullatenus
1663 4654 1922 4722 potuerit,
1945 4639 2123 4724 quan-

531 4740 694 4796 quam
723 4733 960 4788 eassub
1003 4737 1289 4793 vocatione
1314 4739 1486 4794 divini
1519 4741 1757 4798 nominis
1791 4751 1846 4798 et
1873 4753 2121 4814 respectu

527 4814 672 4905 beati
707 4817 853 4876 Petri
891 4827 1192 4895 quaesierit.
1231 4827 1538 4900 Episcopus
1573 4841 1754 4888 autem
1782 4833 1937 4905 prius
1965 4835 2122 4892 nobis

527 4904 584 4960 in
613 4907 837 4978 epistola
871 4929 970 4970 sua
1007 4918 1258 4986 quaedam
1287 4919 1510 4992 indigna
1537 4921 1604 4978 de
1633 4923 1754 4994 ejus
1785 4904 2008 4983 actibus
2037 4927 2123 4982 in-

867 5002 935 5030 ῐτ.
981 5005 1145 5030 ξηιλ---
1176 5009 1224 5030 ε--
1261 5009 1287 5030 ιι

526 4997 558 5030 ,1
567 4999 578 5030 ἶ
587 5014 775 5030 Anien-nn
785 5010 801 5030 ο

2224 628 2432 684 decima
2461 630 2670 700 quinta.

2735 719 3075 776 EPISTOLA
3111 720 3274 776 XXII.

2524 829 2592 867 AD
2629 827 2878 868 BUGONEI
2915 827 3206 868 EPISCOPUI
3253 827 3504 868 DIENSEI.

2815 903 2999 976 (Anno
3037 901 3222 974 1077.)

2223 992 2484 1062 Prwcipit
2503 1000 2564 1075 ut
2593 1000 2906 1074 congregata
2935 992 3136 1075 agundo
3165 993 3528 1075 episcoporum
3559 991 3808 1075 Franci;

2297 1079 2462 1134 causa
2496 1062 2895 1134 Cameracensis
2943 1062 3096 1118 electi
3148 1062 3493 1131 discutiatur,
3542 1064 3638 1134 qui
3693 1073 3807 1134 post

2294 1135 2380 1188 sui
2413 1132 2706 1206 legitimam
2732 1133 3036 1206 electionem
3067 1133 3430 1188 investiluram
3463 1135 3530 1188 ab
3555 1132 3808 1188 ‘Hen'rico

2296 1220 2412 1274 rege
2460 1214 2753 1281 acceperat,
2801 1205 3142 1281 ignorans“
3175 1221 3344 1281 regem
3383 1207 3810 1281 excommunica-

2297 1283 2430 1346 tum,
2461 1274 2856 1346 et_hujusmodi
2886 1274 3252 1346 investitnram
3277 1293 3309 1328 a
3350 1276 3604 1345 pontiﬁce
3633 1275 3808 1346 prohi-

2297 1344 2481 1416 bitam.
2509 1343 2664 1410 Quod
2701 1345 2748 1400 si
2789 1346 2868 1400 ita
2903 1361 3014 1401 esse
3048 1343 3401 1416 jurejurando
3449 1343 3807 1416 aﬁirmauerit,

2295 1414 2409 1486 ejus
2432 1415 2738 1487 electionem
2767 1414 3090 1487 confirmat:
3132 1414 3342 1486 vultque
3374 1424 3435 1469 ut
3479 1414 3538 1470 in
3583 1415 3809 1487 concilio

2297 1483 2474 1540 causa
2509 1483 2886 1541 nonnullarum
2915 1483 3280 1540 Ecclesiarum
3303 1487 3655 1556 deﬁniuntur,
3685 1485 3809 1540 Ciu-

2297 1557 2558 1628 niacensis
2590 1557 2752 1612 abbas
2781 1557 2851 1612 ad
2875 1557 3134 1628 synodum
3155 1565 3366 1612 vocetur
3390 1573 3486 1628 pro
3513 1557 3810 1610 Artemon-

2294 1628 2369 1682 εἰς
2407 1626 2664 1683 Ecclesia:
2691 1644 2887 1693 causa;
2907 1626 2970 1682 'et
3014 1628 3155 1682 inter
3201 1626 3396 1682 cetera
3439 1627 3712 1682 decretum
3746 1628 3807 1682 de

2295 1713 2399 1754 non
2423 1698 2741 1770 accipiendis
2767 1699 3092 1754 investituris
3119 1715 3152 1752 a
3178 1697 3332 1752 laici:
3357 1698 3742 1770 pramulgetur.

2295 1789 2605 1849 GBEGORIUS
2634 1792 2948 1864 episcopus,
2979 1807 3174 1848 servus
3215 1805 3501 1846 servorum
3533 1788 3656 1856 Dei,
3702 1787 3809 1844 Ho-

2155 1883 2197 1938 B
2222 1897 2344 1939 com
2384 1884 2679 1940 venerabili
2719 1883 2906 1940 Diensi
2931 1885 3209 1956 episcopo,
3246 1881 3480 1938 salutem
3507 1890 3566 1939 et
3591 1890 3808 1954 aposto-

2221 1975 2383 2032 licam
2410 1977 2866 2035 benedictionem.
2939 2007 2946 2014 ~

2292 2067 2570 2126 Gerardus
2614 2069 3030 2130 Cameracensis
3075 2067 3284 2128 electus
3327 2069 3394 2125 ad
3444 2083 3549 2124 nos
3586 2067 3809 2124 veniens

2221 2161 2458 2230 qualiter
2484 2161 2541 2216 in
2575 2162 2766 2218 eadem
2811 2160 3196 2218 Cameracensi
3247 2160 3492 2217 Ecclesia
3521 2160 3594 2215 ad
3633 2161 3808 2218 locum

2222 2252 2505 2324 regiminis
2535 2254 2845 2326 assignatus
2876 2253 2948 2308 sit
2974 2260 3224 2324 prompta
3263 2251 3423 2308 nobis
3462 2250 3808 2308 confessione

2222 2343 2612 2414 manifestavit,
2641 2362 2752 2402 non
2773 2346 3050 2418 denegans
3085 2343 3446 2416 postfactam
3470 2343 3606 2398 cieri
3628 2351 3684 2398 et
3717 2358 3808 2414 po-

2221 2439 2335 2508 puli
2361 2439 2681 2496 electionem
2707 2439 2912 2496 donum
2943 2423 3290 2508 episcopatus
3317 2437 3388 2492 ab
3409 2434 3654 2492 Henrico
3689 2451 3808 2506 rege

2221 2546 2282 2588 se
2327 2533 2604 2602 accepisse
2644 2551 2656 2586 :
2711 2531 3086 2588 defensionem
3141 2537 3325 2586 autem
3377 2543 3715 2600 proponens,
3757 2536 3814 2581 et

2221 2625 2454 2680 multum
2505 2623 2665 2681 nobis
2717 2623 2973 2690 oﬁerens,
3018 2637 3078 2678 se
3137 2637 3314 2692 neque
3358 2621 3648 2676 decretum
3709 2635 3809 2674 no—

2220 2725 2397 2773 strum
2424 2717 2493 2772 de
2536 2715 2902 2788 prohibitione
2947 2714 3260 2786 hujusmodi
3310 2711 3671 2784 acceptionis,
3709 2727 3810 2766 nec

2219 2807 2399 2881 ipsum
2433 2806 2734 2864 Henricum
2776 2823 2961 2880 regem
3007 2823 3038 2863 a
3082 2805 3241 2882 nobis
3269 2803 3810 2862 excommunicatum

2218 2900 2412 2966 fuisse,
2439 2901 2623 2973 aliqua
2653 2908 2799 2955 certa
2836 2897 3277 2954 manifestatione
3321 2896 3667 2968 cognovisse.
3709 2893 3810 2970 Cui

2219 3009 2344 3049 cum
2380 3007 2484 3049 nos
2521 2991 2779 3064 congruis
2831 2989 3135 3046 rationibus
3177 2989 3596 3045 ostenderemus
3643 3002 3810 3058 quam

2218 3100 2384 3157 grave
2409 3093 2577 3150 esset,
2605 3083 2771 3139 eﬁam
2798 3083 2948 3138 omni
2981 3081 3289 3154 ignorantia
3327 3095 3456 3136 eum
3486 3087 3808 3144 excusante,

2219 3185 2422 3232 sancta:
2453 3174 2770 3247 apostolicae
2821 3173 2967 3230 sedis
3019 3161 3276 3245 synodale
3297 3171 3580 3228 decretum
3631 3177 3812 3226 trans-

2177 3261 2391 3342 "gredi,
2437 3277 2493 3325 et
2546 3265 2864 3339 hujusmodi
2914 3263 3332 3336 participatione
3396 3278 3524 3318 cum
3583 3261 3808 3317 homine

2216 3361 2692 3419 excommunicato
2747 3356 3138 3418 commaculari
3159 3399 3176 3424 ,
3233 3357 3303 3414 ad
3351 3353 3808 3412 satisfaciendum

2217 3463 2504 3526 promptus
2525 3455 2732 3512 donum
2765 3451 2912 3528 quod
2947 3451 3226 3520 accepisse
3254 3449 3408 3505 visus
3437 3455 3526 3503 est
3545 3446 3812 3502 continuo

2217 3549 2275 3603 in
2303 3563 2500 3604 manus
2527 3555 2746 3604 nostras
2771 3543 3044 3611 refutavit,
3071 3551 3128 3598 et
3147 3540 3374 3600 omnino
3397 3554 3628 3596 causam
3655 3553 3810 3595 suam

2218 3653 2408 3698 nostro
2445 3639 2654 3712 judicio
2687 3647 2815 3694 ‘cum
2857 3637 2944 3693 sui
2974 3636 3151 3708 ipsius
3192 3634 3262 3691 ad
3286 3649 3508 3690 omnem
3549 3633 3813 3702 volunta-

2187 3743 2328 3793 .tem
2357 3741 2602 3790 nostram
2651 3729 2993 3802 subjectione
3041 3736 3098 3784 et
3144 3725 3501 3784 obauditione
3563 3723 3808 3794 reliquit.

2217 3824 2326 3881 Pro
2353 3825 2512 3896 cujus
2555 3822 2955 3890 humiliatione,
2984 3828 3040 3876 et
3068 3819 3304 3876 maxime
3343 3816 3611 3889 quoniam
3635 3830 3814 3881 cano-

2219 3917 2400 3974 nicam
2440 3916 2762 3978 electionem
2793 3915 2848 3968 in
2877 3928 2943 3969 eo
2972 3911 3320 3983 praecessisse
3363 3909 3709 3974 audivimus,
3744 3907 3810 3964 ad

2219 4007 2655 4066 misericordiam
2677 4007 2813 4062 moti
2833 4021 3047 4072 sumus,
3067 4013 3143 4072 et,
3173 4002 3368 4059 conﬁsi
3400 4001 3459 4057 in
3478 4001 3810 4058 testimonio

2220 4100 2366 4170 quod
2391 4099 2640 4154 nonnulli
2683 4097 3026 4154 confratrum
3079 4104 3394 4152 nostrorum
3422 4094 3811 4165 episcoporum

2221 4207 2348 4246 cum
2379 4191 2566 4248 multis
2595 4206 2694 4262 pro
2721 4206 2788 4246 eo
2832 4188 3326 4260 supplicationibus
3354 4188 3423 4243 ad
3447 4203 3553 4242 nos
3579 4202 3684 4258 per
3699 4186 3814 4257 epi-

2222 4283 2388 4339 stolas
2434 4297 2564 4339 suas
2612 4282 2952 4347 direxerunt,
3005 4280 3256 4336 videlicet
3283 4280 3432 4350 quod
3459 4278 3585 4350 ejus
3612 4294 3814 4350 prece-

2222 4371 2359 4428 dens
2383 4371 2492 4427 vita
2515 4381 2570 4428 et
2607 4372 2953 4429 conversatio
2983 4373 3217 4427 multum
3251 4371 3482 4427 honesta
3522 4379 3581 4427 et
3623 4371 3812 4426 lauda-

2223 4462 2348 4520 bilis
2391 4463 2573 4533 fuerit,
2597 4465 2664 4522 ad
2686 4464 3085 4536 promotionem
3118 4463 3240 4534 ejus
3267 4463 3521 4520 discreta:
3561 4463 3812 4518 modera-

2224 4555 2390 4612 tionis
2431 4557 2872 4614 consideratione
2915 4570 3206 4610 assensum
3235 4555 3478 4626 praabere
3519 4569 3632 4610 non
3675 4553 3812 4608 indi—

2223 4647 2682 4718 gnumduximus.
2707 4648 2960 4703 Attamen
2985 4646 3616 4718 neistudaliis,quorum
3646 4659 3808 4701 causa

2221 4745 2278 4793 et
2305 4741 2652 4796 conversatio
2673 4741 2805 4796 huic
2824 4741 2985 4810 longe
3007 4738 3293 4795 dissimilis
3323 4748 3379 4794 et
3405 4739 3587 4810 impar
3607 4738 3811 4795 consti—

2221 4833 2370 4914 terit,
2403 4835 2472 4890 ad
2499 4835 2809 4907 exemplum
2834 4833 2920 4889 vel
2947 4833 3296 4890 occasionem
3317 4833 3628 4904 quaerendae
3647 4833 3810 4888 mise-

2221 4926 2474 4984 ricordia:
2517 4927 2573 4983 in
2617 4937 2899 4999 posterum
2941 4925 3060 4982 fore
3087 4925 3388 4994 debuisset,
3424 4925 3559 4982 illud
3607 4925 3810 4981 consti—

3555 5015 3597 5030 ,ἱ
