3982 5316
168 424 274 481 ⁸ῗῖ

1214 417 1417 476 LIBER
1450 412 1801 487 QUARTUS.
1831 442 1902 454 —
1937 411 2155 470 EPlST.
2195 414 2383 471 xxm.

3327 413 3439 470 478

170 552 469 594 nionemus
506 535 900 593 fraternitatem
939 543 1089 591 tuam
1121 544 1182 589 ut
1210 534 1499 590 concilium
1539 534 1592 587 in
1632 547 1757 602 par—
1786 529 1832 586 Δ
1858 528 2116 598 positioni
2164 531 2416 586 ellectum
2447 530 2695 595 dederit,
2744 529 2886 585 inter
2934 535 3126 585 caetera
3178 544 3301 600 qua:
3338 537 3434 586 tua

166 634 316 689 tibus
343 632 458 688 illis
486 646 791 689 convocare
829 637 883 685 et
909 629 1187 685 celebrare
1227 627 1469 694 studeas,
1518 626 1754 680 maxime

165 727 391 797 quidem
420 742 555 781 cum
585 740 852 781 consensu
876 732 932 779 et
958 721 1188 778 consilio
1215 720 1358 792 regis
1395 719 1752 783 Francorum,

167 818 217 872 si
245 816 364 872 ﬁeri
395 826 603 888 potest.
638 817 694 873 Si
724 824 903 871 autem
933 814 1113 885 aliqua
1142 813 1429 870 occasione
1457 811 1511 865 in
1542 811 1595 866 id
1623 826 1755 865 con-

167 909 375 964 sentire
402 909 668 976 noluerit,
689 910 745 964 in
779 906 1117 979 Lingonensi
1146 903 1388 960 Ecclesia
1425 912 1753 959 conventum

167 999 486 1056 celebrandi
510 999 730 1057 concilii
760 999 1034 1063 instituas,
1059 1006 1225 1067 atque
1254 997 1358 1052 hoc
1378 1010 1503 1051 cum
1525 995 1758 1054 consilio

165 1100 221 1146 et
255 1093 520 1162 prudenti
549 1093 913 1165 dispositione
945 1089 1134 1146 fratris
1172 1089 1349 1144 nostri
1394 1088 1756 1160 Lingonensis

166 1185 415 1256 episcopi
446 1185 650 1254 facias;
682 1186 861 1242 sciens
886 1184 1149 1256 quoniam
1180 1183 1235 1237 in
1261 1183 1518 1238 omnibus
1543 1180 1755 1238 ﬁdelem

168 1276 477 1346 adiutorem
502 1287 559 1334 et
585 1286 994 1348 cooperatorem
1032 1292 1142 1333 non
1173 1276 1352 1332 solum
1380 1276 1558 1342 nobis,
1583 1276 1677 1331 sed
1704 1283 1759 1330 et

165 1368 242 1424 ibi
272 1368 456 1442 Uorte,
483 1372 605 1428 tibi.
635 1370 855 1444 Iliam],
878 1378 933 1426 et
966 1370 1221 1427 omnibus
1241 1371 1432 1442 legatis
1461 1370 1670 1425 nostris
1700 1385 1760 1425 se

170 1461 433 1535 deinceps
472 1450 594 1520 fore
621 1462 893 1535 promisit,
940 1469 997 1518 et
1023 1478 1125 1517 nos
1167 1461 1223 1517 in
1252 1477 1319 1516 eo
1348 1461 1576 1516 multam
1605 1476 1757 1531 spem

172 1557 443 1613 habemus
471 1566 529 1613 et
554 1558 830 1614 ﬁduciam.
858 1555 1058 1611 Comes
1077 1554 1243 1611 etiam
1266 1553 1538 1609 Tebaldus
1565 1568 1661 1623 per
1682 1553 1760 1607 le-

164 1658 320 1719 gatos
355 1665 493 1718 suos
522 1650 774 1706 eamdem
813 1647 972 1703 nobis
1008 1646 1433 1718 promissionem
1457 1643 1604 1710 fecit,
1629 1651 1690 1697 ut
1712 1642 1760 1698 si

164 1757 262 1796 rex
287 1742 503 1814 legatos
522 1752 749 1798 nostros
769 1742 1013 1812 recipere
1032 1741 1221 1815 nollet,
1250 1738 1369 1810 ipse
1390 1754 1512 1795 cum
1544 1753 1759 1794 summa

166 1834 457 1890 devotione
484 1836 776 1905 reciperet,
806 1843 861 1889 et
887 1833 966 1890 eis
1008 1849 1227 1889 omnem
1258 1848 1423 1903 quam
1445 1839 1633 1903 posset
1662 1846 1761 1901 ap-

166 1926 452 1981 titudinem
477 1926 1158 2000 celebrandisynodum,et
1175 1925 1543 1981 ecclesiastica
1567 1923 1759 1994 exqui—

168 2019 319 2074 rendi
348 2019 597 2091 negotia,
622 2020 822 2088 locum,
854 2020 1144 2076 consilium
1175 2020 1553 2090 auxiliumque
1580 2019 1755 2075 daret.

168 2109 336 2187 Stude
354 2126 490 2183 ergo
514 2121 579 2167 ut
604 2111 891 2183 praefatum
915 2112 1246 2169 confratrem
1276 2122 1527 2168 nostrum
1560 2112 1761 2183 Lingo-

166 2190 395 2258 nensem
435 2204 765 2276 episcopum
795 2206 1109 2273 convenias,
1141 2214 1196 2262 et
1223 2206 1502 2261 communi
1529 2206 1761 2261 consilio

166 2294 259 2349 ubi
295 2296 455 2352 vobis
496 2298 701 2353 melius
739 2298 1038 2366 videbitur,
1069 2298 1338 2371 synodum
1388 2299 1677 2367 instituitc,
1708 2306 1762 2355 et

166 2388 488 2445 convocatis
532 2389 665 2446 illuc
704 2390 1116 2461 archiepiscopo
1146 2390 1423 2458 Remensi,
1454 2399 1508 2446 et
1550 2392 1761 2447 caeteris

167 2488 441 2551 quotquot
467 2481 652 2552 possis
673 2484 1098 2554 archiepiscopis
1120 2491 1173 2538 et
1192 2483 1463 2554 episcopis
1492 2483 1758 2551 Francia,

169 2573 349 2642 primo
394 2575 650 2630 omnium
692 2591 918 2632 causam
959 2591 1125 2647 supra
1173 2577 1460 2631 memorati
1498 2575 1757 2632 Camera-

169 2665 351 2723 censis
378 2666 543 2722 electi
590 2667 873 2724 discutere
906 2669 1149 2735 studeas,
1176 2668 1429 2724 videlicet
1466 2678 1529 2724 ut
1558 2684 1759 2725 secun-

171 2757 298 2813 dum
346 2760 728 2831 praescriptam
783 2762 1112 2817 sacramenti
1159 2761 1667 2817 determinationem
1701 2778 1760 2820 se

172 2864 355 2906 comm
384 2854 648 2910 omnibus
665 2864 963 2927 expurget;
992 2866 1047 2912 et
1073 2856 1316 2926 insuper,
1350 2871 1419 2911 ne
1448 2856 1502 2911 in
1525 2866 1758 2913 mortem

174 2940 320 2999 illius
348 2944 445 3015 qui
474 2945 533 2999 in
573 2946 756 3018 ignem
784 2948 1060 3018 proiectus
1084 2955 1169 3003 est
1196 2949 1557 3015 consenserit,
1579 2949 1632 3003 in
1665 2965 1759 3005 eo-

174 3033 292 3089 dem
336 3052 397 3092 se
445 3048 798 3095 sacramento
822 3039 1095 3096 defendat.
1127 3039 1283 3108 Quod
1325 3041 1371 3096 si
1401 3039 1602 3096 factum
1634 3040 1757 3097 fue-

170 3125 261 3190 rit,
326 3129 728 3197 prazeedentem
781 3132 902 3202 ejus
958 3133 1278 3189 electionem
1326 3122 1756 3189 conﬁrmandam

1855 618 2171 676 fraternitas
2197 620 2402 691 agenda
2425 620 2665 690 suscepit
2686 621 2791 675 hoc
2813 619 3173 674 attentissime
3204 634 3435 691 perpen-

1853 716 1947 773 dat
1968 725 2023 773 et
2047 716 2273 788 exsequi
2298 715 2533 783 studeat,
2559 722 2619 769 ut
2639 712 2979 785 congregatis
3000 712 3277 778 omnibus,
3303 711 3435 766 etin

1854 819 2127 866 conventu
2158 809 2546 875 residentibus,
2574 806 2864 864 manifesta
2890 814 2945 861 et
2978 804 3295 877 personanti
3340 803 3437 858 de-

1855 904 2200 962 nuntiatione
2223 903 2518 961 interdicat
2541 912 2620 969 ut,
2648 916 2749 972 pro
2771 898 3147 955 conservanda
3181 882 3437 965 deinceps

1856 996 1910 1051 in
1933 998 2323 1068 promovendis
2346 996 2619 1068 episcopis
2645 994 2910 1050 canonica
2932 1000 2986 1047 et
3010 989 3309 1063 apostolica
3336 1003 3439 1041 au»

1855 1092 2129 1161 ctoritate,
2165 1093 2350 1148 nullus
2386 1088 2951 1161 metropolitanorum,
2976 1092 3071 1140 aut
3111 1082 3290 1154 quivis
3318 1079 3439 1149 epi-

1855 1201 2170 1258 scaporum,
2216 1185 2402 1251 alicui,
2435 1182 2530 1254 qui
2578 1197 2608 1236 a
2653 1180 2794 1235 laica
2826 1192 3059 1249 persona
3091 1176 3297 1231 donum
3324 1172 3442 1242 epi—

1856 1285 2115 1348 scopatus
2146 1276 2470 1347 susceperit,
2500 1274 2568 1329 ad
2604 1268 3038 1327 consecrandum
3071 1265 3226 1321 illum
3263 1264 3441 1332 impo-

1857 1387 1988 1428 nere
2009 1385 2232 1427 manum
2266 1368 2485 1433 audeat,
2524 1365 2630 1421 nisi
2652 1362 2934 1435 dignitatis
2955 1375 3069 1415 suae
3094 1359 3303 1414 honom
3325 1353 3443 1409 olli-

1857 1467 2053 1537 cioque
2073 1478 2259 1521 carere
2291 1471 2346 1518 et
2376 1461 2491 1531 ipse
2522 1459 2669 1514 velit.
2707 1454 2972 1511 Similiter
3000 1452 3165 1509 etiam
3203 1456 3266 1503 ut
3293 1446 3442 1500 nulla

1856 1567 2121 1631 potestas,
2145 1565 2241 1612 aut
2265 1555 2448 1626 aliqua
2472 1566 2727 1624 persona.
2752 1549 2821 1605 de
2857 1542 3173 1617 huiusmodi
3215 1537 3445 1595 honoris

1856 1654 2155 1712 donatione
2193 1661 2279 1705 vel
2324 1646 2640 1718 acceptione
2692 1641 2925 1699 ulterius
2974 1653 3034 1695 se
3080 1631 3446 1690 intromittcrc

1856 1750 2070 1807 debeat.
2104 1746 2261 1815 Quod
2307 1760 2354 1801 ει
2386 1737 2837 1814 praesumpserit,
2868 1733 3058 1789 eadem
3088 1724 3358 1784 sententia
3391 1728 3449 1776 et

1858 1838 2351 1899 animadversionis
2405 1849 2639 1891 censura
2688 1844 2856 1902 quam
2907 1827 3102 1882 beatus
3168 1818 3447 1874 Adrianus

1858 1952 2021 2007 papa,
2046 1935 2101 1989 in
2130 1941 2324 1989 octava
2346 1928 2556 2002 synodo
2586 1926 2699 1998 (an.
2727 1923 2843 1993 22),
2864 1920 2932 1976 de
2956 1902 3271 2007 huiusmodi
3296 1924 3444 2007 pra:-

1861 2002 2238 2100 surnptoribus
2305 2033 2361 2081 et
2422 2036 2594 2079 sacrae
2635 2012 2983 2073 auctoritatis
3022 2002 3448 2100 corruptoribus

1860 2095 2052 2179 statuit
2082 2129 2248 2191 atque
2281 2116 2538 2179 ﬁrmavit,
2575 2128 2636 2170 se
2667 2110 2956 2167 astrictum
2982 2119 3049 2160 ac
3076 2102 3306 2173 ligatum
3329 2095 3449 2191 fore

1860 2188 2177 2285 cognoscat.
2202 2210 2324 2278 Quo
2349 2207 2587 2279 capitulo
2610 2203 2835 2273 scripto,
2862 2208 3027 2269 atque
3060 2196 3116 2251 in
3154 2188 3449 2285 praesentia

1860 2283 2109 2362 omnium
2132 2305 2295 2371 lecto,
2324 2303 2392 2358 ad
2417 2297 2873 2357 collaudationem
2901 2300 2957 2347 et
2974 2283 3450 2345 conﬁrmationem

1859 2397 1980 2468 ejus
2002 2397 2320 2453 universqu
2362 2403 2565 2451 emtum
2608 2391 2756 2445 illius
2792 2397 3090 2443 consessus
3127 2378 3446 2468 admoneas.

1860 2464 1971 2547 Eos
2005 2499 2188 2546 autem
2223 2489 2318 2560 qui
2348 2495 2475 2559 post
2512 2483 2839 2540 recensitam
2874 2494 2907 2534 a
2941 2476 3103 2532 nobis
3150 2469 3317 2541 hujus
3351 2464 3449 2520 de-

1860 2582 1994 2638 creti
2017 2581 2402 2637 auctoritatem
2427 2576 2812 2634 investituram
2835 2570 3186 2642 episcopatus
3210 2574 3308 2632 per
3327 2570 3450 2614 ma-

1860 2691 1964 2732 nus
1986 2674 2336 2732 saecularium
2357 2672 2713 2729 dominorum
2744 2675 2799 2723 et
2819 2670 3158 2737 potestatum
3192 2662 3453 2720 suscepe-

1858 2774 2015 2835 runt,’
2046 2776 2102 2823 ct
2134 2768 2230 2837 qui
2260 2767 2341 2823 eis
2386 2765 2440 2820 in
2475 2761 2881 2820 ordinationem
2911 2766 3138 2811 manum
3168 2750 3453 2837 imponere

1856 2867 2348 2931 pmsumpserunt,
2375 2857 2444 2912 ad
2469 2871 2573 2911 nos
2601 2868 2766 2925 super
2798 2853 2903 2906 hac
2933 2861 2993 2902 re
3022 2843 3295 2899 rationem
3321 2831 3450 2889 red-

1857 2953 2073 3009 dituros
2128 2951 2315 3006 venire
2366 2948 2667 3021 apostolica
2717 2940 3045 2999 auctoritate
3096 2937 3453 2989 οοωιιιοῐιεεε

1857 3054 2022 3116 atque
2051 3044 2356 3115 praecipias.

1925 3108 2070 3193 Data-
2104 3108 2262 3207 juxta
2291 3135 2522 3200 Padum,
2556 3134 2611 3188 in
2656 3132 2781 3186 loco
2803 3125 2921 3198 'qui
2947 3121 3148 3180 dicitur
3172 3108 3450 3174 Ficarolo,

171 3233 295 3274 esse
322 3221 625 3289 apostolica
666 3224 1043 3282 moderatione
1067 3225 1436 3293 decernimus,
1466 3236 1520 3281 et
1557 3235 1609 3281 te
1639 3241 1764 3281 cum
1792 3231 1835 3290 (ι
1866 3239 2064 3302 quarto
2098 3227 2225 3285 Idus
2249 3227 2400 3295 Maii,
2424 3226 2723 3282 indictione
2743 3221 2957 3279 decima
2979 3213 3191 3288 quinta.

170 3312 449 3368 confratre
471 3324 665 3370 nostro
684 3314 945 3374 Remensi
969 3317 1379 3388 archiepiscopo
1400 3319 1467 3373 de
1487 3318 1607 3389 ejus
1633 3334 1765 3375 con-

172 3406 500 3471 secratione,
550 3417 715 3477 prout
761 3418 994 3480 oportet,
1045 3419 1284 3466 statuere
1330 3410 1607 3477 volumus,
1656 3411 1763 3467 nisi

172 3495 311 3552 forte
353 3498 464 3554 alia
490 3498 596 3555 sibi
624 3512 749 3572 quae
779 3518 883 3558 nos
910 3503 1230 3574 ignoramus
1268 3504 1609 3571 obstiterint;
1642 3519 1764 3574 qua:

170 3597 353 3646 tamen
400 3591 458 3645 in
486 3593 830 3663 providentia
868 3603 1051 3651 vestra
1096 3596 1457 3651 examinanda
1498 3596 1763 3667 relinqui-

174 3688 318 3736 mus.
346 3680 487 3738 Illud
513 3699 644 3741 vero
674 3700 968 3741 commune
996 3687 1203 3741 malum
1232 3703 1369 3757 pene
1394 3688 1562 3743 totius
1582 3696 1763 3754 terra},

176 3773 428 3832 videlicet
455 3778 605 3848 quod
633 3780 826 3836 altaria
852 3782 1185 3849 venduntur,
1214 3791 1268 3836 et
1287 3781 1432 3851 quod
1468 3782 1572 3838 iste
1599 3782 1764 3837 etiam

178 3865 233 3920 in
258 3867 439 3926 ofﬁcio
464 3871 553 3927 sui
577 3873 1057 3951 archidiaconatus
1082 3889 1141 3931 se
1162 3872 1360 3930 fecisse
1384 3890 1490 3930 non
1514 3864 1763 3947 denegat,

179 3961 528 4033 nedeinceps
552 3965 668 4032 ﬁat,
707 3975 818 4021 tam
858 3967 1008 4035 huic,
1037 3982 1203 4038 quam
1246 3967 1460 4023 caeteris
1488 3967 1763 4034 omnibus,

180 4050 515 4110 interdicito.
542 4055 621 4112 De
641 4068 840 4114 caetero
860 4060 1221 4116 admouemus
1232 4058 1579 4116 dilectionem
1595 4068 1765 4125 tuam,
1782 4062 1785 4063 ⁷

181 4153 240 4199 ut
257 4147 505 4218 reliquas
534 4164 733 4207 causas
749 4159 804 4207 et
824 4152 1060 4225 negotia,
1082 4152 1334 4209 videlicet
1352 4151 1768 4208 Catalaunensis

181 4237 441 4309 episcopi,
479 4239 845 4300 Carnotensis
879 4243 1157 4311 Ecclesia),
1197 4244 1527 4311 Aniciensis,
1564 4241 1767 4298 Arver-

181 4332 387 4398 nensis,
422 4328 526 4389 nec
559 4350 673 4390 non
710 4337 1029 4392 monasterii
1073 4337 1258 4393 Sancti
1295 4336 1559 4410 Dionysii,
1581 4345 1635 4392 et
1664 4336 1769 4392 alia

180 4436 302 4491 qua:
338 4426 658 4481 necessaria
693 4429 1081 4486 ecclesiastica:
1124 4429 1373 4502 religioni
1422 4429 1771 4500 apparuerint

184 4527 279 4583 pro
317 4518 621 4574 commissa
649 4520 751 4575 tibi
781 4521 903 4577 vice
945 4532 1153 4589 nostra,
1178 4530 1441 4594 quantum
1478 4520 1589 4593 Deo
1617 4523 1771 4577 auxi-

183 4604 347 4663 liante
394 4612 666 4680 potueris,
695 4613 770 4668 ita
812 4614 1100 4688 diligenter
1139 4604 1387 4671 tractare
1423 4621 1477 4669 et
1510 4615 1576 4670 ad
1606 4613 1770 4669 ﬁnem

185 4701 478 4767 perducere
502 4705 754 4773 studeas,
796 4716 1069 4778 quatenus
1106 4708 1163 4762 in
1190 4708 1270 4763 eis
1284 4696 1481 4763 nostra
1517 4706 1772 4777 deinceps

184 4794 355 4862 possit
394 4797 711 4853 sollicitudo
761 4809 818 4855 et
857 4800 1019 4874 longa
1054 4800 1303 4873 fatigatio
1333 4798 1626 4854 sublevari.
1665 4797 1772 4853 Vo-

186 4883 369 4944 lumus
410 4891 582 4945 etiam
626 4901 688 4947 ut
734 4891 960 4948 fratrem
998 4902 1247 4949 nostrum
1290 4892 1574 4965 Hugonem
1606 4907 1772 4946 vene.

188 4977 411 5034 rabilem
486 4979 911 5039 Cluniacensem
985 4985 1235 5040 abbatem
1317 4993 1497 5041 tecum
1568 4984 1776 5054 synodo

186 5067 449 5128 interesse
478 5090 547 5129 ex
572 5085 760 5131 nostra
784 5084 938 5147 parte
969 5078 1249 5133 convitare
1272 5077 1517 5149 rogando
1549 5083 1604 5129 et
1634 5076 1777 5130 mul-

188 5168 301 5217 tum
325 5163 585 5221 instando
608 5182 893 5237 procures,
920 5185 1047 5226 cum
1073 5177 1294 5241 propter
1317 5168 1420 5253 alia
1440 5168 1631 5232 multa,
1659 5175 1776 5225 tum

777 5260 800 5286 Δ
818 5262 1128 5286 _....__.-....2..
1155 5261 1409 5286 π,.-ι--ε..

192 5257 424 5286 ..δοντα-ηις
469 5268 530 5286 ..ο
575 5276 734 5286 ΑΑο-ηιι
777 5260 800 5286 Α
818 5262 1128 5286 ...Α----...2..
1155 5261 1409 5286 πηιιι...ε...
1454 5264 1774 5286 anmnn‘A-A‘:

2377 3315 2716 3375 EPISTOLA
2747 3310 2938 3369 XXIII.

1864 3428 1869 3431 ⁵
1898 3434 1965 3473 ΑΙ)
2001 3430 2319 3471 BERNARDUH
2352 3427 2644 3477 DIACOXUI,
2682 3424 2754 3464 ΕΤ
2791 3415 3111 3462 ΒειιΜιωυι
3147 3406 3413 3452 ΔΒΒΔΤΕΙ.

2453 3504 2637 3578 (Anno
2675 3499 2860 3570 l077.)
2954 3504 2955 3507 ‘
3286 3500 3287 3503 ‘

1872 3598 1941 3655 Ut
1971 3600 2036 3653 ab
2069 3596 2304 3654 Henrico
2341 3606 2391 3652 et
2426 3593 2702 3664 Rodulplw
2748 3589 2956 3662 regibus
3004 3586 3119 3664 iter:
3156 3587 3458 3664 tutumffj

1937 3679 2074 3735 tant,
2101 3679 2159 3723 ut
2190 3670 2259 3723 ad
2285 3654 2694 3723 Teutonieor'um
2716 3654 2893 3733 partes
2915 3674 2969 3712 se
2990 3654 3225 3735 cpnferre
3248 3654 3457 3735 possit:

1937 3726 2163 3813 quorum
2212 3739 2369 3805 alter,
2416 3738 2510 3810 qui
2550 3736 2606 3813 id
2648 3726 2902 3813 priestare
2941 3726 3459 3813 uolumina-esseom:

1937 3792 2235 3866 ﬂuitem
2262 3792 2376 3877 ,Ἵνεῖ
2430 3792 2583 3890 'regm'
2632 3792 3001 3890 {hibernaculis
3060 3792 3457 3890 interdicitur;

1939 3865 2030 3954 qui
2055 3898 2173 3936 vero
2203 3865 2463 3953 paruerit,
2492 3865 2552 3931 in
2579 3865 2724 3947 regia
2751 3871 3009 3944 dignitate
3040 3865 3399 3954 confirmetur.

1940 3950 2251 4029 Caesonius
2312 3972 2649 4041 cpiscopus,
2718 3979 2911 4020 servus
2974 3970 3258 4016 servorum
3315 3950 3455 4013 Dei,

1870 4063 2160 4119 Bsamano
2208 4070 2411 4117 sancta:
2456 4059 2717 4114 Romana:
2766 4052 3027 4109 Ecclesia:
3077 4048 3310 4104 diacono
3340 4084 3354 4109 ,
3403 4048 3460 4094 et

1870 4154 2161 4209 Banmnno
2184 4152 2514 4208 Massiliensi
2540 4148 2744 4214 abbati,
2765 4144 2998 4201 salutem
3024 4149 3079 4195 et
3100 4133 3458 4209 apostolicam

1869 4245 2322 4303 benedictionem.
3332 4242 3333 4245 “
3426 4232 3431 4263 τ

1937 4335 2289 4393 Fraternitati
2323 4344 2520 4391 vestrae
2565 4337 2755 4386 notum
2803 4341 2925 4383 esse
2969 4338 3078 4379 non
3132 4317 3461 4388 ambigimus

1872 4429 2001 4500 quia
2030 4428 2152 4484 ideo
2175 4427 2244 4482 ab
2273 4426 2418 4482 Urbe
2445 4423 2639 4481 conﬁsi
2671 4423 2739 4477 de
2767 4419 2863 4475 Dei
2895 4412 3269 4472 misericordia
3291 4417 3345 4464 et
3366 4404 3462 4462 ad-

1870 4520 2077 4592 iutorio
2106 4519 2249 4576 beati
2276 4517 2424 4574 Petri
2456 4514 2664 4589 egressi
2692 4528 2906 4577 sumus,
2936 4508 3017 4565 ut'
3043 4506 3111 4562 ad
3133 4501 3464 4592 Teutonicof

1876 4589 1999 4669 rum
2032 4620 2237 4684 partes,
2264 4606 2626 4682 composituri
2654 4607 2798 4661 inter
2827 4619 2924 4659 eos
2950 4600 3039 4672 (ad
3064 4598 3329 4652 honorem
3366 4589 3463 4645 Dei

1874 4713 1929 4760 ct
1951 4705 2241 4760 utilitatem
2270 4711 2475 4760 sancta:
2504 4699 2787 4780 Ecclesiae)
2819 4684 3033 4768 pacem,
3077 4687 3461 4780 transiremus.

1878 4797 1985 4853 Sed
2006 4797 2136 4867 quia
2160 4795 2460 4852 defuerunt
2483 4793 2576 4865 qui
2607 4808 2708 4847 nos
2733 4777 3035 4846 secundum
3060 4782 3206 4854 quod
3228 4777 3467 4849 disposi-

1877 4899 1993 4944 tum
2015 4897 2133 4944 erat
2153 4872 2543 4953 conducerent,
2579 4881 2822 4955 impediti
2851 4879 3087 4934 adventu
3115 4874 3258 4945 regis
3280 4873 3335 4926 in
3360 4868 3469 4924 Ita-

1877 4984 2027 5047 liam,
2055 4981 2110 5036 in
2141 4978 2524 5053 Longobardia
2559 4978 2701 5031 inter
2737 4973 2993 5028 inimicos
3022 4966 3355 5023 Christiana:
3382 4977 3470 5018 re-

1877 5075 2099 5147 ligionis
2140 5089 2250 5128 non
2294 5074 2411 5129 sine
2454 5084 2654 5140 magno
2694 5065 2939 5136 periculo
2967 5060 3372 5125 remansimus,
3418 5065 3475 5112 et

1880 5170 2091 5235 adhuc,
2126 5168 2271 5223 sicut
2297 5164 2673 5221 desideramus
2699 5201 2712 5227 ,
2752 5160 2896 5214 ultra
2929 5164 3147 5212 montes
3197 5150 3473 5227 proﬁcisci

2284 5256 2549 5286 Λ..Αι.ἒποηα
2596 5267 2883 5286 mnnnmnc
2928 5265 3025 5286 νῆα
3117 5257 3168 5286 at
3218 5266 3280 5286 nr
3323 5250 3475 5286 nar“!

1882 5279 1912 5286 _
1925 5280 1944 5286 -
1956 5262 2193 5286 ~--:_.:-n“
