3982 5316
473 307 584 364 ηε,

1124 305 1180 360 S.
1218 297 1548 363 GRECORll
1587 305 1677 362 VII
1717 305 1921 364 ΡΔΡᾸζ
1959 307 2078 366 ΟΡΕ

2179 307 2240 364 ιιι
2292 296 2475 354 PARS
2504 297 2545 352 t.
2584 327 2652 338 -—
2692 295 3092 356 REGISTRUM

3653 307 3749 364 ιω

471 437 573 480 vos
604 423 740 479 bene
767 421 1063 489 confiditis,
1098 422 1393 491 praebeant,
1427 431 1488 478 ut
1517 422 1622 478 iter
1655 430 1815 478 notus
1838 423 2060 481 Christo
2090 428 2135 484 Δ
2167 413 2404 484 “ipim”
2445 421 2509 468 ιη
2553 419 2850 484 ιιιηιῖηιιιιο
2887 430 3068 486 regem
3090 457 3106 484 ι
3155 415 3454 474 "Palicum
3504 418 3752 482 νὶιιειὶοει

473 523 790 586 protegente
832 521 1032 584 pateat.
1080 511 1470 570 Desideramus
1497 515 1646 570 enim
1674 505 1802 572 cum
1831 517 2062 574 consilio

475 605 801 660 clericorum
827 613 990 675 atque
1016 604 1279 659 laicorum
1325 605 1570 676 ejusdem
1613 607 1788 678 regni,
1815 609 1912 680 qui
1953 607 2063 666 Do-

476 697 688 751 minum
733 697 930 750 timent
971 703 1026 751 et
1067 695 1321 767 diligunt,
1351 713 1575 753 causam
1613 699 1754 754 inter
1778 715 1903 769 eos,
1949 699 2064 757 Deo

475 786 712 854 favente;
747 787 1020 843 discutere
1059 807 1072 842 :
1105 797 1160 843 et
1190 789 1350 860 cujus
1394 791 1537 860 parti
1580 791 1756 865 magis
1801 793 1868 848 ad
1909 795 2060 864 regni

475 879 843 951 gubernacula
867 879 1082 949 justitia
1117 879 1260 936 favet
1289 881 1687 940 demonstrare.
1725 883 1889 940 Scitis
1915 885 2064 942 enim

475 971 605 1041 quia
633 971 809 1027 nostri
835 970 998 1027 oﬂicii
1019 981 1075 1026 et
1098 973 1414 1043 apostolicae
1435 975 1583 1032 sedis
1603 984 1688 1032 est
1711 977 2066 1047 providentiae

476 1063 684 1133 majora
721 1061 1096 1119 Ecelesiarum
1121 1065 1338 1136 negotia
1369 1067 1645 1124 discutere
1667 1111 1684 1137 ,
1728 1077 1784 1124 et
1824 1069 2067 1126 dictante

473 1153 690 1224 justitia
717 1153 966 1210 delinire.
1004 1153 1119 1210 Hoc
1163 1165 1347 1212 autem
1372 1159 1520 1230 quod
1566 1159 1709 1215 inter
1749 1175 1845 1218 eos
1887 1161 2068 1234 agitur

477 1247 756 1317 negotium
783 1255 950 1302 tantm
985 1247 1268 1319 gravitatis
1309 1259 1396 1304 est
1421 1251 1665 1323 tantique
1700 1252 1923 1330 mriculi
1952 1296 1968 1322 ,
2009 1262 2070 1310 ut

480 1337 528 1392 si
561 1355 590 1394 a
628 1337 789 1394 nobis
832 1337 1001 1394 fuerit
1029 1341 1213 1412 aliqua
1245 1343 1539 1399 occasione
1582 1345 1884 1415 neglectum
1911 1387 1927 1414 ,
1956 1361 2069 1402 non

481 1431 663 1486 solum
708 1429 817 1486 illis
852 1438 908 1486 et
941 1431 1120 1498 nobis,
1157 1433 1252 1489 sed
1285 1435 1452 1490 etiam
1488 1435 1784 1492 universali
1816 1436 2072 1493 Ecclesia:

482 1538 742 1594 magnum
785 1533 842 1579 et
882 1524 1229 1580 lamentabile
1256 1527 1435 1598 pariat
1467 1528 1876 1584 detrimentum.
1923 1527 2071 1597 Qua-

481 1624 704 1686 propter
733 1615 778 1672 si
810 1616 1072 1673 alteruter
1099 1617 1484 1690 praedictorum
1506 1635 1697 1693 regum
1721 1620 1850 1676 huic
1871 1630 2073 1677 nostrae

482 1707 752 1763 voluntati
780 1723 846 1763 ac
866 1709 1246 1764 deliberationi
1277 1726 1468 1781 parere
1489 1721 1543 1768 et
1568 1712 1636 1768 ad
1661 1721 1840 1768 vestra
1863 1713 2072 1768 monita

479 1796 664 1856 locum
691 1801 823 1857 dare
844 1802 1110 1870 renuerit,
1138 1818 1408 1875 suamque
1433 1799 1742 1876 superbiam
1773 1814 1938 1876 atque
1971 1821 2072 1861 cu-

482 1892 728 1963 piditatis
754 1893 1119 1952 faccscontra
1146 1896 1412 1952 honorem
1441 1896 1534 1953 Dei
1560 1898 1957 1969 omnipotentis
1981 1914 2076 1955 ac-

483 1985 764 2052 cendens,
830 1985 899 2042 ad
966 1987 1366 2044 desolationem
1429 1990 1599 2047 totius
1674 1989 1908 2047 Romani
1965 1991 2074 2046 im-

484 2077 621 2148 perii
657 2078 916 2134 anhelare
947 2081 1256 2147 tentaverit,
1290 2082 1547 2138 omnibus
1595 2083 1774 2138 modis
1815 2083 2076 2153 omnique

485 2167 708 2238 ingenio
734 2185 910 2239 usque
951 2171 1018 2226 ad
1045 2181 1298 2238 mortem,
1328 2174 1375 2228 si
1403 2183 1637 2244 oportet,
1681 2183 1871 2230 nostra
1916 2175 2034 2230 vice
2057 2218 2073 2243 ,

487 2258 602 2314 imo
649 2259 794 2315 beati
836 2259 986 2316 Petri
1025 2265 1352 2320 auctoritate
1376 2307 1391 2334 ,
1433 2265 1483 2320 ei
1510 2267 1767 2334 resistite,
1812 2274 1867 2322 et
1909 2268 2078 2324 totius

487 2351 645 2421 regni
669 2352 1038 2423 gubernacula
1067 2356 1494 2414 contradicendo
1525 2367 1634 2414 tam
1671 2359 1825 2415 illum
1849 2401 1866 2427 ,
1910 2374 2077 2431 quam

489 2455 682 2499 omnes
727 2443 832 2498 sibi
873 2447 1278 2504 consentientes
1313 2465 1345 2504 a
1373 2450 1788 2521 participatione
1828 2451 2079 2522 corporis

491 2543 548 2590 et
591 2537 876 2609 sanguinis
902 2537 1120 2595 Domini
1147 2543 1322 2598 nostri
1353 2541 1482 2599 Jesu
1514 2544 1754 2612 Christi,
1794 2553 1850 2601 et
1878 2561 1910 2601 a
1935 2545 2079 2600 limi-

495 2626 662 2684 nibus
698 2638 902 2686 sancta:
931 2629 1190 2689 Ecclesia:
1225 2644 1472 2705 separate
1503 2655 1516 2692 :
1559 2636 1692 2692 illud
1727 2653 1942 2710 semper
1977 2637 2079 2693 ha-

492 2717 684 2776 bentes
731 2721 787 2775 in
833 2724 1095 2780 memoria
1133 2725 1260 2796 quia
1296 2729 1474 2784 scelus
1504 2728 1823 2786 idololatriae
1851 2730 2082 2787 incurrit

493 2809 590 2881 qui
635 2815 950 2882 apostolicae
995 2817 1112 2872 sedi
1165 2819 1388 2875 obedire
1435 2822 1770 2889 contemnit,
1824 2830 1880 2878 et
1934 2823 2084 2894 quod

494 2903 688 2961 beatus
713 2906 1010 2980 Gregorius
1039 2911 1232 2968 doctor
1273 2923 1497 2969 sanctus
1532 2923 1587 2970 et
1620 2915 1961 2972 humillimus
1985 2916 2082 2972 dc-

499 2997 670 3052 crevit
701 3014 856 3071 reges
892 3017 923 3057 a
962 3019 1062 3059 sua
1103 3003 1365 3076 dignitate
1409 3007 1604 3062 cadere
1629 3049 1644 3076 ,
1697 3007 1744 3064 si
1793 3007 2085 3064 temerario

2167 516 2224 559 ct
2247 503 2612 576 Rodulphum,
2639 513 2736 561 aut
2772 521 2870 576 per
2895 523 2954 562 se
2994 517 3090 564 aut
3126 524 3224 580 per
3263 509 3490 568 idoneos
3535 513 3752 572 nuntios

2161 598 2500 654 admoneant
2525 605 2800 668 quatenus
2825 598 2968 654 viam
2992 601 3148 668 mihi,
3176 617 3274 672 pro
3295 602 3646 675 discutienda
3665 621 3751 662 ne.

2168 688 2318 758 gotio
2347 689 2492 759 quod
2525 689 2766 760 peccatis
2797 688 3123 748 facientibus
3153 693 3292 750 inter
3317 709 3415 750 cos
3441 703 3631 752 ortum
3651 708 3751 766 est,

2165 791 2234 846 ad
2259 807 2385 858 vos,
2430 780 2538 836 Deo
2578 779 2814 848 favente,
2859 799 3050 839 secure
3089 785 3341 841 veniendi
3367 789 3668 858 praebeant.
3699 789 3753 846 in

2164 899 2363 955 magna
2390 872 2542 938 enim
2565 873 2786 930 tristitia
2810 883 2866 932 et
2889 876 3077 932 dolore
3104 893 3200 933 cor
3225 887 3479 936 nostrum
3507 879 3753 947 ﬂuctuat,

2166 975 2214 1032 si
2241 991 2336 1047 per
2361 975 2528 1030 unius
2553 966 2800 1030 hominis
2831 968 3144 1038 superbiam
3171 978 3250 1024 tot
3272 971 3443 1026 millia
3470 972 3753 1031 hominum

2165 1065 2602 1124 Christianorum
2649 1059 2941 1135 temporali
2977 1068 3034 1116 et
3066 1069 3282 1122 aeternae
3315 1062 3479 1117 morti
3529 1063 3750 1118 tradun-

2168 1165 2278 1226 tur,
2313 1167 2368 1214 et
2395 1155 2710 1212 Christiana
2757 1148 2954 1228 religio
2999 1149 3374 1220 confunditur,
3417 1151 3756 1212 Romanum-

2166 1265 2276 1321 que
2305 1248 2597 1319 imperium
2635 1247 2700 1304 ad
2729 1245 3090 1319 perditionem
3128 1243 3467 1318 perducitur.
3518 1245 3758 1318 Uterque

2170 1358 2407 1414 namque
2440 1358 2537 1398 rex
2583 1357 2614 1397 a
2662 1341 2841 1408 nobis,
2885 1341 2998 1397 imo
3042 1341 3112 1396 ab
3157 1336 3451 1410 apostolica
3483 1339 3634 1405 sede,
3671 1341 3756 1394 cui

2171 1435 2298 1491 licet
2340 1434 2549 1507 indigni
2593 1433 2974 1505 prtesidemus,
3016 1432 3350 1504 adjutorium
3396 1431 3652 1497 requirit.
3693 1431 3759 1486 Et

2171 1544 2295 1592 nos,
2325 1527 2392 1584 de
2417 1526 2792 1584 misericordia
2822 1526 3214 1598 omnipotentis
3253 1524 3349 1580 Dei
3389 1533 3446 1582 et
3487 1523 3760 1596 adjutorio

2172 1620 2316 1676 beati
2361 1619 2508 1676 Petri
2549 1619 2886 1675 confidentes
2911 1661 2926 1684 ,
2973 1617 3150 1689 parati
3181 1633 3373 1673 sumus
3417 1632 3548 1672 cum
3579 1626 3761 1673 vestro

2175 1712 2427 1781 consilio,
2454 1712 2548 1784 qui
2582 1711 2753 1766 Deum
2782 1711 2986 1766 timetis
3014 1719 3068 1764 et
3095 1709 3466 1764 Christianam
3495 1707 3659 1764 ﬁdem
3679 1708 3760 1763 dio

2176 1805 2363 1876 ligitis,
2387 1804 2700 1874 mquitatem
2739 1819 2920 1858 causa:
2960 1801 3218 1872 utrinque
3260 1801 3579 1868 decernere,
3624 1809 3680 1856 et
3711 1800 3758 1854 ei

2174 1897 2414 1967 prtebere
2435 1895 2700 1952 auxilium
2727 1896 2813 1951 cui
2835 1894 3050 1966 justitia
3089 1894 3157 1950 ad
3197 1893 3351 1964 regni
3391 1892 3762 1966 gubernacula

2176 1989 2359 2048 favere
2391 1989 2748 2063 dignoscitur.
2787 1987 3152 2060 Quapropter,
3195 1987 3243 2042 si
3286 1986 3552 2042 alteruter
3575 2000 3762 2042 eorum

2177 2083 2432 2154 superbia
2457 2082 2676 2138 inﬂatus
2705 2081 2892 2152 aliquo
2941 2079 3162 2152 ingenio
3203 2078 3504 2151 quominus
3553 2075 3626 2133 ad
3669 2093 3765 2134 vos

2176 2177 2364 2232 venire
2402 2175 2680 2248 possimus
2717 2173 3028 2239 obstiterit;
3063 2181 3120 2227 et
3152 2171 3220 2227 de
3253 2187 3355 2226 sua
3388 2170 3666 2241 iniustitia
3695 2170 3763 2225 ti-

2178 2286 2334 2326 mens
2357 2269 2626 2342 judicium
2658 2267 2831 2324 sancti
2861 2265 3101 2338 Spiritus
3129 2262 3412 2336 refugerit,
3445 2262 3766 2319 inobediens

2179 2361 2357 2419 factus
2385 2361 2690 2420 resistendo
2719 2369 2920 2416 sancta:
2945 2367 3001 2426 et
3030 2356 3328 2414 universali
3363 2355 3528 2410 matri
3578 2353 3764 2410 Eccle-

2179 2455 2295 2522 siae,
2327 2454 2476 2510 hunc
2507 2455 2657 2510 velut
2684 2453 2994 2508 membrum
3027 2447 3374 2516 Antichristi,
3409 2457 3465 2504 et
3499 2447 3770 2504 desolato-

2179 2563 2295 2606 rcm
2325 2545 2649 2602 Christiana:
2693 2544 2992 2616 religionis,
3038 2541 3407 2609 comtemnite,
3449 2548 3507 2596 et
3549 2548 3772 2595 senten—

2181 2639 2336 2708 tiam,
2358 2655 2524 2712 quam
2553 2637 2728 2695 nostri
2743 2635 2915 2708 legati
2945 2643 3136 2690 contra
3163 2648 3290 2689 cum
3313 2641 3503 2688 nostra
3533 2631 3656 2688 vice
3681 2632 3772 2688 de-

2181 2731 2382 2800 derint,
2408 2739 2726 2788 conservate
2757 2748 2770 2786 :
2807 2729 3044 2785 scientes
3071 2726 3201 2796 quia
3228 2724 3369 2780 Deus
3403 2725 3646 2796 superbis
3690 2741 3772 2778 re—

2182 2825 2348 2893 sistit,
2377 2823 2666 2878 humilibus
2691 2831 2868 2878 autem
2896 2826 2989 2875 dat
3013 2819 3244 2891 gratiam
3285 2817 3428 2890 (Jac.
3459 2819 3560 2890 tv).
3604 2816 3772 2872 Alteri

2183 2932 2314 2972 vero
2337 2915 2434 2988 qui
2460 2915 2738 2971 humiliter
2766 2929 2826 2970 se
2855 2912 3140 2978 habuerit,
3177 2918 3234 2966 et
3257 2909 3532 2980 judicium
3563 2910 3775 2980 (dcere—

2187 3015 2304 3064 tum
2332 3021 2464 3062 vero
2492 3023 2525 3062 a
2555 3005 2765 3079 Spiritu
2791 3013 3002 3071 sancto,
3029 3020 3126 3076 per
3153 3018 3251 3059 vos
3271 3011 3454 3058 autem
3474 3001 3774 3073 prolatum)

497 3103 640 3144 ausu
687 3101 1086 3160 praesumerent
1139 3104 1331 3152 contra
1383 3099 1695 3168 apostolicae
1747 3099 1892 3155 sedis
1928 3089 2082 3169 juSsa
2111 3115 2154 3168 ι,
2186 3115 2297 3155 non
2325 3097 3128 3169 contempserit(indubitanter
3149 3095 3292 3152 enim
3321 3093 3606 3152 credimus
3631 3093 3775 3166 quod

495 3182 683 3238 venire
731 3185 900 3254 (390).
946 3185 1117 3242 Alteri
1143 3197 1327 3244 autem
1361 3190 1458 3260 qui
1493 3199 1694 3246 nostrae
1709 3189 1948 3261 jussioni
1981 3191 2086 3244 hu-

498 3272 704 3326 militer
744 3267 1028 3344 paruerit,
1072 3288 1127 3334 et
1175 3280 1536 3336 obedientiam
1576 3281 1871 3337 universali
1923 3281 2086 3336 matri

502 3364 667 3434 (sicut
690 3366 845 3422 decet
866 3369 1240 3426 Christianum
1269 3371 1474 3445 regem)
1501 3373 1808 3428 exhibuerit
1834 3415 1849 3440 ,
1886 3389 2088 3429 convo-

502 3464 627 3510 cato
661 3459 892 3515 concilio
922 3463 1167 3518 omnium
1195 3465 1519 3520 clericorum
1562 3474 1618 3521 et
1651 3465 1916 3521 laicorum
1948 3481 2088 3536 quos

503 3551 771 3607 advocare
801 3555 1072 3624 poteritis,
1111 3557 1402 3613 consilium
1428 3565 1484 3612 et
1508 3558 1840 3629 adjutorium
1871 3557 1926 3612 in
1964 3573 2088 3612 om-

505 3644 669 3700 nibus
692 3645 945 3715 pmbete,
974 3647 1100 3703 etin
1127 3649 1274 3721 regia
1298 3649 1560 3721 dignitate
1584 3664 1682 3720 per
1707 3649 2088 3705 auctoritatem

501 3735 788 3793 beatorum
821 3741 1189 3809 apostolorum
1235 3741 1379 3798 Petri
1427 3751 1482 3798 et
1535 3741 1689 3798 Pauli
1735 3751 1924 3799 nostra
1973 3742 2090 3798 vice

507 3829 844 3896 conﬂrmate,
877 3832 1240 3906 omnibusque
1281 3835 1570 3906 episcopis,
1597 3835 1904 3903 abbatibus,
1933 3834 2093 3890 cleri—

507 3919 590 3975 cis
617 3937 681 3976 ac
700 3921 878 3992 laicis,
905 3924 960 3978 in
985 3927 1134 3982 omni
1161 3944 1326 4000 regno
1352 3928 1748 3998 habitantibus,
1785 3937 1846 3984 ut
1884 3927 1989 3984 sibi
2024 3925 2090 3982 fi-

506 4015 698 4072 deliter
724 4017 890 4090 (sicut
909 4023 1138 4092 oportet)
1165 4022 1280 4094 regi
1305 4023 1558 4079 obediant
1598 4032 1654 4079 et
1682 4023 1992 4079 deserviant
2025 4036 2093 4078 ex

509 4118 662 4180 patte
687 4113 1072 4182 omnipotentis
1100 4115 1193 4171 Dei
1217 4116 1512 4186 praecipita.

575 4200 708 4260 Data
729 4204 1054 4277 Carpinetae,
1085 4209 1328 4265 secundo
1363 4224 1430 4263 xv
1453 4207 1724 4265 Kalendas
1745 4204 1918 4274 Junii,
1950 4205 2096 4260 indi-

510 4295 688 4353 ctione
712 4299 922 4357 decima
949 4303 1160 4359 auinta.

1017 4392 1355 4450 EPISTOIA
1391 4393 1583 4448 XXIV.

1080 4504 1152 4540 AD
1177 4501 1534 4541 GERﬂANOS.

1081 4578 1100 4648 (
1125 4575 1282 4632 Anno
1330 4576 1487 4632 1077.
1513 4576 1532 4648 )

995 4667 1250 4740 Ejusdem
1298 4669 1616 4740 argumenti.

587 4757 897 4818 Caesonius
913 4763 1223 4833 episcopus,
1257 4777 1450 4818 servus
1469 4777 1753 4818 servorum
1776 4759 1893 4826 Det,
1918 4759 2098 4814 archi-

2187 3189 2501 3261 ubicunque
2527 3189 2638 3245 duo
2651 3191 2736 3245 vel
2757 3199 2867 3246 tres
2893 3188 2950 3243 in
2977 3187 3200 3244 nomine
3220 3185 3438 3242 Domini
3459 3186 3775 3258 congregati

2186 3283 2410 3351 fuerint,
2454 3283 2742 3354 praesentia
2783 3283 2904 3354 ejus
2946 3281 3326 3337 illuminantur
3347 3278 3572 3350 (Matth.
3597 3279 3774 3348 xvm),

2186 3375 2287 3443 illi,
2325 3366 2575 3446 inquam,
2617 3373 2903 3431 servitium
2955 3382 3010 3428 et
3057 3371 3421 3428 reverentiam
3469 3371 3776 3428 secundum

2187 3468 2336 3540 quod
2365 3468 2538 3524 nostri
2575 3465 2788 3538 praefati
2814 3466 2977 3537 legati
2998 3465 3360 3531 decreverint,
3390 3463 3653 3519 exhibete
3682 3463 3777 3520 ad—

2188 3559 2446 3627 nitentes,
2481 3567 2536 3616 et
2565 3558 2744 3615 modis
2771 3559 3028 3614 omnibus
3069 3558 3120 3613 ei
3160 3557 3547 3627 obsequentes,
3591 3565 3654 3611 ut
3691 3571 3779 3611 re-

2187 3653 2333 3726 giam
2357 3653 2673 3726 dignitatem
2704 3653 2932 3710 honeste
2957 3652 3132 3724 possit
3163 3651 3431 3719 obtinere,
3479 3659 3538 3707 et
3579 3661 3781 3707 sancta:

2189 3743 2447 3804 Ecclesiae
2469 3747 2585 3820 jam
2605 3761 2743 3817 pene
2775 3745 2983 3804 labanti
3025 3759 3366 3802 succurrere.
3411 3740 3534 3798 Non
3562 3743 3714 3798 enim
3747 3758 3780 3802 tt

2190 3839 2354 3895 corde
2397 3847 2590 3896 nostro
2634 3839 2794 3896 debet
2839 3838 3094 3896 excidere
3139 3837 3288 3910 quod
3318 3837 3415 3909 qui
3459 3838 3781 3908 apostolica:

2190 3930 2307 3986 sedi
2337 3931 2558 3988 obedire
2595 3931 2913 3998 contemnit,
2958 3931 3140 3987 scelus
3184 3929 3507 3985 idololatria!
3543 3928 3781 3984 incurrit

2192 4019 2249 4091 (Ι
2285 4021 2412 4094 Reg.
2450 4023 2563 4094 xv),
2587 4023 2815 4094 etquod
2852 4023 3045 4079 beatus
3074 4021 3367 4094 Gregorius
3407 4021 3562 4093 (591)
3589 4021 3781 4079 doctor

2191 4125 2414 4172 sanctus
2445 4125 2500 4174 et
2535 4116 2877 4174 humillimus
2898 4131 3051 4186 reges
3074 4113 3311 4170 decrevit
3338 4129 3372 4169 a
3393 4113 3514 4170 suis
3543 4113 3780 4185 dignita-

2193 4209 2341 4266 tibus
2367 4208 2579 4276 cadere,
2619 4217 2673 4264 et
2705 4207 3120 4279 participatione
3141 4205 3390 4276 corporis
3414 4213 3470 4260 et
3491 4204 3778 4276 sanguinis

2193 4297 2412 4355 Domini
2446 4299 2619 4355 nostri
2645 4296 2777 4354 Jesu
2801 4296 3004 4354 Christi
3035 4312 3223 4353 carere
3244 4337 3260 4364 ,
3297 4296 3346 4352 si
3380 4302 3781 4366 pratsumerent

2198 4391 2509 4462 apostolicae
2543 4391 2688 4447 sedis
2715 4392 2932 4448 decreta
2960 4399 3328 4446 contemnere.
3361 4387 3420 4444 Si
3443 4389 3596 4445 enim
3617 4389 3781 4444 cele-

2129 4459 2174 4514 ι)
2201 4459 2304 4541 sua
2329 4493 2384 4541 et
2415 4484 2720 4556 spiritualia
2754 4484 2912 4540 sedes
2945 4483 3086 4540 beati
3115 4482 3262 4538 Petri
3289 4481 3448 4538 solvit
3471 4489 3528 4536 et
3545 4480 3778 4551 judicat,

2197 4585 2405 4647 quanto
2446 4576 2621 4647 magis
2659 4585 2875 4632 terrena
2914 4583 2969 4631 ct
2996 4574 3315 4632 smcularia?
3357 4571 3524 4629 Scitis
3570 4583 3776 4633 autem.

2197 4667 2395 4724 fratres
2445 4667 2778 4735 charissimi,
2825 4667 2954 4739 quia
2993 4683 3060 4723 ex
3101 4682 3212 4738 quo
3252 4675 3497 4736 tempore
3529 4665 3601 4720 ab
3636 4662 3778 4719 Urbe

2187 4759 2493 4838 ‘exivimus,
2513 4760 2567 4814 in
2587 4775 2786 4832 magno
2808 4759 3049 4832 periculo
3073 4759 3216 4814 inter
3235 4757 3491 4813 inimicos
3509 4753 3778 4814 Christia-

512 4850 808 4920 episcopis,
839 4855 1130 4926 episcopis,
1152 4854 1406 4921 ducibus,
1431 4853 1723 4909 comitibus
1745 4860 1799 4908 et
1825 4850 2099 4908 universis
2198 4868 2283 4909 me
2310 4852 2433 4909 fidei
2464 4851 2770 4908 mansimus
2797 4871 2810 4906 :
2841 4861 2896 4909 et
2937 4860 3119 4908 tamen
3163 4848 3344 4905 neutri
3390 4846 3772 4918 praedictorum

515 4941 724 4999 Christi
759 4945 1006 5002 fidelibus
1051 4947 1262 5003 clericis
1307 4955 1362 5003 et
1405 4946 1564 5004 laicis
1591 4989 1607 5013 ,
1657 4956 1766 5001 tam
1797 4942 2099 5014 majoribus

2198 4962 2388 5020 regum
2413 4962 2589 5018 neque
2611 4955 2818 5002 terrore.
2839 4961 3014 5016 neque
3040 4959 3227 5000 amore
3251 4942 3376 4998 ﬂexi
3404 4940 3624 5012 aliquod
3646 4955 3776 4995 con-
