3982 5316
152 244 255 299 εει

1204 239 1407 296 LIBER
1443 239 1792 309 QUARTUS.
1831 270 1901 280 -—
1942 236 2160 295 EPIST.
2195 236 2383 293 XXVI.

3324 244 3432 300 ιδε

143 369 283 414 sunt
306 352 629 430 quaeramus
659 353 882 425 (Philip.
914 359 1016 426 ιι),
1058 365 1113 410 et
1152 370 1250 426 per
1294 357 1496 412 multos
1529 358 1741 412 labores
1772 363 1816 419 Α
1842 353 2154 424 apostolicae
2196 353 2431 408 debitam
2490 366 2587 422 per
2636 350 2862 407 idoneos
2901 351 3107 425 legatos
3145 354 3429 411 denunttc’

140 450 371 504 Patrum
411 457 712 518 sequentes
737 446 963 518 vestigia
1009 446 1076 501 ad
1127 447 1369 502 futuram
1395 458 1449 504 ct
1478 458 1738 504 attentam

141 541 408 611 quietem,
437 538 553 593 Deo
576 538 891 604 miserante,
931 538 1240 593 tendamus.

168 620 185 631 ’
214 630 353 685 Data
394 630 731 700 Carpinetaa,
764 631 1005 688 secundo
1052 629 1325 688 Kalendas
1372 629 1544 696 Junii,
1598 630 1739 685 indi-

143 724 327 779 ctione
357 725 574 779 decima
603 725 818 796 quinta.

679 872 1019 930 EPISTOLA
1051 872 1218 929 XXV.

266 986 335 1023 AD
370 984 651 1023 ΠΕΠΕΙΙΔΙ
682 982 1128 1023 ABCBIEPISCOPUI
1166 981 1587 1022 STRIGONIENSEI

760 1058 940 1130 (Anno
970 1056 1152 1127 l077.)

146 1150 387 1205 Causam
405 1151 651 1221 assignat
676 1166 772 1203 cur
793 1149 1029 1221 episton
1050 1148 1273 1221 latorem
1301 1148 1445 1218 apud
1472 1164 1526 1202 se
1552 1148 1740 1221 tandiu

210 1217 766 1291 retinuerit,'eumque
784 1217 1134 1274 commendat.
1158 1217 1319 1291 illius
1334 1220 1651 1288 promotioni
1669 1220 1739 1272 ad

164 1305 169 1308 ·
210 1292 580 1346 sacerdotium
618 1288 723 1344 non
767 1291 1093 1345 adversatur.
1148 1288 1323 1343 Monet
1364 1305 1535 1358 regem
1578 1305 1742 1358 nuper

213 1362 448 1416 electum
477 1370 807 1431 commoneat
851 1369 907 1413 ut
952 1377 1044 1430 per
1091 1358 1290 1431 legatos
1330 1359 1564 1413 debitum
1594 1361 1743 1413 obse-

172 1488 177 1495 ,
212 1433 408 1503 (μύκαι
439 1432 554 1486 sedi
579 1430 886 1502 apostolij
905 1439 1138 1501 praestet.

214 1545 540 1601 Gaeconws
561 1546 875 1617 episcopus,
901 1561 1095 1601 servus
1114 1558 1402 1599 servorum
1418 1542 1531 1610 Dei,
1557 1541 1739 1598 Naus-

150 1653 254 1693 ηε
284 1636 659 1708 Strigoniensi
689 1637 745 1690 in
776 1635 1053 1709 Hungaria
1076 1635 1488 1706 archiepiscopo
1508 1636 1739 1691 salutem

151 1739 203 1785 et
221 1729 593 1801 apostolicam
619 1729 1056 1784 benedictionem

212 1820 339 1877 Non
372 1821 641 1877 admirari
668 1831 722 1877 te
759 1821 1016 1878 volumus
1054 1838 1162 1892 qua
1202 1821 1270 1878 de
1311 1838 1476 1878 causa
1519 1821 1740 1877 fratrem

154 1913 340 1980 istum,
365 1906 632 1968 videlicet
648 1915 846 1969 harum
876 1914 1181 1969 litterarum
1213 1916 1532 1986 portitorem
1560 1957 1575 1983 ,
1621 1924 1745 1971 tan-

154 2005 241 2059 diu
266 2004 567 2061 nobiscum
594 2006 984 2062 retinuerimus
1014 2024 1028 2060 :
1062 2022 1187 2062 nam
1214 2049 1229 2076 ,
1269 2024 1394 2063 cum
1421 2009 1489 2065 ad
1518 2024 1619 2064 nos
1646 2025 1741 2064 ve-

156 2098 250 2162 nit,
280 2096 340 2153 in
370 2113 611 2169 regnum
645 2096 1073 2153 Teutonicorum
1118 2100 1353 2158 transire
1396 2101 1746 2171 disposuera-

156 2206 294 2254 mus,
325 2198 609 2259 quatenus
642 2189 786 2243 inter
829 2204 1009 2261 regem
1046 2187 1343 2245 Ilenricum
1383 2199 1438 2246 et
1471 2191 1745 2263 principes

154 2291 308 2337 terra:
330 2296 525 2351 pacem
556 2289 614 2336 et
644 2281 992 2336 concordiam
1021 2297 1352 2351 componere
1376 2325 1391 2350 ,
1433 2282 1546 2338 Deo
1589 2283 1745 2353 adju-

155 2381 332 2437 vante,
366 2386 697 2442 possemus;
736 2372 973 2442 acceptis
1000 2373 1164 2427 etiam
1200 2388 1297 2442 per
1337 2383 1743 2430 sacramentum

156 2467 219 2521 ab
243 2466 441 2520 eodem
469 2463 713 2520 Henrico
739 2480 866 2535 rege
888 2465 1276 2521 securitatibus
1295 2508 1309 2532 ,
1335 2481 1472 2537 quas
1500 2483 1567 2521 ex
1591 2476 1746 2537 parte

159 2557 297 2611 illius
326 2557 398 2612 ad
432 2555 832 2627 profectionem
862 2564 1107 2611 nostram
1142 2564 1274 2612 tunc
1303 2566 1551 2629 oportere
1588 2567 1746 2629 puta-

159 2650 335 2704 vimus
362 2667 375 2702 :
403 2649 568 2718 cujus
594 2648 675 2703 rei
696 2648 902 2704 exitum
930 2657 1328 2719 exspectantes,
1358 2649 1575 2707 interim
1598 2652 1747 2706 hunc

162 2743 443 2799 nobiseum
470 2756 699 2796 manere
719 2740 1101 2811 praecepimus,
1150 2749 1210 2797 ut
1244 2751 1300 2798 et
1342 2751 1550 2798 certum
1581 2743 1746 2813 hujus

160 2837 356 2909 negotii
387 2834 584 2901 ﬁnem,
624 2843 680 2889 et
718 2832 764 2889 si
800 2849 908 2904 qua
932 2833 1038 2888 alia
1061 2836 1369 2890 necessaria
1408 2835 1741 2901 viderentur,

160 2931 307 2986 vobis
348 2930 461 2985 hoc
508 2934 819 2982 revertente
862 2925 1271 2982 mandaremus.
1316 2926 1585 2982 Caeterum
1617 2927 1745 2996 quia

161 3039 342 3088 causa,
367 3022 519 3076 sicut
540 3019 698 3074 vobis
720 3027 912 3074 notum
936 3033 1057 3074 esse
1083 3019 1375 3085 credimus,
1403 3019 1469 3073 ad
1493 3017 1746 3091 gravissi-
1772 3056 1814 3112 Ο

161 3131 297 3169 mam
340 3113 535 3177 litem,
580 3120 636 3166 et
674 3126 813 3182 pene
861 3110 927 3165 ad
974 3111 1142 3166 totius
1184 3111 1373 3184 patria;
1418 3111 1743 3166 divisionem

162 3205 417 3271 excrevit,
463 3218 644 3275 neque
680 3202 841 3256 nobis
866 3201 969 3256 hoc
1001 3202 1055 3256 in
1084 3210 1325 3273 tempore
1372 3203 1606 3259 transire
1649 3219 1747 3274 op-

163 3305 454 3366 portunum
477 3309 603 3351 esse
627 3293 882 3359 vidimus,
929 3293 1135 3349 diutius
1172 3295 1320 3350 hunc
1352 3302 1538 3351 tenere
1568 3296 1745 3351 nolui-

164 3404 297 3453 mus;
328 3388 642 3444 scribentes
669 3402 767 3457 per
792 3401 918 3441 eum
958 3384 1282 3443 fraternitati
1319 3396 1426 3443 tute
1450 3429 1464 3456 ,
1508 3397 1563 3443 et
1605 3390 1747 3443 mul-

163 3490 269 3536 tum
292 3481 663 3536 admonentes
688 3486 748 3532 ut
770 3479 820 3533 ei
846 3478 987 3548 apud
1014 3487 1065 3533 te
1087 3479 1260 3548 prosit
1282 3481 1428 3551 quod
1450 3495 1575 3535 cum
1594 3489 1744 3536 tanta

166 3571 476 3644 fatigatione
496 3579 553 3626 et
579 3569 825 3641 periculo
845 3577 899 3623 et
925 3570 1279 3639 apostolicam
1300 3570 1550 3642 quaesivit
1583 3572 1747 3627 mise-

168 3658 471 3729 ricordiam,
520 3670 576 3717 et
615 3670 726 3716 tam
770 3660 989 3731 longam
1020 3663 1162 3732 apud
1208 3679 1309 3718 nos
1353 3662 1483 3719 fecit
1511 3678 1743 3719 moram.

166 3754 269 3811 Hoc
287 3756 440 3810 enim
473 3754 620 3810 scire
648 3761 701 3809 te
720 3753 979 3808 volumus
1003 3794 1019 3820 ,
1063 3755 1325 3824 quoniam
1357 3755 1601 3826 quandiu
1647 3772 1749 3810 no-

166 3847 368 3904 biseum
396 3846 805 3923 fuit,_quietnm
836 3845 890 3899 in
920 3845 1013 3901 illo
1034 3845 1286 3916 spiritum
1313 3855 1368 3902 et
1402 3848 1470 3903 ad
1504 3849 1749 3904 servien-

166 3940 284 3995 dum
315 3940 433 3995 Deo
461 3941 725 3995 devotum
752 3953 874 3994 esse
898 3939 1272 4010 cognovimus.
1304 3939 1644 4012 Quapropter
1663 3958 1750 3997 se—

166 4033 396 4088 cundum
422 4031 708 4087 miseriam
734 4032 931 4086 horum
960 4039 1288 4102 temporum,
1331 4042 1385 4089 et
1421 4034 1487 4089 ad
1523 4049 1748 4105 compa-

168 4124 428 4179 rationem
454 4138 653 4177 earum
682 4136 1039 4193 personarum
1068 4140 1206 4193 quas
1232 4140 1333 4195 pro
1362 4125 1675 4181 infirmitate
1697 4135 1751 4182 et

170 4217 487 4272 necessitate
527 4215 854 4282 toleramus,
896 4216 1041 4271 hunc
1074 4231 1294 4287 quoque
1326 4216 1752 4275 misericorditer

169 4309 490 4377 poztandum
520 4323 646 4363 esse
687 4322 798 4363 non
842 4307 1119 4379 indignum
1149 4308 1407 4365 duximus
1434 4328 1446 4364 :
1479 4310 1748 4382 siquidem

1840 446 2186 500 devotionem
2214 461 2226 496 :
2252 450 2308 498 et
2335 444 2409 497 ita
2435 442 2655 497 demum
2675 483 2691 509 ,
2722 442 2869 512 quod
2892 443 2961 497 ad
2988 458 3089 499 nos
3117 444 3331 509 attinet,
3355 447 3445 500 ad.

1843 536 2103 590 honorem
2126 533 2221 588 Dei
2248 533 2635 604 omnipotentis
2656 542 2709 588 et
2729 534 2873 589 beati
2887 533 3032 589 Petri
3048 538 3424 605 apostolorum

1839 626 2100 697 principis
2126 625 2359 697 benigne
2380 624 2482 680 sibi
2508 625 2978 695 respondebimus,
3009 634 3065 679 et
3090 628 3428 685 excellentia

1841 734 1957 773 suae
1978 718 2044 772 ad
2069 733 2226 773 suam
2250 724 2304 771 et
2327 716 2492 773 totius
2514 717 2663 787 regni
2688 717 2976 772 utilitatem
2997 727 3200 773 sanctae
3219 727 3274 774 et
3294 736 3427 791 apo-

1841 810 2047 864 stolicze
2074 808 2414 863 auctoritatis
2456 809 2694 863 studium
2735 822 2860 864 cum
2901 809 3051 863 omni
3077 810 3345 867 charitate
3370 820 3428 867 ct

1840 900 2216 955 benevolentia
2243 900 2500 954 exhibere
2529 900 2863 956 curabimus.
2886 899 3090 956 Czetera
3112 917 3272 968 vero,
3301 918 3426 973 quae

1841 992 2063 1063 longum
2085 999 2203 1046 erat
2223 992 2278 1045 in
2300 990 2549 1062 epistola,
2571 991 2694 1046 viva
2718 992 2944 1046 fideliter
2968 1007 3099 1048 voce
3128 994 3421 1062 nuutiabit,

1841 1084 1984 1139 sicut
2013 1084 2066 1138 in
2086 1083 2206 1154 ejus
2226 1098 2321 1137 ore
2342 1083 2646 1154 posuimus.

1910 1173 2044 1229 Data
2084 1174 2411 1245 Carpinctaz,
2437 1190 2469 1228 v
2500 1173 2625 1229 ldus
2663 1172 2832 1241 Junii,
2875 1173 3171 1230 indictione
3212 1175 3423 1231 decima

1840 1266 2052 1338 quinta.
2178 1264 2219 1301 ⁸

2353 1422 2687 1480 EPISTOLA
2722 1423 2914 1480 XXVI.

1876 1555 1943 1593 Αι)
1974 1553 2268 1594 ηοωκιεωι
2300 1555 2673 1594 PATRIARCHAM
2700 1555 3009 1595 GBADENSEM
3038 1557 3106 1594 ΕΤ
3132 1556 3390 1598 CETEROS

2347 1646 2627 1686 EPISCOPOS
2650 1645 2917 1686 VENETM'I.

2430 1764 2616 1838 (Anno
2651 1764 2835 1837 1077.)

1903 1899 2072 1954 Mittit
2099 1897 2410 1971 Gregorium
2438 1898 2668 1971 legatum
2693 1916 2787 1970 pro
2811 1899 3178 1954 ecclesiasticis
3202 1903 3378 1956 causis

2112 1971 2429 2038 tractandis,
2456 1972 2542 2024 cui
2565 1986 2651 2025 eos
2674 1971 2883 2025 obedire
2902 1972 3165 2041 praecipit.

1916 2106 2223 2162 Gaccomus
2250 2106 2560 2177 episcopus,
2592 2121 2785 2161 servus
2806 2120 3092 2162 servorum
3117 2105 3236 2172 Dei,
3261 2106 3449 2173 D0811

1844 2214 1964 2254 NICO
1985 2199 2309 2269 patriarchas
2332 2197 2619 2265 Gradensi,
2648 2206 2704 2253 et
2733 2198 2945 2253 caeteris
2965 2198 3238 2268 episcopis
3260 2196 3435 2253 Vene-

1846 2290 1953 2358 tiae,
1985 2290 2214 2345 salutem
2237 2297 2293 2346 et
2319 2291 2675 2362 apostolicam
2703 2290 3159 2345 benedictionem.

1915 2376 2238 2438 Audivimus
2278 2382 2333 2437 in
2382 2381 2640 2439 Ecclesiis
2683 2382 2881 2438 vestris
2928 2383 3100 2436 mufta
3146 2379 3439 2436 emersisse

1846 2475 2062 2545 negotia
2089 2516 2103 2541 ,
2149 2489 2271 2546 qua:
2299 2481 2361 2528 ut
2399 2474 2612 2533 sincera
2638 2473 3015 2544 exploratione
3053 2473 3435 2540 discutiantur,

1846 2573 1900 2619 et
1931 2565 2208 2620 canonica:
2252 2565 2567 2622 traditionis
2606 2564 2922 2621 definitione
2965 2567 3323 2619 terminentur
3348 2579 3441 2619 ες-

1847 2655 2168 2711 ριεείιιειὶεω
2197 2657 2477 2728 religionis
2498 2656 2632 2712 ordo
2652 2656 2917 2726 deposcit,
2962 2663 3016 2710 et
3056 2673 3087 2710 a
3132 2656 3289 2711 nobis
3325 2664 3438 2709 tam

1847 2756 2026 2801 vestra
2049 2747 2285 2816 dilectio,
2308 2764 2474 2819 quam
2500 2747 2660 2803 ofﬁcii
2688 2748 2862 2802 nostri
2893 2746 3074 2801 debita
3105 2746 3435 2811 sollicitudo,

1847 2839 2096 2909 requirit.
2128 2838 2453 2909 Quanquam
2480 2839 2624 2894 enim
2662 2853 2728 2892 ex
2758 2836 3194 2893 consideratione
3217 2835 3439 2891 credita:

1848 2931 2005 2986 nobis
2044 2930 2469 3001 dispensationis
2498 2928 2772 2984 debitores
2816 2927 2990 2983 simus
3017 2927 3292 2983 universis
3331 2925 3438 2981 Ec-

1847 3022 2029 3077 clesiis
2054 3063 2067 3087 ,
2118 3021 2339 3093 speciali
2378 3030 2559 3075 tamen
2593 3034 2727 3075 cura
2754 3018 2910 3074 vobis
2939 3026 2993 3074 et
3019 3018 3218 3075 vestris
3256 3019 3441 3073 causis

1848 3113 2226 3185 astringimur;
2258 3129 2382 3168 cum
2410 3120 2632 3184 propter
2653 3111 2985 3182 singularem
3017 3111 3314 3181 quamdam
3335 3125 3432 3166 co-

1847 3206 2165 3261 liierentiam
2188 3220 2351 3275 quam
2377 3205 2444 3259 ad
2477 3211 2723 3259 sanctam
2769 3202 3072 3258 Romanam
3096 3210 3151 3257 et
3170 3202 3439 3272 apostoli-

1845 3314 1967 3354 cam
2009 3297 2224 3351 habetis
2269 3294 2567 3352 Ecclesiam
2594 3339 2608 3363 ,
2657 3304 2771 3351 tum
2812 3303 3037 3366 pmptcr
3075 3295 3436 3359 vicinitatem,

1844 3406 1970 3460 quae
2012 3404 2292 3459 nunquam
2335 3404 2436 3443 nos
2479 3388 2562 3442 vel
2603 3403 2726 3459 qua:
2788 3388 2932 3458 apud
2995 3402 3094 3443 vos
3137 3390 3289 3457 ;sunt
3347 3387 3441 3442 diu

1847 3482 2122 3551 ignorare,
2147 3479 2252 3546 vel,
2299 3495 2421 3550 qua;
2456 3494 2560 3535 nos
2597 3478 2862 3535 debemus
2908 3487 2962 3534 et
2999 3493 3317 3549 possumus,
3347 3493 3443 3532 vc-

1848 3581 1976 3629 stra:
2018 3572 2346 3627 fraternitati
2389 3571 2659 3643 denegare
2700 3571 2927 3642 patitur.
2969 3570 3313 3642 Quapropter
3340 3570 3444 3624 mi-

1850 3665 2023 3722 simus
2063 3666 2131 3721 ad
2168 3681 2268 3721 vos
2310 3665 2457 3721 hunc
2495 3663 2754 3720 dilectum
2796 3664 2968 3733 filium
3012 3672 3267 3719 nostrum
3299 3660 3440 3717 Gre-

1848 3758 2062 3829 gorium
2103 3766 2157 3812 et
2199 3757 2494 3813 diaconum
2551 3764 2757 3811 sancta:
2817 3754 3081 3811 Romana:
3141 3754 3440 3820 Ecclesize,

1852 3858 2124 3920 quatenus
2186 3864 2297 3904 una
2350 3848 2636 3905 vobiscum
2677 3848 2744 3904 de
2784 3847 3175 3904 ecclesiasticis
3215 3846 3399 3910 causis
3425 3887 3442 3913 ,

1848 3950 1904 3997 et
1961 3940 2287 3999 Christiana:
2334 3941 2617 4013 religionis
2659 3940 3028 3996 sacrosanctis
3070 3939 3442 3995 institutioni-

1849 4034 1992 4101 bus,
2044 4049 2168 4104 qua:
2214 4033 2526 4088 necessaria
2570 4040 2737 4099 sunt,
2784 4030 2896 4086 Deo
2938 4030 3229 4101 adjuvante
3254 4071 3270 4099 ,
3314 4045 3442 4100 pcr-

1850 4134 2093 4181 tractans
2119 4167 2134 4193 ,
2177 4133 2366 4179 nostra
2407 4123 2526 4179 vice
2566 4138 2690 4195 qua:
2733 4123 3054 4193 corrigenda
3097 4129 3227 4176 sunt
3265 4120 3443 4176 corri-

1850 4227 1980 4290 gat,
2040 4232 2164 4289 quae
2221 4215 2509 4272 statuenda
2568 4213 2909 4279 constituat,
2958 4219 3013 4267 et
3060 4210 3443 4268 ecclesiasticae

1850 4310 2120 4365 libertatis
2160 4317 2325 4379 atque
2359 4306 2587 4379 justitia:
2628 4304 2723 4361 diu
2762 4313 2819 4359 et
2858 4304 2913 4359 in
2949 4303 3137 4358 multis
3170 4303 3444 4374 neglectas

171 4415 366 4471 eaquae
389 4401 556 4457 nobis
585 4399 653 4455 de
682 4416 782 4455 sua
815 4400 1182 4455 manifestavit
1207 4402 1563 4471 conscientia,
1606 4410 1660 4458 et
1686 4403 1752 4460 de
1783 4408 1828 4463 D
1853 4405 2095 4459 rationes
2134 4409 2189 4458 et
2230 4401 2409 4458 studia
2449 4400 2517 4456 ad
2560 4397 2794 4477 formam
2829 4396 3111 4453 canonica
3144 4400 3203 4451 et
3230 4403 3446 4466 aposto-

172 4493 359 4561 quibus
381 4509 414 4548 a
437 4509 500 4548 se
528 4492 854 4562 reprehendi
876 4492 1185 4560 confitetur,
1220 4509 1250 4547 a
1281 4509 1378 4549 sua
1407 4493 1750 4551 confessione

172 4591 220 4637 et
237 4585 501 4639 relatione
524 4599 636 4638 non
658 4584 995 4653 discrepant.
1026 4582 1184 4650 Quod
1206 4593 1388 4640 autem
1408 4586 1476 4641 ad
1500 4587 1754 4642 sacerdo-

174 4676 227 4729 tii
246 4677 473 4748 gradum
504 4676 820 4747 promoveri
840 4677 1132 4744 desiderat,
1173 4677 1277 4732 etsi
1306 4692 1408 4733 nos
1447 4694 1514 4734 ex
1540 4678 1753 4749 imperii

173 4769 484 4824 auctoritate
512 4785 622 4823 non
647 4769 998 4825 decernimus
1022 4812 1037 4835 ,
1070 4777 1317 4840 respectu
1350 4779 1535 4827 tamen
1576 4771 1755 4826 indul-

175 4861 355 4930 gentia:
404 4877 517 4916 non
564 4860 1038 4928 contradicimus,
1092 4877 1194 4916 nec
1234 4861 1612 4934 denegandum
1649 4864 1753 4921 sibi

174 4954 689 5023 essejudicavimus,
714 4954 763 5009 si
795 4953 1014 5023 quidem
1038 4953 1165 5019 alia,
1187 4969 1311 5024 qua:
1330 4970 1432 5012 nos
1452 4956 1636 5021 lateat,
1661 4973 1754 5013 or-

176 5043 426 5100 diuationi
450 5063 566 5101 suae
585 5047 811 5117 gravior
827 5061 990 5102 causa
1019 5061 1131 5100 non
1155 5046 1425 5104 obstiterit
1447 5090 1461 5117 ,
1503 5057 1558 5104 et
1602 5048 1757 5105 dein-

177 5149 292 5205 ceps
311 5139 475 5192 vitam
496 5147 552 5194 et
580 5154 765 5193 mores
796 5153 924 5193 suos
953 5138 1023 5193 ad
1067 5137 1382 5207 dignitatem
1422 5140 1558 5195 tanti
1587 5141 1755 5197 mini-

178 5229 315 5282 sterii
336 5245 573 5301 congrue
596 5231 887 5287 instituere
907 5240 961 5287 et
990 5241 1423 5300 perseveranter,
1449 5233 1559 5288 Deo
1589 5233 1756 5291 mise-

1856 4497 1975 4552 lica:
2012 4493 2315 4565 disciplinae
2352 4493 2614 4550 reducere
2636 4534 2651 4561 ,
2707 4499 2762 4546 et
2802 4506 2900 4563 per
2938 4490 3203 4545 auxilium
3248 4486 3446 4544 divinae

1855 4590 2044 4662 gratiae
2068 4587 2359 4644 efﬁcaciter
2388 4587 2567 4642 valeat
2594 4584 2918 4641 confirmare
2946 4602 2959 4638 :
2999 4583 3087 4637 cui
3121 4598 3222 4637 nos
3256 4579 3439 4656 [fortc,

1853 4682 1975 4756 ves]
2019 4696 2145 4738 cum
2186 4680 2337 4737 omni
2377 4679 2645 4735 charitate
2684 4676 2988 4732 assidentes
3028 4675 3105 4730 ita
3151 4674 3335 4730 favere
3390 4681 3446 4728 ct

1856 4775 2191 4833 unanimiter
2240 4789 2531 4832 assensum
2584 4770 2827 4844 praebere
2882 4769 3027 4825 sicut
3071 4767 3269 4824 fratres
3317 4767 3449 4822 cha-

1855 4870 2106 4927 rissimos
2149 4867 2509 4923 admonemus
2551 4884 2565 4921 :
2605 4871 2880 4935 quatenus
2928 4860 2985 4915 in
3037 4862 3132 4917 illo
3190 4868 3452 4932 appareat

1856 4970 2118 5037 quantam
2160 4958 2522 5016 reverentiam
2566 4957 2619 5012 in
2653 4956 2876 5010 beatum
2909 4952 3135 5010 Petrum
3175 4952 3450 5027 apostolo—

1856 5071 1982 5112 rum
2024 5050 2326 5124 principem
2374 5050 2642 5117 habeatis,
2690 5047 2758 5102 de
2800 5048 2960 5121 cujus
3001 5048 3165 5103 domo
3209 5055 3262 5101 et
3298 5043 3453 5099 fami-

1855 5148 1928 5204 lia
1958 5143 2227 5201 mittitur:
2255 5149 2457 5215 quanta
2478 5142 2642 5198 etiam
2665 5138 2734 5195 de
2756 5152 2947 5200 nostra
2980 5139 3266 5197 dilectione
3295 5134 3452 5191 vobis

1858 5254 1993 5297 cura
2035 5235 2144 5302 sit,
2187 5235 2283 5305 qui
2322 5249 2447 5289 eum
2485 5233 2553 5289 de
2582 5233 2709 5288 sinu
2742 5246 2933 5291 nostro
2961 5233 3234 5295 misimus,
3266 5232 3452 5296 utpote
