3982 5316
172 277 285 335 ιεε

1260 268 1467 326 LIBER
1502 266 1853 337 QUARTUS.
1876 263 2188 322 -—-El’lST.
2229 263 2467 321 XXVIII.

3355 268 3465 326 486

173 391 350 448 futm'i
384 389 719 447 sententiam
748 386 1106 443 manifestans
1143 387 1218 441 ait
1256 404 1267 439 :
1302 384 1378 440 De
1401 387 1549 455 justo
1569 386 1778 454 judicio
1810 386 1853 441 Α
1881 381 2195 446 commoda,
2234 389 2288 434 et
2322 381 2505 450 aliqua
2555 387 2963 434 antecessorum
3009 388 3325 436 nostrorum
3369 396 3468 439 oe-

176 481 276 533 Dei
288 481 381 551 qui
396 480 581 533 reddet
600 479 880 548 animique
889 476 1175 530 secundum
1194 491 1349 544 opera
1360 476 1473 545 ejus
1499 475 1671 545 (Rom.
1692 478 1772 545 ιι).

174 569 275 626 llis
324 570 552 642 quidem
591 569 687 639 qui
720 567 1019 623 secundum
1054 565 1371 636 patientiam
1414 565 1545 620 boni
1598 566 1779 636 operis

175 650 408 731 βατίδα]
429 661 761 715 etbonorem
783 670 837 715 et
857 659 1317 729 incorruptionem
1328 659 1779 729 qumrunt,vitam

174 764 476 821 aeternam;
507 754 598 809 his
627 762 809 808 autem
841 753 934 823 qui
966 761 1094 808 sunt
1122 769 1188 808 ex
1217 753 1580 819 contentione,
1611 762 1664 808 et
1686 754 1781 824 qui

177 859 287 898 non
328 845 698 914 arquiescunt
723 842 968 908 veritati,
1004 842 1235 897 credunt
1265 851 1447 897 autem
1479 843 1778 913 iniquitati,

178 936 261 990 ira
288 945 350 990 et
377 935 687 1005 indignatio
708 975 723 1001 ,
777 934 1054 989 tribulatio
1095 942 1150 989 et
1181 933 1434 1005 angustia
1469 934 1527 988 in
1563 950 1782 991 omnem

178 1025 428 1079 animam
460 1023 707 1078 hominis
731 1023 1007 1093 operantis
1040 1023 1265 1078 malum.
1306 1020 1482 1078 Nolite
1519 1039 1649 1095 ergo
1689 1041 1784 1080 su—

178 1113 348 1168 blime
394 1126 611 1182 sapere,
663 1123 782 1180 aut,
827 1123 1047 1183 propter
1099 1112 1453 1168 eminentiam
1502 1115 1783 1184 prmsentis

180 1201 390 1272 gloriae,
415 1201 675 1256 humanm
702 1202 1052 1269 conditionis,
1075 1217 1198 1271 qum
1224 1217 1379 1272 aequa
1403 1211 1488 1257 est
1517 1219 1703 1273 regum
1730 1213 1785 1258 et

180 1308 511 1363 pauperum,
538 1292 817 1348 oblivisci.
852 1290 977 1360 Sed,
1010 1293 1154 1348 sicut
1184 1293 1326 1349 idem
1357 1294 1636 1363 apostolus
1665 1310 1785 1350 mo-

182 1397 293 1453 net,
320 1386 692 1439 humiliamini
714 1388 810 1441 sub
835 1390 1034 1458 potenti
1062 1406 1223 1443 manu
1248 1389 1371 1453 Dei,
1394 1398 1451 1443 ut
1475 1406 1562 1444 vos
1586 1390 1784 1446 exultet

181 1478 235 1529 in
280 1486 515 1547 tempore
549 1477 917 1533 tribulationis
958 1479 1128 1551 (Petr.
1158 1480 1234 1548 v).
1282 1479 1461 1536 Nolite
1503 1498 1656 1552 spem
1686 1499 1785 1553 p0—

184 1586 317 1625 nere
344 1570 398 1624 in
429 1570 648 1626 incerto
671 1571 986 1627 divitiarum
1023 1574 1189 1643 hujus
1217 1575 1423 1641 smeuli,
1457 1576 1550 1631 sed
1590 1576 1649 1631 in
1693 1577 1786 1633 illo

182 1661 248 1715 de
275 1677 390 1731 quo
440 1660 714 1732 scriptum
745 1672 828 1718 est
863 1683 875 1717 :
911 1663 1020 1718 Per
1068 1681 1149 1719 me
1199 1666 1339 1719 enim
1389 1683 1541 1737 reges
1566 1677 1784 1738 regnant

185 1752 367 1814 (:‘rau.
402 1758 563 1825 VIII);
614 1764 670 1809 et
713 1755 842 1810 alibi

185 1851 415 1909 potestas
436 1844 621 1909 'robis,
655 1854 706 1898 et
734 1846 899 1900 virtus
925 1847 989 1900 ab
1020 1846 1333 1915 Altissimo,
1368 1851 1459 1919 qui
1491 1851 1787 1923 interrogap

188 1933 257 1985 bit
277 1950 436 2004 opera
460 1944 661 2001 vestra,
686 1945 738 1988 et
769 1936 1113 2006 cogitationes
1138 1938 1498 2003 scrutabitur;
1529 1940 1585 1992 in
1607 1956 1709 2010 quo
1735 1948 1789 1995 et

189 2024 542 2079 theseurizate
595 2026 743 2079 vobis
791 2025 1008 2081 divitias
1058 2027 1314 2081 bonorum
1356 2045 1607 2100 operum;
1656 2047 1787 2084 cono

100 2136 113 2146 ο
188 2125 441 2173 struentes
466 2118 667 2172 stabile
688 2118 1093 2189 fundamentum
1119 2119 1174 2190 (1
1200 2120 1336 2175 Tim.
1356 2124 1453 2193 vi),
1479 2132 1527 2176 et
1556 2122 1787 2178 melioris

189 2216 335 2278 atque
356 2208 721 2278 indeficientis
749 2209 1060 2265 substantia
1082 2213 1460 2281 possessionem
1494 2211 1679 2283 (Ilebr.
1708 2212 1787 2281 ι),

191 2298 274 2351 ubi
305 2300 471 2352 vitam
507 2299 726 2354 ducatis
776 2309 1048 2355 mternam.
1094 2301 1217 2356 Non
1242 2304 1382 2357 enim
1418 2304 1668 2358 habemus
1703 2305 1789 2358 hic

195 2401 489 2446 manentem
528 2393 835 2461 civitatem,
862 2394 952 2448 sed
980 2394 1218 2464 futuram
1261 2396 1605 2467 inquirimus,
1638 2397 1789 2468 cujus

193 2482 382 2551 artifex
398 2492 451 2537 et
472 2484 726 2537 conditor
745 2483 888 2538 Deus
910 2484 1097 2555 (Hebr.
1113 2489 1234 2557 xm)
1264 2487 1435 2559 (392).
1467 2487 1529 2542 Et
1550 2488 1790 2558 profecto

194 2574 392 2644 vosipsi
414 2575 573 2630 scitis
594 2585 651 2630 et
677 2577 925 2646 quotidie
945 2578 1138 2634 videtis
1161 2595 1329 2650 quam
1347 2579 1415 2634 ﬂu
1426 2596 1489 2634 xa
1512 2589 1565 2635 et
1584 2578 1790 2653 fragilis

196 2672 273 2720 est
294 2665 406 2719 vita
441 2666 788 2733 mortalium,
817 2684 981 2738 quam
1020 2668 1183 2725 fallax
1221 2678 1275 2725 et
1308 2670 1617 2742 deeeptoria
1663 2689 1790 2744 spes

196 2759 571 2826 praesentium.
627 2758 861 2831 Semper
887 2762 1035 2817 enim
1064 2764 1310 2819 volentes
1335 2765 1689 2836 nolentesque
1720 2766 1789 2821 ad

195 2849 352 2903 ﬁnem
377 2850 686 2917 currimus,
711 2859 767 2905 et
792 2851 896 2907 sub
916 2860 1028 2907 tam
1047 2862 1196 2908 certo
1220 2852 1482 2924 periculo,
1508 2870 1790 2925 nunquam

197 2950 375 2995 tamen
408 2957 582 3012 quam
621 2942 694 2998 sit
734 2942 918 2998 vicina
948 2960 1097 2999 mors
1120 2945 1417 3014 prmvidere
1455 2962 1787 3017 possumus;

200 3047 297 3088 nec
332 3049 588 3103 unquam
617 3034 711 3090 diu
747 3043 966 3090 tenetur
995 3036 1259 3106 quidquid
1294 3037 1361 3092 de
1385 3036 1639 3107 prmsenti
1678 3039 1789 3094 vita

198 3123 280 3177 vel
327 3125 540 3180 smculo
585 3126 852 3196 quaeritur
901 3136 997 3182 aut
1032 3128 1359 3197 possidetur.
1400 3127 1785 3196 Quamobrem,

198 3223 498 3281 pensantes
520 3230 737 3285 semper
763 3232 890 3287 qum
916 3217 1027 3272 sint
1054 3217 1351 3272 novissima
1379 3227 1583 3287 vestra,
1612 3235 1789 3290 quan-

197 3311 359 3373 taque
395 3319 526 3359 cum
558 3306 927 3363 amaritudine
948 3308 1014 3362 de
1033 3309 1289 3378 praesenti
1314 3310 1516 3366 smculo
1551 3327 1788 3381 nequam

197 3395 420 3461 exituri,
446 3405 504 3450 et
539 3395 596 3450 in
626 3398 969 3467 putredinem
1011 3408 1172 3456 terrm
1224 3418 1289 3457 ae
1326 3403 1515 3458 sordes
1550 3404 1789 3475 pulveris

198 3486 474 3541 reversuri
511 3488 666 3555 estis,
700 3505 982 3560 quamque
1018 3492 1123 3547 sub
1170 3492 1421 3549 districto
1449 3496 1699 3551 examine
1722 3496 1789 3552 de

200 3575 357 3632 factis
384 3578 589 3634 vestris
617 3580 888 3636 rationem
917 3582 1179 3638 reddituri
1210 3584 1353 3652 sitis,
1384 3595 1572 3642 contra
1606 3586 1789 3643 futura

201 3666 443 3733 pericula
466 3682 567 3724 vos
599 3671 954 3725 communite.
996 3671 1165 3728 Arma
1190 3683 1393 3741 vestra,
1418 3691 1570 3745 opes,
1600 3685 1791 3747 poten-

199 3761 350 3827 tiam,
375 3778 489 3816 non
514 3761 583 3817 ad
608 3764 931 3827 smcularem
950 3780 1203 3836 pompam
1231 3777 1463 3834 tantum,
1488 3768 1584 3823 sed
1605 3769 1672 3824 ad
1693 3770 1791 3824 ho-

201 3866 389 3907 norem
418 3862 475 3908 et
508 3856 794 3912 servitium
820 3859 1010 3913 aeterni
1039 3861 1184 3931 regis
1214 3862 1448 3929 vertite;
1498 3864 1790 3921 commissa

203 3943 356 3999 vobis
379 3946 535 4017 regni
557 3948 932 4018 gubernacula
958 3950 1031 4006 ita
1059 3952 1253 4022 gerite,
1283 3954 1362 4008 sic
1390 3954 1786 4024 administrate,

202 4043 261 4088 ut
286 4044 488 4090 vestrm
515 4037 737 4094 virtutis
782 4047 839 4094 et
876 4041 1218 4099 rectitudinis
1260 4044 1502 4100 studium
1536 4048 1788 4117 omnipo—

203 4129 334 4182 tenti
362 4128 477 4184 Deo
498 4140 719 4200 gratum
749 4131 981 4201 justitim
1026 4136 1202 4203 possit
1238 4151 1360 4191 esse
1413 4138 1742 4194 sacrificium
1771 4157 1786 4206 ;

204 4230 473 4289 quatenus
495 4232 550 4277 et
582 4239 683 4279 vos
714 4224 772 4278 in
803 4224 924 4293 ipso
955 4242 1175 4295 sperare
1209 4228 1433 4298 possitis
1461 4230 1557 4300 qui
1580 4230 1674 4286 dat
1702 4246 1791 4286 sa-

204 4311 367 4367 lutem
389 4315 641 4386 regibus;
665 4324 723 4371 et
743 4324 936 4385 potens
958 4327 1040 4373 est
1060 4319 1270 4389 eripere
1290 4320 1357 4375 de
1378 4337 1544 4378 manu
1576 4324 1788 4389 mortis,

1879 471 2105 527 cultavit
2134 472 2483 543 negligentia.
2522 470 2663 526 Dum
2694 480 2983 542 postquam
3014 487 3244 544 regnum
3276 473 3408 530 illud
3433 490 3467 531 ι

1881 559 2171 614 Saracenis
2207 568 2261 614 et
2313 559 2541 631 paganis
2592 575 2885 629 pervasum
2927 571 3040 627 est,
3080 571 3134 617 et
3180 563 3468 618 servitium

1879 651 2028 723 quod
2050 651 2209 707 beato
2230 648 2393 704 Petro
2425 651 2550 706 inde
2578 652 2789 706 solebat
2817 652 2957 719 fieri,
2989 662 3210 723 propter
3234 654 3468 710 infideli-

1879 751 2048 799 tatem
2067 758 2260 798 eorum
2290 750 2346 797 et
2371 744 2715 814 tyrannidem
2764 744 3065 812 detentum,
3115 745 3183 800 ab
3218 762 3323 801 usu
3371 762 3471 801 no-

1850 871 1862 879 -
1883 845 2124 889 strorum
2156 842 2238 889 tot
2268 834 2429 889 annis
2458 834 2816 905 interceptum
2844 845 2948 901 est,
2970 836 3174 905 pariter
3194 837 3358 892 etiam
3382 853 3471 892 re-

1882 939 2007 977 rum
2050 932 2105 978 et
2139 922 2494 993 proprietatis
2536 924 2800 978 memoria
2847 925 3014 979 dilabi
3048 926 3231 995 cmpit.
3267 924 3470 981 Verum

1881 1014 2011 1083 quia
2038 1014 2224 1069 divina
2252 1015 2539 1069 clementia
2568 1030 2831 1069 concessa
2856 1017 3014 1073 vobis
3049 1018 3105 1071 in
3136 1018 3322 1071 hostes
3347 1018 3472 1073 illos

1883 1120 2210 1175 semperque
2271 1105 2617 1160 concedenda
2665 1106 2894 1162 victoria
2935 1116 3136 1163 terram
3173 1109 3229 1163 in
3272 1124 3473 1165 manus

1883 1205 2095 1253 vestras
2122 1197 2367 1264 tradidit,
2402 1197 2635 1252 ulterius
2678 1213 2777 1252 vos
2802 1213 3025 1253 causam
3055 1199 3196 1255 hanc
3222 1200 3474 1270 ignorare

1885 1287 2174 1355 nolumus,
2217 1303 2285 1343 ne
2334 1287 2483 1359 quod
2527 1303 2799 1357 supernus
2839 1289 3044 1347 arbiter
3089 1299 3145 1345 et
3180 1290 3361 1361 legum
3410 1305 3476 1344 ac

1878 1379 2108 1448 justitim
2164 1378 2417 1434 conditor
2477 1379 2546 1435 de
2589 1380 2960 1449 recuperanda
3020 1389 3075 1436 et
3138 1381 3475 1437 restituenda

1880 1469 2094 1539 justitia
2135 1479 2191 1526 et
2222 1470 2431 1526 honore
2479 1470 2654 1526 sancti
2701 1468 2872 1537 Petri,
2904 1470 3135 1541 ejusque
3184 1480 3390 1528 sanctm
3421 1480 3478 1526 et

1886 1561 2198 1630 apostolicm
2221 1560 2387 1626 sedis,
2417 1570 2612 1615 vestrm
2655 1560 2844 1631 gloriae
2884 1561 2953 1615 ad
2984 1562 3125 1617 bene
3154 1562 3478 1617 merendum

1885 1651 2138 1718 contulit,
2170 1659 2265 1706 aut
2309 1650 2469 1705 nobis
2503 1665 2566 1705 ex
2613 1650 2987 1705 taciturnitate
3032 1651 3087 1705 in
3138 1650 3480 1722 negligentia:

881 1776 894 1811 ε
938 1755 1204 1822 Quoniam
1240 1758 1369 1814 άαια
1398 1770 1530 1815 ma
1560 1761 1788 1817 Domino
1821 1756 1864 1811 Β
1889 1743 2143 1814 culpam,
2195 1751 2291 1797 aut
2330 1742 2484 1798 vobis
2522 1758 2589 1797 ex
2616 1742 2954 1814 ignorantia,
3004 1743 3152 1813 quod
3182 1745 3356 1799 absit!
3410 1746 3479 1799 ad

1888 1835 2280 1890 detrimentum
2308 1835 2603 1905 propositm
2629 1844 2685 1890 et
2718 1834 2981 1890 divinitus
3015 1836 3211 1891 oblatm
3241 1835 3480 1891 retribu-

1889 1927 2058 1981 tionis
2107 1926 2381 1981 obveniat.
2432 1926 2775 1982 Contidimus
2822 1927 2969 1981 enim
3018 1926 3072 1981 in
3103 1927 3480 1983 misericordia

1890 2016 2009 2085 Dei,
2041 2018 2135 2089 qui
2165 2019 2423 2073 virtutem
2452 2019 2609 2073 vobis
2633 2019 2781 2074 dedit
2805 2027 2862 2074 et
2905 2019 3214 2087 victoriam,
3249 2028 3309 2074 ut
3338 2020 3482 2074 hanc

1888 2109 2052 2164 etiam
2075 2110 2410 2165 voluntatem
2432 2110 2588 2165 vobis
2610 2110 2834 2177 tribuat,
2855 2125 2986 2181 quo,
3001 2111 3218 2183 cognita
3230 2112 3480 2178 veritate,

1888 2202 2074 2272 potius
2112 2209 2317 2257 statuta
2346 2200 2787 2258 Christianorum
2815 2203 3127 2273 principum
3152 2211 3207 2259 et
3233 2202 3482 2272 exempla

1890 2293 2219 2363 sequamini,
2250 2309 2417 2364 quam
2447 2308 2641 2349 eorum
2681 2294 3016 2364 impietatem
3062 2296 3159 2364 qui
3207 2293 3483 2350 Christia-

1890 2401 2023 2438 num
2050 2400 2249 2439 nomen
2280 2384 2454 2455 magis
2482 2386 2713 2455 cupiunt
2741 2387 2993 2457 persequi
3020 2402 3186 2457 quam
3207 2387 3479 2442 venerari.

1889 2475 2140 2531 Misimus
2188 2484 2369 2531 autem
2410 2477 2477 2532 ad
2525 2492 2625 2532 vos
2653 2476 2987 2533 eonfratrem
3024 2486 3277 2534 nostrum
3309 2480 3482 2534 Ama-

1889 2575 2006 2623 tum
2033 2568 2401 2623 venerabilem
2434 2567 2772 2625 Ellorensem
2820 2570 3162 2640 episcopum,
3192 2571 3281 2626 cui
3319 2579 3373 2626 et
3403 2571 3485 2625 vi-

1890 2675 2009 2714 cem
2051 2670 2301 2715 nostram
2328 2660 2396 2715 ad
2426 2669 2614 2730 partes
2663 2660 2784 2716 illas
2823 2662 3095 2729 dedimus,
3126 2662 3485 2733 adjungentcs

1890 2752 1997 2807 sibi
2037 2752 2186 2807 hunc
2234 2752 2486 2807 abbatem
2527 2752 2713 2807 Sancti
2744 2751 2946 2820 Pontii,
2977 2753 3158 2809 virum
3186 2755 3479 2809 venerabi-

1889 2842 2018 2909 lem,
2052 2842 2157 2898 ﬁde
2185 2852 2240 2897 et
2286 2859 2504 2898 morum
2551 2843 2839 2899 honestate
2871 2845 3184 2914 probatum,
3229 2854 3290 2899 ut
3336 2845 3485 2915 quod

1890 2949 1993 2989 nos
2017 2935 2083 2989 de
2112 2934 2482 2990 insinuatione
2532 2934 2698 3006 hujus
2735 2951 2916 2991 eausm
2945 2945 3142 2993 vestrm
3170 2937 3485 2992 celsitudini

1892 3026 2168 3081 succincte
2195 3026 2540 3097 scripsimus,
2571 3027 2675 3096 ipsi
2710 3028 2887 3096 vobis,
2934 3029 2980 3084 si
3026 3044 3253 3084 necesse
3280 3029 3372 3097 sit,
3398 3029 3482 3084 la-

1892 3117 2002 3173 tius
2053 3117 2404 3189 apertiusque
2466 3117 2858 3188 manifestent,
2912 3127 2986 3187 et,
3024 3128 3294 3190 quantum
3341 3121 3485 3175 ratio

1890 3211 2287 3282 postulaverit,
2337 3211 2589 3267 notitiam
2618 3212 2864 3268 veritatis
2897 3213 3153 3283 praesenti
3195 3213 3487 3268 denuntia-

1891 3305 2038 3359 tione
2059 3314 2113 3361 et
2133 3313 2281 3361 certa
2313 3306 2618 3360 assertione
2646 3306 3044 3362 demonstrent.
3076 3305 3324 3375 Quorum
3348 3324 3485 3363 con-

1894 3397 2028 3452 siliis
2054 3397 2106 3451 in
2134 3398 2220 3453 his
2250 3413 2374 3469 qum
2401 3398 2469 3453 ad
2498 3397 2791 3453 Dominum
2842 3400 3117 3470 pertinent
3147 3443 3162 3468 ,
3221 3408 3278 3457 et
3322 3401 3487 3457 saluti

1892 3489 2200 3545 animarum
2232 3498 2540 3545 vestrarum
2578 3493 2887 3547 necessaria
2916 3501 3077 3561 sunt,
3114 3493 3490 3550 indubitanter

1892 3582 2120 3651 potestis
2149 3582 2389 3649 credere,
2422 3582 2567 3638 sicut
2603 3598 2706 3638 nos
2742 3582 2796 3637 in
2826 3584 2961 3655 ipsis
2992 3600 3088 3655 per
3120 3586 3363 3642 studium
3396 3580 3507 3641 re?

1892 3670 2117 3741 ligionis
2146 3680 2200 3726 et
2226 3680 2450 3728 actuum
2482 3688 2711 3728 suorum
2740 3676 3250 3745 comprobavimus,
3288 3686 3343 3733 et
3388 3693 3489 3733 vos

1893 3762 1950 3815 in
1980 3777 2173 3818 eorum
2202 3765 2455 3834 poteritis
2483 3768 2902 3822 conversatione
2924 3770 3277 3839 perpendere.
3315 3769 3489 3843 Igitur

1891 3855 2038 3924 quod
2068 3856 2134 3911 ad
2165 3871 2266 3912 nos
2295 3857 2560 3927 pertinuit
2584 3900 2599 3925 ,
2645 3866 2740 3914 aut
2787 3862 3184 3931 providendum
3214 3879 3281 3919 ex
3310 3864 3489 3921 oﬂicio

1893 3954 1989 3999 aut
2014 3946 2402 4003 satisfaciendo
2429 3949 2659 4019 justitim
2681 3950 2885 4017 debito,
2919 3951 3030 4007 Deo
3061 3955 3377 4023 miserante,
3409 3957 3489 4013 fc-

1893 4037 2105 4105 cimus;
2141 4039 2273 4108 quid
2320 4049 2516 4095 vestrm
2554 4056 2721 4096 causa
2745 4044 2971 4099 salutisa
2999 4046 3157 4101 vobis
3200 4048 3402 4118 exigat,
3433 4057 3489 4102 et

1892 4134 2160 4196 quantum
2185 4128 2345 4183 beato
2373 4127 2536 4183 Petro
2572 4131 2948 4199 apostolorum
2978 4135 3211 4205 principi
3240 4137 3486 4193 debeatis

1893 4217 2274 4286 indicavimus,
2294 4235 2362 4274 ne
2389 4220 2697 4290 ignorantia
2720 4222 2885 4290 obsit,
2900 4240 3001 4280 nec
3028 4226 3132 4280 sub
3157 4242 3297 4282 vana
3329 4242 3488 4283 secu-

1894 4311 2056 4367 ritate
2106 4312 2340 4368 labentis
2389 4313 2529 4369 lucis
2578 4322 2633 4369 et
2679 4316 2944 4386 temporis
2990 4318 3256 4375 damnosa
3303 4320 3484 4387 vobis,

206 4411 262 4456 ut
286 4403 650 4474 superinduat
692 4420 797 4462 vos
823 4407 1172 4465 eminentiori
1203 4410 1470 4477 claritate,
1501 4421 1554 4467 et
1578 4414 1786 4483 gaudiis

1892 4404 2039 4473 quod
2086 4405 2258 4461 absit!
2313 4407 2573 4477 subrepat
2612 4395 2961 4480 negligentia.
3000 4410 3112 4467 Vos
3142 4420 3325 4468 autem
3353 4413 3487 4483 quid

205 4493 324 4550 vita:
361 4496 653 4565 perennis,
691 4506 748 4552 et
774 4497 846 4552 de
889 4498 1109 4555 caducis
1152 4500 1452 4556 honoribus
1477 4518 1618 4572 quos
1648 4520 1797 4560 nunc
1896 4503 2137 4551 vestrum
2167 4496 2238 4552 sit
2261 4499 2543 4565 attendite,
2566 4500 2697 4570 quid
2716 4501 2850 4558 fides
2863 4502 3241 4560 etChristiana
3269 4505 3489 4562 devotio

209 4583 411 4639 habetis
450 4585 756 4642 transferat
807 4602 906 4642 vos
953 4588 1009 4643 in
1067 4604 1297 4660 regnum
1348 4591 1537 4662 gloria;
1581 4603 1797 4651 aeterna;
1896 4587 2063 4642 vestri
2084 4588 2423 4660 principatus
2442 4591 2510 4646 ad
2538 4591 2899 4649 imitationem
2930 4596 3304 4666 piissimorum
3335 4599 3488 4670 prin-

209 4692 333 4744 sum,
364 4679 456 4733 ubi
481 4694 585 4735 nec
612 4679 903 4735 beatitudo
925 4680 1109 4747 ﬁnem,
1139 4697 1242 4737 nec
1284 4682 1456 4753 gloria
1487 4685 1796 4755 corruptio-
1896 4680 2079 4751 cipum
2105 4684 2329 4752 exsequi
2356 4684 2549 4740 debeat
2589 4686 2843 4756 prudenti
2874 4688 3105 4744 consilio
3136 4698 3486 4761 pertractate,

209 4781 343 4833 nem,
375 4784 477 4824 nec
502 4769 751 4841 dignitas
781 4770 948 4826 habet
988 4774 1474 4843 comparationem.
1528 4775 1786 4833 Prmterea

1896 4769 2168 4840 disponite
2214 4780 2379 4843 atque
2425 4777 2687 4844 statuite;
2738 4785 2793 4831 et
2829 4778 2905 4833 ita
2936 4795 3034 4834 vos
3062 4795 3191 4853 erga
3221 4782 3487 4842 honorem

210 4865 387 4912 notum
415 4859 575 4915 vobis
609 4860 730 4914 ﬁeri
764 4859 1049 4928 volumus,
1082 4862 1230 4931 quod
1272 4863 1430 4919 nobis
1458 4865 1679 4934 quidem
1712 4866 1795 4923 [ει-
1898 4860 2043 4916 beati
2071 4861 2219 4918 Petri
2243 4872 2298 4919 et
2325 4875 2529 4923 sancta:
2561 4868 2753 4923 matris
2789 4879 2986 4927 vestrm
3012 4871 3274 4931 Romana:
3302 4875 3491 4934 Eccle-

209 4962 318 5002 cere
339 4966 445 5003 non
470 4960 556 5005 est
582 4951 852 5016 liberum,
879 4951 1033 5008 vobis
1062 4960 1246 5007 autem
1270 4970 1377 5009 non
1403 4955 1579 5010 solum
1611 4956 1678 5010 ad
1712 4956 1798 5012 fu-
1898 4952 1994 5008 sim
2014 4963 2295 5025 promptos
2318 4967 2483 5029 atque
2526 4959 2850 5031 magniﬁcos
2897 4965 3179 5033 exhibete,
3211 4977 3275 5024 ut
3300 4978 3489 5027 vestra

209 5044 372 5093 turam
413 5042 510 5096 sed
560 5042 734 5097 etiam
775 5040 849 5096 ad
883 5052 1210 5111 praesentem
1257 5044 1484 5114 gloriam
1515 5046 1669 5100 valde
1699 5063 1798 5102 ne-
1901 5045 2074 5101 virtus
2114 5055 2170 5102 et
2198 5047 2393 5117 gloria,
2430 5066 2552 5120 quae
2588 5050 2699 5106 Deo
2729 5051 2971 5112 donante
3016 5056 3218 5115 illustri
3260 5061 3491 5119 victoria

210 5131 514 5182 oessarium-
554 5130 820 5182 videlicet
859 5146 1084 5182 reenum
1139 5130 1413 5182 Hisnanim
1454 5151 1517 5182 rex
1558 5136 1800 5182 antinnie
1898 5137 2063 5182 nollet
2134 5142 2455 5180 amutnlinia
2505 5141 2993 5180 intopnacainntk..-
3045 5150 3244 5178 λιιι-2,...
3291 5153 3383 5178 ιι-.
3445 5164 3492 5178 ,ι
