3982 5316
491 167 595 224 887

1135 163 1193 219 S.
1235 159 1562 220 GREGORI!
1603 159 1693 223 VII
1727 156 1930 216 PAPJ‘S
1967 153 2253 214 OPERUM
2287 153 2471 212 PARS
2503 153 2544 212 l.
2581 185 2650 194 —
2685 148 3109 210 REGlSTRUM.

3666 151 3794 210 ω

494 279 756 338 divinitus
784 278 894 339 illis
921 278 1118 336 tradita
1147 277 1477 334 universitas
1521 275 1808 332 hominum
1855 282 1969 330 tam
2020 271 2075 326 in
2106 283 2153 340 Α
2246 270 2382 326 Data
2413 269 2740 340 Carpinetae,
2773 275 2972 340 quarto
3001 263 3268 332 Kalendas
3292 262 3448 336 Julii,
3474 263 3790 326 indictione

495 374 638 433 nmio
659 385 834 445 quam.
856 371 912 427 in
948 378 1095 426 terra
1133 369 1336 441 ligatur
1377 374 1434 423 et
1475 366 1725 431 solvitur,
1759 373 1815 420 et
1840 362 2079 420 cmlestis
2184 363 2394 419 decima
2422 361 2635 435 quinta.

494 465 647 538 regni
673 465 841 536 ianua
873 461 1091 519 cunctis
1117 459 1360 530 aperitur
1385 466 1439 512 et
1473 457 1768 513 clauditur.

499 581 644 604 φυν-

645 563 3708 596 __________________________________._______.___._._______.

1309 675 1667 764 LIBER
1737 667 2272 778 QUINTUS
2343 664 2940 754 REGISTRI.

490 854 670 914 Anno
702 851 778 914 ab
799 849 1250 913 Inrarnationc
1275 847 1528 908 Domini
1549 842 1872 906 millesimo
1906 837 2360 920 septuagesimo
2385 835 2670 914 septimo,
2694 833 3038 904 indictione
3061 831 3294 895 decima
3318 830 3555 911 quinta
3578 828 3798 912 (393}.-

698 1047 702 1054 ι
969 968 1306 1028 EPISTOLA
1343 965 1578 1023 PRIMA.

699 1081 766 1121 AD
791 1079 1078 1122 CANONICOS
1104 1077 1292 1119 SANCTI
1321 1075 1544 1116 IIAR’I'INI
1572 1072 1840 1114 LUCENSIS.

1079 1154 1262 1226 (Anno
1293 1149 1475 1222 1077.)

485 1248 678 1322 Arguit
703 1266 788 1322 eos
812 1248 951 1322 quod
973 1256 1156 1302 contra
1183 1263 1280 1322 sua
1305 1245 1526 1309 monita,
1547 1249 1735 1322 etpost
1755 1238 2072 1322 promissam

555 1312 998 1390 satisfactionem,
1023 1317 1366 1390 canonicatus
1395 1331 1458 1390 ac
1485 1312 2067 1390 prtebendasetncrent.

553 1380 996 1467 Quareomnipus
1017 1388 1108 1458 qui
1127 1403 1216 1442 eas
1243 1389 1320 1440 sic
1345 1380 1529 1467 adepti
1543 1384 1764 1467 fuerint,
1792 1380 2072 1467 introitum

511 1461 772 1531 ~.majoris
800 1459 1036 1515 ecclesia:
1067 1467 1118 1514 et
1146 1473 1329 1513 earum
1367 1459 1708 1511 retentionem
1739 1459 1951 1506 omnino
1983 1459 2071 1503 in-

554 1531 786 1586 terdicit.

523 1603 863 1680 'Gnscomus
883 1621 1193 1692 episcopus,
1218 1634 1413 1677 servus
1435 1631 1722 1674 servorum
1749 1613 1868 1682 Dei,
1901 1625 2072 1668 cano-

482 1715 623 1772 nicis
641 1715 830 1772 Sancti
855 1714 1077 1772 Martini
1107 1711 1374 1770 Lucensis
1403 1709 1684 1768 Ecclesiae.

515 1867 522 1874 ,
551 1807 869 1866 Meminisse
895 1806 1125 1873 debetis,
1167 1805 1386 1876 quoties
1414 1812 1472 1860 et
1517 1818 1644 1858 cum
1666 1807 1896 1873 -quanta
1941 1811 2073 1853 cura

483 1915 581 1956 ωε
605 1899 983 1955 monuerimus
994 1897 1138 1969 apud
1158 1912 1260 1952 VOS
1285 1902 1590 1960 manentes,
1614 1908 1683 1949 ne
1713 1900 1930 1948 terrena
1951 1905 2075 1961 ροι-

481 1991 626 2048 itura
653 1991 944 2048 commoda
982 1989 1212 2060 majoris
1248 2003 1416 2058 quam
1454 1987 1671 2042 animas
1693 1993 1911 2040 vestras
1929 1984 2076 2039 testi-

482 2067 720 2148 mantes,
752 2083 828 2137 ita
855 2096 956 2138 vos
983 2080 1054 2135 ad
1085 2078 1453 2136 obedientiam
1475 2075 1706 2148 iustitia:
1722 2073 2074 2140 exhiberetis,

483 2181 545 2241 ut
569 2173 798 2230 ulterius
819 2173 922 2228 sub
946 2169 1534 2228 excommunicationis
1571 2168 1810 2234 vinculo,
1841 2167 1992 2238 quod
2020 2167 2078 2222 in

483 2265 836 2336 acquirendis
857 2271 1051 2320 contra
1071 2262 1374 2334 apostolica
1404 2262 1620 2318 decreta
1647 2259 1950 2332 praebendis
1978 2274 2078 2315 vos
2110 2291 2152 2347 Β

483 2357 788 2414 incurrisse
813 2353 1176 2412 manifestum
1207 2361 1346 2422 erat,
1372 2368 1484 2410 non
1519 2350 1934 2424 permaneretis.
1971 2349 2079 2405 Ye-

483 2465 634 2516 rum,
659 2455 721 2503 ut
748 2448 866 2518 ipsa
897 2461 990 2504 res
1029 2445 1255 2514 indicat,
1293 2444 1662 2502 substantiam
1703 2451 1896 2500 vestra:
1952 2443 2080 2500 licet

484 2537 690 2608 iniquae
723 2537 1097 2609 possessionis
1121 2537 1504 2610 pretiosiorem
1536 2551 1703 2606 quam
1715 2535 2078 2606 vesmetipsos

484 2611 688 2702 facitis,
714 2629 834 2701 qui,
871 2629 1072 2702 spretis
1107 2628 1578 2688 admonitionibus
1600 2628 1807 2686 nostris
1833 2635 1891 2684 et
1946 2643 2080 2683 eon-

484 2731 688 2796 tempta
716 2723 1020 2794 apostolica
1053 2721 1402 2790 auctoritate,
1431 2737 1532 2793 pro
1559 2721 1729 2778 lucris
1761 2719 2077 2791 temporali-

480 2813 591 2871 bus
624 2823 680 2869 et
736 2815 1003 2886 explenda
1047 2813 1347 2884 cupiditate
1392 2821 1599 2880 vestra,
1627 2813 1734 2870 sub
1789 2811 2078 2868 maledicto

485 2906 850 2962 anathematis
884 2914 1009 2976 post
1060 2905 1390 2977 promissam
1439 2905 1598 2962 nobis
1644 2903 2080 2962 satisfactionem

483 2981 726 3056 recidivo
771 3012 838 3053 ac
874 2997 1176 3054 deliberato
1221 2996 1693 3068 praevaricationis
1732 2996 1964 3052 crimine
1993 2993 2081 3065 ja-

487 3105 612 3164 cere
643 3079 754 3146 non
781 3091 1188 3164 pertimescitis.
1228 3076 1594 3163 Quapropter,
1617 3091 1882 3161 quoniam
1916 3083 2082 3146 tantm

485 3183 936 3258 praesumptionis
970 3181 1401 3249 contumaciam,
1442 3190 1498 3238 et
1527 3190 1638 3238 tam
1659 3181 1920 3237 immanis
1951 3195 2082 3236 ava-

486 3273 630 3330 ritiae
653 3273 894 3344 culpam,
942 3281 1132 3330 nostra
1164 3287 1270 3336 nec
1314 3273 1689 3330 taciturnitate
1711 3271 2079 3339 dissimulare,

487 3379 592 3420 nec.
604 3364 866 3436 patientia
887 3349 999 3420 non
1041 3363 1206 3420 modo
1250 3365 1320 3420 ad
1339 3372 1609 3433 vestrum,
1638 3361 1734 3421 sed
1758 3363 1827 3418 ad
1862 3363 2081 3420 illorum

487 3456 656 3512 etiam
683 3471 810 3514 cum
837 3456 1042 3529 quibus
1082 3455 1505 3514 communicatis
1545 3456 1847 3528 periculum
1875 3457 2084 3514 diutius

489 3533 674 3604 fovere
698 3547 983 3618 audemus,
1020 3547 1277 3622 praesenti
1325 3549 1655 3607 auctorilate
1702 3533 1960 3604 omnibus
1987 3550 2083 3621 qui

2173 957 2446 1030 agendum
2483 963 2688 1012 nostra:
2717 939 3106 1011 sollicitudinis
3129 953 3394 1018 debitum,
3424 949 3784 1024 singularum

2172 1046 2581 1120 provinciarum
2634 1045 2908 1102 Eeclesias
2957 1061 3056 1116 per
3106 1045 3477 1114 nosmetipsos
3549 1043 3790 1100 visitare

2172 1155 2286 1194 non
2317 1154 2636 1210 possumus,
2691 1138 3064 1194 necessarium
3106 1137 3262 1192 valde
3284 1144 3370 1192 est
3403 1143 3485 1202 ut,
3521 1136 3788 1207 exigente

2108 1240 2114 1246 ‘
2173 1231 2386 1286 ratione
2415 1229 2502 1284 Vel
2525 1238 2800 1300 tempore,
2834 1229 3074 1300 aliquem
3115 1228 3281 1284 modo
3334 1229 3403 1282 ad
3427 1227 3554 1283 illas
3587 1237 3784 1298 partes

2172 1323 2392 1378 mittere
2422 1322 2763 1389 Studeamus,
2801 1337 2900 1393 per
2929 1337 3094 1392 quem
3131 1321 3428 1376 commissa
3475 1321 3642 1376 nobis
3693 1335 3790 1376 seu

2172 1415 2413 1471 cundum
2439 1415 2780 1469 voluntatem
2811 1413 2909 1470 Dei
2928 1421 3350 1485 reprzesentetur
3370 1413 3705 1477 auctoritas,
3729 1428 3788 1486 ει

2171 1505 2445 1564 Dominici
2470 1507 2652 1578 gregis
2677 1505 2828 1562 salus
2873 1515 3041 1578 atque
3081 1505 3392 1561 communis
3417 1505 3785 1576 provideatur

2159 1601 2403 1656 utilitas.
2437 1597 2658 1655 Scimus
2701 1597 2849 1654 enim
2879 1597 3143 1669 quoniam
3180 1597 3299 1653 sine
3339 1597 3682 1652 detrimento
3727 1606 3786 1651 et

2174 1707 2376 1764 magno
2405 1691 2720 1746 animarum
2770 1689 3016 1761 periculo
3063 1703 3188 1746 esse
3241 1703 3352 1742 non
3391 1696 3598 1758 potest,
3649 1683 3788 1743 cuni

2176 1783 2324 1840 illius
2349 1781 2630 1856 diligentia
2677 1782 2744 1838 ad
2769 1797 2933 1854 quem
2973 1796 3188 1837 summa
3224 1781 3574 1852 negotiorum
3599 1789 3658 1836 et
3682 1796 3783 1836 cu-

2175 1893 2251 1933 ra:
2275 1877 2579 1932 necessitas
2601 1875 2874 1948 praecipue
2894 1883 3124 1946 spectat,
3156 1873 3253 1930 diu
3280 1873 3520 1929 subditis
3541 1889 3610 1928 ac
3621 1887 3774 1927 com-

2176 1969 2364 2027 missis
2391 1968 2496 2027 sibi
2525 1967 2790 2024 fratribus
2827 1966 2998 2023 deest.
3023 1966 3386 2038 Quapropter,
3413 1967 3782 2022 consideran—
3879 2025 3894 2034 ,

2177 2070 2261 2117 tes
2282 2069 2338 2117 et
2361 2060 2517 2116 valde
2542 2061 2798 2116 timentes
2839 2073 2909 2114 ne
2943 2059 3259 2130 huiusmodi
3285 2074 3414 2131 erga
3443 2073 3544 2114 vos
3597 2059 3782 2129 provi-

2177 2151 2375 2208 dentia:
2397 2151 2586 2208 tandiu
2631 2150 3063 2223 praetermissum
3121 2151 3364 2206 studium
3399 2160 3455 2206 et
3502 2151 3667 2206 nobis
3722 2151 3778 2206 in

2179 2243 2520 2317 negligentiae
2541 2243 2758 2315 culpam
2785 2251 3086 2316 reputetur,
3110 2253 3166 2299 et
3189 2251 3387 2299 vestrae
3411 2244 3577 2298 saluti
3601 2245 3779 2316 (quod

2177 2334 2376 2406 absit!)
2431 2335 2802 2406 perniciosum
2856 2344 2953 2391 aut
2992 2335 3332 2392 contrarium
3392 2333 3584 2402 fuerit,
3643 2337 3780 2392 data

2176 2425 2417 2497 primum
2475 2427 2902 2498 opportunitate,
2965 2427 3220 2482 misimus
3251 2426 3322 2482 ad
3349 2443 3449 2482 vos
3498 2427 3649 2482 hunc
3673 2427 3780 2482 ira.

2177 2527 2316 2574 trem
2348 2527 2598 2575 nostrum
2648 2517 3033 2590 Landnlphum
3099 2519 3314 2574 Pisana:
3361 2517 3624 2574 Ecclesiae
3665 2520 3776 2575 ele-

2177 2619 2324 2666 ctum
2355 2613 2693 2684 episcopum,
2745 2609 2834 2668 cui
2884 2620 2938 2667 et
2995 2611 3171 2666 vicem
3221 2621 3466 2666 nostram
3510 2611 3565 2665 in
3619 2610 3780 2668 vobis

2178 2705 2578 2773 commisimus,
2609 2714 2671 2761 ut
2697 2721 2760 2760 ea
2787 2721 2911 2776 quae
2939 2704 3007 2760 ad
3036 2705 3282 2760 ordinem
3334 2719 3510 2761 sacrae
3552 2704 3752 2776 religio

2178 2796 2264 2852 nis
2285 2796 2560 2867 pertinent
2593 2797 2694 2853 rite
2717 2813 3048 2868 exsequens,
3069 2795 3225 2866 juxta
3250 2795 3532 2868 prophetae
3545 2795 3784 2861 dictum,

2177 2893 2374 2950 evellat
2403 2901 2458 2949 et
2509 2893 2777 2960 destruat,
2816 2895 3046 2952 :edilicet
3099 2904 3154 2950 et
3201 2893 3406 2966 plantct
3460 2911 3474 2948 :
3538 2893 3632 2950 cui
3681 2909 3782 2950 vos

2178 2983 2397 3038 obedire
2417 2991 2472 3038 et
2495 2983 2829 3039 unanimiter
2857 2983 3118 3040 assistere
3163 2985 3439 3050 volumus,
3470 2984 3773 3040 admoneno

2179 3081 2261 3129 tes
2287 3083 2342 3130 et
2379 3075 2675 3146 apostolica
2711 3075 3036 3131 auctoritate
3087 3075 3467 3148 praecipientes
3513 3085 3598 3144 ut,
3651 3091 3778 3131 eum

2180 3183 2304 3222 cum
2330 3167 2479 3223 omni
2515 3167 2780 3224 charitate
2821 3177 2876 3224 et
2931 3167 3138 3224 honore
3185 3169 3588 3242 suscipientes,
3615 3169 3776 3246 talem

2181 3256 2285 3313 sibi
2315 3257 2578 3314 honorem
2617 3268 2671 3314 et
2705 3259 3067 3314 reverentiam
3094 3259 3424 3326 exhibeatis,
3451 3261 3680 3330 qualem
3713 3275 3776 3314 ex

2181 3348 2568 3406 constitutione
2599 3357 2913 3406 sanctorum
2937 3349 3162 3406 Patrum
3191 3351 3259 3407 iis
3279 3351 3543 3408 exhibere
3569 3363 3781 3424 oportet

2181 3453 2320 3510 quos
2348 3448 2536 3496 sancta
2557 3449 2613 3496 et
2641 3441 2938 3518 apostolica
2973 3442 3130 3497 sedes
3152 3441 3206 3496 in
3243 3453 3454 3514 partem
3483 3459 3607 3502 sua:
3629 3443 3778 3500 solli-

2181 3529 2438 3587 citudinis
2497 3529 2878 3598 assumendos,
2930 3531 3241 3604 quibusque
3307 3534 3490 3592 vicem
3549 3534 3778 3596 Romani

492 3625 638 3708 inter
657 3655 758 3698 vos
801 3648 993 3696 contra
1032 3621 1343 3711 apostolica
1386 3640 1670 3713 privilegia
1709 3641 1852 3698 beati
1883 3639 2084 3698 Leonis
2109 3657 2152 3715 ε
2182 3621 2457 3715 ροριίῐίοίξ
2477 3622 3076 3715 comwjtenqamfsse
3104 3625 3383 3715 Pfﬁfﬁdeb

490 3731 953 3803 papreeanonicas
981 3731 1213 3803 pecunia
1243 3733 1424 3804 adepti
1461 3741 1611 3801 sunt,
1645 3733 1930 3790 introitum
1965 3750 2084 3790 ma-

488 3823 630 3896 joris
660 3823 924 3892 ecclesiae,
967 3823 1220 3882 videlicet
1258 3823 1445 3880 Sancti
1486 3823 1728 3894 Martini,
1780 3834 1836 3882 et
1864 3827 2084 3884 easdem

493 3916 792 3988 canonicas
810 3916 893 3971 vel
919 3916 1240 3988 praebendas
1261 3917 1493 3974 ulterius
1522 3918 1789 3974 retinendi
1812 3919 2085 3974 licentiam

493 4016 550 4062 et
563 4015 888 4079 potestatem
919 4023 986 4064 cx
1007 4017 1163 4080 parte
1187 4009 1582 4081 omnipotentis
1602 4009 1698 4067 Dei
1725 4019 1780 4066 et
1810 4011 1954 4067 beati
1981 4010 2086 4066 Pe-

495 4102 565 4180 tri
577 4102 950 4172 apostolorum
973 4102 1238 4174 principis
1263 4119 1439 4176 usque
1465 4104 1535 4161 ad
1565 4105 1895 4177 condignam
1924 4105 2088 4162 satis-

349 4221 353 4226 -
393 4247 398 4252 .
497 4193 790 4252 factionem
813 4195 1214 4254 interdicimus.

569 4285 708 4359 Data
755 4285 1065 4355 Florentiae,
1094 4287 1258 4344 tertio
1308 4287 1436 4346 ldus
1464 4289 1719 4362 Augusti,
1789 4289 2090 4346 indictione

499 4377 714 4436 decima
733 4379 948 4450 quinta.

1084 4469 1419 4528 EPISTOLA
1449 4470 1513 4527 ll.

776 4578 844 4618 AD
871 4577 1150 4620 EPISCOPOS
1169 4579 1244 4618 «ΕΤ
1272 4577 1526 4620 ειειιιοοε
1548 4581 1804 4622 CORSICA-I.

1096 4653 1279 4726 (Anno
1309 4654 1494 4727 1077.)

509 4741 648 4821 Prg_
671 4759 767 4798 suo
795 4741 1056 4821 pastorali
1081 4747 1250 4821 o/ﬁcio
1297 4747 1465 4821 mittit
1514 4747 1757 4821 legatum
1790 4751 2092 4821 episcopum

563 4814 838 4891 Pisanum
857 4814 1224 4888 electum-qui
1259 4817 1368 4891 vice
1389 4835 1495 4891 sua
1535 4814 1653 4891 qua?
1689 4819 1760 4873 ad
1783 4814 2093 4891 religionem

578 4885 839 4958 pertinent
867 4885 1218 4956 exsequatur;
1247 4889 1332 4942 cui
1363 4897 1420 4942 ut
1460 4885 1693 4944 debitam
1738 4885 2092 4945 obedientiam

573 4955 856 5012 exhibeant
887 4955 1150 5027 praecipit.

579 5048 890 5104 Gasconrus
911 5047 1222 5118 episcopus,
1277 5065 1471 5107 servus
1499 5065 1780 5107 servorum
1822 5050 1940 5118 Dei,
1971 5067 2092 5106 om-
2121 5023 2168 5080 D

511 5136 676 5192 nibus
692 5136 988 5207 episcopis,
1019 5137 1252 5206 clericis,
1308 5142 1649 5210 consulibus,
1698 5143 2000 5212 majoribus
2037 5150 2093 5198 et

512 5229 820 5285 minoribus
847 5228 904 5284 in
921 5230 1103 5286 insula
1121 5229 1346 5290 Corsica
1374 5235 1804 5291 consistentibus
1827 5233 2090 5308 [existen-

2257 3711 2392 3767 Data
2419 3710 2596 3779 Some,
2627 3709 2887 3768 Kalendis
2916 3709 3273 3784 Septembris,
3319 3715 3623 3774 indictione
3648 3717 3778 3774 inci-

2184 3804 2367 3874 piente
2391 3802 2590 3874 prima.
3041 3795 3048 3802 ’

2751 3889 3090 3950 EPISTOLA
3121 3892 3209 3951 IIl.

2413 4003 2478 4043 AD
2507 4002 2826 4043 RODULPBUI
2851 4003 2922 4042 ΕΤ
2946 4003 3216 4043 BMNEBUI
3243 4003 3546 4046 ENSCOPOS.

2783 4076 2964 4150 (Anno
2994 4075 3178 4150 1077.)

2190 4171 2366 4226 Monet
2393 4179 2450 4226 ut
2475 4171 2530 4226 in
2572 4169 2814 4244 Ecclesia
2851 4167 3216 4244 Volaterrana,
3239 4175 3492 4244 quoniam
3517 4175 3608 4244 ,de
3666 4177 3783 4232 ida"

2259 4260 2356 4317 nea
2381 4243 2610 4317 episcopi
2641 4242 3158 4317 persondconvenit,
3191 4242 3262 4297 abl
3291 4242 3536 4298 omnibus
3572 4261 3774 4317 genera-

2257 4314 2363 4368 lem
2408 4313 2713 4370 electionem
2772 4313 2892 4383 ﬁeri
2933 4323 3234 4383 procurent,
3259 4323 3311 4368 et
3366 4331 3486 4369 eum
3531 4313 3637 4370 cia
3671 4319 3780 4371 rice

2257 4384 2587 4457 conﬁrment,
2622 4382 2880 4457 quidquid
2925 4382 3102 4457 actum
3139 4385 3300 4457 fuerit
3361 4387 3690 4457 signiﬁcent,
3729 4399 3778 4441 et

2258 4453 2482 4528 electum
2505 4471 2600 4528 pro
2634 4453 2970 4524 Suscipienda
2995 4453 3388 4510 consecratione
3411 4453 3482 4510 ad
3506 4453 3562 4511 ac
3593 4475 3779 4528 quam—

2260 4527 2493 4596 primum
2509 4525 2744 4579 mittant.

2261 4615 2568 4672 Gnscomus
2596 4613 2908 4686 episcopus,
2946 4630 3137 4670 servus
3192 4631 3480 4671 servorum
3517 4614 3638 4683 Dei,
3667 4615 3776 4671 Rs-

2190 4723 2398 4765 nunrno
2445 4705 2677 4764 Senensi
2720 4707 2998 4778 episcopo,
3049 4715 3103 4762 et
3157 4706 3426 4764 RMNE’RIO
3467 4709 3778 4768 Florentino

2191 4798 2518 4874 [episeopo],
2596 4799 2826 4856 salutem
2906 4807 2962 4856 et
3031 4801 3385 4870 apostolicam
3445 4799 3778 4858 benedictio-

2191 4909 2340 4949 nem.

2260 4981 2380 5039 Non
2393 4982 2662 5054 ignorare
2683 4998 2781 5040 vos
2801 4981 3076 5040 credimus
3095 4991 3364 5054 quantum
3394 4984 3778 5044 sollicitudinis

2195 5082 2571 5144 quantumque
2589 5071 2926 5146 fatigationis
2953 5074 3327 5143 habuerimus,
3367 5075 3423 5131 id
3466 5086 3689 5149 agentes
3721 5087 3779 5133 ut

2196 5163 2253 5218 in
2310 5161 2666 5230 Volaterrana
2709 5162 2952 5220 Ecclesia
3021 5165 3323 5220 secundum
3375 5164 3673 5224 Dominum
3728 5176 3779 5222 et

2196 5255 2572 5310 auctoritatem
2625 5271 2900 5312 canonum
2951 5257 3104 5313 utilis
3128 5265 3183 5313 et
3226 5257 3461 5316 idoneus
3493 5261 3780 5316 eligeretur
