3982 5316
528 387 630 443 ιω

1172 386 1229 444 S.
1268 385 1593 445 GREGORII
1633 384 1723 442 VII
1759 384 1962 441 ΡΜ)Ᾰέ
2001 384 2115 440 ΟΡΙ

2225 382 2285 436 ill
2324 379 2508 436 PARS
2548 376 2587 435 l.
2629 411 2696 419 —
2735 378 3154 437 REGISTRUM.

3687 382 3801 438 £92

527 509 584 558 et
606 500 930 575 regulariter
951 502 1287 574 assignatum
1319 516 1443 557 esse
1466 501 1861 574 perspexerint,
1887 498 2109 555 electio-
2138 500 2183 556 Α
2210 494 2512 551 nitentibus
2530 494 2737 550 electus
2770 494 2960 563 fuerit,
2990 509 3117 550 cum
3151 493 3385 551 consilio
3425 492 3579 550 illius
3626 504 3682 550 et
3700 510 3804 551 eo-

530 607 657 649 nem
676 602 911 649 vestram
946 593 1109 665 (sicut
1150 594 1362 663 justum
1401 593 1508 664 est)
1543 602 1732 648 nostra
1756 592 1876 649 vice
1906 593 2108 650 confir—

530 692 680 739 ment
704 704 718 739 :
743 684 829 740 sin
859 693 1041 740 autem
1093 685 1149 740 in
1195 701 1262 741 eo
1294 685 1501 756 aliquid
1550 685 1892 742 contrarium
1924 693 1979 741 et
2024 686 2109 741 di—

528 788 698 843 gnum
778 773 1219 843 reprehensione,
1278 776 1596 847 quominus
1657 775 1726 831 ad
1798 776 2109 846 episcopale

528 862 772 933 regimen
829 862 1116 932 pervenire
1156 864 1369 932 debeat,
1404 864 1745 933 invenerint;
1781 874 1966 921 amoto
1992 865 2106 931 illo,

528 952 693 1009 talem
723 954 989 1010 studeatis
1032 955 1233 1026 eligere
1258 970 1550 1026 personam
1571 971 1696 1027 quae
1716 965 1871 1013 tanto
1911 957 2109 1013 honori

525 1050 581 1096 et
602 1041 781 1098 cilicio
805 1052 1091 1116 congruat,
1136 1054 1192 1101 et
1215 1061 1382 1116 quam
1414 1055 1603 1102 nostra
1646 1062 1744 1118 per
1766 1047 1990 1103 eosdem
2026 1049 2107 1104 le-

526 1141 683 1203 gatos
703 1145 1089 1206 mpmsentata
1130 1138 1429 1193 auctoritas
1479 1139 1781 1210 approbare
1808 1148 1864 1196 et
1910 1140 2110 1197 contir-

530 1241 683 1282 mare
703 1227 915 1283 debeat.
940 1227 1076 1283 lllud
1102 1229 1247 1284 enim
1294 1230 1507 1298 scitote,
1551 1231 1699 1301 quod
1726 1231 1775 1288 si
1806 1231 2034 1304 legalem
2056 1242 2112 1289 et

527 1318 848 1374 canonicam
896 1320 1217 1375 electionem
1264 1336 1365 1376 vos
1422 1320 1618 1379 fecisse
1670 1325 2108 1395 cognoverimus,

460 1482 467 1487 θ
527 1409 713 1465 omnia
740 1410 896 1466 vobis
915 1418 970 1466 et
994 1409 1252 1467 Ecclesiae
1287 1420 1501 1479 vestrae,
1534 1428 1658 1484 qua:
1683 1414 1982 1484 apostolica
2016 1416 2111 1471 de-

529 1502 622 1558 bet
652 1509 709 1557 et
728 1502 871 1558 valet
890 1503 1207 1571 auctoritas,
1243 1520 1370 1558 cum
1391 1505 1541 1560 omni
1564 1506 1827 1561 charitate
1860 1508 2111 1577 praesidia

520 1599 949 1656 exhibebimus:
985 1609 1040 1656 et
1070 1601 1116 1657 si
1152 1600 1276 1671 quis
1293 1601 1455 1657 aliter
1490 1600 1558 1657 ad
1584 1602 1766 1658 sedem
1793 1602 1942 1658 illam
1966 1604 2113 1675 aspi-

529 1705 655 1747 rare
674 1692 1101 1763 praasumpserit,
1149 1692 1339 1763 procul
1380 1692 1547 1747 dubio
1582 1708 1691 1748 non
1717 1694 1895 1749 solum
1922 1702 2111 1750 contra

527 1796 677 1848 eum,
704 1782 799 1838 sed
833 1783 997 1838 etiam
1025 1792 1215 1839 contra
1240 1798 1434 1839 omnes
1458 1782 1700 1841 fautores
1726 1801 1857 1842 suos
1870 1785 2107 1857 gladium

2209 603 2334 643 rum
2362 586 2594 642 fratrum
2625 586 2721 656 qui
2743 586 2798 640 in
2826 587 2951 642 sinu
2974 590 3177 642 sanetae
3199 586 3394 641 matris
3416 584 3680 641 Ecclesia!
3702 585 3801 640 ﬁr-
3824 592 3831 599 ‘

2209 677 2371 732 miter
2416 676 2797 747 perstiterunt,
2859 684 3119 746 quantam
3167 676 3273 731 sub
3317 676 3546 731 obtentu
3599 675 3804 730 divinat

2207 768 2397 839 gratiae
2438 767 2780 838 potuerimus
2826 766 3262 822 misericordiam
3312 766 3474 821 vobis
3513 766 3803 831 exhibere,

2208 870 2264 917 et
2282 869 2499 917 erratus
2520 860 2687 917 vestri
2730 859 2967 930 pondus,
2998 867 3287 929 quantum,
3316 857 3430 914 Deo
3484 857 3801 922 solatiante,

2209 955 2411 1010 audere
2436 963 2491 1009 et
2515 968 2679 1024 posse
2704 953 2954 1021 dabitur,
3001 954 3222 1023 portare
3246 952 3424 1024 parati
3450 968 3672 1010 sumus.
3703 950 3805 1008 Sin

2208 1053 2390 1101 autem
2418 1059 2517 1100 vos
2546 1053 2738 1099 contra
2766 1044 2873 1099 hoc
2899 1043 3021 1109 niti,
3051 1052 3107 1100 et
3132 1044 3509 1115 impedimenti
3536 1042 3805 1114 objectio-

2208 1150 2309 1191 nes
2334 1149 2581 1207 quaerere
2625 1143 2681 1191 et
2718 1134 2966 1190 invenire
2994 1136 3434 1206 cognoverimus,
3464 1134 3523 1189 in
3550 1148 3680 1189 eam
3706 1149 3808 1191 an-

2207 1235 2319 1282 tem
2346 1234 2556 1297 partem
2602 1225 2913 1281 consentire
2959 1232 3023 1280 ut
3059 1234 3253 1281 contra
3279 1224 3525 1281 divinam
3555 1233 3614 1281 et
3638 1240 3812 1282 mno-

2210 1314 2390 1370 nicam
2419 1314 2799 1370 auctoritatem
2827 1313 3105 1384 quispiam
3133 1313 3239 1370 sibi
3284 1313 3432 1370 sedis
3454 1313 3614 1371 illius
3640 1328 3808 1371 occu—

2210 1407 2487 1479 pationem
2538 1414 2854 1477 praesumat,
2910 1406 3103 1477 procul
3155 1405 3326 1462 dubio
3377 1415 3434 1462 et
3460 1406 3556 1461 ille
3581 1406 3805 1477 dignam

2211 1514 2327 1555 sum
2353 1497 2658 1568 iniquitatis
2685 1497 2995 1552 mercedem
3023 1497 3284 1564 inveniet,
3312 1505 3369 1552 et
3392 1496 3462 1552 de
3487 1496 3653 1552 vobis
3678 1511 3808 1551 san-

2211 1598 2299 1645 cta
2322 1599 2377 1645 et
2424 1589 2724 1660 apostolica
2770 1588 2947 1655 sedes,
2998 1597 3205 1659 quanto
3233 1597 3530 1659 provocata
3558 1588 3809 1660 gravius,

2209 1690 2365 1737 tanto
2393 1682 2678 1753 culparum
2709 1680 2951 1737 rationes
2975 1680 3152 1753 exiget
3179 1680 3513 1750 districtius,
3536 1681 3809 1754 iudicabit

2213 1771 2484 1828 acerbius.

528 1872 704 1928 sancti
738 1872 905 1942 Petri,
932 1883 986 1930 ct
1007 1876 1318 1946 apostolicae
1354 1876 1846 1947 animadversionis
1865 1879 2111 1950 jaculum

2282 1862 2417 1919 Data
2468 1861 2657 1920 Roma:
2693 1862 2913 1919 decimo
2953 1862 3147 1935 quinto
3185 1863 3461 1922 Kalendas
3519 1864 3806 1933 Octobris,

527 1964 774 2023 districtc
802 1968 1075 2023 vibratum
1096 1978 1153 2024 et
1174 1968 1439 2026 emissum
1472 1969 1690 2040 sentiet.

596 2054 733 2113 Data
759 2057 948 2116 Romae
966 2059 1182 2117 decimo
1209 2061 1404 2131 quinto
1425 2060 1695 2119 Kalendas
1725 2061 2000 2133 Octobris,
2031 2064 2117 2120 in-

530 2147 768 2207 dictione
791 2151 987 2223 prima.
2072 2176 2075 2179 ·

1094 2242 1432 2300 EPISTOLA
1461 2245 1549 2301 VI.

706 2347 773 2387 ΔΙ)
810 2347 1214 2390 ευπιυςλκεοδ
1256 2352 1524 2393 εοοιεειλε
1554 2351 1938 2403 Αρυιιειεκειε.

1135 2426 1318 2494 (Anno
1346 2426 1529 2499 l077.)

535 2512 708 2594 Monet
744 2531 831 2594 eos
857 2515 1139 2588 diligenter
1168 2527 1350 2594 curent
1387 2529 1446 2574 ut
1472 2520 1658 2594 electio
1684 2522 1914 2594 episcopi
1957 2514 2124 2594 Aqui-

596 2584 1242 2670 leiensis,‘propter‘quam
1269 2589 1469 2670 legatos
1494 2593 1679 2670 mittit,
1712 2584 1963 2670 canonice
1992 2584 2120 2670 fiat;

596 2655 963 2711 schismaticis‘
989 2655 1164 2713 autem
1202 2655 1471 2715 canonica:
1496 2655 1738 2717 electioni
1764 2655 2121 2718 annitentibus

602 2727 1347 2801 misericordiampollicetur
1371 2747 1389 2784 :
1410 2732 1457 2785 si
1483 2747 1600 2786 vero
1625 2743 1811 2788 contra
1858 2737 2119 2801 nitantur,

593 2806 689 2869 aut
728 2798 776 2851 si
819 2798 937 2870 quis
983 2798 1140 2854 illam
1182 2801 1357 2856 sedem
1393 2813 1631 2873 occupet,
1658 2821 1841 2875 graves
1885 2798 2123 2860 minatur

597 2883 802 2936 plenas.
1700 2886 1703 2889 '

596 2955 905 3015 GBEGORIUS
933 2959 1248 3032 episcopus,
1273 2977 1469 3020 servus
1523 2980 1808 3023 servorum
1856 2966 1972 3034 Dei,
2001 2983 2121 3024 om-

525 3051 688 3108 nibus
718 3054 993 3127 episcopis
1036 3056 1406 3129 Aquileiensis
1433 3059 1690 3119 Ecclesiaz
1736 3062 2149 3134 suﬂ’raganeis,.

526 3144 613 3201 his
641 3145 737 3216 qui
771 3161 831 3203 se
858 3163 989 3204 vere
1022 3147 1221 3205 fratres
1257 3151 1628 3208 exhibuerunt
1669 3149 1999 3229 [exhibent],
2030 3169 2120 3209 sa-

2219 1954 2515 2012 indictione
2540 1955 2738 2028 prima.

2768 2076 3107 2134 EPISTULA
3136 2077 3248 2135 VII.

2365 2185 2431 2224 AD
2462 2185 2670 2226 UDONEM
2702 2186 3071 2227 TREVIRENSEI
3099 2187 3168 2226 ΕΤ
3201 2186 3628 2229 SUFFRLGANEOS.

2532 2260 2535 2265 ’
2815 2262 2995 2332 (Anno
3026 2262 3205 2334 l077).

2224 2350 2502 2426 Signiﬁcat
2530 2353 2938 2426 sollicitudinem
2958 2370 3110 2409 suam
3139 2355 3204 2409 de
3228 2357 3373 2426 regni
3400 2354 3809 2411 Teutoniemm

2291 2424 2683 2498 perturbatione
2715 2424 2988 2498 sedanda:
3017 2443 3122 2497 qua
3149 2425 3215 2480 de
3243 2424 3300 2481 re
3334 2427 3405 2498 ad
3440 2443 3621 2481 omnes
3654 2430 3840 2498 prim.

2295 2494 2436 2564 cipes
2460 2493 2667 2549 litteras
2699 2497 2924 2568 misisse,
2957 2493 3041 2551 uti
3064 2504 3215 2550 tanto
3245 2496 3385 2552 malo
3414 2514 3565 2568 opem
3589 2493 3771 2568 [erant
3792 2514 3810 2551 :

2293 2581 2411 2636 qua:
2441 2582 2666 2638 cuman
2718 2566 2797 2638 ad
2818 2583 2904 2620 eos
2958 2568 3285 2638 pervenerint
3334 2566 3559 2635 nesciat,
3591 2566 3810 2623 iterum

2293 2634 2621 2711 exemplaria
2657 2637 2823 2690 mittit
2882 2634 2989 2691 una
3023 2653 3143 2711 cum
3192 2634 3549 2711 sacramento,
3584 2639 3811 2694 Henr-iri

2295 2705 2429 2787 regis
2455 2707 2705 2787 ερας.εο
2758 2705 3076 2779 contempto,
3101 2724 3225 2787 suos
3266 2709 3466 2787 legatos
3516 2712 3809 2787 capi-per-

2292 2775 2526 2830 miserit.
2577 2775 2845 2832 Hortatur
2899 2775 2984 2833 eos
3047 2779 3119 2833 ad
3173 2775 3592 2835 ecclesiasticam
3643 2775 3810 2836 liber-

2294 2854 2475 2913 tatem,
2506 2855 2557 2901 et
2585 2847 2657 2901 ad
2685 2865 3010 2904 communem
3036 2848 3259 2904 salutem
3294 2851 3697 2920 defendendam.

2262 2992 2263 2997 η
2292 2958 2601 3016 Gnrcoaws
2628 2961 2938 3033 episcopus,
2967 2979 3159 3019 servus
3181 2979 3465 3021 servorum
3487 2963 3607 3032 Dei,
3634 2963 3811 3022 Unost

2223 3047 2531 3108 Trevirensi
2559 3054 2992 3125 archiepiscopo,
3016 3064 3071 3110 et
3091 3056 3211 3126 ejus
3235 3055 3513 3127 episcopis
3540 3056 3811 3128 suifraga-

2221 3141 2362 3211 neis,
2394 3145 2626 3200 salutem
2651 3154 2706 3201 et
2729 3147 3087 3216 apostolicam
3128 3148 3589 3204 benedictionem.

525 3232 696 3289 intem
743 3244 799 3291 et
839 3238 1199 3308 apostolicam
1235 3239 1706 3308 benedictionem;
1735 3242 1842 3298 illis
1865 3258 1997 3298 vero
2024 3241 2115 3313 qui

2286 3232 2364 3290 De
2406 3244 2558 3292 motu
2609 3245 2664 3291 et
2723 3238 3131 3308 perturbatione
3174 3240 3354 3327 regni,
3374 3238 3809 3295 Teutonicorum

528 3338 641 3377 non
666 3324 848 3398 solum
883 3343 912 3381 a
938 3328 1206 3384 charitate
1250 3328 1629 3399 fraternitatis,
1662 3333 1758 3388 sed
1806 3334 1875 3388 ab
1905 3334 2116 3390 unitate

524 3404 693 3468 etiam
732 3413 991 3474 Ecclesiae
1029 3420 1380 3477 schismatica
1411 3423 1678 3492 pravitate
1720 3424 2112 3494 discesserunt,

527 3502 723 3561 debitae
745 3507 1131 3565 sollicitudinis
1157 3511 1617 3570 exhortationem.

595 3590 790 3650 Clerus
809 3605 864 3651 et
889 3598 1123 3668 pepulus
1141 3599 1508 3672 Aquileiensis
1531 3603 1807 3673 Ecclesiae,
1832 3607 2020 3678 legatis
2045 3610 2113 3665 ad

529 3697 632 3738 nos
654 3685 963 3758 litterisque
997 3690 1244 3761 directis,
1280 3696 1673 3753 nuntiaverunt
1717 3699 1896 3767 nobis,
1922 3701 2116 3758 defun-

528 3780 620 3829 cto
652 3792 827 3848 nuper
854 3778 1122 3837 Sichardo
1143 3783 1402 3856 episcopo
1431 3804 1556 3856 suo,
1587 3805 1647 3845 se
1667 3792 2115 3850 archidiaconum

529 3869 775 3939 ejusdem
798 3871 1060 3931 Ecclesia:
1083 3877 1139 3931 in
1166 3878 1349 3934 locum
1381 3879 1527 3937 illius
1554 3883 1838 3954 regiminis
1862 3886 2112 3958 elegisse,

528 3962 869 4034 postulantes
893 3973 953 4020 ut
986 3975 1040 4022 et
1073 3982 1175 4024 nos
1207 3969 1458 4027 electioni
1479 3988 1673 4030 eorum
1700 3986 1904 4034 nostra;
1926 3989 2117 4035 aucto-

528 4054 707 4138 ritatis
756 4071 1044 4114 assensum
1094 4061 1675 4138 confirmationemque
1708 4070 2112 4128 adhiberemus.
2144 4090 2147 4093 λ

528 4136 757 4214 Verum,
793 4146 923 4219 quia
968 4164 1085 4206 rem
1131 4160 1415 4226 tantopere
1466 4136 1902 4231 perspiciendam
1937 4166 2149 4222 adhuc

526 4235 861 4330 incognitam
912 4241 968 4298 in
1021 4246 1198 4315 prima
1244 4250 1522 4308 auditione
1562 4262 1675 4311 tam
1709 4257 1892 4313 subito
1917 4273 2117 4330 appro-

525 4325 656 4384 bare
687 4338 861 4387 tutum
891 4350 999 4390 non
1030 4335 1152 4405 fuit,
1200 4341 1455 4400 misimus
1481 4345 1611 4403 illuc
1636 4347 1842 4419 legatos
1870 4325 2111 4421 nostros,

528 4427 587 4473 ut
620 4435 845 4477 causam
869 4433 924 4478 et
947 4426 1194 4497 ordinem
1217 4431 1501 4490 electionis
1522 4436 1709 4492 subtili
1738 4439 2115 4509 exploratione

524 4513 866 4583 perquirunt,
902 4524 958 4570 et
982 4517 1245 4588 quidquid
1285 4522 1411 4578 inde
1440 4534 1536 4581 aut
1558 4527 1992 4587 conﬁrmandum
2017 4541 2113 4588 aut

525 4605 932 4697 reprobandum
965 4618 1070 4675 est,
1095 4610 1338 4683 diligenti
1373 4616 1863 4691 circumspectione
1887 4622 2114 4697 [adden—
2146 4600 2190 4655 θ

523 4695 652 4749 dum
680 4698 836 4767 forte
855 4701 1016 4756 nobis
1044 4702 1258 4775 notum]
1284 4703 1505 4763 faciant.
1550 4708 1839 4770 Monemus
1874 4695 2040 4788 igitur
2059 4727 2114 4774 et

523 4798 645 4852 vos,
682 4803 918 4858 quorum
941 4791 1161 4862 quidem
1198 4796 1432 4853 multum
1462 4800 1708 4872 interest,
1743 4815 1804 4862 ut
1839 4807 1895 4862 in
1928 4809 2112 4868 hacre

524 4885 719 4932 vestrm
750 4882 1133 4942 sollicitudinis
1161 4886 1405 4943 studium
1441 4890 1780 4964 adbibeatis;
1816 4907 2107 4968 quatenus,
2148 4928 2149 4931 η

525 4967 977 5063 ηυξίιίεηῑθρθο,
1002 4975 1125 5031 talis
1152 4977 1224 5031 sit
1256 4979 1349 5048 qui
1379 4980 1434 5035 in
1478 4983 1719 5042 culmine
1744 4967 1909 5045 tantae
1931 4991 2110 5063 digni-

523 5056 652 5112 tatis
677 5058 966 5128 praesidere
1001 5063 1216 5128 debeat,
1241 5077 1301 5122 ut
1326 5070 1502 5128 vehis.
1538 5073 1632 5128 aui
1665 5075 1716 5128 ei
1763 5091 1960 5128 manus
1992 5056 2111 5128 im-

2216 3334 2480 3395 quantam
2502 3329 2926 3385 sollicitudinem
2971 3339 3346 3404 quantamque
3383 3332 3501 3403 jam
3550 3348 3650 3403 per
3686 3333 3810 3390 lon-

2215 3435 2346 3490 gum
2395 3428 2610 3492 tempus
2658 3423 2986 3479 anxietatem
3038 3425 3494 3493 sustinuerimus,
3546 3427 3640 3482 ille
3696 3443 3811 3498 pra

2216 3512 2473 3569 omnibus
2498 3514 2652 3569 novit
2677 3514 2770 3585 qui
2797 3516 3046 3571 omnium
3073 3518 3410 3572 secretorum
3445 3517 3704 3589 cognitor
3725 3528 3810 3576 est

2214 3610 2269 3659 et
2293 3604 2569 3674 inspector
2608 3623 2789 3663 verus.
2820 3606 2943 3675 Cui,
2977 3608 3141 3664 etiam
3183 3608 3230 3665 si
3261 3609 3395 3665 tales
3423 3611 3694 3666 exaudire
3721 3612 3806 3668 di-

2216 3705 2435 3768 gnatur,
2460 3699 2661 3755 multas
2691 3699 3117 3770 supplicationes
3143 3700 3395 3768 fecimus,
3430 3712 3488 3758 et
3514 3700 3805 3768 faciemus,

2215 3788 2566 3845 communitis
2595 3797 2650 3845 et
2678 3791 2917 3847 exoratis
2953 3792 3139 3850 multis
3161 3790 3424 3848 fratribus
3452 3802 3509 3848 et
3532 3794 3808 3866 religiosis

2216 3879 2732 3951 congregationibus
2785 3884 2856 3939 ad
2885 3885 3128 3940 studium
3179 3884 3501 3940 earumdem
3529 3887 3807 3957 supplica—

2216 3972 2449 4040 tionum,
2486 3983 2548 4029 ut
2596 3977 2951 4031 misereretur
3001 3978 3179 4049 gentis
3224 3976 3392 4044 illius,
3448 3992 3555 4032 nec
3606 3978 3808 4035 sineret

2214 4079 2337 4119 eam
2366 4065 2421 4119 in
2460 4068 2679 4137 propria
2706 4069 2909 4123 armari
2935 4070 3166 4136 viscera,
3194 4078 3248 4127 et
3280 4070 3349 4125 ad
3372 4068 3598 4125 ruinam
3618 4071 3807 4127 dome-

2215 4155 2366 4213 stica:
2390 4155 2726 4216 fortitudinis
2757 4161 2812 4216 in
2844 4161 2988 4217 bello
3012 4162 3326 4236 conﬂigere,
3360 4163 3458 4218 sed
3480 4163 3657 4219 totius
3689 4166 3805 4219 dis-

2215 4251 2416 4308 cordiae
2476 4268 2673 4310 causas
2731 4270 2831 4310 sua
2888 4256 3097 4327 potenti
3156 4257 3353 4310 virtute
3407 4267 3804 4326 compesceret,

2215 4346 2398 4399 et'sua
2445 4345 2821 4403 moderatione
2871 4348 2989 4403 sine
3033 4346 3251 4403 funesto
3285 4354 3340 4403 et
3390 4348 3653 4404 luctuoso
3702 4349 3808 4404 line

2215 4445 2587 4507 componeret.
2621 4435 2854 4494 Litteras
2879 4454 3099 4510 quoque
3119 4439 3234 4510 jam
3282 4446 3409 4494 ante
3443 4447 3557 4495 tres
3586 4455 3806 4496 menses

2214 4534 2270 4581 et
2316 4542 2382 4583 eo
2407 4528 2643 4599 amplius
2667 4530 2799 4585 illuc
2825 4530 3158 4598 direximus,
3190 4529 3445 4585 videlicet
3478 4530 3681 4602 legatis
3702 4546 3803 4586 no-

2216 4617 2347 4674 stris
2368 4617 2646 4676 Bernardo
2674 4622 2908 4677 diacono
2924 4630 3137 4689 nostro,
3167 4631 3223 4677 et
3244 4622 3374 4678 item
3401 4620 3691 4679 Bernardo
3714 4640 3802 4680 re-

2217 4708 2414 4780 ligioso
2437 4710 2766 4769 Massiliensi
2793 4713 2996 4781 abbati,
3025 4729 3188 4784 quem
3217 4721 3438 4784 captum
3488 4729 3621 4770 esse
3650 4715 3803 4770 audi-

2214 4802 2417 4869 vimus,
2464 4818 2567 4859 nec
2616 4820 2727 4859 non
2753 4814 2808 4861 et
2829 4806 3101 4861 universis
3124 4805 3467 4876 principibus
3506 4813 3667 4862 terrae
3692 4816 3800 4862 tam

2213 4892 2599 4951 ecclesiasticis
2628 4912 2793 4967 quam
2820 4896 3177 4952 saecularibus
3208 4896 3487 4967 personis,
3517 4898 3576 4953 in
3602 4898 3803 4969 quibus

2212 4984 2361 5054 quod
2383 4984 2543 5041 nobis
2571 4987 2637 5041 ad
2664 4988 2973 5066 evitandum
2997 4987 3219 5055 czedem,
3266 4987 3524 5044 incendia
3553 5032 3569 5056 ,
3614 4998 3671 5045 ct
3696 4989 3797 5044 alia

2213 5077 2482 5128 bellorum
2510 5079 2774 5128 uaricula-
2810 5080 3076 5128 nntimnm
3109 5088 3163 5128 et
3186 5080 3241 5128 in
3268 5081 3404 5128 tanti
3434 5082 3642 5128 neantii
3670 5081 3802 5128 diffi—
