3982 5316
177 382 291 440 ωδ

1303 379 1504 435 LIBER
1539 375 1862 446 QUINTUS.
1902 406 1971 415 —
2005 374 2217 432 EPIST.
2257 374 2346 430 lx.

3332 373 3440 429 Wa

176 514 369 555 veram
422 498 787 555 ohethentiam
833 504 1227 570 praecipientes,
1281 496 1458 551 modis
1494 494 1767 549 omnibus
1794 495 1837 551 Α
1866 491 2304 561 procuravimus.
2335 490 2545 547 Dicitur
2570 489 2837 561 siquidem
2884 488 3179 565 legitimam
3224 498 3437 547 aetatem
3470 464 3475 475 ’

179 605 406 661 operam
437 591 582 646 detis
612 599 674 646 ut
704 605 868 646 causa
898 589 1198 646 secundum
1225 587 1548 644 sententiam
1573 600 1763 641 earum

178 682 491 738 litterarum
527 690 851 753 pertractata
874 682 1037 737 tinem
1071 682 1270 737 haheat
1297 689 1352 737 et
1383 680 1633 749 accipiat.
1666 676 1767 731 Mi-

178 773 357 831 simus
382 774 556 830 etiam
584 774 739 829 vobis
768 783 1172 830 sacramentum
1194 772 1344 843 quod
1378 787 1472 827 rex
1496 769 1764 825 Henricus

179 866 342 924 nobis
377 884 479 938 per
514 867 700 923 fideles
724 882 855 923 suos
888 868 1157 938 quosdam
1204 866 1352 933 fecit,
1383 867 1510 923 data
1542 864 1762 936 quidem

178 959 405 1030 pmpria
431 974 604 1013 manu
642 974 741 1014 sua
767 958 822 1013 in
867 975 1090 1014 manum
1124 959 1335 1015 abbatis
1363 957 1762 1024 Cluniacensis,

178 1061 258 1116 ut,
292 1050 540 1120 perlceto
565 1065 653 1117 eo,
703 1051 1044 1122 cognoscatis
1073 1068 1241 1122 quam
1294 1060 1439 1107 recte
1488 1064 1765 1121 quamque

177 1141 412 1196 honeste
472 1156 576 1211 pro
622 1155 722 1195 suo
770 1143 991 1197 nomine
1024 1158 1083 1198 se
1132 1158 1259 1214 erga
1309 1156 1410 1198 nos
1466 1142 1760 1197 habuerit:

179 1233 384 1303 quippe
437 1248 468 1286 a
506 1232 665 1302 cujus
700 1232 950 1289 fidelibus
1000 1234 1161 1307 legati
1193 1235 1366 1290 nostri
1398 1243 1586 1305 postea
1620 1232 1764 1302 capti

179 1335 311 1379 sunt
338 1367 355 1389 ,
420 1324 678 1381 videlicet
735 1322 1010 1382 Gerardus
1071 1325 1431 1401 [Bernardus]
1495 1324 1764 1381 Ostiensis

178 1416 477 1486 episcopus
510 1416 565 1471 in
601 1416 1000 1491 Longobardia,
1035 1418 1344 1477 Bernardus
1374 1421 1545 1475 abbas
1573 1418 1765 1475 Massi-

1871 597 1981 637 non
2008 583 2215 638 habens
2242 593 2429 639 contra
2454 578 2671 640 decreta
2713 593 3027 639 sanctorum
3055 581 3278 638 Patrum
3322 582 3443 637 sine

1868 674 2063 730 idonea
2087 676 2215 730 cieri
2245 685 2298 730 et
2321 678 2503 747 populi
2538 679 2800 734 electione
2830 676 3119 732 ecclesiam
3147 674 3435 731 invasisse.
3476 672 3479 675 ’

1868 767 2076 824 Dicitur
2093 770 2256 824 etiam
2272 770 2399 825 huic
2413 770 2683 841 iniquitati
2702 771 2832 826 illud
2856 769 3149 834 addidisse,
3164 776 3225 822 ut
3243 768 3298 822 in
3313 784 3442 838 pre-

1867 865 2108 921 motione
2131 862 2452 918 clericorum
2474 865 2947 920 archidiaconatus
2979 872 3032 919 et
3054 862 3303 919 abbatias
3343 878 3443 934 per

1867 956 2289 1028 negotiationem
2334 955 2636 1024 vendendo,
2671 957 2873 1012 nullam
2919 957 3260 1012 honestatem
3311 957 3439 1010 nul-

1865 1048 2088 1125 lumque
2113 1047 2207 1102 Dei
2256 1048 2507 1102 timorem
2542 1049 2855 1104 servaverit.
2905 1039 3101 1120 Super
3126 1049 3233 1105 hoc
3275 1050 3441 1104 etiam

1866 1142 1947 1202 bis
1981 1152 2035 1197 et
2059 1151 2140 1197 ter
2180 1140 2423 1197 fraterna
2463 1141 2728 1198 ebaritate
2754 1159 2787 1197 a
2833 1141 2993 1198 nobis
3034 1152 3282 1209 vocatus,
3328 1158 3442 1199 non

1865 1236 2042 1291 solum
2087 1235 2156 1290 ad
2195 1250 2297 1290 nos
2337 1234 2525 1289 venire
2562 1235 2815 1304 neglexit,
2862 1235 2955 1289 sed
2994 1235 3157 1289 etiam
3202 1234 3442 1305 aliquem
3476 1312 3479 1317 θ

1866 1332 1958 1401 qui
2023 1347 2150 1387 eum
2194 1331 2261 1387 de
2315 1331 2543 1401 objectis
2595 1329 2834 1401 legitime
2887 1339 3176 1385 excusaret
3228 1330 3441 1384 mittere

1865 1422 2229 1493 contempsit,
2289 1430 2346 1477 et
2419 1439 2451 1477 a
2505 1421 2665 1477 nobis
2747 1421 3068 1476 interdictus
3097 1462 3113 1485 ,
3185 1416 3440 1489 quinimo

181 1508 370 1563 liensis
402 1508 461 1563 in
494 1517 641 1564 terra
681 1508 1019 1579 Tcutonica;
1050 1512 1193 1566 unde
1235 1528 1363 1567 eum
1408 1510 1543 1567 nihil
1586 1510 1768 1567 adhuc
1865 1529 1897 1566 a
1928 1512 2312 1568 communione
2336 1512 2582 1583 corporis
2610 1524 2665 1568 et
2700 1511 2986 1584 sanguinis
3019 1509 3236 1565 Domini
3281 1525 3442 1581 sepa-
3475 1572 3480 1578 _

179 1600 408 1671 dignum
458 1597 659 1657 fecisse
706 1604 1077 1674 cognovimus.
1111 1603 1437 1675 Quanquam
1470 1621 1571 1660 nos
1618 1621 1762 1659 nun-
1866 1614 2018 1661 ratus
2046 1646 2061 1672 ,
2107 1604 2344 1661 cilicium
2386 1606 2694 1676 episcopale
2750 1604 3028 1661 celebrare
3079 1619 3189 1658 non
3239 1604 3439 1659 timuit.

177 1708 350 1763 quam
395 1709 529 1750 eum
574 1694 633 1751 in
678 1696 861 1767 aliqua
893 1693 1079 1765 causa,
1112 1697 1225 1753 Deo
1272 1698 1610 1769 providente,
1662 1696 1767 1752 hac
1867 1699 2217 1756 Benalictum
2263 1698 2429 1754 etiam
2477 1698 2813 1755 deferentem
2854 1697 3066 1752 litteras
3107 1706 3325 1753 nostras
3384 1697 3462 1764 in_

178 1786 475 1841 occasione
511 1796 907 1857 contravemre,
935 1790 1206 1861 justitiam
1246 1790 1641 1847 circumvenire
1670 1798 1766 1846 aut
1800 1848 1841 1863 ἢ
1869 1793 2119 1863 captione
2143 1808 2369 1849 suorum
2411 1793 2479 1848 ad
2526 1801 2896 1863 contemptum
2946 1792 3261 1861 apostolicae
3296 1792 3445 1848 sedis

178 1892 411 1946 gravare
437 1877 695 1945 velimus,
724 1880 867 1936 sicut
885 1883 1050 1938 etiam
1077 1892 1199 1953 post
1223 1895 1461 1953 coeptum
1486 1883 1764 1954 negotium
1804 1877 1842 1902 υ
1865 1884 1961 1941 diu
2003 1884 2144 1941 allici
2189 1884 2454 1955 permisit.
2527 1884 2867 1955 Quapropter
2923 1883 3267 1954 iniquitatem
3320 1884 3443 1953 ejus

179 1986 466 2042 nunquam
491 1972 638 2040 apud
664 1989 765 2029 nos
789 1984 883 2029 aut
904 1976 1159 2046 precibus
1178 1986 1273 2032 aut
1308 1975 1490 2046 aliqua
1523 1985 1764 2032 ostenta-
1864 1978 2119 2048 deinceps
2145 1992 2254 2034 non
2279 1975 2515 2032 ferentes
2538 2019 2554 2042 ,
2581 1978 2879 2047 apostolica
2926 1976 3248 2057 auctoritate
3286 1975 3443 2031 vobis

177 2062 327 2116 tione
370 2063 748 2119 amicitiarum
803 2067 888 2122 vel
920 2067 1330 2124 inimicitiarum
1376 2067 1618 2124 obtinere
1662 2085 1762 2140 po—
1864 2071 2212 2143 praecipimus
2232 2078 2314 2137 ut,
2338 2070 2406 2126 ad
2429 2070 2885 2149 exanimationem
2925 2079 3149 2125 actuum
3191 2083 3477 2151 suorum,

179 2152 303 2219 tuit,
362 2162 427 2208 ut
475 2154 781 2227 quidquam
841 2172 940 2228 pro
989 2175 1056 2215 eo
1105 2170 1301 2232 praeter
1351 2161 1496 2232 quod
1551 2161 1763 2233 justum
1863 2165 1921 2218 in
1953 2164 2133 2219 locum
2158 2177 2322 2233 quem
2346 2162 2521 2233 magis
2547 2170 2730 2232 aptum
2750 2161 3111 2235 probaveritis
3151 2161 3444 2216 convenia-

177 2242 457 2301 videretur
480 2246 665 2303 dicere
695 2247 781 2305 vel
812 2266 1037 2308 censere
1072 2252 1353 2309 vellemus.
1380 2253 1560 2324 Atque
1594 2253 1652 2308 in
1698 2269 1764 2310 ea
1864 2255 1957 2321 tis,
1980 2254 2049 2309 ad
2089 2268 2253 2324 quem
2294 2252 2449 2323 prius
2490 2252 2684 2307 litteris
2726 2251 2922 2306 vestris
2941 2268 3068 2307 eum
3111 2252 3444 2315 convocatis,

179 2352 259 2403 re,
298 2339 483 2408 quoad
510 2339 841 2410 vixerimus,
878 2343 1274 2413 incunctanter,
1311 2345 1423 2402 Deo
1451 2346 1761 2417 adjuvante,
1865 2344 2070 2414 ibique,
2110 2345 2177 2401 de
2215 2343 2542 2415 supradictis
2581 2342 2733 2399 vobis
2770 2343 3117 2414 respondeat,
3149 2352 3222 2408 et,
3258 2342 3305 2398 si
3344 2358 3446 2411 po-

180 2432 478 2499 persistere
512 2433 668 2489 nullo
693 2436 939 2505 periculo
971 2437 1097 2493 vita:
1123 2439 1206 2493 vel
1249 2440 1442 2494 mortis
1470 2440 1767 2496 deterrebi-
1866 2444 1991 2502 test,
2059 2453 2117 2492 se
2155 2437 2505 2493 innocentem
2567 2436 2774 2492 reddat.
2829 2432 2994 2503 Quod
3054 2437 3098 2493 si
3162 2435 3301 2491 forte
3328 2479 3342 2502 ,
3388 2436 3445 2491 in

180 2536 324 2577 mur.
360 2524 519 2597 Agite
563 2542 720 2598 ergo,
756 2528 1097 2584 dilectissimi
1143 2529 1364 2596 fratres,
1402 2541 1463 2586 ut
1504 2526 1766 2601 appareat
1864 2532 2121 2601 superbia
2148 2549 2246 2588 sua
2281 2549 2630 2603 permanens,
2658 2530 2798 2586 ini‘ia
2820 2532 3178 2603 quadraginta
3206 2532 3326 2586 dies
3349 2530 3448 2584 ad-

180 2623 448 2684 quantum
472 2617 781 2674 libertatem
808 2619 1064 2677 Ecclesia:
1084 2633 1138 2678 et
1166 2638 1511 2678 communem
1534 2626 1761 2683 salutem

181 2708 431 2765 omnium
464 2712 707 2783 diligatis
734 2733 746 2767 :
780 2716 1017 2772 scientes
1041 2717 1301 2787 quoniam
1334 2759 1349 2784 ,
1389 2718 1434 2773 si
1462 2734 1627 2773 causa
1663 2736 1761 2775 ne—

182 2801 352 2870 glecta
382 2802 569 2871 fuerit,
592 2815 646 2861 et
670 2808 737 2863 ad
765 2809 1069 2880 graviorem
1108 2812 1277 2884 (quod
1312 2812 1515 2885 absit!)
1540 2831 1763 2872 exacer-

183 2885 457 2953 bationem
486 2900 720 2968 venerit,
754 2917 863 2956 non
892 2904 1067 2959 solum
1096 2906 1241 2975 genti
1287 2916 1482 2962 vestrae
1504 2916 1560 2962 et
1592 2924 1762 2980 regno

185 2985 630 3060 Teutonicorum,
663 2995 759 3051 sed
790 2997 972 3067 quoad
997 2998 1134 3054 lines
1160 2999 1585 3056 Christianitatis
1610 3010 1760 3070 sunt,

183 3083 398 3151 damna,
424 3087 692 3156 pericula,
720 3088 1121 3160 confusionem,
1148 3102 1203 3149 et
1224 3094 1630 3153 inmstimabiles
1665 3098 1765 3153 mi-

184 3179 446 3234 seriarum
477 3197 683 3237 causas
714 3184 905 3253 pariet.

251 3268 381 3325 Data
431 3271 629 3347 Roma;
673 3277 916 3332 secundo
966 3276 1236 3336 Kalendas
1293 3280 1568 3349 Octobris,
1621 3284 1766 3340 indi-

186 3361 355 3419 ctione
381 3366 584 3435 prima.

718 3480 1057 3540 EPISTOLA
1094 3486 1230 3543 Vlll.

188 3580 251 3621 ιιι
276 3584 595 3639 ιιειιειιωι,
648 3590 977 3643 ιιιειιιιιῐιυιι,
1014 3596 1083 3633 ΕΤ
1130 3596 1307 3637 εοιιυιι
1338 3599 1758 3644 SUPFRAGANEOS.

782 3667 962 3736 (Anno
994 3668 1173 3742 l077.)

190 3750 580 3840 Aurelianensis
635 3758 870 3840 episcopi
923 3760 1339 3840 ntulta__seelera
1378 3771 1759 3840 perstringens,

250 3829 492 3905 praecipit
523 3829 604 3880 eis
628 3836 688 3880 ut
737 3829 810 3905 ad
836 3846 1054 3905 examen
1097 3832 1250 3905 illius
1280 3829 1547 3895 actionum
1576 3829 1762 3896 εὸηυεέ

251 3898 471 3976 dentes,
508 3912 630 3976 eum
676 3898 749 3976 ad
784 3903 1195 3976 respondendum
1224 3905 1418 3963 litteris
1447 3921 1761 3966 convocem:

250 3966 338 4033 qui
376 3967 425 4019 si
458 3966 549 4047 rei
570 3969 749 4047 veuire
778 3966 1032 4047 uoluerit,
1065 3974 1142 4047 rei
1189 3981 1254 4030 de
1302 3976 1517 4047 objectis
1550 3998 1653 4036 non
1709 3999 1764 4037 se

222 4072 225 4073 ν
250 4037 571 4119 purgaverit,
605 4035 907 4119 depositum
929 4050 979 4095 et
999 4035 1265 4119 privatum
1294 4035 1446 4102 illum
1475 4035 1761 4119 declarent,

250 4119 409 4227 71mm
456 4110 781 4163 sententiam
821 4110 970 4180 jubet
1000 4110 1380 4187 promulgari,
1434 4128 1486 4173 et
1541 4121 1595 4175 in
1646 4110 1762 4191 ejus

272 4191 425 4227 acum
456 4176 725 4227 Sinonem
755 4177 1078 4227 [Sarranum
1105 4185 1174 4227 dp
1206 4203 1318 4227 mm
1349 4204 1416 4227 nn
1462 4190 1553 4227 ΙᾹῚ
1585 4208 1762 4227 Ληθαηῄ

272 4191 301 4225 0

303 4176 725 4264 cumgaxonem
755 4176 1078 4252 [Sbnzonem
1105 4185 1174 4240 de
1206 4176 1318 4257 quo
1349 4176 1435 4260 ep.
1462 4190 1553 4263 M]
1583 4176 1764 4264 quem;

250 4245 374 4298 dam
403 4247 705 4319 subrogari.

251 4330 560 4392 Gascoaws
613 4339 928 4411 episcopus,
957 4358 1148 4401 servus
1200 4362 1482 4405 servorum
1516 4349 1632 4418 Dei,
1668 4349 1765 4407 Ri-
1796 4418 1799 4421 ν

190 4436 374 4480 curato
404 4425 713 4485 Senonensi
746 4431 1190 4507 archiepiscopo,
1217 4446 1271 4493 et
1301 4438 1581 4497 RlCllARDO
1605 4441 1763 4498 Bitu-

1865 2624 2183 2681 monitionis
2212 2627 2398 2682 venire
2424 2625 2829 2696 contempserit,
2859 2634 2953 2680 aut
2987 2625 3210 2682 veniens
3234 2625 3301 2680 dc
3322 2639 3446 2678 om-

1866 2716 2028 2775 nibus
2051 2715 2378 2785 supradictis
2405 2717 2670 2774 canonice
2695 2732 2755 2772 se
2784 2732 2895 2771 non
2920 2717 3321 2787 expurgaverit,
3349 2717 3409 2787 ju
3431 2745 3445 2755 -
3482 2780 3483 2783 η

1863 2809 2007 2864 dicio
2028 2809 2201 2863 sancti
2227 2807 2464 2878 Spiritus
2486 2799 2542 2865 et
2561 2810 2882 2866 auctoritate
2906 2811 3205 2882 apostolica
3226 2818 3448 2864 senten-

1866 2897 1996 2971 tiam
2059 2897 2427 2955 damnationis
2474 2908 2529 2955 et
2573 2900 2931 2970 depositionis
2978 2902 3099 2956 sine
3147 2900 3296 2956 omni
3351 2914 3447 2968 spe

1864 2987 2225 3043 restitutionis
2254 2988 2310 3042 in
2336 3006 2463 3044 eum
2500 2992 2929 3062 promulgamus.
2956 2990 3133 3058 Quam
3171 3007 3272 3045 vos
3296 2991 3442 3044 sicut

1864 3080 2057 3146 decet,
2108 3090 2421 3151 sequentes,
2451 3099 2547 3153 per
2598 3070 2758 3138 aures
2802 3070 3212 3138 circumstantis
3257 3081 3446 3154 populi

1790 3190 1831 3246 ρ
1864 3166 2168 3257 diffundite,
2222 3184 2276 3230 et
2323 3174 2595 3229 Saxonem
2658 3174 2859 3244 ipsum,
2887 3166 2959 3230 de
3005 3188 3115 3245 quo
3164 3189 3265 3229 vos
3306 3172 3445 3228 mihi

1865 3267 2163 3337 scripsistis
2189 3309 2203 3333 ,
2251 3266 2345 3337 qui
2391 3257 2535 3322 beati
2571 3267 2717 3322 Petri
2763 3267 3050 3323 consilium
3093 3277 3150 3322 et
3193 3276 3446 3323 nostrum

1863 3355 2109 3426 expetiit,
2136 3356 2335 3411 inloco
2358 3355 2505 3411 illius
2527 3356 2759 3428 depositi
2782 3357 3082 3413 secundum
3106 3342 3279 3412 Deum
3314 3355 3448 3411 sub-

1865 3455 2069 3517 rogate.
2980 3486 2983 3489 .
3292 3512 3297 3517 ,

1936 3539 2072 3593 Data
2116 3538 2305 3593 Romae
2334 3539 2574 3596 secundo
2620 3539 2806 3597 Nonas
2834 3537 3105 3608 Octobris,
3150 3538 3450 3597 indictione

1863 3630 2057 3703 prima.
2665 3631 2669 3634 ’
2762 3630 2767 3635 ’

2430 3722 2768 3781 EPISTOLA
2801 3724 2891 3782 IX.

2041 3829 2108 3869 ΑΒ
2143 3830 2436 3891 nAlNERlUM
2477 3833 2764 3874 EPISCOPUI
2807 3835 3265 3879 AURELIANENSEI.

2471 3908 2650 3981 (Anno
2678 3909 2861 3983 4077.)

1865 3994 2121 4075 Prazcipit
2157 4008 2215 4052 ut
2233 4000 2397 4075 intra
2426 4015 2457 4055 ι.
2494 4001 2605 4075 dies
2640 4003 2711 4075 ad
2728 4003 2915 4075 locum
2941 4020 3092 4075 quem
3125 4003 3451 4063 Senonenses

1933 4077 1983 4122 et
2017 4068 2115 4122 alii
2135 4070 2417 4147 _epis_copi,
2441 4072 2649 4147 Lquibus
2678 4074 2734 4147 id
2778 4068 3062 4147 commisit,
3089 4078 3449 4147 probaverim,

1935 4140 2207 4219 c’gnveniat
2248 4140 2602 4219 de'objectis‘
2642 4146 2950 4219 criminibus
3001 4140 3055 4199 se
3089 4140 3447 4219 "purgaturum

1906 4244 1911 4249 -
1938 4208 2091 4300 Quod
2137 4210 2182 4293 si
2206 4227 2389 4294 parere
2413 4208 2698 4297 neglexerit
2732 4255 2747 4279 ,
2792 4213 2869 4269 vel
2894 4232 2948 4268 se
2971 4232 3074 4299 non
3098 4208 3449 4300 :pufgaverit,
3478 4242 3479 4245 η

1934 4280 2291 4405 άαηιηαῖἱοπὶε
2312 4280 2621 4341 sententiam
2642 4286 2753 4341 sine
2773 4303 2862 4357 spe
2884 4280 3308 4344 restitutionis'in
3331 4280 3455 4344 eum

1937 4367 2121 4405 nromu
2148 4363 2257 4405 aat.
3436 4376 3439 4379 -

1936 4363 2257 4423 promulgat.
2540 4410 2541 4413 η
2632 4412 2637 4415 ,
3040 4412 3041 4415 η
3102 4410 3107 4416 .
3280 4409 3284 4414 .
3391 4376 3439 4412 .·

1904 4440 1909 4445 ’
1938 4444 2246 4502 ϐιιεςοιιιυε
2267 4448 2577 4531 episcopus,
2607 4467 2800 4508 servus
2841 4467 3126 4509 servorum
3151 4442 3285 4521 Dei,
3318 4442 3444 4508 Rii-

192 4512 382 4614 rigensi
408 4514 764 4614 [Biturieensi
785 4530 837 4575 et
864 4523 942 4577 sic
968 4527 1213 4600 semper],
1237 4544 1540 4602 eorumque
1563 4532 1765 4590 suffra-
1798 4548 1842 4603 Ι)
1866 4551 2027 4592 nemo
2047 4536 2194 4592 dicto
2216 4512 2593 4597 Aurelianensi
2613 4542 2890 4614 episcopo.

191 4604 388 4674 ganeis,
417 4607 649 4666 salutem
676 4620 733 4667 et
764 4614 1123 4683 apostolicam
1159 4618 1613 4678 benedictionem.

255 4694 407 4754 Sicut
458 4703 830 4770 quorumdam
894 4714 1140 4763 vestrum
1193 4712 1345 4766 novit
1402 4712 1762 4785 fraternitas,

191 4790 367 4846 multis
389 4792 508 4862 jam
539 4795 878 4854 clamoribus
901 4800 1201 4871 multisque
1226 4803 1422 4862 litteris
1456 4809 1765 4865 elaboravi-

192 4895 307 4936 mus
342 4893 405 4938 ut
449 4885 867 4949 Aurelianensis
904 4883 1151 4951 Ecclesia
1191 4899 1259 4955 ad
1301 4902 1598 4972 pristinum
1650 4918 1765 4959 suae

190 4975 482 5035 nobilitatis
530 4990 733 5040 statum
788 4999 1139 5046 revocaretur
1177 5010 1189 5047 :
1241 4996 1336 5051 sed
1368 4995 1661 5067 .peccatis,
1705 5004 1768 5052 ut

191 5068 479 5140 credimus,
506 5077 694 5145 populi
713 5083 1188 5151 promerentibus,
1235 5088 1310 5144 ita
1336 5090 1764 5161 pseudoepisco-

191 5173 373 5210 mm!“
682 5174 966 5210 nnnnnnlin
1017 5177 1299 5210 ηνηιιςηιηῖι
1400 5184 1539 5210 an...)
1588 5183 1764 5210 ..λιι--.κ

1400 5184 1539 5210 "uino!

1936 4628 2086 4685 Licet
2125 4645 2234 4685 non
2257 4632 2393 4687 alias
2436 4631 2542 4688 nisi
2568 4634 2938 4692 damnationis
2980 4636 3189 4693 litteras
3212 4639 3280 4694 ab
3314 4654 3474 4708 apo-g

1868 4719 2059 4776 stolica
2086 4721 2213 4776 sede
2230 4721 2347 4791 jam
2390 4736 2458 4778 ex
2482 4723 2648 4796 longo
2685 4735 2927 4796 tempore
2952 4720 3318 4785 inobedientia
3355 4737 3449 4784 tua
3500 4752 3509 4761 ι

1867 4796 2247 4893 promeruerit,
2271 4831 2372 4871 nos
2392 4825 2595 4885 tamen,
2619 4833 2685 4872 ex
2723 4820 2901 4876 radice
2924 4818 3276 4879 infructuosae
3296 4840 3453 4879 men--
3478 4872 3482 4879 .

1870 4904 1939 4985 tis
1982 4913 2087 4960 tua:
2130 4903 2338 4974 aliquid
2370 4907 2500 4962 boni
2523 4908 2581 4962 in
2604 4922 2808 4964 vanum
2852 4917 3108 4966 excutere
3151 4920 3450 4983 tentantes,

1870 4999 2013 5054 hanc
2032 5007 2277 5054 nostram
2305 5001 2402 5057 tibi
2423 5002 2737 5057 curavimus
2759 5005 2977 5061 mittere
2995 5004 3342 5076 legationem,
3367 5010 3453 5064 vi-
3482 5034 3487 5039 ·

1865 5090 2060 5146 delicet
2078 5100 2139 5146 nt
2164 5091 2217 5144 in
2231 5095 2519 5161 praesentia
2544 5110 2644 5150 con
2652 5093 2888 5167 fratrum
2910 5105 3227 5156 nostrorum
3246 5101 3457 5173 ,Richc-
3482 5154 3489 5161 .

1960 5180 2290 5210 annnnnn:n
2318 5185 2711 5210 Au~L2A_:.-.-A..:
2774 5201 2810 5208 γ-
2839 5193 2903 5208 1‘.
2942 5192 2958 5208 1
2988 5190 3097 5210 -..λε
3143 5192 3223 5210 π’.
