3982 5316
488 417 597 501 me.

1149 439 1207 495 8.
1245 434 1574 494 G'REGORII
1611 433 1704 489 Vll
1741 433 1945 488 PAPAS
1977 431 2260 488 OPERUM
2303 428 2484 484 PARS
2521 427 2561 484 l.
2601 458 2672 469 -——
2709 423 3136 482 REGISTRUM.

3645 421 3754 479 ιθσ

489 570 802 618 nostrarum
835 558 1183 630 pueligtmus.
1226 551 1308 620 Et,
1332 551 1461 622 quia
1515 550 1584 606 de
1604 547 1926 620 objiciendis
1971 545 2069 602 tibi
2098 549 2142 604 Α
2169 547 2640 617 eleemosynarum
2662 541 2922 598 subsidiis
2949 551 3003 595 et
3023 537 3388 595 Ecclesiarum
3411 537 3760 596 orationibus

489 659 711 706 cautum
735 657 788 703 te
807 655 970 717 atque
1001 643 1285 716 providum
1320 641 1547 697 reddere
1575 640 1854 705 volumus,
1886 653 1950 693 ea
1975 637 2072 692 tibi

488 731 616 797 ante
638 736 1114 811 pertractationem
1137 730 1340 806 negotii
1364 731 1728 787 insinuamus.
1759 729 1964 784 Diceris
1998 729 2074 784 si-

487 813 708 905 quidem
729 828 1025 901 legitimam
1037 833 1248 880 aetatem
1272 839 1380 878 non
1393 822 1622 889 habens,
1645 828 1836 875 contra
1856 819 2072 874 decreta

486 931 806 980 sanctorum
833 916 1081 982 Patrum,
1116 916 1236 973 sine
1277 913 1468 968 idonea
1500 911 1632 966 cieri
1671 919 1725 964 et
1751 908 1936 980 populi
1959 908 2072 962 ele-

487 1012 666 1069 ctione
701 1019 753 1066 te
794 1009 876 1064 eis
907 1007 1180 1078 iniecisse.
1209 1003 1418 1060 Diceris
1457 1002 1603 1058 enim
1627 1001 1758 1056 huic
1799 997 2072 1070 iniquitati

487 1103 620 1159 illud
642 1101 939 1167 addidisse,
962 1109 1024 1154 ut
1043 1099 1098 1153 in
1121 1097 1496 1170 promotioncs
1518 1094 1866 1158 clericorum,
1891 1090 2075 1146 archi-

485 1195 810 1250 eliaconatus
843 1203 896 1248 et
923 1190 1170 1246 abbatias
1191 1204 1288 1262 per
1307 1185 1730 1259 negotiationem
1765 1183 2072 1249 vendendo,

489 1288 694 1344 nullam
739 1287 1083 1340 honestatem
1113 1281 1436 1350 nullumque
1465 1275 1562 1332 Dei
1591 1276 1844 1332 timorem
1887 1289 2074 1330 serva-

489 1379 652 1435 veris.
688 1376 865 1447 Super
890 1376 995 1431 hoc
1017 1373 1208 1439 etiam,
1241 1381 1302 1428 ut
1323 1369 1739 1435 nobis’vidctur,
1769 1367 1857 1423 bis
1895 1374 1952 1422 et
1991 1375 2076 1422 ter

493 1467 726 1524 fraterna
749 1459 1014 1524 charitate
1037 1483 1066 1520 a
1093 1465 1255 1521 nobis
1277 1473 1522 1529 vocatus,
1547 1477 1656 1517 non
1679 1461 1857 1517 solum
1881 1459 1950 1515 ad
1971 1474 2074 1514 nos

493 1575 600 1616 non
621 1559 839 1625 venisti,
873 1559 968 1615 sed
1027 1558 1190 1613 etiam
1237 1557 1471 1626 aliquem
1528 1554 1620 1625 qui
1651 1565 1704 1610 te
1731 1540 1798 1608 de
1848 1553 2074 1623 objectis

494 1654 634 1720 iuste
686 1658 975 1707 excusaret
1042 1649 1258 1704 mittere
1305 1645 1701 1716 contempsisti.
1763 1642 2074 1714 Suspensus

490 1756 654 1798 etiam
685 1743 756 1798 ab
783 1741 1076 1812 episcopali
1107 1737 1304 1805 oﬁieio,
1333 1749 1388 1792 et
1413 1753 1443 1791 a
1472 1735 1857 1792 comnnminne
1885 1749 2078 1804 corpo-

494 1835 569 1890 ris
595 1842 652 1890 et
677 1832 962 1904 sanguinis
992 1831 1230 1896 Domini,
1279 1828 1524 1900 publicas
1558 1827 1756 1882 missas
1798 1825 2074 1881 celebrare

493 1939 601 1984 lien
651 1901 904 1981 timuisti.
947 1921 1220 1977 Clericum
1269 1921 1433 1976 etiam
1486 1918 1818 1974 deferentem
1870 1917 2078 1972 litteras
2112 1901 2154 1956 Β

491 2025 712 2074 nostras
756 2015 850 2072 diu
901 2016 955 2071 in
1003 2013 1255 2086 captione
1310 2021 1530 2068 tuorum
1583 2011 1651 2067 ad
1706 2018 2080 2079 contemptum

493 2107 804 2178 apostolica
831 2106 978 2163 sedis
1005 2105 1098 2160 diu
1129 2103 1268 2160 afﬁci
1293 2103 1611 2175 permisisti.
1642 2102 2004 2172 Quapmpter,
2034 2101 2081 2156 si

494 2197 783 2268 cognoscis
814 2204 866 2252 te
914 2210 1082 2266 super
1110 2195 1200 2251 his
1257 2195 1514 2251 omnibus
1561 2194 1964 2265 inculpabilem,
2013 2193 2082 2248 ad

493 2297 823 2345 conventum
835 2286 1172 2344 contratrum
1186 2294 1502 2343 nostrorum
1515 2285 1664 2342 adire
1683 2295 1847 2357 atque
1861 2302 2090 2358 respon-

494 2380 624 2438 dere
645 2380 793 2436 nulla
815 2379 1028 2434 ratione
1054 2379 1458 2451 praetermittas.
1490 2377 1645 2446 Quod
1675 2379 1722 2435 si
1750 2380 1804 2434 in
1829 2378 2082 2450 superbia

497 2482 590 2540 tua
641 2487 974 2543 permanens
999 2480 1096 2526 aut
1142 2472 1273 2528 illuc
1299 2472 1486 2527 venire
1525 2471 1942 2543 contempseris,
1990 2480 2084 2526 aut

495 2565 721 2620 veniens
746 2564 925 2620 dehis
951 2564 1209 2621 omnibus
1230 2563 1494 2620 canonice
1538 2571 1589 2618 te
1609 2578 1718 2620 non
1745 2577 2086 2634 expurgare-

495 2653 595 2720 ris,
620 2653 834 2724 judicio
859 2653 1034 2709 sancti
1065 2651 1320 2724 Spiritus,
1346 2662 1401 2708 et
1422 2653 1746 2708 auctoritate
1774 2653 2086 2724 apostolicae

495 2747 666 2814 sedis,
695 2745 1024 2802 sententiam
1055 2743 1426 2801 damnationis
1453 2743 1574 2816 sine
1601 2743 1752 2800 omni
1781 2744 1897 2814 ipse
1921 2743 2084 2800 resti-

497 2836 726 2892 tutionis
753 2837 810 2892 in
833 2844 885 2891 te
906 2835 1346 2906 promulgamus.

569 2929 706 2986 Data
740 2927 930 2985 Romae
953 2928 1196 2986 secundo
1212 2925 1398 2984 Nonas
1426 2925 1704 2997 Octobris,
1729 2927 2028 2984 indictione
2044 2943 2086 2982 ι.

1063 3035 1400 3095 EPISTOLA
1450 3036 1527 3098 Χ.

1022 3149 1091 3190 λυ
1143 3149 1320 3189 REGE!
1376 3147 1572 3187 DANLE.

1095 3221 1278 3294 (Anno
1305 3223 1495 3294 1077).

499 3311 887 3398 Commendam
919 3329 1049 3398 elus.
1077 3314 1250 3394 patris
1273 3313 1510 3398 defuncti
1534 3313 1919 3398 observantiam
1961 3331 2085 3386 erga

575 3383 866 3438 Romanam
913 3381 1238 3450 Ecclesium,
1281 3381 1526 3438 hortatur
1563 3392 1623 3437 ut
1661 3385 1989 3438 orationibus
2021 3381 2089 3438 ἐι

567 3453 908 3538 εξεεφοεῃηω
935 3453 1021 3538 illi
1045 3453 1388 3538 squragetur,
1411 3464 1566 3538 atque
1584 3453 1698 3538 ejus
1719 3454 1774 3506 in
1795 3453 2092 3538 [tamenaut

575 3522 872 3595 [Salonam
910 3522 1234 3595 obuquiumi
1256 3522 1515 3595 imitetur,
1543 3532 1612 3595 ξι
1633 3523 1690 3595 in
1733 3524 1875 3595 rcgni
1915 3523 2088 3580 admi-

572 3594 908 3664 nistratione,
936 3591 1200 3663 prwcipue
1219 3594 1275 3648 in
1316 3593 1514 3648 tuenda
1534 3591 1806 3661 Ecclesia,
1846 3595 1988 3664 cupit
2033 3603 2087 3647 ut

575 3663 774 3735 legatos
797 3667 866 3719 ad
891 3680 946 3718 se
972 3665 1176 3718 mittat.

576 3753 888 3812 Guscontus
911 3755 1230 3826 episcopus,
1265 3769 1458 3810 servus
1506 3769 1791 3810 servorum
1825 3754 1937 3821 Dei,
1977 3757 2089 3827 regi

505 3847 784 3904 lhuorum
837 3848 1072 3904 salutem
1125 3856 1183 3903 et
1227 3848 1584 3920 apostolicam
1640 3847 2088 3905 benedictionem.

579 3936 780 3993 Sancta
809 3948 864 3994 et
893 3938 1219 3995 universalis
1245 3946 1420 3995 mater
1466 3949 1676 4006 nostra,
1707 3937 1954 3994 Romana
1984 3939 2090 3996 Ec-

505 4028 668 4084 clesia
699 4031 924 4096 scilicet,
955 4039 1158 4102 quanta
1187 4030 1494 4086 dilectionis
1521 4039 1576 4086 et
1599 4031 1802 4086 amoris
1833 4030 2092 4088 instantia

507 4133 632 4191 terga
663 4119 834 4191 patris
864 4121 942 4176 tui
973 4137 1163 4178 curam
1191 4131 1246 4178 et
1275 4123 1499 4180 honoris
1545 4124 1625 4179 tui
1667 4123 2091 4181 sollicitudinem

505 4209 889 4284 lnvigilarerit,
919 4225 970 4270 te
998 4215 1155 4285 plene
1183 4229 1366 4280 nosse,
1400 4229 1499 4269 nec
1535 4214 1616 4270 tui
1645 4216 1909 4270 memoria
1940 4216 2095 4272 esci-

507 4304 656 4360 tlisse
673 4305 1012 4371 dubitamus,
1033 4303 1280 4362 videlicet
1303 4319 1428 4360 cum
1454 4305 1570 4376 ipse
1592 4306 1866 4361 reminisci
1891 4307 2094 4376 poteris

509 4413 675 4469 quam
706 4411 898 4470 puram
947 4411 1184 4470 surriper,
1228 4398 1367 4454 etin
1409 4398 1667 4453 omnibus
1714 4397 1994 4453 servitutis
2042 4407 2098 4454 et

509 4487 706 4548 debitae.
753 4489 1074 4548 obedientize
1121 4491 1478 4546 reverentiam
1529 4491 1673 4546 circa
1722 4487 1899 4545 beatri
1947 4490 2094 4546 Petri

2174 637 2479 692 hortamur.
2533 635 2694 689 Decet
2719 633 2864 688 enim
2917 640 2978 687 ut
3003 631 3098 702 qui
3143 639 3198 684 te
3225 630 3310 685 sui
3357 629 3666 700 corporalis
3706 637 3762 684 et

2174 729 2452 785 saecularis
2482 726 2632 800 regni
2666 743 2762 782 seu
2783 725 3010 781 honoris
3031 721 3300 778 haeredem
3323 730 3381 776 ut
3403 719 3586 776 bonus
3608 728 3763 792 pater

2173 822 2412 892 reliquit,
2431 817 2806 890 spiritualibus
2829 815 3068 882 auxiliis,
3085 822 3247 886 prout
3267 828 3390 870 esse
3401 813 3628 884 poterit,
3649 828 3757 867 non

2175 913 2422 968 videatur
2461 910 2740 978 fraudari;
2785 918 3058 980 quatenus
3101 922 3214 972 res,
3267 921 3390 976 qua:
3431 905 3534 960 tibi
3589 905 3762 960 decus

2174 1002 2385 1073 paterni
2415 1002 2726 1057 ministrant
2747 1000 2922 1072 regni,
2948 997 3202 1053 manibus
3221 1011 3520 1068 pauperum
3543 997 3760 1063 delata,

2175 1095 2231 1150 in
2259 1095 2400 1152 etelo
2424 1093 2567 1166 patri
2593 1093 2874 1149 conferant
2889 1091 3152 1147 auxilium
3177 1091 3404 1162 requiei.
3429 1089 3588 1146 Nunc
3609 1105 3761 1156 vero,

2175 1187 2251 1242 ﬁli
2302 1188 2644 1253 eharissime,
2695 1185 2992 1257 apostolica
3023 1191 3076 1238 te
3122 1182 3441 1238 invitatione
3469 1197 3760 1238 monemus

2175 1292 2236 1334 ut
2288 1279 2460 1350 patris
2486 1283 2565 1334 tul
2589 1277 2750 1333 ﬁdem
2779 1285 2834 1331 et
2861 1275 3229 1338 dilectionem,
3260 1288 3427 1344 quam
3475 1287 3606 1344 erga
3629 1288 3761 1343 apo-

2175 1373 2422 1429 stolicam
2462 1372 2627 1446 gessit
2657 1369 2982 1436 Eeclesiam,
3007 1367 3171 1423 corde
3192 1365 3517 1437 prospicias,
3549 1365 3654 1419 ﬁde
3675 1364 3762 1418 in-

2175 1465 2388 1532 tendas,
2435 1461 2926 1528 mentegadvertas,
2956 1470 3011 1516 et
3039 1461 3120 1515 sic
3141 1470 3192 1514 te
3231 1458 3402 1514 ﬁlium
3431 1457 3575 1513 beati
3611 1455 3762 1512 Petri

2176 1555 2407 1629 apostoli
2442 1557 2726 1623 exhibeas,
2754 1565 3026 1628 quatenus
3045 1566 3242 1608 sereno
3270 1557 3322 1606 te
3343 1551 3494 1604 vultu
3540 1550 3766 1620 conspi-

2175 1649 2327 1705 ciens
2353 1650 2406 1704 in
2455 1647 2826 1705 lmreditatem
2857 1643 3082 1717 superni
3111 1642 3286 1716 regni,
3337 1643 3391 1698 in
3435 1643 3619 1696 locum
3659 1641 3766 1712 p'ne

2175 1738 2572 1804 retributionis,
2588 1748 2648 1794 ut
2675 1739 2893 1811 dignam
2925 1735 3166 1793 sobolem
3192 1734 3521 1790 introducat.
3552 1731 3612 1788 Si
3634 1750 3766 1789 vero

2177 1841 2232 1886 te
2255 1832 2510 1886 devotum
2539 1829 2900 1902 prospexerit,
2933 1826 3178 1898 proiecto
3205 1841 3392 1881 vocem
3423 1825 3498 1896 pii
3529 1823 3616 1879 sui
3643 1840 3766 1878 ma-

2181 1923 2334 1994 gistri
2359 1937 2667 1989 assumens,
2695 1919 2870 1976 dicet:
2901 1918 3030 1974 Volo
3053 1927 3110 1972 ut
3132 1918 3224 1972 ubi
3243 1933 3334 1988 ego
3356 1907 3472 1971 sum
3495 1925 3548 1970 et
3569 1916 3656 1970 hic
3697 1917 3770 1970 sit

2181 2033 2383 2071 mecum
2413 2015 2594 2088 (Joan.
2626 2013 2862 2084 xxxv").
2893 2011 2985 2068 Sic
3008 2012 3153 2067 enim
3187 2027 3220 2065 a
3259 2009 3493 2066 Domino
3519 2017 3765 2080 potesta-

2179 2117 2290 2164 tem
2338 2109 2614 2179 accepisse
2661 2107 2956 2172 credimus,
2987 2113 3048 2159 ut
3090 2119 3251 2175 quem
3294 2103 3506 2175 ligaret,
3546 2103 3772 2174 ligatus,

2179 2210 2235 2256 et
2254 2216 2416 2272 quem
2441 2201 2693 2266 solveret,
2722 2197 2776 2252 in
2805 2197 2960 2254 cmlis
2982 2205 3128 2252 esset
3168 2196 3398 2250 solutus.
3444 2193 3510 2248 Et
3564 2193 3772 2248 ἰάςίκο

2182 2290 2382 2346 iterum
2424 2290 2731 2361 iterumque
2775 2303 3064 2344 monemus
3092 2295 3154 2342 ut
3201 2296 3252 2342 te
3287 2286 3360 2341 ita
3397 2284 3631 2357 dignum
3680 2301 3766 2340 ac-

2182 2382 2630 2452 ceptabilemque,
2667 2389 2830 2452 prout
2871 2379 3138 2451 fragilitas
3163 2379 3403 2433 humana
3431 2378 3774 2448 permiserit,

2183 2473 2416 2528 Domino
2443 2473 2792 2538 concedente,
2822 2471 2969 2526 omni
3011 2469 3207 2526 annisu
3242 2467 3504 2540 perﬁcere
3529 2479 3771 2542 satagas,

2184 2571 2244 2619 ut
2265 2573 2376 2619 tam
2409 2563 2693 2636 praesentis
2721 2579 2886 2633 quam
2911 2564 3075 2618 etiam
3123 2561 3288 2618 futuri
3313 2561 3465 2634 regni
3514 2562 3768 2617 sublimi-

2183 2661 2350 2709 tatem
2379 2655 2627 2710 obtinere
2669 2655 2874 2710 raleas.
2917 2653 3075 2721 Quod
3123 2654 3170 2709 si
3219 2652 3361 2708 forte
3401 2661 3562 2722 pater
3605 2654 3770 2708 etiam

2187 2752 2333 2810 tuus,
2361 2744 2581 2800 diabolo
2603 2745 2888 2810 suadente,
2919 2745 3102 2816 aliqua
3125 2744 3356 2800 incurrit
3389 2743 3592 2800 aniuue
3612 2745 3777 2800 detri-

2185 2846 2389 2902 menta,
2411 2837 2609 2893 caelum
2639 2837 2842 2908 potius,
2869 2839 2982 2892 imo
3009 2837 3132 2894 cmli
3157 2836 3450 2891 Dominum
3484 2836 3782 2892 hortamur‘

2187 2930 2434 2985 attendas
2479 2945 2645 3002 quam
2703 2940 2926 2996 terram,
2973 2939 3030 2986 et
3061 2937 3250 2986 contra
3292 2944 3356 2984 ea
3377 2927 3462 2984 tui
3506 2929 3776 2984 creatoris

2190 3021 2520 3077 invineihilia
2561 3039 2715 3078 arma
2771 3022 2936 3078 corde
2981 3022 3226 3093 quotidie
3277 3035 3420 3091 puro
3459 3035 3774 3091 exposcas;

2189 3123 2460 3185 quatenus
2483 3124 2540 3170 et
2559 3113 2804 3186 profectu
2841 3114 3129 3185 apostolici
3153 3114 3250 3168 ﬁlii
3272 3114 3544 3176 laetemur,
3570 3122 3626 3168 ct
3665 3113 3774 3168 tuis

2190 3207 2539 3277 comparibus
2562 3207 2782 3278 regibus
2812 3206 3165 3262 incitamenta
3187 3205 3370 3260 valeas
3399 3205 3647 3274 prtebcre
3668 3206 3775 3260 vir-

2189 3307 2388 3355 tutum.
2427 3297 2714 3375 Monemus
2747 3299 2992 3369 insuper,
3023 3297 3374 3364 charissimeg
3397 3305 3464 3353 ut
3494 3297 3596 3352 tibi
3626 3313 3774 3351 com-

2188 3389 2339 3444 missi
2366 3404 2395 3443 a
2420 3387 2532 3443 Deo
2559 3389 2713 3460 regni
2749 3389 3015 3444 honorem
3041 3387 3193 3443 omni
3224 3387 3519 3454 industria,
3551 3386 3776 3443 solertia

2187 3481 2492 3551 peritiaque
2521 3481 2826 3538 custodias.
2879 3479 2964 3536 Sit
2985 3481 3100 3535 vita
3133 3489 3228 3534 tua
3274 3467 3464 3550 digna,
3506 3478 3776 3549 sapientia

2188 3571 2408 3638 referta,
2436 3573 2663 3643 justitite
2689 3581 2746 3630 et
2765 3572 3156 3630 misericordia
3181 3571 3536 3628 condimento
3555 3571 3776 3642 saleque

2187 3664 2428 3732 eumlita,
2461 3672 2522 3718 ut
2543 3665 2610 3720 de
2659 3674 2714 3720 te
2747 3680 2872 3720 vera
2901 3664 3191 3734 sapientia,
3219 3679 3345 3735 quae
3385 3661 3534 3719 Deus
3562 3671 3670 3726 est,
3697 3662 3778 3716 di-

2189 3771 2313 3810 cere
2337 3764 2541 3826 queat:
2573 3755 2682 3811 Per
2714 3773 2795 3810 me
2833 3773 2928 3812 rea:
2961 3757 3062 3810 iste
3095 3765 3277 3827 regnat
3314 3754 3600 3827 (Proocrb.
3633 3755 3771 3822 vui).

2191 3846 2497 3919 Pauperum
2525 3857 2580 3904 et
2601 3848 2931 3920 pupillorum
2967 3863 3032 3904 ac
3063 3849 3350 3903 viduarum
3379 3847 3606 3918 adjutor
3629 3847 3778 3902 inde-

2191 3939 2378 3996 ﬁciens
2400 3949 2518 3995 esto
2545 3959 2558 3996 :
2593 3941 2774 3996 sciens
2801 3955 2900 4010 pro
2925 3949 3078 3996 certo
3099 3939 3362 4012 quoniam
3389 3955 3455 3994 ex
3485 3939 3580 3995 his
3599 3939 3777 4010 operi-

2191 4033 2296 4088 bus
2319 4042 2372 4088 et
2395 4033 2758 4090 condimentis
2784 4048 2943 4088 amor
2967 4032 3067 4087 tibi
3097 4032 3480 4088 reconciliatur
3515 4031 3638 4086 Dei;
3663 4030 3776 4085 Au-

2190 4125 2429 4181 divimns
2453 4125 2696 4196 insuper,
2726 4140 2828 4180 nec
2847 4124 3186 4190 dubitamus,
3215 4124 3362 4194 quod
3383 4121 3481 4177 Dei
3509 4121 3782 4184 Ecclesia,
3807 4121 3814 4126 ’

2192 4231 2314 4288 qua:
2350 4225 2526 4272 mater
2561 4225 2617 4271 et
2643 4216 2866 4272 domina
2917 4225 3107 4270 nostra
3142 4225 3246 4278 est,
3300 4215 3448 4270 sicut
3487 4213 3545 4269 in
3592 4214 3782 4269 multis

2193 4309 2316 4364 aliis
2339 4315 2606 4363 terrarum
2633 4308 2902 4380 partibus,
2933 4307 3007 4362 ita
3035 4308 3088 4362 in
3114 4306 3308 4363 vestris
3333 4307 3402 4362 ab
3431 4307 3644 4378 iniquis
3677 4308 3778 4362 bo-

2193 4399 2434 4456 minibus
2457 4408 2512 4455 et
2533 4400 2732 4456 diaboli
2754 4399 3018 4455 membris
3045 4399 3464 4470 comprimatur,
3489 4409 3549 4454 et
3573 4415 3688 4456 non
3719 4407 3780 4452 ut

2142 4488 2145 4491 ’
2193 4493 2346 4548 decet
2375 4501 2596 4548 tueatur
2635 4501 2692 4548 et
2737 4501 3047 4547 veneretur.
3081 4490 3159 4545 Ad
3202 4491 3362 4560 cujus
3403 4490 3682 4546 auxilium
3723 4501 3778 4544 et

512 4581 743 4651 apostoli
769 4573 1032 4638 honorem
1053 4581 1380 4636 exhibuerit.
1415 4580 1543 4636 Suis
1575 4595 1812 4653 namque
1835 4583 2094 4654 tempori-
2127 4601 2176 4655 ι).
2196 4585 2481 4640 tuitionem
2520 4585 2575 4639 in
2603 4584 2860 4640 omnibus
2899 4593 2954 4638 et
2982 4599 3146 4654 super
3195 4584 3378 4638 omnia
3401 4593 3454 4639 te
3496 4585 3780 4660 invigilare

516 4669 638 4736 bus,
677 4680 738 4726 ut
759 4673 1054 4743 apostolica
1087 4679 1316 4728 testatur
1361 4669 1624 4740 Ecclesia,
1657 4681 1765 4728 tam
1815 4675 2089 4742 devotum,

516 4768 625 4814 tam
679 4761 868 4829 ﬁdum,
913 4771 1132 4834 tamque
1160 4763 1381 4818 unicum
1427 4762 1730 4818 iu'amoris
1778 4763 1864 4819 sui
1911 4765 2099 4820 studio

516 4848 690 4908 fuisse
717 4853 886 4909 ﬁlium
913 4857 1187 4922 novimus,
1218 4863 1278 4910 nt
1299 4869 1434 4926 pene
1464 4852 1515 4908 in
1547 4854 1766 4927 regibus
1797 4857 1980 4913 nullus
2011 4857 2096 4911 in-

515 4943 796 5000 veniretur
822 4948 1118 5014 secundus,
1141 4957 1194 5004 et
1223 4949 1276 5004 ni
1306 4949 1576 5004 diabolico
1606 4947 1867 5005 instinctu
1899 4951 2092 5006 incen-

515 5034 658 5090 tivas
685 5036 942 5092 vitiorum
971 5038 1252 5095 illecebras
1278 5039 1501 5095 imitans
1543 5040 1791 5111 corporis
1818 5041 1903 5096 sui
1943 5040 2094 5096 frena

516 5122 773 5170 inungunt-
828 5127 969 5172 inter
1015 5129 1216 5172 nnlimn
1259 5127 1374 5172 nm
1418 5131 1690 5172 nlnlmntne
1737 5145 1892 5172 manu
1944 5133 2095 5174 illum

2197 4677 2484 4742 volumus,
2521 4684 2574 4730 et
2621 4683 2842 4746 paterno
2887 4691 3206 4742 monemus;
3253 4689 3379 4730 nam
3431 4677 3642 4734 talibus
3673 4693 3777 4734 non

2199 4769 2486 4850 resistere,
2545 4769 2677 4840 quid
2741 4768 2890 4824 aliud
2953 4777 3040 4824 est
3095 4785 3260 4840 quam
3321 4769 3487 4824 ﬁdem
3550 4771 3786 4842 negare?

2200 4860 2542 4932 Quapmpter
2591 4875 2877 4916 monemus
2925 4868 2980 4916 et
3019 4861 3372 4917 obsecramus
3415 4870 3510 4930 ut,
3560 4863 3783 4934 postha-

2199 4951 2314 5007 bito
2343 4951 2500 5007 omni
2529 4950 2780 5007 immane
2817 4951 2969 5017 odio,
3009 4952 3208 5008 invidia
3237 4953 3564 5023 postposita,
3588 4953 3784 5010 etiam-

2201 5060 2249 5100 Si
2286 5042 2597 5099 incubuertr
2631 5053 2812 5098 .morte
2837 5087 2852 5111 ,
2893 5062 3014 5100 eam
3057 5060 3248 5100 eruere
3273 5087 3289 5111 ,
3338 5055 3631 5118 protegere
3653 5088 3672 5112 ,
3705 5045 3790 5101 fo-

2395 5150 2534 5174 rnan
2563 5137 2574 5160 "
2603 5145 2654 5174 nl

2196 5152 2324 5174 vom
2395 5150 2534 5174 rnan
2563 5137 2574 5160 "
2603 5145 2654 5174 nl
2700 5136 2767 5174 oh
2812 5136 3186 5174 inciilimlinm
3227 5135 3477 5174 funt-Han-
3525 5138 3780 5174 Ιιπνιηιω
