3982 5316
253 227 361 282 497

1358 223 1562 278 LIBER
1600 220 1924 290 QUINTUS.
1953 251 2023 261 -—-
2047 220 2264 278 EPIST.
2299 223 2437 280 XIII.

3430 224 3534 281 I96

252 340 399 396 bona
457 349 666 403 cuneta
733 339 1033 411 procedunt
1057 382 1071 405 ,
1143 338 1358 394 meritis
1405 338 1849 393 beatissimorum
1880 337 1919 394 Α
1951 338 2289 405 pensationis
2318 352 2627 394 necessaria
2653 348 2802 408 sunt,
2836 338 2946 396 Deo
2974 346 3215 406 auctore,
3232 335 3456 409 exsequi
3483 345 3541 397 et

246 430 638 500 apostolorum
660 429 811 484 Petri
829 437 885 485 et
902 428 1057 485 Pauli
1090 438 1161 496 te,
1186 428 1512 484 charissime
1538 427 1632 494 fili,
1656 436 1842 484 custo-

244 523 382 588 dist,
407 531 471 576 et
514 538 618 577 sua
662 522 864 577 virtute
884 530 938 575 et
959 521 1161 591 pietate
1189 520 1508 576 corroboret
1536 538 1548 573 :
1573 528 1845 589 quatenus

242 614 326 668 sic
354 612 412 667 in
437 613 568 684 ipso
609 613 931 683 temporalia
973 612 1358 668 administrare
1385 611 1590 675 valcas,
1637 618 1697 666 ut
1721 618 1844 680 post

237 705 416 774 hujus
460 704 591 760 vita:
632 712 838 760 metam
900 705 1091 760 aeterni
1133 702 1286 775 regni
1327 701 1556 775 gloriam
1598 701 1844 757 obtinere

236 797 540 852 mercaris.

314 886 453 941 Data
495 885 690 943 Romae
738 895 934 942 octavo
977 883 1104 941 ldus
1146 883 1501 952 Novembris,
1547 884 1843 940 indictione

237 993 444 1048 pnma.

815 1090 1155 1147 EPISTOLA
1192 1090 1284 1145 XI.

563 1201 636 1242 AD
672 1200 922 1241 IUGONEM
959 1198 1187 1238 DIENSEI
1224 1197 1513 1238 EPISCOWI

829 1273 1024 1345 (Anno
1058 1270 1253 1343 1077.)

246 1361 547 1431 Conﬁrmat
581 1360 1188 1417 excomntunicationem
1237 1376 1301 1431 ac
1349 1360 1727 1431 depositiortem
1775 1367 1867 1419 ab.

316 1429 375 1488 eo
406 1433 612 1501 [actam
635 1432 919 1502 cujusdam
937 1430 1148 1501 juvenis
1179 1433 1234 1484 in
1262 1429 1576 1485 Carnotcnsi
1602 1429 1844 1502 Ecclesia

317 1500 537 1563 sntmsi.
586 1502 672 1556 Ad
696 1500 1213 1574 _quam_regcndam
1244 1517 1363 1555 cum
1401 1502 1581 1574 abbas
1630 1500 1844 1559 Sancta:

318 1574 634 1644 Eupheme]:
659 1590 696 1644 Aa
728 1570 847 1642 rege
871 1570 1207 1626 Frahcorum
1232 1572 1617 1644 postularetur,
1646 1577 1841 1643 princi-

309 1642 413 1715 pit'
440 1654 522 1710 ut,
570 1642 851 1715 uoluntate
901 1644 1137 1697 omnium
1179 1642 1462 1715 diligenter
1513 1642 1802 1715 perquisita

313 1712 576 1786 quidquid
629 1731 727 1786 pro
780 1712 1627 1786 ejusgcunonica‘electioiw,'vel'
1656 1725 1842 1771 contra

304 1783 427 1840 eam
459 1783 740 1852 invenerit,
762 1783 857 1854 per
877 1783 1086 1838 litteras
1111 1784 1214 1839 sibi
1250 1785 1537 1856 signiﬁcet.

313 1899 629 1956 Caesonius
656 1898 972 1968 episcopus,
989 1913 1182 1955 servus
1196 1914 1482 1954 servorum
1500 1898 1618 1966 Dei,
1635 1897 1844 1956 HUGONI

244 1989 433 2045 Dieusi
501 1990 767 2061 episcopo
829 1988 1063 2045 salutem
1111 1996 1167 2043 ct
1211 1990 1571 2059 apostolicam
1620 1988 1846 2045 benedi-

238 2081 499 2136 ctiouem.

316 2173 461 2241 Quid
488 2174 558 2230 de
587 2174 810 2251 negotio
840 2172 1199 2230 Carnoteusis
1223 2170 1482 2227 Ecclesiae
1523 2179 1707 2228 actum
1737 2171 1842 2237 sit,

246 2274 339 2320 tua
373 2265 662 2333 relatione,
686 2273 900 2328 remota
922 2264 1071 2321 omni
1097 2261 1473 2334 ambiguitate,
1510 2262 1652 2318 sicut
1677 2276 1843 2332 opor-

249 2368 451 2427 tuerat,
468 2360 802 2432 cognovisse
826 2358 1109 2415 vellemus.
1133 2356 1387 2413 Pervenit
1412 2355 1562 2411 enim
1581 2354 1653 2411 ad
1683 2371 1846 2435 aures

248 2461 464 2507 nostr-as
490 2460 545 2506 te
579 2451 1098 2507 excommunicasse
1128 2459 1183 2505 et
1217 2447 1719 2519 irrecuperabiliter
1748 2448 1845 2503 de-

251 2543 506 2615 posuisse
526 2542 827 2614 quemdam
848 2543 1098 2615 juvenem
1127 2541 1255 2597 illuc
1287 2540 1507 2613 indigne
1535 2540 1844 2612 appositum

249 2651 347 2706 pro
374 2635 638 2706 episeopo
674 2653 690 2690 :
722 2635 869 2705 quod
899 2632 1119 2705 quidem
1138 2677 1153 2702 ,
1201 2634 1248 2688 si
1272 2632 1348 2689 ita
1375 2641 1478 2699 est,
1514 2632 1675 2688 nobis
1697 2632 1844 2688 mni-

251 2737 367 2782 tum
396 2728 614 2799 placet,
649 2735 708 2783 ct
756 2728 1010 2799 presenti
1054 2726 1380 2783 auctoritate
1425 2726 1839 2783 confirmamus.

250 2819 520 2876 Caeterum
559 2819 893 2875 fraternitati
919 2828 1029 2876 tua:
1059 2828 1250 2874 notum
1286 2834 1410 2874 esse
1429 2819 1688 2875 volumus
1706 2817 1841 2873 Phi-

249 2911 461 2981 lippum
514 2925 704 2982 regem
758 2909 1100 2967 Francorum
1149 2910 1342 2967 iterata
1412 2910 1840 2981 postulationum

252 3001 512 3057 missione
544 3001 615 3056 ad
666 3017 769 3056 nos
796 3001 1061 3059 direxisse
1101 3017 1201 3072 pro
1234 3000 1472 3059 Roberto
1495 3001 1691 3057 abbate
1721 3016 1840 3056 mo-

252 3093 472 3148 nasterii
523 3101 731 3149 sanctae
776 3091 1092 3164 Euphemiae
1121 3094 1189 3149 de
1220 3092 1495 3158 Calabria,
1541 3092 1635 3163 qui
1661 3095 1837 3151 ethoc

253 3185 307 3239 in
360 3201 543 3251 anno,
601 3201 731 3240 cum
782 3185 841 3239 in
902 3183 1279 3257 Longobardia
1314 3200 1558 3251 eramus,
1608 3200 1705 3254 per
1736 3200 1838 3240 nos

252 3276 503 3331 transivit
547 3276 604 3331 in
635 3276 923 3331 Franciam
944 3318 960 3343 ,
1014 3286 1076 3332 ut
1096 3293 1224 3332 eum
1255 3277 1324 3332 ad
1366 3276 1609 3347 regimen
1631 3275 1839 3332 Carno-

254 3369 427 3426 tensis
444 3368 687 3439 ,Eclesize
717 3369 1039 3440 episcopum
1069 3369 1430 3440 probaremus
1456 3377 1510 3424 et
1556 3368 1840 3424 ordinare-

256 3477 396 3519 ωας.
436 3461 719 3519 Reversus
747 3471 837 3519 est
864 3463 1031 3519 etiam
1060 3463 1151 3517 ille
1183 3462 1325 3519 idem
1360 3461 1632 3517 Robertus
1669 3460 1841 3516 abbas

257 3554 322 3609 ad
348 3570 474 3621 nos,
504 3554 698 3611 dicens
738 3571 800 3611 se
825 3555 1029 3612 donum
1055 3556 1405 3627 episcOpatus
1431 3554 1689 3610 offerente
1714 3569 1857 3626 rege

259 3646 561 3715 refutasse,
592 3663 695 3704 nec
746 3649 1050 3720 quidquam
1091 3649 1220 3704 inde
1244 3648 1364 3705 sine
1390 3657 1580 3704 nostro
1612 3647 1842 3704 consilio

260 3737 434 3795 facere
483 3740 728 3795 voluisse
774 3740 862 3795 vel
914 3738 1186 3795 facturum
1235 3754 1360 3795 esse
1400 3757 1414 3794 :
1468 3745 1843 3807 veneruntque

257 3846 380 3884 cum
434 3845 503 3885 eo
554 3831 667 3886 duo
717 3830 903 3886 clerici
948 3829 1187 3901 praefatae
1234 3826 1493 3884 Ecclesiae
1544 3825 1844 3882 referentes

259 3921 434 3986 nobis,
473 3930 528 3977 et
550 3921 790 3977 multum
819 3919 1179 3989 affirmantes,
1214 3936 1353 3991 pene
1374 3920 1619 3974 omnium
1650 3917 1745 3989 qui
1775 3916 1844 3972 de

257 4012 440 4067 eadem
480 4010 727 4067 Ecclesia
754 4019 884 4066 sunt
928 4012 1201 4082 majorum
1240 4019 1295 4065 et
1330 4009 1616 4065 meliorum
1650 4007 1844 4062 volun—

258 4112 393 4158 tates
420 4104 480 4157 in
506 4103 659 4159 hunc
691 4103 1045 4170 convenisse;
1072 4119 1181 4158 non
1211 4111 1395 4158 tamen
1431 4101 1670 4171 aliquam
1691 4100 1758 4156 de
1779 4115 1845 4154 eo

254 4197 576 4252 electionem
624 4194 830 4250 factam
877 4210 1018 4252 esse.
1066 4193 1271 4248 Verum
1318 4193 1479 4263 quia,
1530 4200 1845 4249 sanctorum

257 4287 482 4345 tParum
514 4297 724 4346 statuta
754 4287 912 4360 sequi
959 4296 1014 4343 et
1057 4287 1351 4344 observare
1385 4285 1686 4356 cupientes,
1710 4284 1847 4339 nihil

1951 429 2174 499 implere
2191 430 2485 500 possimus.
2520 429 2615 486 Sin
2633 441 2815 487 autem
2831 432 2987 487 aliter
3015 430 3219 501 aliquid
3237 427 3543 493 inveneris,

1945 521 2092 592 quod
2128 530 2183 576 et
2223 537 2390 577 causa
2432 523 2613 592 potior
2646 531 2701 577 et
2756 522 2897 579 ratio
2931 521 3267 594 probabilior
3299 518 3536 576 admini-

1945 613 2301 679 stret,itidem
2331 614 2488 670 nobis
2524 615 2804 670 notificare
2834 630 2945 671 non
2971 613 3191 669 differas
3219 632 3231 667 :
3265 619 3543 684 quatenus,

1943 704 2000 759 in
2026 720 2138 774 quo
2166 713 2412 775 Oporteat
2448 705 2606 761 nobis
2638 714 2693 761 et
2717 704 2962 761 ecclesiae
3003 703 3311 774 providere,
3345 718 3411 759 ac
3444 686 3545 757 sa-I

1944 798 2198 863 lubriter,
2230 797 2341 855 Deo
2376 797 2685 868 adjuvante,
2709 797 2855 870 quod
2882 796 3052 852 officii
3100 796 3273 853 nostri
3296 806 3380 853 est
3427 796 3533 852 im-

1945 890 2181 960 pendere
2209 889 2491 945 valeamus
2520 887 2751 961 [Datum
2784 888 2973 944 Romae
3010 888 3198 945 indict.
3233 885 3310 961 1].

2481 978 2822 1033 EPISTOLA
2866 976 2981 1032 ΧΠ.

2230 1088 2299 1127 ΔΙ)
2340 1086 2646 1128 κιςιιλειειι
2684 1086 2862 1127 παίσει
2900 1085 3229 1127 εςιλγοιιυιι.

2517 1161 2710 1231 (Auno
2752 1159 2910 1215 1077.
2938 1159 2957 1230 )

1950 1254 2018 1310 Ut
2044 1254 2181 1309 alios
2208 1252 2423 1307 nuntios
2454 1252 2657 1319 mittat,
2680 1268 2772 1321 per
2792 1266 2943 1321 quos,
2977 1265 3140 1321 causa
3175 1249 3313 1304 inter
3337 1248 3534 1321 Spata-

2014 1336 2198 1379 tanum
2227 1333 2278 1378 et
2308 1321 2652 1392 Ragusanum
2681 1319 2952 1392 episcopos
2989 1319 3271 1391 diligenter
3296 1319 3533 1392 cognita,

2010 1395 2124 1467 ejus
2156 1394 2353 1465 petioni
2375 1391 2683 1461 satisfacere
2707 1391 2893 1461 possit.

2034 1490 2346 1547 GREGOBIUS
2409 1487 2732 1558 episcopus,
2795 1500 2990 1542 servus
3044 1498 3329 1541 servorum
3398 1479 3532 1547 Dei,

1944 1582 2208 1638 MICHAELI
2272 1579 2592 1636 Sclavorum
2642 1578 2755 1650 regi
2811 1577 3040 1634 salutem
3084 1583 3139 1631 et
3180 1571 3535 1645 apostolicam

1824 1689 1841 1750 ξ
1876 1695 1917 1750 Β
1942 1672 2392 1728 benedictionem.

2016 1761 2323 1834 Cognoscat
2376 1761 2572 1817 debitae
2622 1769 2733 1815 tua:
2793 1758 3100 1814 devotionis
3144 1757 3294 1812 circa
3350 1755 3537 1810 sedem

1946 1852 2300 1924 apostolicam
2345 1850 2684 1917 reverentia,
2738 1846 2962 1903 Petrum
3014 1847 3157 1917 apud
3187 1861 3284 1902 vos
3326 1845 3534 1901 dictum

1946 1954 2194 2004 nostrum
2227 1946 2465 2018 legatum
2510 1944 2691 1998 adhuc
2724 1941 2793 1998 ad
2820 1951 3065 1997 nostram
3107 1956 3217 1996 non
3246 1940 3543 1996 advenisse“

1945 2039 2327 2112 praesentiam,
2360 2051 2490 2092 suas
2541 2044 2725 2091 tamen
2764 2034 2984 2091 misisse
3022 2035 3268 2101 litteras,
3300 2048 3424 2104 quae
3458 2033 3535 2088 ita

1942 2126 2141 2184 vestris
2164 2127 2509 2182 dissonantes
2544 2125 2807 2188 existunt,
2836 2122 2981 2193 quod
3011 2132 3251 2178 vestram
3284 2136 3533 2186 causam,

1946 2233 2043 2275 seu
2075 2216 2379 2288 Ragusanse
2406 2213 2685 2280 Ecclesiae,
2731 2212 2950 2282 penitus
2981 2211 3138 2266 linire
3160 2210 3532 2281 nequivimus.

1944 2309 2283 2379 Quapropter
2312 2306 2533 2362 Petrum
2579 2304 2997 2360 Autibarcnsem
3024 2303 3343 2374 episcopum
3374 2311 3539 2374 atque

1945 2397 2333 2469 Ragusanum,
2393 2396 2508 2452 sive
2562 2395 2698 2452 alios
2744 2394 2972 2450 idoneos
3026 2392 3283 2461 nuntios,
3314 2393 3385 2449 ad
3434 2408 3537 2450 nos

1944 2489 2160 2547 mittere
2183 2496 2451 2560 apportet,
2495 2500 2593 2557 per
2618 2501 2759 2557 quos
2793 2486 2862 2542 de
2891 2485 2987 2541 lite
3014 2499 3140 2556 quae
3167 2485 3309 2540 inter
3344 2483 3537 2555 Spala-

1944 2591 2132 2637 tanum
2163 2579 2636 2650 archiepiscopum
2672 2594 2737 2633 ac
2760 2575 3115 2648 Ragusanum
3151 2575 3533 2650 [Ragnsinum

1942 2684 1991 2730 et
2027 2675 2105 2729 sic
2134 2670 2405 2744 semper],
2440 2668 2654 2740 justitia
2682 2668 2855 2739 possit
2896 2667 3137 2738 inquiri,
3170 2682 3234 2722 ac
3268 2665 3536 2722 canonice

1940 2766 2198 2833 diffiniri,
2237 2765 2423 2834 tuique
2450 2762 2603 2834 regni
2628 2763 2806 2818 honor
2828 2777 2860 2816 a
2891 2760 3049 2815 nobis
3074 2757 3351 2831 cognosci.
3376 2757 3535 2812 Tunc

1940 2872 2092 2922 vero,
2141 2870 2199 2911 re
2224 2854 2437 2926 cognita
2458 2895 2474 2920 ,
2522 2861 2630 2907 tua:
2663 2849 2911 2921 petitioni
2967 2849 3117 2918 iuste
3175 2845 3532 2912 satisfacere,

1941 2948 2242 3006 secundum
2288 2945 2437 3017 quod
2464 2943 2750 3015 cupimus,
2798 2940 3125 3006 valebimus,
3172 2954 3239 2994 ac
3274 2938 3332 2993 in
3385 2936 3535 2992 dono

1865 3050 1907 3108 ο
1939 3038 2152 3104 vexilli,
2189 3045 2243 3092 et
2274 3036 2330 3090 in
2359 3033 2716 3091 concessione
2741 3031 2924 3103 pallii,
2955 3028 3115 3101 quasi
3137 3026 3529 3085 charissimum

1943 3127 2086 3183 beati
2110 3114 2261 3180 Petri
2294 3125 2487 3191 filium,
2523 3123 2761 3177 dictante
2792 3119 3118 3176 rectitudine
3149 3118 3459 3174 audiemus.

2015 3217 2150 3273 Data
2168 3217 2355 3273 Romae
2370 3215 2564 3287 quinto
2586 3212 2714 3269 ldus
2722 3211 2994 3282 Januarii,
3018 3212 3318 3269 indictione
3331 3211 3529 3283 prima.

2472 3326 2816 3384 EPISTOLA
2851 3315 2992 3382 XIII.

1978 3441 2047 3479 AD
2085 3437 2392 3479 GUIBEITUI
2431 3435 2788 3477 MYERNA‘IBI
2823 3432 3315 3485 Αιωηενιωονυι,
3353 3432 3476 3475 ΕἸὋ.

2517 3513 2537 3587 (
2559 3513 2718 3569 Anno
2753 3511 2911 3567 1077.
2934 3516 2954 3585 )
3228 3526 3249 3545 κ
3448 3522 3449 3525 ‘

1948 3609 2320 3664 Temeritatem
2366 3623 2547 3663 eorum
2585 3606 2642 3660 in
2688 3603 3010 3676 offendendo
3058 3612 3246 3658 sancta
3277 3600 3537 3676 ‘Romana

2017 3678 2260 3734 Ecclesia
2294 3680 2566 3744 incusans,
2612 3672 2779 3731 saluti
2814 3674 3052 3745 ipsorum
3100 3672 3419 3745 consulens,
3462 3672 3532 3727 ad

2016 3750 2275 3821 synodum
2311 3765 2398 3821 eos
2430 3743 2612 3821 vocat,
2654 3743 2966 3818 promittens
2995 3761 3082 3799 eos
3127 3761 3339 3800 securos
3379 3743 3494 3813 fore
3518 3783 3533 3809 ,

2015 3820 2170 3891 seque
2194 3820 2430 3890 justiticc
2466 3820 2694 3889 rigorem
2722 3825 3155 3888 temperaturum.

2018 3909 2330 3966 GREGORIUS
2396 3909 2720 3980 cpiscopus,
2786 3922 2979 3962 servus
3056 3918 3343 3960 servowm
3396 3900 3531 3981 Dei.

1945 3999 2227 4056 Gerasam
2290 3997 2596 4053 Ravennati
2661 3996 3104 4066 archiepiscopo,
3168 3993 3535 4062 omnibusque

1947 4088 2314 4161 suffragaueis
2339 4088 2459 4158 ejus
2481 4096 2536 4143 et
2561 4086 2835 4142 universis
2865 4072 3138 4156 episcopis
3167 4092 3223 4139 et
3243 4082 3536 4139 abbatibus

1947 4183 2003 4239 in
2032 4181 2280 4238 marchia
2299 4180 2558 4235 Firmana
2572 4188 2627 4235 et
2659 4177 2973 4245 Camerina,
2998 4185 3052 4231 et
3080 4176 3136 4230 in
3169 4173 3453 4246 Pentapoli
3482 4181 3538 4228 et

1949 4273 2186 4331 Emilitc
2209 4281 2264 4327 et
2282 4269 2677 4341 Longobardiae
2700 4267 2963 4338 partibus,
2982 4263 3314 4322 constitutis.

257 4379 321 4434 de
347 4396 417 4435 eo
465 4395 565 4434 aut
590 4390 661 4435 oc
694 4354 1036 4449 proiectione
1069 4378 1192 4447 ejus
1213 4377 1332 4432 sine
1357 4354 1620 4432 electione
1663 4373 1848 4430 Eccle-
1879 4401 1925 4459 ι)
2023 4367 2267 4422 Salutem
2286 4364 2442 4421 vobis
2474 4378 2599 4459 cum
2633 4358 2928 4433 apostolica
2957 4356 3334 4459 benedictione
3362 4354 3541 4410 liben-

260 4469 351 4525 δίζε
370 4470 536 4526 nobis
560 4468 903 4540 probandum
931 4484 1052 4525 esse
1076 4467 1464 4539 judicavimus,
1488 4482 1589 4523 nec
1610 4466 1849 4537 idipsum

261 4562 405 4631 quod
445 4562 541 4617 isti
589 4561 751 4617 nobis
774 4561 843 4617 de
876 4560 1153 4618 voluntate
1187 4558 1497 4616 absentium
1544 4558 1853 4614 referebant

265 4655 392 4711 satis
432 4654 760 4719 constabat,
809 4653 1155 4723 prudentiam
1202 4661 1353 4708 tuam
1380 4650 1739 4705 admonemus
1792 4659 1852 4706 ut

264 4746 549 4803 ecclesiam
582 4745 737 4799 illam
762 4752 860 4799 aut
887 4760 984 4815 per
1017 4754 1089 4809 te,
1123 4752 1219 4799 aut
1253 4758 1351 4812 per
1377 4742 1590 4798 fidelem
1634 4751 1689 4796 et
1718 4758 1849 4813 pro-

263 4835 440 4893 batam
488 4837 589 4893 tibi
624 4851 939 4909 personam,
966 4825 1195 4891 visitare
1237 4833 1480 4901 studeas,
1512 4843 1567 4889 et
1598 4834 1853 4888 volunta—

267 4937 365 4984 tem
397 4930 651 4986 omnium
703 4937 817 4983 tam
865 4928 1135 4999 majorum
1173 4941 1339 4997 quam
1378 4924 1651 4981 minorum
1688 4940 1853 4995 super

265 5019 361 5077 hac
420 5037 480 5076 re
525 5019 780 5092 diligenti
825 5018 1182 5091 inquisitione
1215 5031 1533 5087 cognoscas.
1583 5014 1738 5083 Quod
1803 5015 1850 5070 si

266 5128 481 5169 causam
515 5129 589 5169 ex
640 5110 795 5168 omni
827 5121 978 5182 parte
1011 5110 1198 5165 divina
1255 5106 1604 5162 miseratione
1645 5115 1700 5160 et
1733 5104 1848 5162 dis-

260 5205 579 5276 pmsatione
602 5202 683 5258 ita
709 5211 963 5272 coaptare
985 5215 1147 5272 posse
1176 5195 1413 5263 videris,
1442 5205 1502 5251 ut
1534 5198 1754 5252 illorum
1793 5196 1851 5251 in

648 5311 802 5316 _____-
842 5296 1065 5316 ιε--ε⁴----
1119 5292 1366 5316 --1.ῑυιιη...
1386 5289 1633 5316 ...λ-...κιρ
1657 5289 1824 5316 “In.--

1952 4468 2035 4514 ter
2065 4456 2407 4512 mitteremus
2427 4495 2444 4519 ,
2512 4452 2559 4508 si
2612 4460 2807 4507 vestrae
2872 4448 3165 4506 temeritati
3220 4454 3538 4502 sanctorum

1954 4550 2181 4606 Patrum
2222 4547 2523 4603 auctoritas
2571 4560 2681 4603 non
2712 4543 3031 4600 obstitisset.
3075 4541 3252 4608 Quam
3300 4538 3543 4612 graviter

1953 4640 2103 4698 enim
2138 4640 2283 4696 ultra
2311 4654 2477 4709 quam
2512 4636 2857 4693 Christianos
2888 4641 3165 4708 oporteret
3185 4632 3407 4688 beatum
3438 4628 3544 4687 Pc-

1956 4742 2102 4789 trum
2133 4731 2440 4803 apostolum
2471 4728 2701 4800 ejusque
2745 4736 2991 4782 sanctam
3022 4722 3326 4779 Romanam
3349 4720 3542 4777 Eccle-

1957 4827 2131 4893 siam,
2198 4831 2436 4878 vestram
2474 4820 2666 4891 utique
2712 4816 2962 4872 omnium
3013 4812 3253 4869 fidelium
3288 4818 3541 4879 matrem,

1957 4918 2229 4974 offensam
2280 4923 2442 4985 atque
2502 4918 2835 4987 commotam
2867 4906 3215 4974 reddidistis,
3263 4901 3411 4960 Deus
3462 4908 3548 4959 est

1957 5010 2132 5077 testis,
2196 5016 2622 5076 sanctorumque
2678 5000 2912 5058 Patrum
2960 4999 3179 5071 regula,
3258 5004 3549 5063 vestraque

1956 5100 2313 5159 conscientia.
2357 5097 2485 5163 Sed,
2520 5095 2783 5169 quoniam
2831 5095 3141 5153 humanum
3190 5098 3275 5146 est
3300 5101 3548 5160 peccare,

1957 5194 2161 5266 Deique
2183 5189 2537 5263 peccantibus
2571 5186 2858 5245 conversis
2890 5185 3105 5245 veniam
3134 5182 3407 5247 tribuere;
3437 5178 3553 5248 ipsa

1955 5305 2075 5316 -.η-ι
2102 5285 2343 5316 ,πιηηιιηηι
2391 5280 2485 5316 nn;
2537 5293 2590 5316 nl
2651 5279 2873 5316 “nmini
2913 5280 3178 5316 annnninn
3211 5273 3431 5316 fundam
3469 5274 3555 5316 PS‘
