3982 5316
492 359 600 415 499

1138 355 1195 411 S.
1235 354 1565 412 GREGORH
1605 354 1694 410 V'll
1732 353 1936 440 ΡᾼΡᾸΞ
1975 353 2078 410 0P]

2191 353 2260 410 ibi
2292 353 2473 410 PARS
2509 353 2549 409 1.
2592 385 2661 396 -
2701 352 3120 411 REGISTRUM.

3673 343 3778 410 500

488 442 694 530 ἀπίειὶ
731 474 890 530 nonis
916 442 1198 529 commissi
1233 471 1430 539 salute,
1455 487 1524 528 ex
1566 471 1956 542 omnipotentis
1981 468 2078 525 Dei
2179 484 2293 526 non
2319 468 2674 542 denegamus.
2731 468 2944 526 Interea
2997 467 3299 539 apostolica
3345 461 3778 524 mansuetudine

483 573 642 635 parte
663 573 718 620 et
742 561 1005 622 Romana
1028 561 1314 627 Ecclesia,
1340 561 1666 617 universalis
1687 561 1938 616 videlicet
1959 575 2076 616 ma-

487 645 612 726 tris,
643 656 939 726 apostolica
975 654 1302 711 auctoritate
1351 671 1639 712 mouemus
1679 664 1734 710 et
1781 655 2080 712 invitamus

485 763 587 802 vos
617 755 679 802 ut
700 748 768 804 ad
794 748 1084 819 synodum,
1111 763 1299 818 quam,
1329 747 1440 803 Deo
1470 757 1714 814 auctore,
1739 749 1793 802 in
1831 749 2078 818 prox-ima

485 850 732 894 ventura
765 835 1207 909 Quadragesima
1237 839 1414 910 prima
1445 839 1786 894 hebdomada
1831 840 2076 894 celebra-

485 918 596 984 turi
632 943 846 995 sumus,
879 928 1218 986 conveniatis
1247 948 1258 988 :
1309 929 1546 1006 scientes
1569 914 1666 986 vos
1694 946 1919 987 securos
1961 929 2078 986 fore

488 1018 560 1072 ab
601 1017 751 1073 omni
787 1017 1010 1074 laesione
1056 1017 1184 1074 vita
1213 1027 1268 1074 et
1317 1019 1691 1074 membrorum
1717 1061 1732 1088 ,
1785 1025 2080 1090 rerumque

385 1115 390 1120 ‘
482 1117 830 1176 vestrarum,
891 1118 946 1165 et
989 1110 1060 1166 ab
1117 1110 1268 1166 omni
1299 1109 1548 1166 saeculari
1599 1109 1830 1182 injuria,
1885 1126 2078 1166 eorum

398 1218 405 1260 :
484 1199 696 1255 scilicet
729 1215 871 1269 quos
897 1201 1274 1272 constringere
1317 1203 1638 1272 poterimus.
1677 1199 1875 1258 Sciatis
1912 1201 2078 1257 etiam

483 1290 636 1360 quod
677 1290 823 1361 apud
868 1307 970 1348 nos
1015 1293 1222 1351 nullius
1267 1309 1510 1366 unquam
1545 1295 1730 1353 odium
1755 1304 1850 1352 aut
1888 1311 2080 1367 preces

484 1396 588 1460 seu
641 1381 818 1452 turpis
866 1381 1132 1452 jactantia
1171 1384 1354 1440 locum
1417 1385 1664 1442 obtinere
1716 1387 1936 1458 poterit,
1969 1402 2080 1460 quo

485 1457 677 1524 contra
731 1487 826 1528 vos
878 1473 936 1526 in
985 1473 1171 1544 aliquo
1213 1473 1540 1546 injustitiam
1579 1457 1834 1534 exercere
1873 1457 2077 1550 possit;

487 1559 602 1616 imo
629 1561 864 1632 rigorem
886 1562 1116 1633 justitia
1147 1565 1332 1638 (prout
1354 1568 1655 1641 possimus)
1688 1579 2078 1641 temperantes,

484 1650 778 1722 indulgere
799 1653 956 1713 vobis
980 1666 1246 1726 quantum
1273 1659 1392 1714 sine
1417 1659 1746 1716 detrimento
1770 1663 2080 1718 animarum

445 1798 466 1819 .
485 1748 797 1796 vestrarum
819 1751 873 1797 et
895 1753 1081 1800 nostro
1096 1746 1338 1816 periculo
1353 1749 1655 1818 poterimus
1677 1751 1852 1822 parati
1863 1768 2076 1810 sumus.

2181 570 2297 616 tam
2349 576 2451 616 vos
2491 576 2660 632 quam
2715 570 2947 617 cateros
2999 561 3314 631 ubicunque
3359 555 3775 630 possessionem

2181 653 2345 708 habet
2373 668 2686 722 monemus,
2718 663 2773 712 et
2801 653 3127 709 auctoritate
3156 651 3510 724 pracipimus
3549 659 3616 704 ut
3653 664 3776 704 om-

2181 759 2305 798 nem
2343 743 2610 800 honorem
2643 759 2974 815 omnemque
3001 744 3363 800 reverentiam
3390 739 3498 798 sibi
3515 741 3778 797 exhibere

2181 851 2290 890 non
2321 835 2620 907 denegetis,
2659 853 2724 892 ac
2751 852 2879 892 cum
2911 852 3034 892 cum
3071 835 3331 892 omnibus
3360 850 3488 906 qua
3516 831 3621 890 sua
3651 843 3778 890 sunt

2181 935 2295 983 tute
2323 937 2377 982 et
2403 928 2522 988 sine
2553 929 2705 984 omni
2733 930 2984 985 molestia
3016 946 3111 985 seu
3141 928 3520 1000 inquietudine
3552 943 3778 982 manere

2179 1019 2506 1089 permittatis
2541 1039 2553 1075 :
2583 1021 2822 1078 scientes
2859 1022 3010 1092 quod
3040 1022 3087 1076 si
3119 1021 3276 1080 aliter
3318 1019 3566 1075 feceritis
3595 1019 3774 1092 (quod

2180 1127 2292 1166 non
2319 1112 2630 1185 credimus)
2677 1129 2743 1170 ac
2769 1114 2821 1168 ei
2850 1114 3116 1169 honorem
3137 1115 3617 1192 reverentiamque
3647 1113 3776 1168 sub-

2180 1203 2484 1272 traxeritis,
2508 1214 2563 1261 et
2605 1221 2732 1260 eum
2761 1216 2815 1260 et
2839 1221 2964 1276 qua
2999 1221 3098 1262 sua
3123 1214 3254 1261 sunt
3281 1207 3466 1276 quiete
3487 1215 3545 1261 et
3583 1223 3777 1263 secure

2181 1311 2404 1353 manere
2457 1297 2684 1353 minime
2738 1298 3134 1369 permiseritis,
3185 1299 3258 1353 ita
3319 1299 3376 1354 in
3418 1315 3521 1354 vos
3551 1299 3694 1355 sicut
3722 1301 3775 1356 in

2182 1389 2372 1446 hostes
2408 1399 2630 1446 nostros
2653 1398 2708 1446 et
2737 1390 3052 1461 apostolica
3079 1390 3226 1445 sedis
3265 1391 3617 1448 adversarios
3655 1393 3777 1447 vin-

2181 1481 2381 1537 dictam
2408 1490 2462 1536 et
2480 1481 2796 1552 apostolica
2815 1482 3041 1536 ultionis
3073 1481 3312 1553 gladium
3334 1498 3647 1538 exoremus.
3666 1482 3775 1542 Nos

2181 1589 2310 1630 vero
2333 1589 2460 1628 cum
2486 1574 2744 1645 pradicto
2770 1573 2891 1629 viro
2917 1572 3211 1646 .Sanzone,
3254 1573 3368 1630 Deo
3388 1575 3644 1644 juvante,
3671 1577 3777 1632 tale

2182 1667 2478 1722 consilium
2507 1666 2943 1735 adinveniemus,
2979 1667 3127 1738 quod
3157 1667 3337 1722 honor
3362 1676 3566 1724 vestra
3591 1667 3776 1724 Eccle-

2183 1759 2279 1814 sia
2298 1766 2353 1813 et
2373 1759 2587 1814 utilitas
2610 1759 2664 1814 in
2682 1759 2942 1814 omnibus
2959 1758 3157 1814 melius
3184 1774 3349 1831 quam
3373 1759 3539 1814 solito
3553 1760 3771 1830 vigebit.

485 1827 876 1888 Desideramus
911 1834 1060 1889 enim
1107 1837 1309 1906 potius,
1350 1837 1461 1893 Deo
1485 1847 1645 1906 teste,
1676 1850 1871 1900 vestra
1917 1841 2080 1897 saluti
2115 1827 2158 1882 Β
2255 1849 2390 1906 Data
2425 1851 2614 1906 Roma
2665 1851 2862 1924 quinto
2899 1848 3003 1923 [ιγ]
3033 1827 3304 1916 Kalendas
3353 1827 3662 1918 Februarii,
3696 1853 3749 1908 in

484 1932 542 1977 et
574 1924 760 1996 populi
807 1926 964 1982 vobis
985 1927 1179 1984 crediti
1210 1931 1516 1997 consulere,
1563 1948 1730 2002 quam
1755 1942 1946 1988 nostro
1978 1947 2081 1988 sa-

485 2015 661 2072 culari
697 2018 986 2084 commodo
1012 2019 1068 2074 in
1105 2021 1290 2092 aliquo
1324 2021 1630 2092 providere.

559 2102 693 2160 Data
722 2106 909 2164 Roma
933 2110 1127 2181 quinto
1155 2109 1428 2181 Kalendas
1451 2113 1758 2181 Februarii,
1782 2114 2082 2182 indictione

489 2208 689 2266 prima.

1027 2312 1370 2373 EPISTOLA
1406 2317 1546 2376 XIV.

1015 2424 1082 2466 AD
1121 2425 1566 2468 AURELIANENSES.

1067 2502 1264 2573 (Anno
1302 2504 1504 2576 1077.)
1573 2517 1589 2558 .·

492 2585 574 2642 Ut
600 2587 867 2670 ‘Sanaoni,
893 2593 1008 2670 gui,
1028 2596 1334 2670 confutatis
1365 2595 1840 2670 omnibussibi‘ab
1871 2599 2080 2654 (enmlis

558 2659 777 2737 objectis
826 2659 1348 2740 crintinibus‘corant
1395 2667 1958 2740 episcopisdelegatis,
1999 2671 2082 2724 di-

503 2783 511 2790 _
557 2733 1210 2810 gnum'seAurelianensi
1238 2733 1581 2810 episcopatu,
1598 2738 1670 2792 ad
1693 2733 1846 2810 quem
1887 2733 2082 2796 electus

556 2800 754 2869 fuerat,
789 2802 1191 2872 demonstravit,
1219 2800 1428 2860 omnem
1465 2800 1722 2862 honorem'
1738 2826 1800 2863 ac
1847 2826 2082 2865 reveren-

503 2871 512 2877 ’
555 2872 690 2948 (iam
740 2873 1044 2942 exhibeant,
1103 2871 1269 2948 donec
1323 2878 1671 2948 difﬁnitivam
1742 2883 2078 2948 sententiam,

558 2941 733 2997 adhuc
761 2941 1090 3015 suspensam,
1115 2947 1367 3002 declaret.

559 3053 871 3112 Gnccomus
901 3055 1226 3139 episcopus,
1246 3077 1439 3120 servus
1470 3079 1755 3120 servorum
1791 3064 1908 3130 Dei,
1934 3065 2083 3120 clero

487 3151 544 3198 et
579 3144 782 3214 populo
831 3146 1245 3207 Aurelianensis
1279 3150 1538 3208 Ecclesiae
1573 3154 1806 3210 salutem
1849 3163 1903 3210 et
1950 3169 2084 3224 apo-

485 3235 736 3292 stolicam
761 3238 1232 3297 benedictionem;

511 3349 516 3354 -
559 3325 793 3385 Litteras
832 3346 866 3385 a
906 3332 1062 3388 vobis
1108 3333 1317 3389 delatas
1357 3333 1718 3406 apostolicam
1764 3337 1950 3393 sedem
1990 3351 2082 3392 ac-

489 3416 702 3486 cepisse
735 3434 846 3474 non
899 3419 1155 3490 ignorare
1197 3439 1297 3480 vos
1319 3426 1618 3493 credimus,
1655 3427 1860 3497 quibus
1887 3427 2082 3483 electio

488 3507 820 3580 episcopalis
843 3508 987 3566 facta
1009 3513 1067 3566 in
1105 3512 1354 3570 Sanzone
1379 3516 1638 3574 Ecclesia
1661 3526 1857 3574 vestra
1879 3519 2080 3576 clerico

487 3597 846 3654 intimabatur
873 3618 885 3654 :
913 3601 1114 3670 quibus
1148 3605 1408 3672 quoniam
1435 3605 1780 3662 honestatem
1802 3607 2082 3679 ejusjam—

485 3689 698 3760 pridem
725 3693 1072 3764 agnovimus,
1107 3695 1267 3751 ﬁdem
1305 3699 1723 3754 accommodare
1763 3716 2080 3760 assensum-

488 3796 598 3856 que
645 3783 889 3852 prabere
931 3785 1107 3854 parati
1153 3802 1366 3864 sumus.
1409 3787 1516 3844 Sed
1545 3774 1786 3860 quonam
1816 3793 2078 3848 instinctu

488 3886 668 3942 quove
691 3881 814 3928 actu
838 3875 1116 3956 nescimus
1141 3876 1435 3948 inopinata
1459 3879 1652 3936 littera
1675 3881 1810 3936 nihil
1833 3883 2078 3952 priorum

495 3977 694 4044 sensus
720 3963 1005 4033 habentes,
1036 3965 1148 4047 imo
1206 3971 1485 4050 contraria
1519 3973 1836 4044 sentientes,
1885 3974 1953 4030 ad
1978 3989 2078 4029 no-

485 4061 658 4116 stram
682 4055 1031 4136 praesentiam
1055 4058 1248 4115 delatae
1293 4071 1440 4140 sunt,
1456 4074 1700 4122 nostram
1736 4064 2078 4136 ditlinitivam

487 4143 855 4220 sententiam,
897 4162 968 4204 ne
1016 4145 1198 4205 facere
1248 4152 1454 4222 aliquid
1508 4170 1672 4224 super
1702 4155 1808 4212 hoc
1857 4157 2080 4228 negotio,

483 4234 887 4305 pracipitanter
917 4247 972 4294 et
1006 4239 1320 4298 inordinate
1347 4244 1684 4313 videremur,
1713 4247 2076 4318 quoadusque

485 4325 647 4383 nobis
672 4339 767 4408 aut
795 4333 1048 4392 nuntium
1079 4349 1175 4390 seu
1212 4335 1422 4396 litteras
1455 4346 1667 4393 vestras
1703 4338 1954 4404 mittatis,
1977 4325 2078 4409 per

483 4431 622 4488 quas
647 4420 832 4501 omnia
873 4422 1351 4498 ejusdemnegotii
1376 4436 1498 4482 acta
1543 4429 1756 4504 plenius
1778 4446 2074 4501 cognosca-

2183 1943 2422 2001 dictione
2456 1943 2654 2015 prima.

2723 2055 3067 2114 EPISTOLA
3103 2057 3221 2122 XV,

2772 2167 2841 2207 AD
2878 2166 2978 2206 GEB
2985 2165 3173 2206 ἥλικος.

2765 2240 2958 2311 (Anno
2997 2241 3198 2312 ﬁlii)
3250 2240 3306 2267 ⁷·

2185 2329 2408 2404 Legatos
2424 2333 2753 2406 apostolicos
2771 2335 2828 2388 in
2847 2333 3048 2406 synodo
3063 2333 3302 2406 Romana
3318 2351 3416 2406 pro
3437 2335 3780 2390 concilianda

2252 2403 2382 2477 pace
2416 2403 2472 2477 in
2500 2419 2655 2477 regno
2689 2403 2973 2477 Teutonico
2997 2403 3161 2473 fuisse
3187 2403 3492 2477 designatos
3519 2407 3631 2474 ait,
3655 2423 3779 2476 quos

2255 2473 2520 2557 ἕρψεάὶνῆ
2537 2473 2584 2526 si
2633 2475 2752 2546 quis
2797 2484 3112 2557 prasttmat,
3159 2490 3276 2557 eum
3302 2473 3774 2557 'excomnruni'cat.

2256 2543 2614 2599 Praesentium
2646 2543 2980 2615 portitorem
3045 2545 3264 2615 Itac_de
3309 2563 3476 2600 causa
3519 2547 3780 2601 directam

2256 2615 2440 2684 fuisse,
2471 2625 2529 2668 ut
2574 2613 2695 2668 cum
2719 2616 3114 2687 archiepiscopo
3149 2613 3446 2687 Trevirensi
3487 2617 3554 2671 de
3587 2617 3708 2672 loco
3731 2626 3780 2671 et

2257 2689 2485 2760 tempore
2510 2697 2791 2760 conventus
2821 2685 3056 2754 statuat,
3075 2702 3176 2758 quo
3203 2685 3364 2760 legati
3395 2687 3682 2758 apostolici
3701 2703 3779 2742 sc-

2255 2755 2436 2809 curius
2459 2756 2538 2810 ire
2568 2757 2791 2827 possint.
3088 2755 3098 2758 ’
3254 2755 3273 2760 ⁷
3345 2755 3352 2780 ⁵

2255 2853 2566 2910 Gneconws
2602 2855 2916 2930 episcopus,
2955 2874 3147 2914 servus
3201 2874 3488 2914 servorum
3539 2857 3658 2925 Dei,
3688 2873 3767 2914 ar-

2186 2946 2571 3018 chiepiscopis,
2601 2950 2897 3030 episcopis,
2944 2950 3160 3006 clericis
3181 2993 3195 3018 ,
3225 2950 3483 3018 ducibus,
3520 2951 3780 3022 principi-

2186 3041 2324 3108 bus,
2389 3041 2880 3109 marchionihus,‘
2921 3043 3292 3114 omnibusque
3354 3043 3666 3114 majoribus
3727 3051 3778 3098 et

2186 3134 2494 3190 minoribus
2523 3134 2577 3188 in
2609 3133 2910 3190 Teutonico
2950 3149 3119 3208 regno
3145 3134 3494 3203 constitutis,
3539 3137 3778 3206 exceptis

2186 3225 2273 3282 his
2297 3226 2392 3297 qui
2423 3225 2690 3281 canonica
2716 3219 3286 3283 exeomm‘unicatione
3327 3235 3607 3294 tenentur,
3633 3229 3776 3283 salu-

2184 3326 2294 3373 tem
2331 3326 2387 3374 et
2437 3319 2798 3389 apostolicam
2843 3318 3283 3375 benedictionem
3321 3317 3404 3395 [Si
3442 3319 3682 3376 decretis
3710 3320 3772 3376 ll.

2185 3407 2247 3463 E.
2277 3408 2624 3484 obedierint].
3075 3419 3082 3424 ‘

2253 3497 2452 3556 Notum
2481 3501 2638 3556 vobis
2675 3502 2793 3559 ﬁeri
2848 3503 3106 3559 volumus
3128 3545 3142 3570 ,
3179 3502 3378 3558 fratres
3428 3502 3772 3570 charissimi,

2182 3594 2332 3664 quod
2359 3593 2412 3650 in
2439 3611 2502 3650 ea
2531 3596 2742 3668 synodo
2762 3610 2926 3666 quam
2951 3612 3125 3667 nuper
3145 3593 3329 3650 Roma
3350 3595 3771 3663 celebravimus,

2181 3675 2325 3742 inter
2381 3687 2552 3741 multa
2597 3687 2702 3742 alia
2729 3702 2851 3760 qua
2879 3689 2946 3744 de
2989 3694 3135 3743 statu
3183 3695 3385 3743 sancta
3439 3683 3772 3762 [Romana]

2180 3767 2442 3847 ecclesia,
2474 3779 2584 3836 Deo
2640 3789 2992 3851 cooperante,
3039 3779 3371 3852 peregimus,
3427 3779 3497 3834 dc
3535 3781 3698 3836 ruina
3723 3790 3774 3838 et

2180 3871 2508 3928 confusione
2568 3873 2901 3931 nobilissimi
2931 3873 3085 3946 regni
3119 3872 3291 3930 vestri
3338 3871 3638 3944 diligenter
3665 3882 3774 3928 tra-

2179 3972 2413 4031 ctantes,
2437 3963 2543 4022 hoc
2579 3947 2924 4039 salutiferum
2949 3965 3010 4020 et
3029 3973 3399 4036 opportunum
3424 3980 3528 4035 pro
3553 3981 3773 4040 repara-

2180 4054 2328 4109 tione
2357 4056 2507 4134 pacis
2528 4065 2722 4133 vestrae
2751 4055 2868 4112 fore
2888 4057 3226 4128 putavimus,
3253 4063 3314 4110 ut
3343 4055 3594 4128 religiosi
3615 4057 3771 4127 legati

2178 4146 2494 4218 apostolica
2541 4147 2687 4204 sedis
2723 4147 2791 4203 ad
2823 4157 3009 4218 partes
3055 4157 3268 4205 vestras
3298 4147 3648 4218 dirigantur,
3680 4148 3771 4219 qui

2178 4238 2642 4309 archiepiscopos,
2667 4239 2976 4313 episcopos,
3000 4249 3054 4295 et
3080 4241 3365 4311 religiosos
3387 4240 3646 4308 clericos,
3674 4255 3770 4296 nec

2177 4346 2289 4386 non
2318 4330 2489 4400 laicos
2516 4330 2585 4388 ad
2631 4331 2685 4386 id
2715 4331 2963 4400 idoneos,
3003 4331 3058 4386 in
3089 4332 3212 4387 loco
3252 4330 3346 4403 qui
3372 4333 3598 4402 utrique
3632 4331 3764 4402 parti

2177 4421 2376 4477 habilis
2409 4427 2463 4475 et
2487 4436 2764 4494 congruus
2793 4421 2894 4488 sit,
2930 4423 3222 4478 convenire
3248 4433 3672 4490 commoneant,
3711 4427 3762 4478 ut

483 4522 630 4574 mus,
677 4511 1010 4589 suspendere
1059 4513 1284 4596 dignum
1337 4516 1615 4572 duximus.
1666 4516 1871 4573 Tamen
1903 4533 2074 4577 unum
2107 4530 2152 4585 ι)
2176 4523 2272 4568 aut
2299 4530 2509 4588 pacem,
2539 4512 2648 4568 Deo
2663 4514 2980 4580 auxiliante,
3009 4515 3150 4570 inter
3166 4529 3267 4570 vos
3288 4527 3650 4586 componant,
3675 4527 3764 4574 aut

482 4612 584 4654 vos
614 4600 756 4658 scire
784 4603 1062 4671 volumus,
1093 4607 1241 4677 quod
1275 4609 1509 4668 clericos
1539 4609 1683 4677 illos,
1712 4610 1807 4681 qui
1843 4626 1876 4664 a
1918 4611 2075 4670 vobis

485 4688 700 4746 litteras
731 4694 891 4776 nobis
917 4696 1245 4770 detulerant,
1278 4699 1484 4769 quique
1518 4698 1756 4756 Sanzoni
1793 4701 2076 4780 contraria

485 4780 813 4857 sentiebant,
847 4801 956 4842 una
1013 4804 1139 4844 cum
1170 4792 1568 4860 pranominato
1605 4791 1854 4850 Sanzone
1884 4810 2072 4850 coram

487 4871 874 4942 episcoporum
916 4888 1231 4935 nostrorum
1284 4881 1574 4952 prasentia
1609 4882 1896 4955 diligenter
1947 4871 2073 4955 ρει-ἑ

484 4962 718 5046 scrutari
737 4962 964 5022 fecimus
989 4987 1002 5024 :
1036 4980 1328 5040 quatenus,
1349 4971 1634 5046 utriusque
1655 4973 1825 5044 partis
1846 4974 2073 5030 veritate

485 5053 816 5090 monanifo
872 5057 998 5092 111ιῖιῖ
1037 5061 1452 5096 ἶηιηιιηινυιηιιηηι
1488 5063 1826 5100 αιιῖηηνηηηιο
1873 5065 2072 5102 ηιιῖίῖνο

2175 4606 2266 4674 cui
2295 4607 2672 4679 partijustitia
2702 4605 2881 4662 faveat
2907 4607 3176 4662 veraciter
3205 4606 3514 4662 addiseant.
3541 4606 3680 4663 Nam
3711 4609 3760 4663 in

2173 4699 2364 4756 eadem
2407 4700 2618 4773 synodo
2659 4697 2956 4754 difﬁnitum
2995 4708 3079 4755 est
3103 4699 3252 4772 quod
3288 4715 3392 4754 nos
3421 4709 3618 4754 contra
3643 4717 3759 4772 eam

2171 4799 2382 4862 partem
2411 4808 2534 4862 qua
2573 4805 2762 4866 pacem
2814 4789 2959 4864 fastu
2994 4789 3262 4862 superbiae
3300 4788 3660 4861 refutaverit,
3710 4801 3761 4845 et

2171 4885 2259 4939 cui
2279 4884 2492 4956 justitia
2522 4901 2632 4938 non
2663 4883 2876 4947 faverit,
2903 4882 3056 4954 omni
3076 4881 3366 4936 conamine
3390 4882 3757 4952 omnibusque

2170 4975 2348 5031 modis
2393 4984 2662 5046 potestate
2706 4974 2854 5050 beati
2899 4972 3045 5028 Petri
3099 4973 3469 5049 insurgamus.
3513 4970 3584 5025 Et
3630 4972 3754 5042 quia

2171 5065 2462 5102 nnnnnﬂnc
2495 5065 2562 5102 110
2610 5082 2779 5102 manna
2824 5077 3007 5102 υοοΙΙιΛ
3045 5067 3410 5102 :II'OI‘0\':mIIQ
3437 5065 3613 5102 monia
3645 5065 3750 5102 ἷιιιο.
