  <div class='ocr_page' id='page_1' title='image "/cluster/home/n/w/nwhite01/storage/ocr_20150623/148/hvd.32044015471840/254.png"; bbox 0 0 3982 5316; ppageno 0'>
   <div class='ocr_carea' id='block_1_1' title="bbox 158 309 263 367">
    <p class='ocr_par' dir='ltr' id='par_1_1' title="bbox 158 309 263 367">
     <span class='ocr_line' id='line_1_1' title="bbox 158 309 263 367; baseline 0 0"><span class='ocrx_word' id='word_1_1' title='bbox 158 309 263 367; x_wconf 74' lang='grc'><strong>501</strong></span> 
     </span>
    </p>
   </div>
   <div class='ocr_carea' id='block_1_2' title="bbox 1239 300 2374 374">
    <p class='ocr_par' dir='ltr' id='par_1_2' title="bbox 1239 300 2374 374">
     <span class='ocr_line' id='line_1_2' title="bbox 1239 300 2374 374; baseline -0.006 -12"><span class='ocrx_word' id='word_1_2' title='bbox 1239 305 1442 362; x_wconf 78' lang='lat' dir='ltr'><strong>LIBER</strong></span> <span class='ocrx_word' id='word_1_3' title='bbox 1480 300 1806 374; x_wconf 78' lang='lat' dir='ltr'><strong>QUINTUS.</strong></span> <span class='ocrx_word' id='word_1_4' title='bbox 1845 332 1912 344; x_wconf 87' lang='lat'><strong>——</strong></span> <span class='ocrx_word' id='word_1_5' title='bbox 1951 301 2172 358; x_wconf 79' lang='lat' dir='ltr'><strong>EPIS&#39;I‘.</strong></span> <span class='ocrx_word' id='word_1_6' title='bbox 2214 301 2374 356; x_wconf 71' lang='lat' dir='ltr'><strong>XVII.</strong></span> 
     </span>
    </p>
   </div>
   <div class='ocr_carea' id='block_1_3' title="bbox 3345 294 3454 354">
    <p class='ocr_par' dir='ltr' id='par_1_3' title="bbox 3345 294 3454 354">
     <span class='ocr_line' id='line_1_3' title="bbox 3345 294 3454 354; baseline 0.009 -1"><span class='ocrx_word' id='word_1_7' title='bbox 3345 294 3454 354; x_wconf 63' lang='lat'><strong>502</strong></span> 
     </span>
    </p>
   </div>
   <div class='ocr_carea' id='block_1_4' title="bbox 158 412 3451 495">
    <p class='ocr_par' dir='ltr' id='par_1_4' title="bbox 158 412 3451 495">
     <span class='ocr_line' id='line_1_4' title="bbox 158 412 3451 495; baseline -0.003 -17"><span class='ocrx_word' id='word_1_8' title='bbox 158 425 501 480; x_wconf 87' lang='lat' dir='ltr'><strong>auctoritate</strong></span> <span class='ocrx_word' id='word_1_9' title='bbox 547 422 860 495; x_wconf 64' lang='lat' dir='ltr'><strong>apostolicae</strong></span> <span class='ocrx_word' id='word_1_10' title='bbox 899 421 1042 480; x_wconf 86' lang='lat' dir='ltr'><strong>sedis</strong></span> <span class='ocrx_word' id='word_1_11' title='bbox 1088 421 1675 477; x_wconf 85' lang='lat' dir='ltr'><strong>anathematizavimus</strong></span> <span class='ocrx_word' id='word_1_12' title='bbox 1710 428 1764 474; x_wconf 91' lang='lat' dir='ltr'><strong>et</strong></span> <span class='ocrx_word' id='word_1_13' title='bbox 1794 422 1839 476; x_wconf 75' lang='grc' dir='ltr'><strong>Α</strong></span> <span class='ocrx_word' id='word_1_14' title='bbox 1865 426 1975 473; x_wconf 86' lang='lat' dir='ltr'><strong>tem</strong></span> <span class='ocrx_word' id='word_1_15' title='bbox 2009 418 2240 473; x_wconf 90' lang='lat' dir='ltr'><strong>consilio</strong></span> <span class='ocrx_word' id='word_1_16' title='bbox 2269 428 2323 474; x_wconf 91' lang='lat' dir='ltr'><strong>et</strong></span> <span class='ocrx_word' id='word_1_17' title='bbox 2354 418 2574 475; x_wconf 88' lang='lat' dir='ltr'><strong>decreto</strong></span> <span class='ocrx_word' id='word_1_18' title='bbox 2622 426 2829 487; x_wconf 89' lang='lat' dir='ltr'><strong>nostro,</strong></span> <span class='ocrx_word' id='word_1_19' title='bbox 2865 426 2920 474; x_wconf 89' lang='lat' dir='ltr'><strong>et</strong></span> <span class='ocrx_word' id='word_1_20' title='bbox 2948 417 3228 491; x_wconf 77' lang='lat' dir='ltr'><strong>requisitis</strong></span> <span class='ocrx_word' id='word_1_21' title='bbox 3267 412 3451 481; x_wconf 77' lang='lat' dir='ltr'><strong>utrin-</strong></span> 
     </span>
    </p>
   </div>
   <div class='ocr_carea' id='block_1_5' title="bbox 158 510 1760 584">
    <p class='ocr_par' dir='ltr' id='par_1_5' title="bbox 158 510 1760 584">
     <span class='ocr_line' id='line_1_5' title="bbox 158 510 1760 584; baseline -0.005 -13"><span class='ocrx_word' id='word_1_22' title='bbox 158 516 709 571; x_wconf 82' lang='lat' dir='ltr'><strong>anatbematizamus</strong></span> <span class='ocrx_word' id='word_1_23' title='bbox 753 513 1066 584; x_wconf 78' lang='lat' dir='ltr'><strong>quicunque</strong></span> <span class='ocrx_word' id='word_1_24' title='bbox 1125 513 1238 568; x_wconf 83' lang='lat' dir='ltr'>sive</span> <span class='ocrx_word' id='word_1_25' title='bbox 1285 528 1401 574; x_wconf 80' lang='lat' dir='ltr'><strong>rex,</strong></span> <span class='ocrx_word' id='word_1_26' title='bbox 1427 512 1541 568; x_wconf 82' lang='lat' dir='ltr'><strong>sive</strong></span> <span class='ocrx_word' id='word_1_27' title='bbox 1571 510 1760 565; x_wconf 88' lang='lat' dir='ltr'><strong>archi-</strong></span> 
     </span>
    </p>
   </div>
   <div class='ocr_carea' id='block_1_6' title="bbox 157 601 1758 676">
    <p class='ocr_par' dir='ltr' id='par_1_6' title="bbox 157 601 1758 676">
     <span class='ocr_line' id='line_1_6' title="bbox 157 601 1758 676; baseline -0.004 -16"><span class='ocrx_word' id='word_1_28' title='bbox 157 607 490 676; x_wconf 85' lang='lat' dir='ltr'><strong>episcopus,</strong></span> <span class='ocrx_word' id='word_1_29' title='bbox 524 606 641 661; x_wconf 94' lang='lat' dir='ltr'><strong>sive</strong></span> <span class='ocrx_word' id='word_1_30' title='bbox 668 606 979 675; x_wconf 91' lang='lat' dir='ltr'><strong>episcopus,</strong></span> <span class='ocrx_word' id='word_1_31' title='bbox 1007 604 1121 660; x_wconf 86' lang='lat' dir='ltr'><strong>sive</strong></span> <span class='ocrx_word' id='word_1_32' title='bbox 1169 603 1279 657; x_wconf 75' lang='lat' dir='ltr'><strong>dux</strong></span> <span class='ocrx_word' id='word_1_33' title='bbox 1299 645 1314 670; x_wconf 97' lang='lat'><strong>,</strong></span> <span class='ocrx_word' id='word_1_34' title='bbox 1338 604 1454 659; x_wconf 82' lang='lat' dir='ltr'><strong>sive</strong></span> <span class='ocrx_word' id='word_1_35' title='bbox 1491 601 1758 666; x_wconf 76' lang='lat' dir='ltr'><strong>mai-chio,</strong></span> 
     </span>
    </p>
   </div>
   <div class='ocr_carea' id='block_1_7' title="bbox 160 694 1764 768">
    <p class='ocr_par' dir='ltr' id='par_1_7' title="bbox 160 694 1764 768">
     <span class='ocr_line' id='line_1_7' title="bbox 160 694 1764 768; baseline -0.002 -16"><span class='ocrx_word' id='word_1_36' title='bbox 160 697 282 752; x_wconf 75' lang='lat' dir='ltr'><strong>sive</strong></span> <span class='ocrx_word' id='word_1_37' title='bbox 312 697 558 767; x_wconf 75' lang='lat' dir='ltr'><strong>alicujus</strong></span> <span class='ocrx_word' id='word_1_38' title='bbox 594 696 876 768; x_wconf 71' lang='lat' dir='ltr'><strong>dignitatis</strong></span> <span class='ocrx_word' id='word_1_39' title='bbox 896 696 982 752; x_wconf 88' lang='lat' dir='ltr'><strong>vel</strong></span> <span class='ocrx_word' id='word_1_40' title='bbox 1006 695 1217 751; x_wconf 85' lang='lat' dir='ltr'><strong>ordinis</strong></span> <span class='ocrx_word' id='word_1_41' title='bbox 1248 710 1484 766; x_wconf 85' lang='lat' dir='ltr'><strong>persona</strong></span> <span class='ocrx_word' id='word_1_42' title='bbox 1510 694 1603 761; x_wconf 89' lang='lat' dir='ltr'><strong>sit,</strong></span> <span class='ocrx_word' id='word_1_43' title='bbox 1625 708 1764 764; x_wconf 65' lang='lat' dir='ltr'><strong>prae-</strong></span> 
     </span>
    </p>
   </div>
   <div class='ocr_carea' id='block_1_8' title="bbox 161 787 1765 859">
    <p class='ocr_par' dir='ltr' id='par_1_8' title="bbox 161 787 1765 859">
     <span class='ocr_line' id='line_1_8' title="bbox 161 787 1765 859; baseline -0.002 -16"><span class='ocrx_word' id='word_1_44' title='bbox 161 788 478 858; x_wconf 82' lang='lat' dir='ltr'><strong>sumpserit</strong></span> <span class='ocrx_word' id='word_1_45' title='bbox 520 790 707 859; x_wconf 88' lang='lat' dir='ltr'><strong>aliquo</strong></span> <span class='ocrx_word' id='word_1_46' title='bbox 751 788 913 843; x_wconf 89' lang='lat' dir='ltr'><strong>modo</strong></span> <span class='ocrx_word' id='word_1_47' title='bbox 959 788 1100 842; x_wconf 88' lang='lat' dir='ltr'><strong>hanc</strong></span> <span class='ocrx_word' id='word_1_48' title='bbox 1126 788 1463 851; x_wconf 74' lang='lat' dir='ltr'><strong>salutiferam</strong></span> <span class='ocrx_word' id='word_1_49' title='bbox 1498 787 1765 843; x_wconf 90' lang='lat' dir='ltr'><strong>constitu-</strong></span> 
     </span>
    </p>
   </div>
   <div class='ocr_carea' id='block_1_9' title="bbox 162 877 1765 950">
    <p class='ocr_par' dir='ltr' id='par_1_9' title="bbox 162 877 1765 950">
     <span class='ocr_line' id='line_1_9' title="bbox 162 877 1765 950; baseline 0 -18"><span class='ocrx_word' id='word_1_50' title='bbox 162 879 385 933; x_wconf 86' lang='lat' dir='ltr'><strong>tionem</strong></span> <span class='ocrx_word' id='word_1_51' title='bbox 414 879 758 950; x_wconf 70' lang='lat' dir='ltr'><strong>perturltare,</strong></span> <span class='ocrx_word' id='word_1_52' title='bbox 779 878 1032 933; x_wconf 76' lang='lat' dir='ltr'><strong>videlicet</strong></span> <span class='ocrx_word' id='word_1_53' title='bbox 1068 878 1164 948; x_wconf 87' lang='lat' dir='ltr'><strong>qui</strong></span> <span class='ocrx_word' id='word_1_54' title='bbox 1194 893 1417 949; x_wconf 87' lang='lat' dir='ltr'><strong>operam</strong></span> <span class='ocrx_word' id='word_1_55' title='bbox 1448 877 1657 932; x_wconf 86' lang='lat' dir='ltr'><strong>dederit</strong></span> <span class='ocrx_word' id='word_1_56' title='bbox 1696 893 1765 932; x_wconf 90' lang='lat' dir='ltr'><strong>ne</strong></span> 
     </span>
    </p>
   </div>
   <div class='ocr_carea' id='block_1_10' title="bbox 162 969 1765 1039">
    <p class='ocr_par' dir='ltr' id='par_1_10' title="bbox 162 969 1765 1039">
     <span class='ocr_line' id='line_1_10' title="bbox 162 969 1765 1039; baseline -0.001 -14"><span class='ocrx_word' id='word_1_57' title='bbox 162 970 472 1039; x_wconf 64' lang='lat' dir='ltr'><strong>pradictus</strong></span> <span class='ocrx_word' id='word_1_58' title='bbox 502 979 806 1026; x_wconf 84' lang='lat' dir='ltr'><strong>conventus</strong></span> <span class='ocrx_word' id='word_1_59' title='bbox 851 969 964 1034; x_wconf 83' lang='lat' dir='ltr'><strong>fiat,</strong></span> <span class='ocrx_word' id='word_1_60' title='bbox 996 979 1091 1024; x_wconf 92' lang='lat' dir='ltr'><strong>aut</strong></span> <span class='ocrx_word' id='word_1_61' title='bbox 1135 970 1427 1025; x_wconf 83' lang='lat' dir='ltr'><strong>concordia</strong></span> <span class='ocrx_word' id='word_1_62' title='bbox 1452 977 1615 1023; x_wconf 55' lang='lat' dir='ltr'><strong>tanta:</strong></span> <span class='ocrx_word' id='word_1_63' title='bbox 1642 984 1765 1039; x_wconf 89' lang='lat' dir='ltr'><strong>per-</strong></span> 
     </span>
    </p>
   </div>
   <div class='ocr_carea' id='block_1_11' title="bbox 162 1060 1769 1133">
    <p class='ocr_par' dir='ltr' id='par_1_11' title="bbox 162 1060 1769 1133">
     <span class='ocr_line' id='line_1_11' title="bbox 162 1060 1769 1133; baseline -0.001 -17"><span class='ocrx_word' id='word_1_64' title='bbox 162 1062 529 1119; x_wconf 76' lang='lat' dir='ltr'><strong>turbationis.</strong></span> <span class='ocrx_word' id='word_1_65' title='bbox 572 1062 885 1133; x_wconf 80' lang='lat' dir='ltr'><strong>Adjecimus</strong></span> <span class='ocrx_word' id='word_1_66' title='bbox 910 1062 1075 1117; x_wconf 91' lang='lat' dir='ltr'><strong>etiam</strong></span> <span class='ocrx_word' id='word_1_67' title='bbox 1104 1060 1279 1117; x_wconf 90' lang='lat' dir='ltr'><strong>cidem</strong></span> <span class='ocrx_word' id='word_1_68' title='bbox 1311 1061 1673 1127; x_wconf 83' lang='lat' dir='ltr'><strong>anathemati,</strong></span> <span class='ocrx_word' id='word_1_69' title='bbox 1708 1070 1769 1116; x_wconf 90' lang='lat' dir='ltr'><strong>ut</strong></span> 
     </span>
    </p>
   </div>
   <div class='ocr_carea' id='block_1_12' title="bbox 163 1150 1767 1225">
    <p class='ocr_par' dir='ltr' id='par_1_12' title="bbox 163 1150 1767 1225">
     <span class='ocr_line' id='line_1_12' title="bbox 163 1150 1767 1225; baseline 0 -19"><span class='ocrx_word' id='word_1_70' title='bbox 163 1152 494 1223; x_wconf 81' lang='lat' dir='ltr'><strong>quicunque</strong></span> <span class='ocrx_word' id='word_1_71' title='bbox 530 1152 698 1224; x_wconf 83' lang='lat' dir='ltr'><strong>hujus</strong></span> <span class='ocrx_word' id='word_1_72' title='bbox 724 1152 1030 1223; x_wconf 84' lang='lat' dir='ltr'><strong>iniquitatis</strong></span> <span class='ocrx_word' id='word_1_73' title='bbox 1056 1161 1418 1225; x_wconf 75' lang='lat' dir='ltr'><strong>przesumptor</strong></span> <span class='ocrx_word' id='word_1_74' title='bbox 1440 1150 1624 1218; x_wconf 90' lang='lat' dir='ltr'><strong>fuerit,</strong></span> <span class='ocrx_word' id='word_1_75' title='bbox 1656 1166 1767 1206; x_wconf 92' lang='lat' dir='ltr'><strong>non</strong></span> 
     </span>
    </p>
   </div>
   <div class='ocr_carea' id='block_1_13' title="bbox 163 1243 1766 1314">
    <p class='ocr_par' dir='ltr' id='par_1_13' title="bbox 163 1243 1766 1314">
     <span class='ocr_line' id='line_1_13' title="bbox 163 1243 1766 1314; baseline -0.001 -16"><span class='ocrx_word' id='word_1_76' title='bbox 163 1244 356 1299; x_wconf 86' lang='lat' dir='ltr'><strong>solum</strong></span> <span class='ocrx_word' id='word_1_77' title='bbox 410 1244 466 1299; x_wconf 91' lang='lat' dir='ltr'><strong>in</strong></span> <span class='ocrx_word' id='word_1_78' title='bbox 506 1245 714 1311; x_wconf 88' lang='lat' dir='ltr'><strong>anima,</strong></span> <span class='ocrx_word' id='word_1_79' title='bbox 754 1245 849 1300; x_wconf 87' lang='lat' dir='ltr'><strong>sed</strong></span> <span class='ocrx_word' id='word_1_80' title='bbox 889 1245 1055 1300; x_wconf 89' lang='lat' dir='ltr'><strong>etiam</strong></span> <span class='ocrx_word' id='word_1_81' title='bbox 1090 1244 1145 1299; x_wconf 92' lang='lat' dir='ltr'><strong>in</strong></span> <span class='ocrx_word' id='word_1_82' title='bbox 1170 1259 1421 1314; x_wconf 88' lang='lat' dir='ltr'><strong>corpore,</strong></span> <span class='ocrx_word' id='word_1_83' title='bbox 1463 1252 1519 1297; x_wconf 89' lang='lat' dir='ltr'><strong>et</strong></span> <span class='ocrx_word' id='word_1_84' title='bbox 1557 1243 1611 1297; x_wconf 91' lang='lat' dir='ltr'><strong>in</strong></span> <span class='ocrx_word' id='word_1_85' title='bbox 1647 1257 1766 1298; x_wconf 88' lang='lat' dir='ltr'><strong>om-</strong></span> 
     </span>
    </p>
   </div>
   <div class='ocr_carea' id='block_1_14' title="bbox 164 1333 1765 1406">
    <p class='ocr_par' dir='ltr' id='par_1_14' title="bbox 164 1333 1765 1406">
     <span class='ocr_line' id='line_1_14' title="bbox 164 1333 1765 1406; baseline -0.001 -16"><span class='ocrx_word' id='word_1_86' title='bbox 164 1336 337 1392; x_wconf 89' lang='lat' dir='ltr'><strong>nibus</strong></span> <span class='ocrx_word' id='word_1_87' title='bbox 364 1336 530 1393; x_wconf 83' lang='lat' dir='ltr'><strong>rebus</strong></span> <span class='ocrx_word' id='word_1_88' title='bbox 553 1336 672 1393; x_wconf 88' lang='lat' dir='ltr'><strong>suis</strong></span> <span class='ocrx_word' id='word_1_89' title='bbox 690 1336 984 1393; x_wconf 82' lang='lat' dir='ltr'><strong>vindictam</strong></span> <span class='ocrx_word' id='word_1_90' title='bbox 1006 1335 1396 1406; x_wconf 87' lang='lat' dir='ltr'><strong>omnipotentis</strong></span> <span class='ocrx_word' id='word_1_91' title='bbox 1422 1333 1517 1390; x_wconf 89' lang='lat' dir='ltr'><strong>Dei</strong></span> <span class='ocrx_word' id='word_1_92' title='bbox 1544 1335 1765 1399; x_wconf 87' lang='lat' dir='ltr'><strong>sentiat,</strong></span> 
     </span>
    </p>
   </div>
   <div class='ocr_carea' id='block_1_15' title="bbox 162 1427 1769 1500">
    <p class='ocr_par' dir='ltr' id='par_1_15' title="bbox 162 1427 1769 1500">
     <span class='ocr_line' id='line_1_15' title="bbox 162 1427 1769 1500; baseline 0 -19"><span class='ocrx_word' id='word_1_93' title='bbox 162 1436 219 1482; x_wconf 86' lang='lat' dir='ltr'><strong>et</strong></span> <span class='ocrx_word' id='word_1_94' title='bbox 244 1428 303 1481; x_wconf 94' lang='lat' dir='ltr'><strong>in</strong></span> <span class='ocrx_word' id='word_1_95' title='bbox 331 1428 487 1483; x_wconf 92' lang='lat' dir='ltr'><strong>omni</strong></span> <span class='ocrx_word' id='word_1_96' title='bbox 514 1429 909 1500; x_wconf 79' lang='lat' dir='ltr'><strong>congressione</strong></span> <span class='ocrx_word' id='word_1_97' title='bbox 932 1428 1057 1484; x_wconf 84' lang='lat' dir='ltr'><strong>belli</strong></span> <span class='ocrx_word' id='word_1_98' title='bbox 1083 1429 1262 1483; x_wconf 90' lang='lat' dir='ltr'><strong>nullas</strong></span> <span class='ocrx_word' id='word_1_99' title='bbox 1280 1428 1426 1484; x_wconf 84' lang='lat' dir='ltr'><strong>vires</strong></span> <span class='ocrx_word' id='word_1_100' title='bbox 1447 1427 1769 1498; x_wconf 89' lang='lat' dir='ltr'><strong>nullumque</strong></span> 
     </span>
    </p>
   </div>
   <div class='ocr_carea' id='block_1_16' title="bbox 164 1518 1766 1591">
    <p class='ocr_par' dir='ltr' id='par_1_16' title="bbox 164 1518 1766 1591">
     <span class='ocr_line' id='line_1_16' title="bbox 164 1518 1766 1591; baseline 0.001 -19"><span class='ocrx_word' id='word_1_101' title='bbox 164 1519 221 1573; x_wconf 91' lang='lat' dir='ltr'><strong>in</strong></span> <span class='ocrx_word' id='word_1_102' title='bbox 248 1520 369 1574; x_wconf 77' lang='lat' dir='ltr'><strong>vita</strong></span> <span class='ocrx_word' id='word_1_103' title='bbox 401 1536 501 1575; x_wconf 90' lang='lat' dir='ltr'><strong>sua</strong></span> <span class='ocrx_word' id='word_1_104' title='bbox 532 1520 878 1591; x_wconf 89' lang='lat' dir='ltr'><strong>triumphum</strong></span> <span class='ocrx_word' id='word_1_105' title='bbox 901 1521 1166 1585; x_wconf 85' lang='lat' dir='ltr'><strong>obtineat,</strong></span> <span class='ocrx_word' id='word_1_106' title='bbox 1205 1520 1300 1575; x_wconf 88' lang='lat' dir='ltr'><strong>sed</strong></span> <span class='ocrx_word' id='word_1_107' title='bbox 1331 1518 1536 1590; x_wconf 88' lang='lat' dir='ltr'><strong>duplici</strong></span> <span class='ocrx_word' id='word_1_108' title='bbox 1558 1519 1766 1576; x_wconf 87' lang='lat' dir='ltr'><strong>contri-</strong></span> 
     </span>
    </p>
   </div>
   <div class='ocr_carea' id='block_1_17' title="bbox 166 1608 1771 1682">
    <p class='ocr_par' dir='ltr' id='par_1_17' title="bbox 166 1608 1771 1682">
     <span class='ocr_line' id='line_1_17' title="bbox 166 1608 1771 1682; baseline 0.004 -22"><span class='ocrx_word' id='word_1_109' title='bbox 166 1608 320 1665; x_wconf 85' lang='lat' dir='ltr'><strong>tione</strong></span> <span class='ocrx_word' id='word_1_110' title='bbox 352 1619 665 1679; x_wconf 87' lang='lat' dir='ltr'><strong>prostratus</strong></span> <span class='ocrx_word' id='word_1_111' title='bbox 692 1626 908 1682; x_wconf 87' lang='lat' dir='ltr'><strong>semper</strong></span> <span class='ocrx_word' id='word_1_112' title='bbox 936 1610 1165 1666; x_wconf 86' lang='lat' dir='ltr'><strong>vilescat</strong></span> <span class='ocrx_word' id='word_1_113' title='bbox 1192 1619 1246 1666; x_wconf 91' lang='lat' dir='ltr'><strong>et</strong></span> <span class='ocrx_word' id='word_1_114' title='bbox 1281 1610 1671 1677; x_wconf 91' lang='lat' dir='ltr'><strong>confundatur,</strong></span> <span class='ocrx_word' id='word_1_115' title='bbox 1710 1622 1771 1667; x_wconf 91' lang='lat' dir='ltr'><strong>ut</strong></span> 
     </span>
    </p>
   </div>
   <div class='ocr_carea' id='block_1_18' title="bbox 164 1686 1768 1783">
    <p class='ocr_par' dir='ltr' id='par_1_18' title="bbox 164 1686 1768 1783">
     <span class='ocr_line' id='line_1_18' title="bbox 164 1686 1768 1783; baseline 0.003 -28"><span class='ocrx_word' id='word_1_116' title='bbox 164 1700 244 1755; x_wconf 90' lang='lat' dir='ltr'><strong>sic</strong></span> <span class='ocrx_word' id='word_1_117' title='bbox 272 1686 475 1783; x_wconf 79' lang='lat' dir='ltr'><strong>saltem</strong></span> <span class='ocrx_word' id='word_1_118' title='bbox 507 1702 578 1757; x_wconf 68' lang='lat' dir='ltr'><strong>ad</strong></span> <span class='ocrx_word' id='word_1_119' title='bbox 612 1703 989 1774; x_wconf 55' lang='lat' dir='ltr'><strong>penitentiam</strong></span> <span class='ocrx_word' id='word_1_120' title='bbox 1026 1703 1203 1759; x_wconf 91' lang='lat' dir='ltr'><strong>redire</strong></span> <span class='ocrx_word' id='word_1_121' title='bbox 1232 1703 1497 1759; x_wconf 87' lang='lat' dir='ltr'><strong>addiscat.</strong></span> <span class='ocrx_word' id='word_1_122' title='bbox 1522 1703 1768 1760; x_wconf 71' lang='lat' dir='ltr'><strong>Prmsen-</strong></span> 
     </span>
    </p>
   </div>
   <div class='ocr_carea' id='block_1_19' title="bbox 1867 509 3453 580">
    <p class='ocr_par' dir='ltr' id='par_1_19' title="bbox 1867 509 3453 580">
     <span class='ocr_line' id='line_1_19' title="bbox 1867 509 3453 580; baseline 0.001 -16"><span class='ocrx_word' id='word_1_123' title='bbox 1867 525 1973 580; x_wconf 90' lang='lat' dir='ltr'><strong>que</strong></span> <span class='ocrx_word' id='word_1_124' title='bbox 1997 509 2468 580; x_wconf 90' lang='lat' dir='ltr'><strong>responsionibus,</strong></span> <span class='ocrx_word' id='word_1_125' title='bbox 2498 519 2559 566; x_wconf 92' lang='lat' dir='ltr'><strong>ut</strong></span> <span class='ocrx_word' id='word_1_126' title='bbox 2581 526 2705 566; x_wconf 87' lang='lat' dir='ltr'><strong>eam</strong></span> <span class='ocrx_word' id='word_1_127' title='bbox 2737 511 3114 568; x_wconf 89' lang='lat' dir='ltr'><strong>certitudinem</strong></span> <span class='ocrx_word' id='word_1_128' title='bbox 3139 517 3194 567; x_wconf 87' lang='lat' dir='ltr'><strong>et</strong></span> <span class='ocrx_word' id='word_1_129' title='bbox 3223 522 3453 566; x_wconf 84' lang='lat' dir='ltr'><strong>consen-</strong></span> 
     </span>
    </p>
   </div>
   <div class='ocr_carea' id='block_1_20' title="bbox 1865 601 3448 677">
    <p class='ocr_par' dir='ltr' id='par_1_20' title="bbox 1865 601 3448 677">
     <span class='ocr_line' id='line_1_20' title="bbox 1865 601 3448 677; baseline -0.001 -19"><span class='ocrx_word' id='word_1_130' title='bbox 1865 618 1989 658; x_wconf 87' lang='lat' dir='ltr'><strong>sum</strong></span> <span class='ocrx_word' id='word_1_131' title='bbox 2021 601 2435 677; x_wconf 86' lang='lat' dir='ltr'><strong>invcniatis,ne</strong></span> <span class='ocrx_word' id='word_1_132' title='bbox 2457 602 2512 657; x_wconf 93' lang='lat' dir='ltr'><strong>in</strong></span> <span class='ocrx_word' id='word_1_133' title='bbox 2554 603 2835 675; x_wconf 84' lang='lat' dir='ltr'><strong>mittendis</strong></span> <span class='ocrx_word' id='word_1_134' title='bbox 2876 603 3066 674; x_wconf 78' lang='lat' dir='ltr'><strong>legatis</strong></span> <span class='ocrx_word' id='word_1_135' title='bbox 3094 602 3251 659; x_wconf 90' lang='lat' dir='ltr'><strong>nobis</strong></span> <span class='ocrx_word' id='word_1_136' title='bbox 3285 601 3448 658; x_wconf 84' lang='lat' dir='ltr'><strong>dubi-</strong></span> 
     </span>
    </p>
   </div>
   <div class='ocr_carea' id='block_1_21' title="bbox 1864 693 3451 761">
    <p class='ocr_par' dir='ltr' id='par_1_21' title="bbox 1864 693 3451 761">
     <span class='ocr_line' id='line_1_21' title="bbox 1864 693 3451 761; baseline 0 -11"><span class='ocrx_word' id='word_1_137' title='bbox 1864 694 2090 751; x_wconf 88' lang='lat' dir='ltr'><strong>tandum</strong></span> <span class='ocrx_word' id='word_1_138' title='bbox 2135 709 2244 749; x_wconf 90' lang='lat' dir='ltr'><strong>non</strong></span> <span class='ocrx_word' id='word_1_139' title='bbox 2296 694 2387 761; x_wconf 88' lang='lat' dir='ltr'><strong>sit,</strong></span> <span class='ocrx_word' id='word_1_140' title='bbox 2429 695 2693 751; x_wconf 89' lang='lat' dir='ltr'><strong>ordinatis</strong></span> <span class='ocrx_word' id='word_1_141' title='bbox 2734 705 2788 751; x_wconf 90' lang='lat' dir='ltr'><strong>et</strong></span> <span class='ocrx_word' id='word_1_142' title='bbox 2831 694 3168 751; x_wconf 79' lang='lat' dir='ltr'><strong>confirmatis</strong></span> <span class='ocrx_word' id='word_1_143' title='bbox 3193 693 3451 750; x_wconf 87' lang='lat' dir='ltr'><strong>omnibus</strong></span> 
     </span>
    </p>
   </div>
   <div class='ocr_carea' id='block_1_22' title="bbox 1864 786 3446 860">
    <p class='ocr_par' dir='ltr' id='par_1_22' title="bbox 1864 786 3446 860">
     <span class='ocr_line' id='line_1_22' title="bbox 1864 786 3446 860; baseline -0.003 -18"><span class='ocrx_word' id='word_1_144' title='bbox 1864 803 1988 860; x_wconf 70' lang='lat' dir='ltr'><strong>qua:</strong></span> <span class='ocrx_word' id='word_1_145' title='bbox 2016 786 2085 842; x_wconf 92' lang='lat' dir='ltr'><strong>ad</strong></span> <span class='ocrx_word' id='word_1_146' title='bbox 2107 788 2545 857; x_wconf 90' lang='lat' dir='ltr'><strong>prosequendum</strong></span> <span class='ocrx_word' id='word_1_147' title='bbox 2568 788 2672 844; x_wconf 92' lang='lat' dir='ltr'><strong>hoc</strong></span> <span class='ocrx_word' id='word_1_148' title='bbox 2701 787 2977 859; x_wconf 78' lang='lat' dir='ltr'><strong>negotium</strong></span> <span class='ocrx_word' id='word_1_149' title='bbox 3008 786 3148 853; x_wconf 89' lang='lat' dir='ltr'><strong>loco,</strong></span> <span class='ocrx_word' id='word_1_150' title='bbox 3184 793 3446 854; x_wconf 85' lang='lat' dir='ltr'><strong>tempore,</strong></span> 
     </span>
    </p>
   </div>
   <div class='ocr_carea' id='block_1_23' title="bbox 1867 878 3449 948">
    <p class='ocr_par' dir='ltr' id='par_1_23' title="bbox 1867 878 3449 948">
     <span class='ocr_line' id='line_1_23' title="bbox 1867 878 3449 948; baseline -0.002 -12"><span class='ocrx_word' id='word_1_151' title='bbox 1867 882 1951 936; x_wconf 87' lang='lat' dir='ltr'><strong>vel</strong></span> <span class='ocrx_word' id='word_1_152' title='bbox 1973 881 2185 938; x_wconf 66' lang='lat' dir='ltr'><strong>caneris</strong></span> <span class='ocrx_word' id='word_1_153' title='bbox 2212 882 2606 938; x_wconf 78' lang='lat' dir='ltr'><strong>conveniendis</strong></span> <span class='ocrx_word' id='word_1_154' title='bbox 2648 881 2957 938; x_wconf 89' lang='lat' dir='ltr'><strong>necessaria</strong></span> <span class='ocrx_word' id='word_1_155' title='bbox 3004 887 3155 948; x_wconf 89' lang='lat' dir='ltr'><strong>sunt,</strong></span> <span class='ocrx_word' id='word_1_156' title='bbox 3192 878 3449 933; x_wconf 87' lang='lat' dir='ltr'><strong>volumus</strong></span> 
     </span>
    </p>
   </div>
   <div class='ocr_carea' id='block_1_24' title="bbox 1868 971 3449 1046">
    <p class='ocr_par' dir='ltr' id='par_1_24' title="bbox 1868 971 3449 1046">
     <span class='ocr_line' id='line_1_24' title="bbox 1868 971 3449 1046; baseline -0.003 -16"><span class='ocrx_word' id='word_1_157' title='bbox 1868 984 1928 1030; x_wconf 92' lang='lat' dir='ltr'><strong>ut</strong></span> <span class='ocrx_word' id='word_1_158' title='bbox 1954 984 2011 1029; x_wconf 90' lang='lat' dir='ltr'><strong>tu</strong></span> <span class='ocrx_word' id='word_1_159' title='bbox 2045 984 2100 1030; x_wconf 92' lang='lat' dir='ltr'><strong>et</strong></span> <span class='ocrx_word' id='word_1_160' title='bbox 2122 972 2287 1030; x_wconf 80' lang='lat' dir='ltr'><strong>frater</strong></span> <span class='ocrx_word' id='word_1_161' title='bbox 2311 973 2402 1030; x_wconf 90' lang='lat' dir='ltr'><strong>ille</strong></span> <span class='ocrx_word' id='word_1_162' title='bbox 2421 975 2516 1046; x_wconf 85' lang='lat' dir='ltr'><strong>qui</strong></span> <span class='ocrx_word' id='word_1_163' title='bbox 2540 982 2719 1029; x_wconf 89' lang='lat' dir='ltr'><strong>tecum</strong></span> <span class='ocrx_word' id='word_1_164' title='bbox 2744 974 2909 1045; x_wconf 87' lang='lat' dir='ltr'><strong>hujus</strong></span> <span class='ocrx_word' id='word_1_165' title='bbox 2931 972 3010 1028; x_wconf 90' lang='lat' dir='ltr'><strong>rei</strong></span> <span class='ocrx_word' id='word_1_166' title='bbox 3037 971 3304 1027; x_wconf 87' lang='lat' dir='ltr'><strong>mediator</strong></span> <span class='ocrx_word' id='word_1_167' title='bbox 3327 985 3449 1026; x_wconf 83' lang='lat' dir='ltr'><strong>esse</strong></span> 
     </span>
    </p>
   </div>
   <div class='ocr_carea' id='block_1_25' title="bbox 1866 1064 3448 1135">
    <p class='ocr_par' dir='ltr' id='par_1_25' title="bbox 1866 1064 3448 1135">
     <span class='ocr_line' id='line_1_25' title="bbox 1866 1064 3448 1135; baseline -0.004 -13"><span class='ocrx_word' id='word_1_168' title='bbox 1866 1067 2131 1133; x_wconf 86' lang='lat' dir='ltr'><strong>debuerit,</strong></span> <span class='ocrx_word' id='word_1_169' title='bbox 2160 1064 2448 1121; x_wconf 80' lang='lat' dir='ltr'><strong>confestim</strong></span> <span class='ocrx_word' id='word_1_170' title='bbox 2486 1066 2555 1123; x_wconf 89' lang='lat' dir='ltr'><strong>ad</strong></span> <span class='ocrx_word' id='word_1_171' title='bbox 2588 1081 2689 1121; x_wconf 92' lang='lat' dir='ltr'><strong>nos</strong></span> <span class='ocrx_word' id='word_1_172' title='bbox 2725 1065 2958 1120; x_wconf 87' lang='lat' dir='ltr'><strong>veniatis</strong></span> <span class='ocrx_word' id='word_1_173' title='bbox 2992 1080 3005 1118; x_wconf 91' lang='lat'><strong>:</strong></span> <span class='ocrx_word' id='word_1_174' title='bbox 3042 1071 3314 1135; x_wconf 87' lang='lat' dir='ltr'><strong>quatenus</strong></span> <span class='ocrx_word' id='word_1_175' title='bbox 3352 1075 3448 1116; x_wconf 87' lang='lat' dir='ltr'><strong>co-</strong></span> 
     </span>
    </p>
   </div>
   <div class='ocr_carea' id='block_1_26' title="bbox 1867 1154 3448 1231">
    <p class='ocr_par' dir='ltr' id='par_1_26' title="bbox 1867 1154 3448 1231">
     <span class='ocr_line' id='line_1_26' title="bbox 1867 1154 3448 1231; baseline -0.004 -18"><span class='ocrx_word' id='word_1_176' title='bbox 1867 1159 2033 1231; x_wconf 91' lang='lat' dir='ltr'><strong>gnitis</strong></span> <span class='ocrx_word' id='word_1_177' title='bbox 2057 1158 2465 1225; x_wconf 85' lang='lat' dir='ltr'><strong>securitatibus,</strong></span> <span class='ocrx_word' id='word_1_178' title='bbox 2496 1168 2551 1214; x_wconf 90' lang='lat' dir='ltr'><strong>et</strong></span> <span class='ocrx_word' id='word_1_179' title='bbox 2574 1174 2698 1228; x_wconf 77' lang='lat' dir='ltr'><strong>qua:</strong></span> <span class='ocrx_word' id='word_1_180' title='bbox 2745 1173 2870 1228; x_wconf 90' lang='lat' dir='ltr'><strong>spes</strong></span> <span class='ocrx_word' id='word_1_181' title='bbox 2900 1156 3051 1227; x_wconf 88' lang='lat' dir='ltr'><strong>pacis</strong></span> <span class='ocrx_word' id='word_1_182' title='bbox 3088 1170 3209 1211; x_wconf 88' lang='lat' dir='ltr'><strong>esse</strong></span> <span class='ocrx_word' id='word_1_183' title='bbox 3232 1154 3448 1221; x_wconf 85' lang='lat' dir='ltr'><strong>debeat,</strong></span> 
     </span>
    </p>
   </div>
   <div class='ocr_carea' id='block_1_27' title="bbox 1867 1245 3451 1323">
    <p class='ocr_par' dir='ltr' id='par_1_27' title="bbox 1867 1245 3451 1323">
     <span class='ocr_line' id='line_1_27' title="bbox 1867 1245 3451 1323; baseline -0.006 -17"><span class='ocrx_word' id='word_1_184' title='bbox 1867 1253 2071 1323; x_wconf 81' lang='lat' dir='ltr'><strong>legatos</strong></span> <span class='ocrx_word' id='word_1_185' title='bbox 2109 1259 2327 1306; x_wconf 86' lang='lat' dir='ltr'><strong>nostros</strong></span> <span class='ocrx_word' id='word_1_186' title='bbox 2357 1259 2469 1306; x_wconf 91' lang='lat' dir='ltr'><strong>tam</strong></span> <span class='ocrx_word' id='word_1_187' title='bbox 2504 1250 2622 1305; x_wconf 90' lang='lat' dir='ltr'><strong>sine</strong></span> <span class='ocrx_word' id='word_1_188' title='bbox 2645 1248 2887 1319; x_wconf 84' lang='lat' dir='ltr'><strong>periculo</strong></span> <span class='ocrx_word' id='word_1_189' title='bbox 2909 1262 3073 1319; x_wconf 91' lang='lat' dir='ltr'><strong>quam</strong></span> <span class='ocrx_word' id='word_1_190' title='bbox 3115 1245 3233 1301; x_wconf 88' lang='lat' dir='ltr'><strong>sine</strong></span> <span class='ocrx_word' id='word_1_191' title='bbox 3259 1245 3451 1313; x_wconf 78' lang='lat' dir='ltr'><strong>despe-</strong></span> 
     </span>
    </p>
   </div>
   <div class='ocr_carea' id='block_1_28' title="bbox 1868 1336 3450 1412">
    <p class='ocr_par' dir='ltr' id='par_1_28' title="bbox 1868 1336 3450 1412">
     <span class='ocr_line' id='line_1_28' title="bbox 1868 1336 3450 1412; baseline -0.006 -14"><span class='ocrx_word' id='word_1_192' title='bbox 1868 1344 2079 1399; x_wconf 85' lang='lat' dir='ltr'><strong>ratione</strong></span> <span class='ocrx_word' id='word_1_193' title='bbox 2113 1343 2327 1398; x_wconf 84' lang='lat' dir='ltr'><strong>fructus</strong></span> <span class='ocrx_word' id='word_1_194' title='bbox 2355 1337 2561 1397; x_wconf 80' lang='lat' dir='ltr'><strong>laboris</strong></span> <span class='ocrx_word' id='word_1_195' title='bbox 2595 1350 2649 1395; x_wconf 92' lang='lat' dir='ltr'><strong>et</strong></span> <span class='ocrx_word' id='word_1_196' title='bbox 2679 1338 3013 1412; x_wconf 76' lang='lat' dir='ltr'><strong>fatigationis</strong></span> <span class='ocrx_word' id='word_1_197' title='bbox 3034 1352 3226 1392; x_wconf 90' lang='lat' dir='ltr'><strong>eorum</strong></span> <span class='ocrx_word' id='word_1_198' title='bbox 3264 1336 3450 1391; x_wconf 83' lang='lat' dir='ltr'><strong>vobis-</strong></span> 
     </span>
    </p>
   </div>
   <div class='ocr_carea' id='block_1_29' title="bbox 1867 1428 3449 1496">
    <p class='ocr_par' dir='ltr' id='par_1_29' title="bbox 1867 1428 3449 1496">
     <span class='ocr_line' id='line_1_29' title="bbox 1867 1428 3449 1496; baseline -0.005 -5"><span class='ocrx_word' id='word_1_199' title='bbox 1867 1451 1993 1491; x_wconf 89' lang='lat' dir='ltr'><strong>cum</strong></span> <span class='ocrx_word' id='word_1_200' title='bbox 2030 1437 2244 1491; x_wconf 88' lang='lat' dir='ltr'><strong>mittere</strong></span> <span class='ocrx_word' id='word_1_201' title='bbox 2276 1434 2575 1490; x_wconf 87' lang='lat' dir='ltr'><strong>valeamus.</strong></span> <span class='ocrx_word' id='word_1_202' title='bbox 2618 1431 2729 1488; x_wconf 86' lang='lat' dir='ltr'><strong>Nec</strong></span> <span class='ocrx_word' id='word_1_203' title='bbox 2754 1433 2953 1487; x_wconf 86' lang='lat' dir='ltr'><strong>durum</strong></span> <span class='ocrx_word' id='word_1_204' title='bbox 2999 1431 3095 1486; x_wconf 89' lang='lat' dir='ltr'><strong>tibi</strong></span> <span class='ocrx_word' id='word_1_205' title='bbox 3126 1431 3217 1496; x_wconf 88' lang='lat' dir='ltr'><strong>sit,</strong></span> <span class='ocrx_word' id='word_1_206' title='bbox 3260 1428 3449 1495; x_wconf 83' lang='lat' dir='ltr'><strong>frater,</strong></span> 
     </span>
    </p>
   </div>
   <div class='ocr_carea' id='block_1_30' title="bbox 1867 1519 3452 1597">
    <p class='ocr_par' dir='ltr' id='par_1_30' title="bbox 1867 1519 3452 1597">
     <span class='ocr_line' id='line_1_30' title="bbox 1867 1519 3452 1597; baseline -0.005 -16"><span class='ocrx_word' id='word_1_207' title='bbox 1867 1526 2051 1581; x_wconf 89' lang='lat' dir='ltr'><strong>subire</strong></span> <span class='ocrx_word' id='word_1_208' title='bbox 2081 1526 2229 1597; x_wconf 90' lang='lat' dir='ltr'><strong>quod</strong></span> <span class='ocrx_word' id='word_1_209' title='bbox 2264 1525 2627 1597; x_wconf 89' lang='lat' dir='ltr'><strong>imponimus;</strong></span> <span class='ocrx_word' id='word_1_210' title='bbox 2651 1524 2911 1595; x_wconf 91' lang='lat' dir='ltr'><strong>quoniam</strong></span> <span class='ocrx_word' id='word_1_211' title='bbox 2951 1537 3019 1578; x_wconf 70' lang='lat' dir='ltr'><strong>ex</strong></span> <span class='ocrx_word' id='word_1_212' title='bbox 3045 1537 3156 1592; x_wconf 91' lang='lat' dir='ltr'><strong>quo</strong></span> <span class='ocrx_word' id='word_1_213' title='bbox 3178 1520 3234 1577; x_wconf 90' lang='lat' dir='ltr'><strong>in</strong></span> <span class='ocrx_word' id='word_1_214' title='bbox 3262 1519 3452 1574; x_wconf 86' lang='lat' dir='ltr'><strong>Eccle-</strong></span> 
     </span>
    </p>
   </div>
   <div class='ocr_carea' id='block_1_31' title="bbox 1867 1609 3453 1685">
    <p class='ocr_par' dir='ltr' id='par_1_31' title="bbox 1867 1609 3453 1685">
     <span class='ocr_line' id='line_1_31' title="bbox 1867 1609 3453 1685; baseline -0.003 -13"><span class='ocrx_word' id='word_1_215' title='bbox 1867 1618 1949 1673; x_wconf 89' lang='lat' dir='ltr'><strong>sia</strong></span> <span class='ocrx_word' id='word_1_216' title='bbox 1972 1618 2153 1673; x_wconf 91' lang='lat' dir='ltr'><strong>locum</strong></span> <span class='ocrx_word' id='word_1_217' title='bbox 2192 1618 2480 1675; x_wconf 88' lang='lat' dir='ltr'><strong>sacerdotii</strong></span> <span class='ocrx_word' id='word_1_218' title='bbox 2507 1627 2561 1673; x_wconf 88' lang='lat' dir='ltr'><strong>et</strong></span> <span class='ocrx_word' id='word_1_219' title='bbox 2581 1616 2817 1673; x_wconf 85' lang='lat' dir='ltr'><strong>cilicium</strong></span> <span class='ocrx_word' id='word_1_220' title='bbox 2847 1614 3159 1685; x_wconf 90' lang='lat' dir='ltr'><strong>suscepisti,</strong></span> <span class='ocrx_word' id='word_1_221' title='bbox 3185 1611 3321 1666; x_wconf 90' lang='lat' dir='ltr'><strong>nihil</strong></span> <span class='ocrx_word' id='word_1_222' title='bbox 3341 1609 3453 1667; x_wconf 89' lang='lat' dir='ltr'><strong>Deo</strong></span> 
     </span>
    </p>
   </div>
   <div class='ocr_carea' id='block_1_32' title="bbox 1869 1701 3448 1780">
    <p class='ocr_par' dir='ltr' id='par_1_32' title="bbox 1869 1701 3448 1780">
     <span class='ocr_line' id='line_1_32' title="bbox 1869 1701 3448 1780; baseline -0.004 -17"><span class='ocrx_word' id='word_1_223' title='bbox 1869 1709 2090 1780; x_wconf 78' lang='lat' dir='ltr'><strong>dignius</strong></span> <span class='ocrx_word' id='word_1_224' title='bbox 2114 1718 2209 1765; x_wconf 86' lang='lat' dir='ltr'><strong>aut</strong></span> <span class='ocrx_word' id='word_1_225' title='bbox 2233 1710 2431 1765; x_wconf 67' lang='lat' dir='ltr'><strong>animae</strong></span> <span class='ocrx_word' id='word_1_226' title='bbox 2453 1718 2560 1763; x_wconf 65' lang='lat' dir='ltr'><strong>tuae</strong></span> <span class='ocrx_word' id='word_1_227' title='bbox 2588 1707 2866 1763; x_wconf 89' lang='lat' dir='ltr'><strong>salubrius</strong></span> <span class='ocrx_word' id='word_1_228' title='bbox 2894 1702 3091 1771; x_wconf 87' lang='lat' dir='ltr'><strong>fecisti,</strong></span> <span class='ocrx_word' id='word_1_229' title='bbox 3122 1719 3288 1775; x_wconf 89' lang='lat' dir='ltr'><strong>quam</strong></span> <span class='ocrx_word' id='word_1_230' title='bbox 3319 1701 3367 1757; x_wconf 89' lang='lat' dir='ltr'><strong>si</strong></span> <span class='ocrx_word' id='word_1_231' title='bbox 3392 1701 3448 1756; x_wconf 91' lang='lat' dir='ltr'><strong>in</strong></span> 
     </span>
    </p>
   </div>
   <div class='ocr_carea' id='block_1_33' title="bbox 165 1779 3531 1873">
    <p class='ocr_par' dir='ltr' id='par_1_33' title="bbox 165 1779 3531 1873">
     <span class='ocr_line' id='line_1_33' title="bbox 165 1779 3531 1873; baseline 0.001 -30"><span class='ocrx_word' id='word_1_232' title='bbox 165 1791 303 1845; x_wconf 88' lang='lat' dir='ltr'><strong>tium</strong></span> <span class='ocrx_word' id='word_1_233' title='bbox 340 1780 497 1848; x_wconf 63' lang='lat' dir='ltr'><strong>vero</strong></span> <span class='ocrx_word' id='word_1_234' title='bbox 540 1794 863 1865; x_wconf 84' lang='lat' dir='ltr'><strong>portitorem</strong></span> <span class='ocrx_word' id='word_1_235' title='bbox 899 1796 967 1850; x_wconf 90' lang='lat' dir='ltr'><strong>ad</strong></span> <span class='ocrx_word' id='word_1_236' title='bbox 1018 1796 1124 1851; x_wconf 89' lang='lat' dir='ltr'><strong>hoc</strong></span> <span class='ocrx_word' id='word_1_237' title='bbox 1153 1796 1310 1851; x_wconf 84' lang='lat' dir='ltr'><strong>vobis</strong></span> <span class='ocrx_word' id='word_1_238' title='bbox 1354 1796 1676 1866; x_wconf 89' lang='lat' dir='ltr'><strong>dirigimus,</strong></span> <span class='ocrx_word' id='word_1_239' title='bbox 1712 1806 1771 1852; x_wconf 91' lang='lat' dir='ltr'><strong>ut</strong></span> <span class='ocrx_word' id='word_1_240' title='bbox 1804 1779 1845 1833; x_wconf 72' lang='grc' dir='ltr'><strong>Β</strong></span> <span class='ocrx_word' id='word_1_241' title='bbox 1873 1779 1976 1855; x_wconf 87' lang='lat' dir='ltr'><strong>hac</strong></span> <span class='ocrx_word' id='word_1_242' title='bbox 2005 1818 2063 1856; x_wconf 92' lang='lat' dir='ltr'><strong>re</strong></span> <span class='ocrx_word' id='word_1_243' title='bbox 2086 1801 2386 1873; x_wconf 86' lang='lat' dir='ltr'><strong>nequitiam</strong></span> <span class='ocrx_word' id='word_1_244' title='bbox 2413 1799 2695 1856; x_wconf 70' lang='lat' dir='ltr'><strong>diabolicae</strong></span> <span class='ocrx_word' id='word_1_245' title='bbox 2724 1797 2933 1853; x_wconf 88' lang='lat' dir='ltr'><strong>fraudis</strong></span> <span class='ocrx_word' id='word_1_246' title='bbox 2954 1796 3176 1861; x_wconf 88' lang='lat' dir='ltr'><strong>elidere,</strong></span> <span class='ocrx_word' id='word_1_247' title='bbox 3206 1802 3261 1850; x_wconf 89' lang='lat' dir='ltr'><strong>et</strong></span> <span class='ocrx_word' id='word_1_248' title='bbox 3288 1792 3452 1849; x_wconf 89' lang='lat' dir='ltr'><strong>saluti</strong></span> <span class='ocrx_word' id='word_1_249' title='bbox 3528 1824 3531 1827; x_wconf 97' lang='lat'><strong><em>-</em></strong></span> 
     </span>
    </p>
   </div>
   <div class='ocr_carea' id='block_1_34' title="bbox 166 1885 1768 1944">
    <p class='ocr_par' dir='ltr' id='par_1_34' title="bbox 166 1885 1768 1944">
     <span class='ocr_line' id='line_1_34' title="bbox 166 1885 1768 1944; baseline 0.005 -8"><span class='ocrx_word' id='word_1_250' title='bbox 166 1898 272 1937; x_wconf 89' lang='lat' dir='ltr'><strong>una</strong></span> <span class='ocrx_word' id='word_1_251' title='bbox 306 1900 439 1939; x_wconf 90' lang='lat' dir='ltr'><strong>cum</strong></span> <span class='ocrx_word' id='word_1_252' title='bbox 468 1887 770 1941; x_wconf 86' lang='lat' dir='ltr'><strong>venerabili</strong></span> <span class='ocrx_word' id='word_1_253' title='bbox 795 1885 965 1943; x_wconf 85' lang='lat' dir='ltr'><strong>fratre</strong></span> <span class='ocrx_word' id='word_1_254' title='bbox 997 1896 1190 1943; x_wconf 89' lang='lat' dir='ltr'><strong>nostro</strong></span> <span class='ocrx_word' id='word_1_255' title='bbox 1212 1886 1536 1944; x_wconf 87' lang='lat' dir='ltr'><strong>Treverensi</strong></span> <span class='ocrx_word' id='word_1_256' title='bbox 1586 1889 1768 1944; x_wconf 87' lang='lat' dir='ltr'><strong>archi-</strong></span> 
     </span>
    </p>
   </div>
   <div class='ocr_carea' id='block_1_35' title="bbox 166 1973 1770 2052">
    <p class='ocr_par' dir='ltr' id='par_1_35' title="bbox 166 1973 1770 2052">
     <span class='ocr_line' id='line_1_35' title="bbox 166 1973 1770 2052; baseline 0.005 -23"><span class='ocrx_word' id='word_1_257' title='bbox 166 1973 457 2046; x_wconf 88' lang='lat' dir='ltr'><strong>episcopo,</strong></span> <span class='ocrx_word' id='word_1_258' title='bbox 487 1978 589 2047; x_wconf 88' lang='lat' dir='ltr'><strong>qui</strong></span> <span class='ocrx_word' id='word_1_259' title='bbox 636 1975 873 2034; x_wconf 83' lang='lat' dir='ltr'><strong>Henrico</strong></span> <span class='ocrx_word' id='word_1_260' title='bbox 907 1978 1083 2046; x_wconf 89' lang='lat' dir='ltr'><strong>favet,</strong></span> <span class='ocrx_word' id='word_1_261' title='bbox 1116 1988 1170 2034; x_wconf 91' lang='lat' dir='ltr'><strong>et</strong></span> <span class='ocrx_word' id='word_1_262' title='bbox 1192 1979 1385 2047; x_wconf 88' lang='lat' dir='ltr'><strong>altero,</strong></span> <span class='ocrx_word' id='word_1_263' title='bbox 1414 1980 1509 2052; x_wconf 91' lang='lat' dir='ltr'><strong>qui</strong></span> <span class='ocrx_word' id='word_1_264' title='bbox 1534 1980 1685 2036; x_wconf 88' lang='lat' dir='ltr'><strong>utilis</strong></span> <span class='ocrx_word' id='word_1_265' title='bbox 1715 1989 1770 2037; x_wconf 89' lang='lat' dir='ltr'><strong>et</strong></span> 
     </span>
    </p>
   </div>
   <div class='ocr_carea' id='block_1_36' title="bbox 170 2067 1770 2145">
    <p class='ocr_par' dir='ltr' id='par_1_36' title="bbox 170 2067 1770 2145">
     <span class='ocr_line' id='line_1_36' title="bbox 170 2067 1770 2145; baseline 0.006 -25"><span class='ocrx_word' id='word_1_266' title='bbox 170 2067 468 2138; x_wconf 83' lang='lat' dir='ltr'><strong>religiosus</strong></span> <span class='ocrx_word' id='word_1_267' title='bbox 510 2070 580 2125; x_wconf 90' lang='lat' dir='ltr'><strong>ad</strong></span> <span class='ocrx_word' id='word_1_268' title='bbox 608 2070 715 2126; x_wconf 88' lang='lat' dir='ltr'><strong>hoc</strong></span> <span class='ocrx_word' id='word_1_269' title='bbox 741 2071 813 2127; x_wconf 87' lang='lat' dir='ltr'><strong>sit</strong></span> <span class='ocrx_word' id='word_1_270' title='bbox 859 2087 1001 2142; x_wconf 83' lang='lat' dir='ltr'><strong>opus</strong></span> <span class='ocrx_word' id='word_1_271' title='bbox 1033 2072 1346 2143; x_wconf 82' lang='lat' dir='ltr'><strong>episcOpus,</strong></span> <span class='ocrx_word' id='word_1_272' title='bbox 1370 2087 1438 2128; x_wconf 80' lang='lat' dir='ltr'><strong>ex</strong></span> <span class='ocrx_word' id='word_1_273' title='bbox 1468 2081 1623 2145; x_wconf 89' lang='lat' dir='ltr'><strong>parte</strong></span> <span class='ocrx_word' id='word_1_274' title='bbox 1657 2072 1770 2129; x_wconf 84' lang='lat' dir='ltr'><strong>Ro-</strong></span> 
     </span>
    </p>
   </div>
   <div class='ocr_carea' id='block_1_37' title="bbox 169 2158 1767 2235">
    <p class='ocr_par' dir='ltr' id='par_1_37' title="bbox 169 2158 1767 2235">
     <span class='ocr_line' id='line_1_37' title="bbox 169 2158 1767 2235; baseline 0.006 -22"><span class='ocrx_word' id='word_1_275' title='bbox 169 2158 363 2231; x_wconf 88' lang='lat' dir='ltr'><strong>dulphi</strong></span> <span class='ocrx_word' id='word_1_276' title='bbox 387 2160 575 2217; x_wconf 91' lang='lat' dir='ltr'><strong>locum</strong></span> <span class='ocrx_word' id='word_1_277' title='bbox 596 2172 652 2218; x_wconf 89' lang='lat' dir='ltr'><strong>et</strong></span> <span class='ocrx_word' id='word_1_278' title='bbox 669 2172 887 2233; x_wconf 84' lang='lat' dir='ltr'><strong>tempus</strong></span> <span class='ocrx_word' id='word_1_279' title='bbox 909 2164 1150 2234; x_wconf 63' lang='lat' dir='ltr'><strong>praedicti</strong></span> <span class='ocrx_word' id='word_1_280' title='bbox 1165 2174 1470 2221; x_wconf 82' lang='lat' dir='ltr'><strong>conventus</strong></span> <span class='ocrx_word' id='word_1_281' title='bbox 1492 2175 1767 2235; x_wconf 87' lang='lat' dir='ltr'><strong>statuant;</strong></span> 
     </span>
    </p>
   </div>
   <div class='ocr_carea' id='block_1_38' title="bbox 171 2255 1769 2328">
    <p class='ocr_par' dir='ltr' id='par_1_38' title="bbox 171 2255 1769 2328">
     <span class='ocr_line' id='line_1_38' title="bbox 171 2255 1769 2328; baseline 0.006 -22"><span class='ocrx_word' id='word_1_282' title='bbox 171 2262 445 2325; x_wconf 87' lang='lat' dir='ltr'><strong>quatenus</strong></span> <span class='ocrx_word' id='word_1_283' title='bbox 491 2255 657 2327; x_wconf 86' lang='lat' dir='ltr'><strong>legati</strong></span> <span class='ocrx_word' id='word_1_284' title='bbox 710 2257 904 2324; x_wconf 89' lang='lat' dir='ltr'><strong>nostri,</strong></span> <span class='ocrx_word' id='word_1_285' title='bbox 931 2272 1074 2327; x_wconf 90' lang='lat' dir='ltr'><strong>quos</strong></span> <span class='ocrx_word' id='word_1_286' title='bbox 1107 2256 1319 2328; x_wconf 65' lang='lat' dir='ltr'><strong>prmfati</strong></span> <span class='ocrx_word' id='word_1_287' title='bbox 1370 2274 1585 2327; x_wconf 90' lang='lat' dir='ltr'><strong>sumus,</strong></span> <span class='ocrx_word' id='word_1_288' title='bbox 1611 2276 1769 2316; x_wconf 88' lang='lat' dir='ltr'><strong>secu-</strong></span> 
     </span>
    </p>
   </div>
   <div class='ocr_carea' id='block_1_39' title="bbox 173 2347 1769 2425">
    <p class='ocr_par' dir='ltr' id='par_1_39' title="bbox 173 2347 1769 2425">
     <span class='ocr_line' id='line_1_39' title="bbox 173 2347 1769 2425; baseline 0.005 -24"><span class='ocrx_word' id='word_1_289' title='bbox 173 2347 286 2405; x_wconf 90' lang='lat' dir='ltr'><strong>rius</strong></span> <span class='ocrx_word' id='word_1_290' title='bbox 324 2357 383 2403; x_wconf 92' lang='lat' dir='ltr'><strong>et</strong></span> <span class='ocrx_word' id='word_1_291' title='bbox 410 2351 619 2408; x_wconf 85' lang='lat' dir='ltr'><strong>certqu</strong></span> <span class='ocrx_word' id='word_1_292' title='bbox 645 2350 715 2407; x_wconf 80' lang='lat' dir='ltr'><strong>ad</strong></span> <span class='ocrx_word' id='word_1_293' title='bbox 744 2366 844 2407; x_wconf 82' lang='lat' dir='ltr'><strong>vos</strong></span> <span class='ocrx_word' id='word_1_294' title='bbox 870 2353 1091 2420; x_wconf 85' lang='lat' dir='ltr'><strong>venire,</strong></span> <span class='ocrx_word' id='word_1_295' title='bbox 1125 2362 1180 2409; x_wconf 89' lang='lat' dir='ltr'><strong>et</strong></span> <span class='ocrx_word' id='word_1_296' title='bbox 1231 2369 1355 2424; x_wconf 84' lang='lat' dir='ltr'><strong>quae</strong></span> <span class='ocrx_word' id='word_1_297' title='bbox 1407 2355 1769 2425; x_wconf 87' lang='lat' dir='ltr'><strong>omnipotenti</strong></span> 
     </span>
    </p>
   </div>
   <div class='ocr_carea' id='block_1_40' title="bbox 174 2434 1768 2515">
    <p class='ocr_par' dir='ltr' id='par_1_40' title="bbox 174 2434 1768 2515">
     <span class='ocr_line' id='line_1_40' title="bbox 174 2434 1768 2515; baseline 0.005 -25"><span class='ocrx_word' id='word_1_298' title='bbox 174 2434 282 2490; x_wconf 89' lang='lat' dir='ltr'><strong>Deo</strong></span> <span class='ocrx_word' id='word_1_299' title='bbox 313 2436 590 2507; x_wconf 87' lang='lat' dir='ltr'><strong>placeant,</strong></span> <span class='ocrx_word' id='word_1_300' title='bbox 616 2440 738 2512; x_wconf 87' lang='lat' dir='ltr'><strong>ipso</strong></span> <span class='ocrx_word' id='word_1_301' title='bbox 762 2441 1078 2510; x_wconf 73' lang='lat' dir='ltr'><strong>auxiliante,</strong></span> <span class='ocrx_word' id='word_1_302' title='bbox 1104 2442 1391 2499; x_wconf 87' lang='lat' dir='ltr'><strong>vobiscum</strong></span> <span class='ocrx_word' id='word_1_303' title='bbox 1416 2442 1631 2499; x_wconf 88' lang='lat' dir='ltr'><strong>valeant</strong></span> <span class='ocrx_word' id='word_1_304' title='bbox 1644 2458 1768 2515; x_wconf 83' lang='lat' dir='ltr'><strong>per—</strong></span> 
     </span>
    </p>
   </div>
   <div class='ocr_carea' id='block_1_41' title="bbox 175 2525 356 2582">
    <p class='ocr_par' dir='ltr' id='par_1_41' title="bbox 175 2525 356 2582">
     <span class='ocr_line' id='line_1_41' title="bbox 175 2525 356 2582; baseline 0.006 -2"><span class='ocrx_word' id='word_1_305' title='bbox 175 2525 356 2582; x_wconf 76' lang='lat' dir='ltr'><strong>ficere.</strong></span> 
     </span>
    </p>
   </div>
   <div class='ocr_carea' id='block_1_42' title="bbox 240 2618 1761 2696">
    <p class='ocr_par' dir='ltr' id='par_1_42' title="bbox 240 2618 1761 2696">
     <span class='ocr_line' id='line_1_42' title="bbox 240 2618 1761 2696; baseline 0.005 -24"><span class='ocrx_word' id='word_1_306' title='bbox 240 2618 371 2675; x_wconf 85' lang='lat' dir='ltr'><strong>Data</strong></span> <span class='ocrx_word' id='word_1_307' title='bbox 401 2618 599 2676; x_wconf 67' lang='lat' dir='ltr'><strong>Romae</strong></span> <span class='ocrx_word' id='word_1_308' title='bbox 626 2622 859 2693; x_wconf 81' lang='lat' dir='ltr'><strong>septimo</strong></span> <span class='ocrx_word' id='word_1_309' title='bbox 879 2622 1006 2679; x_wconf 87' lang='lat' dir='ltr'><strong>ldus</strong></span> <span class='ocrx_word' id='word_1_310' title='bbox 1027 2621 1227 2691; x_wconf 78' lang='lat' dir='ltr'><strong>Martii,</strong></span> <span class='ocrx_word' id='word_1_311' title='bbox 1245 2623 1541 2680; x_wconf 89' lang='lat' dir='ltr'><strong>indictione</strong></span> <span class='ocrx_word' id='word_1_312' title='bbox 1566 2623 1761 2696; x_wconf 88' lang='lat' dir='ltr'><strong>prima.</strong></span> 
     </span>
    </p>
   </div>
   <div class='ocr_carea' id='block_1_43' title="bbox 704 2734 1224 2792">
    <p class='ocr_par' dir='ltr' id='par_1_43' title="bbox 704 2734 1224 2792">
     <span class='ocr_line' id='line_1_43' title="bbox 704 2734 1224 2792; baseline 0.002 -3"><span class='ocrx_word' id='word_1_313' title='bbox 704 2734 1045 2792; x_wconf 80' lang='lat' dir='ltr'><strong>EPISTOLA</strong></span> <span class='ocrx_word' id='word_1_314' title='bbox 1082 2735 1224 2791; x_wconf 74' lang='lat' dir='ltr'><strong>XVI.</strong></span> 
     </span>
    </p>
   </div>
   <div class='ocr_carea' id='block_1_44' title="bbox 595 2842 1347 2884">
    <p class='ocr_par' dir='ltr' id='par_1_44' title="bbox 595 2842 1347 2884">
     <span class='ocr_line' id='line_1_44' title="bbox 595 2842 1347 2884; baseline 0.003 -2"><span class='ocrx_word' id='word_1_315' title='bbox 595 2843 667 2882; x_wconf 70' lang='lat' dir='ltr'><strong>AD</strong></span> <span class='ocrx_word' id='word_1_316' title='bbox 705 2842 917 2883; x_wconf 68' lang='lat' dir='ltr'><strong>UDONEII</strong></span> <span class='ocrx_word' id='word_1_317' title='bbox 957 2844 1347 2884; x_wconf 66' lang='lat' dir='ltr'><strong>TBEVIBENSEI.</strong></span> 
     </span>
    </p>
   </div>
   <div class='ocr_carea' id='block_1_45' title="bbox 772 2917 1173 2990">
    <p class='ocr_par' dir='ltr' id='par_1_45' title="bbox 772 2917 1173 2990">
     <span class='ocr_line' id='line_1_45' title="bbox 772 2917 1173 2990; baseline 0.005 -18"><span class='ocrx_word' id='word_1_318' title='bbox 772 2917 952 2990; x_wconf 78' lang='lat' dir='ltr'><strong>(Anno</strong></span> <span class='ocrx_word' id='word_1_319' title='bbox 988 2918 1173 2989; x_wconf 69' lang='lat' dir='ltr'><strong>107s.)</strong></span> 
     </span>
    </p>
   </div>
   <div class='ocr_carea' id='block_1_46' title="bbox 181 3007 1767 3082">
    <p class='ocr_par' dir='ltr' id='par_1_46' title="bbox 181 3007 1767 3082">
     <span class='ocr_line' id='line_1_46' title="bbox 181 3007 1767 3082; baseline 0 -20"><span class='ocrx_word' id='word_1_320' title='bbox 181 3007 433 3082; x_wconf 56' lang='lat' dir='ltr'><strong>uertatur</strong></span> <span class='ocrx_word' id='word_1_321' title='bbox 455 3017 655 3082; x_wconf 67' lang='lat' dir='ltr'><strong>supra</strong></span> <span class='ocrx_word' id='word_1_322' title='bbox 692 3010 1047 3082; x_wconf 77' lang='lat' dir='ltr'><strong>componenda</strong></span> <span class='ocrx_word' id='word_1_323' title='bbox 1083 3009 1767 3082; x_wconf 7' lang='lat' dir='ltr'><strong>infregnoTeutonicontm</strong></span> 
     </span>
    </p>
   </div>
   <div class='ocr_carea' id='block_1_47' title="bbox 234 3079 1764 3151">
    <p class='ocr_par' dir='ltr' id='par_1_47' title="bbox 234 3079 1764 3151">
     <span class='ocr_line' id='line_1_47' title="bbox 234 3079 1764 3151; baseline 0.001 -21"><span class='ocrx_word' id='word_1_324' title='bbox 234 3096 357 3151; x_wconf 78' lang='lat' dir='ltr'><strong>once</strong></span> <span class='ocrx_word' id='word_1_325' title='bbox 382 3079 630 3151; x_wconf 79' lang='lat' dir='ltr'><strong>laboret;</strong></span> <span class='ocrx_word' id='word_1_326' title='bbox 646 3088 697 3133; x_wconf 90' lang='lat' dir='ltr'><strong>et</strong></span> <span class='ocrx_word' id='word_1_327' title='bbox 720 3081 993 3150; x_wconf 79' lang='lat' dir='ltr'><strong>notiﬁcato</strong></span> <span class='ocrx_word' id='word_1_328' title='bbox 1018 3079 1286 3150; x_wconf 66' lang='lat' dir='ltr'><strong>pontiﬁcis</strong></span> <span class='ocrx_word' id='word_1_329' title='bbox 1310 3081 1376 3135; x_wconf 84' lang='lat' dir='ltr'><strong>de</strong></span> <span class='ocrx_word' id='word_1_330' title='bbox 1394 3098 1523 3151; x_wconf 83' lang='lat' dir='ltr'><strong>pace</strong></span> <span class='ocrx_word' id='word_1_331' title='bbox 1543 3080 1764 3151; x_wconf 79' lang='lat' dir='ltr'><strong>consilio</strong></span> 
     </span>
    </p>
   </div>
   <div class='ocr_carea' id='block_1_48' title="bbox 239 3129 1833 3221">
    <p class='ocr_par' dir='ltr' id='par_1_48' title="bbox 239 3129 1833 3221">
     <span class='ocr_line' id='line_1_48' title="bbox 239 3129 1833 3221; baseline 0.001 -19"><span class='ocrx_word' id='word_1_332' title='bbox 239 3129 319 3202; x_wconf 63' lang='grc' dir='ltr'><em>ἆ</em></span> <span class='ocrx_word' id='word_1_333' title='bbox 332 3129 437 3203; x_wconf 68' lang='grc' dir='ltr'><strong>ἐἷ</strong></span> <span class='ocrx_word' id='word_1_334' title='bbox 448 3129 664 3221; x_wconf 41' lang='lat' dir='ltr'><strong>bbisti},</strong></span> <span class='ocrx_word' id='word_1_335' title='bbox 679 3129 777 3204; x_wconf 50' lang='lat'><strong>3.;</strong></span> <span class='ocrx_word' id='word_1_336' title='bbox 792 3129 1006 3221; x_wconf 61' lang='grc' dir='ltr'><strong>Ἠεᾖᾶτῶ</strong></span> <span class='ocrx_word' id='word_1_337' title='bbox 1018 3129 1763 3221; x_wconf 57' lang='grc' dir='ltr'><strong>Ἱῖίὶὶξίἑῖεῐὶὶἦ’ῥὲἑὲἓᾶὶὸ</strong></span> <span class='ocrx_word' id='word_1_338' title='bbox 1792 3129 1833 3186; x_wconf 79' lang='lat' dir='ltr'><strong>C</strong></span> 
     </span>
    </p>
   </div>
   <div class='ocr_carea' id='block_1_49' title="bbox 238 3220 1765 3293">
    <p class='ocr_par' dir='ltr' id='par_1_49' title="bbox 238 3220 1765 3293">
     <span class='ocr_line' id='line_1_49' title="bbox 238 3220 1765 3293; baseline 0.002 -21"><span class='ocrx_word' id='word_1_339' title='bbox 238 3221 431 3274; x_wconf 64' lang='lat' dir='ltr'><strong>mittat.</strong></span> <span class='ocrx_word' id='word_1_340' title='bbox 468 3220 735 3293; x_wconf 73' lang='lat' dir='ltr'><strong>Monet__ut</strong></span> <span class='ocrx_word' id='word_1_341' title='bbox 765 3220 1093 3293; x_wconf 29' lang='lat' dir='ltr'><strong>cui’justitia</strong></span> <span class='ocrx_word' id='word_1_342' title='bbox 1122 3222 1283 3292; x_wconf 82' lang='lat' dir='ltr'><strong>favet,</strong></span> <span class='ocrx_word' id='word_1_343' title='bbox 1306 3222 1416 3291; x_wconf 82' lang='lat' dir='ltr'><strong>ipse</strong></span> <span class='ocrx_word' id='word_1_344' title='bbox 1443 3220 1645 3293; x_wconf 74' lang='lat' dir='ltr'><strong>quaque</strong></span> <span class='ocrx_word' id='word_1_345' title='bbox 1680 3222 1765 3291; x_wconf 76' lang='lat' dir='ltr'><strong>fa—</strong></span> 
     </span>
    </p>
   </div>
   <div class='ocr_carea' id='block_1_50' title="bbox 240 3290 1355 3362">
    <p class='ocr_par' dir='ltr' id='par_1_50' title="bbox 240 3290 1355 3362">
     <span class='ocr_line' id='line_1_50' title="bbox 240 3290 1355 3362; baseline 0.003 -19"><span class='ocrx_word' id='word_1_346' title='bbox 240 3300 371 3356; x_wconf 70' lang='lat' dir='ltr'><strong>veat,</strong></span> <span class='ocrx_word' id='word_1_347' title='bbox 402 3300 568 3361; x_wconf 80' lang='lat' dir='ltr'><strong>atque</strong></span> <span class='ocrx_word' id='word_1_348' title='bbox 597 3290 736 3346; x_wconf 82' lang='lat' dir='ltr'><strong>alios</strong></span> <span class='ocrx_word' id='word_1_349' title='bbox 760 3290 899 3346; x_wconf 78' lang='lat' dir='ltr'><strong>idem</strong></span> <span class='ocrx_word' id='word_1_350' title='bbox 921 3292 1094 3362; x_wconf 80' lang='lat' dir='ltr'><strong>facere</strong></span> <span class='ocrx_word' id='word_1_351' title='bbox 1123 3290 1355 3346; x_wconf 71' lang='lat' dir='ltr'><strong>moneat.</strong></span> 
     </span>
    </p>
   </div>
   <div class='ocr_carea' id='block_1_51' title="bbox 237 3380 1819 3453">
    <p class='ocr_par' dir='ltr' id='par_1_51' title="bbox 237 3380 1819 3453">
     <span class='ocr_line' id='line_1_51' title="bbox 237 3380 1819 3453; baseline 0.001 -18"><span class='ocrx_word' id='word_1_352' title='bbox 237 3380 555 3437; x_wconf 69' lang='lat' dir='ltr'><strong>Caesonius</strong></span> <span class='ocrx_word' id='word_1_353' title='bbox 575 3382 890 3453; x_wconf 88' lang='lat' dir='ltr'><strong>episcopus,</strong></span> <span class='ocrx_word' id='word_1_354' title='bbox 915 3399 1110 3439; x_wconf 86' lang='lat' dir='ltr'><strong>servus</strong></span> <span class='ocrx_word' id='word_1_355' title='bbox 1134 3400 1419 3439; x_wconf 80' lang='lat' dir='ltr'><strong>servorum</strong></span> <span class='ocrx_word' id='word_1_356' title='bbox 1448 3383 1566 3452; x_wconf 87' lang='lat' dir='ltr'><strong>Dei,</strong></span> <span class='ocrx_word' id='word_1_357' title='bbox 1592 3382 1765 3439; x_wconf 62' lang='lat' dir='ltr'><strong>Uno.“</strong></span> <span class='ocrx_word' id='word_1_358' title='bbox 1814 3441 1819 3446; x_wconf 66' lang='grc'>,</span> 
     </span>
    </p>
   </div>
   <div class='ocr_carea' id='block_1_52' title="bbox 175 3469 1764 3548">
    <p class='ocr_par' dir='ltr' id='par_1_52' title="bbox 175 3469 1764 3548">
     <span class='ocr_line' id='line_1_52' title="bbox 175 3469 1764 3548; baseline 0.003 -23"><span class='ocrx_word' id='word_1_359' title='bbox 175 3469 481 3529; x_wconf 79' lang='lat' dir='ltr'><strong>&#39;l‘revirensi</strong></span> <span class='ocrx_word' id='word_1_360' title='bbox 538 3474 976 3546; x_wconf 87' lang='lat' dir='ltr'><strong>archiepiscopo,</strong></span> <span class='ocrx_word' id='word_1_361' title='bbox 1023 3476 1256 3532; x_wconf 86' lang='lat' dir='ltr'><strong>salutem</strong></span> <span class='ocrx_word' id='word_1_362' title='bbox 1304 3485 1361 3532; x_wconf 88' lang='lat' dir='ltr'><strong>et</strong></span> <span class='ocrx_word' id='word_1_363' title='bbox 1409 3476 1764 3548; x_wconf 86' lang='lat' dir='ltr'><strong>apostolicam</strong></span> 
     </span>
    </p>
   </div>
   <div class='ocr_carea' id='block_1_53' title="bbox 176 3560 630 3621">
    <p class='ocr_par' dir='ltr' id='par_1_53' title="bbox 176 3560 630 3621">
     <span class='ocr_line' id='line_1_53' title="bbox 176 3560 630 3621; baseline 0.004 -4"><span class='ocrx_word' id='word_1_364' title='bbox 176 3560 630 3621; x_wconf 81' lang='lat' dir='ltr'><strong>benedictionem.</strong></span> 
     </span>
    </p>
   </div>
   <div class='ocr_carea' id='block_1_54' title="bbox 233 3650 1769 3727">
    <p class='ocr_par' dir='ltr' id='par_1_54' title="bbox 233 3650 1769 3727">
     <span class='ocr_line' id='line_1_54' title="bbox 233 3650 1769 3727; baseline 0.001 -20"><span class='ocrx_word' id='word_1_365' title='bbox 233 3650 451 3718; x_wconf 84' lang='lat' dir='ltr'><strong>Quanta</strong></span> <span class='ocrx_word' id='word_1_366' title='bbox 480 3652 647 3710; x_wconf 91' lang='lat' dir='ltr'><strong>nobis</strong></span> <span class='ocrx_word' id='word_1_367' title='bbox 679 3653 989 3711; x_wconf 86' lang='lat' dir='ltr'><strong>sollicitudo</strong></span> <span class='ocrx_word' id='word_1_368' title='bbox 1010 3664 1330 3727; x_wconf 87' lang='lat' dir='ltr'><strong>quantaque</strong></span> <span class='ocrx_word' id='word_1_369' title='bbox 1354 3655 1579 3713; x_wconf 84' lang='lat' dir='ltr'><strong>tristitia</strong></span> <span class='ocrx_word' id='word_1_370' title='bbox 1609 3654 1682 3710; x_wconf 89' lang='lat' dir='ltr'><strong>sit</strong></span> <span class='ocrx_word' id='word_1_371' title='bbox 1700 3654 1769 3709; x_wconf 91' lang='lat' dir='ltr'><strong>de</strong></span> 
     </span>
    </p>
   </div>
   <div class='ocr_carea' id='block_1_55' title="bbox 174 3744 1765 3818">
    <p class='ocr_par' dir='ltr' id='par_1_55' title="bbox 174 3744 1765 3818">
     <span class='ocr_line' id='line_1_55' title="bbox 174 3744 1765 3818; baseline 0.002 -21"><span class='ocrx_word' id='word_1_372' title='bbox 174 3744 578 3813; x_wconf 88' lang='lat' dir='ltr'><strong>perturbatione</strong></span> <span class='ocrx_word' id='word_1_373' title='bbox 624 3744 739 3802; x_wconf 90' lang='lat' dir='ltr'><strong>imo</strong></span> <span class='ocrx_word' id='word_1_374' title='bbox 772 3746 840 3802; x_wconf 87' lang='lat' dir='ltr'><strong>de</strong></span> <span class='ocrx_word' id='word_1_375' title='bbox 870 3746 1100 3803; x_wconf 88' lang='lat' dir='ltr'><strong>dissidio</strong></span> <span class='ocrx_word' id='word_1_376' title='bbox 1126 3749 1278 3818; x_wconf 82' lang='lat' dir='ltr'><strong>regni</strong></span> <span class='ocrx_word' id='word_1_377' title='bbox 1304 3746 1471 3803; x_wconf 89' lang='lat' dir='ltr'><strong>vestri</strong></span> <span class='ocrx_word' id='word_1_378' title='bbox 1493 3747 1624 3803; x_wconf 91' lang='lat' dir='ltr'><strong>olim</strong></span> <span class='ocrx_word' id='word_1_379' title='bbox 1650 3746 1765 3801; x_wconf 89' lang='lat' dir='ltr'><strong>cla-</strong></span> 
     </span>
    </p>
   </div>
   <div class='ocr_carea' id='block_1_56' title="bbox 174 3832 1769 3906">
    <p class='ocr_par' dir='ltr' id='par_1_56' title="bbox 174 3832 1769 3906">
     <span class='ocr_line' id='line_1_56' title="bbox 174 3832 1769 3906; baseline 0.003 -20"><span class='ocrx_word' id='word_1_380' title='bbox 174 3832 366 3889; x_wconf 80' lang='lat' dir='ltr'><strong>rissimi</strong></span> <span class='ocrx_word' id='word_1_381' title='bbox 389 3841 451 3890; x_wconf 87' lang='lat' dir='ltr'><strong>et</strong></span> <span class='ocrx_word' id='word_1_382' title='bbox 492 3832 887 3906; x_wconf 87' lang='lat' dir='ltr'><strong>potentissimi,</strong></span> <span class='ocrx_word' id='word_1_383' title='bbox 924 3835 981 3890; x_wconf 91' lang='lat' dir='ltr'><strong>in</strong></span> <span class='ocrx_word' id='word_1_384' title='bbox 1007 3835 1390 3890; x_wconf 90' lang='lat' dir='ltr'><strong>communibus</strong></span> <span class='ocrx_word' id='word_1_385' title='bbox 1412 3834 1607 3890; x_wconf 89' lang='lat' dir='ltr'><strong>litteris</strong></span> <span class='ocrx_word' id='word_1_386' title='bbox 1629 3850 1769 3905; x_wconf 86' lang='lat' dir='ltr'><strong>quas</strong></span> 
     </span>
    </p>
   </div>
   <div class='ocr_carea' id='block_1_57' title="bbox 174 3922 1765 3980">
    <p class='ocr_par' dir='ltr' id='par_1_57' title="bbox 174 3922 1765 3980">
     <span class='ocr_line' id='line_1_57' title="bbox 174 3922 1765 3980; baseline -0.001 -3"><span class='ocrx_word' id='word_1_387' title='bbox 174 3922 267 3978; x_wconf 86' lang='lat' dir='ltr'><strong>hoc</strong></span> <span class='ocrx_word' id='word_1_388' title='bbox 293 3923 351 3978; x_wconf 91' lang='lat' dir='ltr'><strong>in</strong></span> <span class='ocrx_word' id='word_1_389' title='bbox 383 3938 537 3980; x_wconf 89' lang='lat' dir='ltr'><strong>anno</strong></span> <span class='ocrx_word' id='word_1_390' title='bbox 559 3922 631 3979; x_wconf 89' lang='lat' dir='ltr'><strong>ad</strong></span> <span class='ocrx_word' id='word_1_391' title='bbox 662 3938 759 3978; x_wconf 87' lang='lat' dir='ltr'><strong>vos</strong></span> <span class='ocrx_word' id='word_1_392' title='bbox 792 3923 1049 3979; x_wconf 89' lang='lat' dir='ltr'><strong>misimus</strong></span> <span class='ocrx_word' id='word_1_393' title='bbox 1077 3924 1213 3980; x_wconf 88' lang='lat' dir='ltr'><strong>satis</strong></span> <span class='ocrx_word' id='word_1_394' title='bbox 1246 3923 1400 3979; x_wconf 88' lang='lat' dir='ltr'><strong>vobis</strong></span> <span class='ocrx_word' id='word_1_395' title='bbox 1426 3924 1765 3979; x_wconf 88' lang='lat' dir='ltr'><strong>declaratum</strong></span> 
     </span>
    </p>
   </div>
   <div class='ocr_carea' id='block_1_58' title="bbox 173 4013 1771 4087">
    <p class='ocr_par' dir='ltr' id='par_1_58' title="bbox 173 4013 1771 4087">
     <span class='ocr_line' id='line_1_58' title="bbox 173 4013 1771 4087; baseline 0 -17"><span class='ocrx_word' id='word_1_396' title='bbox 173 4029 284 4071; x_wconf 85' lang='lat' dir='ltr'><strong>esse</strong></span> <span class='ocrx_word' id='word_1_397' title='bbox 300 4025 589 4087; x_wconf 87' lang='lat' dir='ltr'><strong>putamus.</strong></span> <span class='ocrx_word' id='word_1_398' title='bbox 617 4013 823 4071; x_wconf 76' lang='lat' dir='ltr'><strong>Verum</strong></span> <span class='ocrx_word' id='word_1_399' title='bbox 851 4016 981 4086; x_wconf 89' lang='lat' dir='ltr'><strong>quia</strong></span> <span class='ocrx_word' id='word_1_400' title='bbox 1012 4032 1100 4073; x_wconf 89' lang='lat' dir='ltr'><strong>res</strong></span> <span class='ocrx_word' id='word_1_401' title='bbox 1129 4017 1197 4072; x_wconf 92' lang='lat' dir='ltr'><strong>de</strong></span> <span class='ocrx_word' id='word_1_402' title='bbox 1226 4016 1314 4071; x_wconf 90' lang='lat' dir='ltr'><strong>die</strong></span> <span class='ocrx_word' id='word_1_403' title='bbox 1339 4016 1393 4071; x_wconf 91' lang='lat' dir='ltr'><strong>in</strong></span> <span class='ocrx_word' id='word_1_404' title='bbox 1419 4016 1563 4072; x_wconf 91' lang='lat' dir='ltr'><strong>diem</strong></span> <span class='ocrx_word' id='word_1_405' title='bbox 1588 4016 1771 4087; x_wconf 88' lang='lat' dir='ltr'><strong>perni-</strong></span> 
     </span>
    </p>
   </div>
   <div class='ocr_carea' id='block_1_59' title="bbox 173 4108 1768 4180">
    <p class='ocr_par' dir='ltr' id='par_1_59' title="bbox 173 4108 1768 4180">
     <span class='ocr_line' id='line_1_59' title="bbox 173 4108 1768 4180; baseline -0.001 -17"><span class='ocrx_word' id='word_1_406' title='bbox 173 4108 371 4166; x_wconf 88' lang='lat' dir='ltr'><strong>ciosius</strong></span> <span class='ocrx_word' id='word_1_407' title='bbox 421 4108 702 4180; x_wconf 89' lang='lat' dir='ltr'><strong>implicari</strong></span> <span class='ocrx_word' id='word_1_408' title='bbox 734 4108 970 4175; x_wconf 90' lang='lat' dir='ltr'><strong>videtur,</strong></span> <span class='ocrx_word' id='word_1_409' title='bbox 1003 4108 1162 4164; x_wconf 92' lang='lat' dir='ltr'><strong>nobis</strong></span> <span class='ocrx_word' id='word_1_410' title='bbox 1201 4123 1421 4180; x_wconf 90' lang='lat' dir='ltr'><strong>quoque</strong></span> <span class='ocrx_word' id='word_1_411' title='bbox 1466 4123 1599 4162; x_wconf 89' lang='lat' dir='ltr'><strong>cura</strong></span> <span class='ocrx_word' id='word_1_412' title='bbox 1642 4123 1768 4161; x_wconf 91' lang='lat' dir='ltr'><strong>cum</strong></span> 
     </span>
    </p>
   </div>
   <div class='ocr_carea' id='block_1_60' title="bbox 172 4196 1771 4270">
    <p class='ocr_par' dir='ltr' id='par_1_60' title="bbox 172 4196 1771 4270">
     <span class='ocr_line' id='line_1_60' title="bbox 172 4196 1771 4270; baseline -0.001 -17"><span class='ocrx_word' id='word_1_413' title='bbox 172 4200 335 4255; x_wconf 88' lang='lat' dir='ltr'><strong>nimia</strong></span> <span class='ocrx_word' id='word_1_414' title='bbox 388 4200 670 4255; x_wconf 77' lang='lat' dir='ltr'><strong>anxietate</strong></span> <span class='ocrx_word' id='word_1_415' title='bbox 724 4199 890 4255; x_wconf 91' lang='lat' dir='ltr'><strong>altius</strong></span> <span class='ocrx_word' id='word_1_416' title='bbox 949 4199 1005 4253; x_wconf 94' lang='lat' dir='ltr'><strong>in</strong></span> <span class='ocrx_word' id='word_1_417' title='bbox 1048 4208 1232 4255; x_wconf 87' lang='lat' dir='ltr'><strong>mente</strong></span> <span class='ocrx_word' id='word_1_418' title='bbox 1280 4198 1482 4270; x_wconf 85' lang='lat' dir='ltr'><strong>ﬁgitur.</strong></span> <span class='ocrx_word' id='word_1_419' title='bbox 1535 4196 1771 4252; x_wconf 90' lang='lat' dir='ltr'><strong>Proinde</strong></span> 
     </span>
    </p>
   </div>
   <div class='ocr_carea' id='block_1_61' title="bbox 171 4289 1771 4367">
    <p class='ocr_par' dir='ltr' id='par_1_61' title="bbox 171 4289 1771 4367">
     <span class='ocr_line' id='line_1_61' title="bbox 171 4289 1771 4367; baseline -0.003 -19"><span class='ocrx_word' id='word_1_420' title='bbox 171 4291 435 4365; x_wconf 86' lang='lat' dir='ltr'><strong>quidquid</strong></span> <span class='ocrx_word' id='word_1_421' title='bbox 475 4291 638 4348; x_wconf 86' lang='lat' dir='ltr'><strong>nobis</strong></span> <span class='ocrx_word' id='word_1_422' title='bbox 684 4307 851 4362; x_wconf 89' lang='lat' dir='ltr'><strong>super</strong></span> <span class='ocrx_word' id='word_1_423' title='bbox 876 4291 981 4348; x_wconf 90' lang='lat' dir='ltr'><strong>hac</strong></span> <span class='ocrx_word' id='word_1_424' title='bbox 1008 4307 1069 4347; x_wconf 90' lang='lat' dir='ltr'><strong>re</strong></span> <span class='ocrx_word' id='word_1_425' title='bbox 1090 4292 1161 4367; x_wconf 91' lang='lat' dir='ltr'><strong>ad</strong></span> <span class='ocrx_word' id='word_1_426' title='bbox 1192 4306 1437 4363; x_wconf 67' lang='lat' dir='ltr'><strong>praasens</strong></span> <span class='ocrx_word' id='word_1_427' title='bbox 1464 4289 1660 4345; x_wconf 90' lang='lat' dir='ltr'><strong>melius</strong></span> <span class='ocrx_word' id='word_1_428' title='bbox 1686 4290 1771 4344; x_wconf 70' lang='lat' dir='ltr'><strong>vi~</strong></span> 
     </span>
    </p>
   </div>
   <div class='ocr_carea' id='block_1_62' title="bbox 172 4381 1777 4457">
    <p class='ocr_par' dir='ltr' id='par_1_62' title="bbox 172 4381 1777 4457">
     <span class='ocr_line' id='line_1_62' title="bbox 172 4381 1777 4457; baseline -0.003 -16"><span class='ocrx_word' id='word_1_429' title='bbox 172 4402 287 4441; x_wconf 87' lang='lat' dir='ltr'><strong>sum</strong></span> <span class='ocrx_word' id='word_1_430' title='bbox 317 4395 428 4453; x_wconf 90' lang='lat' dir='ltr'><strong>est,</strong></span> <span class='ocrx_word' id='word_1_431' title='bbox 456 4384 607 4457; x_wconf 91' lang='lat' dir='ltr'><strong>quod</strong></span> <span class='ocrx_word' id='word_1_432' title='bbox 644 4393 834 4439; x_wconf 90' lang='lat' dir='ltr'><strong>nostra</strong></span> <span class='ocrx_word' id='word_1_433' title='bbox 869 4383 1209 4456; x_wconf 82' lang='lat' dir='ltr'><strong>providentia</strong></span> <span class='ocrx_word' id='word_1_434' title='bbox 1231 4383 1318 4438; x_wconf 87' lang='lat' dir='ltr'><strong>vel</strong></span> <span class='ocrx_word' id='word_1_435' title='bbox 1345 4382 1669 4437; x_wconf 88' lang='lat' dir='ltr'><strong>auctoritate</strong></span> <span class='ocrx_word' id='word_1_436' title='bbox 1692 4381 1777 4437; x_wconf 91' lang='lat' dir='ltr'><strong>in-</strong></span> 
     </span>
    </p>
   </div>
   <div class='ocr_carea' id='block_1_63' title="bbox 1873 1883 3452 1961">
    <p class='ocr_par' dir='ltr' id='par_1_63' title="bbox 1873 1883 3452 1961">
     <span class='ocr_line' id='line_1_63' title="bbox 1873 1883 3452 1961; baseline -0.006 -15"><span class='ocrx_word' id='word_1_437' title='bbox 1873 1899 1950 1947; x_wconf 90' lang='lat' dir='ltr'><strong>tot</strong></span> <span class='ocrx_word' id='word_1_438' title='bbox 1978 1891 2208 1947; x_wconf 86' lang='lat' dir='ltr'><strong>millium</strong></span> <span class='ocrx_word' id='word_1_439' title='bbox 2238 1892 2545 1957; x_wconf 85' lang='lat' dir='ltr'><strong>hominum,</strong></span> <span class='ocrx_word' id='word_1_440' title='bbox 2572 1890 2871 1961; x_wconf 89' lang='lat' dir='ltr'><strong>opitulante</strong></span> <span class='ocrx_word' id='word_1_441' title='bbox 2891 1887 3023 1953; x_wconf 91' lang='lat' dir='ltr'><strong>Deo,</strong></span> <span class='ocrx_word' id='word_1_442' title='bbox 3045 1883 3331 1942; x_wconf 86' lang='lat' dir='ltr'><strong>consulere</strong></span> <span class='ocrx_word' id='word_1_443' title='bbox 3354 1900 3452 1955; x_wconf 82' lang='lat' dir='ltr'><strong>pc-</strong></span> 
     </span>
    </p>
   </div>
   <div class='ocr_carea' id='block_1_64' title="bbox 1871 1980 3449 2052">
    <p class='ocr_par' dir='ltr' id='par_1_64' title="bbox 1871 1980 3449 2052">
     <span class='ocr_line' id='line_1_64' title="bbox 1871 1980 3449 2052; baseline -0.005 -15"><span class='ocrx_word' id='word_1_444' title='bbox 1871 1985 2041 2039; x_wconf 89' lang='lat' dir='ltr'><strong>tueris</strong></span> <span class='ocrx_word' id='word_1_445' title='bbox 2074 1999 2087 2035; x_wconf 87' lang='lat'><strong>:</strong></span> <span class='ocrx_word' id='word_1_446' title='bbox 2115 1991 2169 2039; x_wconf 89' lang='lat' dir='ltr'><strong>et.</strong></span> <span class='ocrx_word' id='word_1_447' title='bbox 2196 1984 2242 2038; x_wconf 90' lang='lat' dir='ltr'><strong>si</strong></span> <span class='ocrx_word' id='word_1_448' title='bbox 2282 1982 2387 2038; x_wconf 84' lang='lat' dir='ltr'><strong>hoc</strong></span> <span class='ocrx_word' id='word_1_449' title='bbox 2414 1980 2717 2052; x_wconf 80' lang='lat' dir='ltr'><strong>fatigationi</strong></span> <span class='ocrx_word' id='word_1_450' title='bbox 2752 1988 2860 2036; x_wconf 71' lang='lat' dir='ltr'><strong>tute</strong></span> <span class='ocrx_word' id='word_1_451' title='bbox 2894 1994 2995 2050; x_wconf 89' lang='lat' dir='ltr'><strong>pro</strong></span> <span class='ocrx_word' id='word_1_452' title='bbox 3022 1985 3148 2032; x_wconf 86' lang='lat' dir='ltr'><strong>voto</strong></span> <span class='ocrx_word' id='word_1_453' title='bbox 3171 1991 3281 2031; x_wconf 90' lang='lat' dir='ltr'><strong>non</strong></span> <span class='ocrx_word' id='word_1_454' title='bbox 3320 1990 3449 2031; x_wconf 81' lang='lat' dir='ltr'><strong>suc-</strong></span> 
     </span>
    </p>
   </div>
   <div class='ocr_carea' id='block_1_65' title="bbox 1869 2065 3449 2144">
    <p class='ocr_par' dir='ltr' id='par_1_65' title="bbox 1869 2065 3449 2144">
     <span class='ocr_line' id='line_1_65' title="bbox 1869 2065 3449 2144; baseline -0.006 -14"><span class='ocrx_word' id='word_1_455' title='bbox 1869 2076 2116 2142; x_wconf 89' lang='lat' dir='ltr'><strong>cesserit,</strong></span> <span class='ocrx_word' id='word_1_456' title='bbox 2149 2075 2247 2129; x_wconf 92' lang='lat' dir='ltr'><strong>tibi</strong></span> <span class='ocrx_word' id='word_1_457' title='bbox 2268 2083 2448 2131; x_wconf 89' lang='lat' dir='ltr'><strong>tamen</strong></span> <span class='ocrx_word' id='word_1_458' title='bbox 2477 2074 2620 2144; x_wconf 90' lang='lat' dir='ltr'><strong>apud</strong></span> <span class='ocrx_word' id='word_1_459' title='bbox 2642 2073 2797 2127; x_wconf 90' lang='lat' dir='ltr'><strong>illum</strong></span> <span class='ocrx_word' id='word_1_460' title='bbox 2821 2080 2970 2129; x_wconf 81' lang='lat' dir='ltr'><strong>certa</strong></span> <span class='ocrx_word' id='word_1_461' title='bbox 2996 2076 3181 2124; x_wconf 90' lang='lat' dir='ltr'><strong>manet</strong></span> <span class='ocrx_word' id='word_1_462' title='bbox 3208 2065 3449 2122; x_wconf 86' lang='lat' dir='ltr'><strong>retribu-</strong></span> 
     </span>
    </p>
   </div>
   <div class='ocr_carea' id='block_1_66' title="bbox 1871 2155 3450 2238">
    <p class='ocr_par' dir='ltr' id='par_1_66' title="bbox 1871 2155 3450 2238">
     <span class='ocr_line' id='line_1_66' title="bbox 1871 2155 3450 2238; baseline -0.008 -16"><span class='ocrx_word' id='word_1_463' title='bbox 1871 2167 1966 2234; x_wconf 92' lang='lat' dir='ltr'><strong>tio,</strong></span> <span class='ocrx_word' id='word_1_464' title='bbox 1996 2167 2142 2238; x_wconf 92' lang='lat' dir='ltr'><strong>apud</strong></span> <span class='ocrx_word' id='word_1_465' title='bbox 2171 2182 2334 2237; x_wconf 91' lang='lat' dir='ltr'><strong>quem</strong></span> <span class='ocrx_word' id='word_1_466' title='bbox 2373 2181 2482 2221; x_wconf 91' lang='lat' dir='ltr'><strong>non</strong></span> <span class='ocrx_word' id='word_1_467' title='bbox 2503 2162 2767 2220; x_wconf 88' lang='lat' dir='ltr'><strong>infectum</strong></span> <span class='ocrx_word' id='word_1_468' title='bbox 2794 2159 3139 2232; x_wconf 88' lang='lat' dir='ltr'><strong>reputabitur</strong></span> <span class='ocrx_word' id='word_1_469' title='bbox 3163 2171 3328 2214; x_wconf 89' lang='lat' dir='ltr'><strong>omne</strong></span> <span class='ocrx_word' id='word_1_470' title='bbox 3351 2155 3450 2211; x_wconf 81' lang='lat' dir='ltr'><strong>bo-</strong></span> 
     </span>
    </p>
   </div>
   <div class='ocr_carea' id='block_1_67' title="bbox 1870 2249 3450 2330">
    <p class='ocr_par' dir='ltr' id='par_1_67' title="bbox 1870 2249 3450 2330">
     <span class='ocr_line' id='line_1_67' title="bbox 1870 2249 3450 2330; baseline -0.006 -17"><span class='ocrx_word' id='word_1_471' title='bbox 1870 2276 2003 2313; x_wconf 89' lang='lat' dir='ltr'><strong>num</strong></span> <span class='ocrx_word' id='word_1_472' title='bbox 2032 2259 2178 2330; x_wconf 93' lang='lat' dir='ltr'><strong>quod</strong></span> <span class='ocrx_word' id='word_1_473' title='bbox 2207 2259 2359 2329; x_wconf 87' lang='lat' dir='ltr'><strong>justa</strong></span> <span class='ocrx_word' id='word_1_474' title='bbox 2399 2268 2455 2313; x_wconf 91' lang='lat' dir='ltr'><strong>et</strong></span> <span class='ocrx_word' id='word_1_475' title='bbox 2490 2255 2860 2328; x_wconf 88' lang='lat' dir='ltr'><strong>perseveranti</strong></span> <span class='ocrx_word' id='word_1_476' title='bbox 2902 2254 3183 2309; x_wconf 86' lang='lat' dir='ltr'><strong>voluntate</strong></span> <span class='ocrx_word' id='word_1_477' title='bbox 3206 2249 3450 2320; x_wconf 88' lang='lat' dir='ltr'><strong>concipi—</strong></span> 
     </span>
    </p>
   </div>
   <div class='ocr_carea' id='block_1_68' title="bbox 1872 2341 3454 2406">
    <p class='ocr_par' dir='ltr' id='par_1_68' title="bbox 1872 2341 3454 2406">
     <span class='ocr_line' id='line_1_68' title="bbox 1872 2341 3454 2406; baseline -0.006 -2"><span class='ocrx_word' id='word_1_478' title='bbox 1872 2360 1979 2405; x_wconf 91' lang='lat' dir='ltr'><strong>tur.</strong></span> <span class='ocrx_word' id='word_1_479' title='bbox 2012 2348 2147 2406; x_wconf 88' lang='lat' dir='ltr'><strong>Illud</strong></span> <span class='ocrx_word' id='word_1_480' title='bbox 2177 2359 2357 2405; x_wconf 90' lang='lat' dir='ltr'><strong>tamen</strong></span> <span class='ocrx_word' id='word_1_481' title='bbox 2386 2366 2418 2404; x_wconf 92' lang='lat' dir='ltr'><strong>a</strong></span> <span class='ocrx_word' id='word_1_482' title='bbox 2446 2349 2736 2405; x_wconf 86' lang='lat' dir='ltr'><strong>dilectione</strong></span> <span class='ocrx_word' id='word_1_483' title='bbox 2756 2357 2849 2402; x_wconf 92' lang='lat' dir='ltr'><strong>tua</strong></span> <span class='ocrx_word' id='word_1_484' title='bbox 2870 2345 3096 2401; x_wconf 91' lang='lat' dir='ltr'><strong>omnino</strong></span> <span class='ocrx_word' id='word_1_485' title='bbox 3118 2342 3279 2399; x_wconf 88' lang='lat' dir='ltr'><strong>nobis</strong></span> <span class='ocrx_word' id='word_1_486' title='bbox 3304 2341 3454 2397; x_wconf 80' lang='lat' dir='ltr'><strong>exhi-</strong></span> 
     </span>
    </p>
   </div>
   <div class='ocr_carea' id='block_1_69' title="bbox 1870 2434 3455 2509">
    <p class='ocr_par' dir='ltr' id='par_1_69' title="bbox 1870 2434 3455 2509">
     <span class='ocr_line' id='line_1_69' title="bbox 1870 2434 3455 2509; baseline -0.003 -14"><span class='ocrx_word' id='word_1_487' title='bbox 1870 2440 1987 2497; x_wconf 86' lang='lat' dir='ltr'><strong>beri</strong></span> <span class='ocrx_word' id='word_1_488' title='bbox 2015 2442 2288 2509; x_wconf 87' lang='lat' dir='ltr'><strong>volumus,</strong></span> <span class='ocrx_word' id='word_1_489' title='bbox 2324 2450 2406 2508; x_wconf 88' lang='lat' dir='ltr'><strong>ut,</strong></span> <span class='ocrx_word' id='word_1_490' title='bbox 2435 2441 2653 2498; x_wconf 90' lang='lat' dir='ltr'><strong>etiamsi</strong></span> <span class='ocrx_word' id='word_1_491' title='bbox 2679 2439 2834 2494; x_wconf 92' lang='lat' dir='ltr'><strong>illum</strong></span> <span class='ocrx_word' id='word_1_492' title='bbox 2865 2438 3055 2504; x_wconf 72' lang='lat' dir='ltr'><strong>alium,</strong></span> <span class='ocrx_word' id='word_1_493' title='bbox 3097 2451 3261 2508; x_wconf 90' lang='lat' dir='ltr'><strong>quem</strong></span> <span class='ocrx_word' id='word_1_494' title='bbox 3289 2434 3455 2506; x_wconf 85' lang='lat' dir='ltr'><strong>hujus</strong></span> 
     </span>
    </p>
   </div>
   <div class='ocr_carea' id='block_1_70' title="bbox 1870 2527 3454 2606">
    <p class='ocr_par' dir='ltr' id='par_1_70' title="bbox 1870 2527 3454 2606">
     <span class='ocr_line' id='line_1_70' title="bbox 1870 2527 3454 2606; baseline -0.003 -18"><span class='ocrx_word' id='word_1_495' title='bbox 1870 2534 1947 2588; x_wconf 88' lang='lat' dir='ltr'><strong>rei</strong></span> <span class='ocrx_word' id='word_1_496' title='bbox 1992 2535 2347 2590; x_wconf 88' lang='lat' dir='ltr'><strong>mediatorem</strong></span> <span class='ocrx_word' id='word_1_497' title='bbox 2372 2542 2438 2606; x_wconf 57' lang='grc' dir='ltr'><strong>,ιθ</strong></span> <span class='ocrx_word' id='word_1_498' title='bbox 2475 2533 2676 2589; x_wconf 88' lang='lat' dir='ltr'><strong>habere</strong></span> <span class='ocrx_word' id='word_1_499' title='bbox 2724 2546 2890 2602; x_wconf 86' lang='lat' dir='ltr'><strong>supra</strong></span> <span class='ocrx_word' id='word_1_500' title='bbox 2930 2529 3192 2598; x_wconf 79' lang='lat' dir='ltr'><strong>diximus,</strong></span> <span class='ocrx_word' id='word_1_501' title='bbox 3241 2527 3454 2584; x_wconf 89' lang='lat' dir='ltr'><strong>socium</strong></span> 
     </span>
    </p>
   </div>
   <div class='ocr_carea' id='block_1_71' title="bbox 1870 2619 3455 2694">
    <p class='ocr_par' dir='ltr' id='par_1_71' title="bbox 1870 2619 3455 2694">
     <span class='ocr_line' id='line_1_71' title="bbox 1870 2619 3455 2694; baseline -0.001 -17"><span class='ocrx_word' id='word_1_502' title='bbox 1870 2624 2086 2681; x_wconf 90' lang='lat' dir='ltr'><strong>itineris</strong></span> <span class='ocrx_word' id='word_1_503' title='bbox 2125 2626 2329 2680; x_wconf 89' lang='lat' dir='ltr'><strong>habere</strong></span> <span class='ocrx_word' id='word_1_504' title='bbox 2375 2640 2484 2681; x_wconf 91' lang='lat' dir='ltr'><strong>non</strong></span> <span class='ocrx_word' id='word_1_505' title='bbox 2514 2624 2717 2694; x_wconf 90' lang='lat' dir='ltr'><strong>possis,</strong></span> <span class='ocrx_word' id='word_1_506' title='bbox 2740 2631 2802 2680; x_wconf 90' lang='lat' dir='ltr'><strong>tu</strong></span> <span class='ocrx_word' id='word_1_507' title='bbox 2830 2631 3013 2678; x_wconf 89' lang='lat' dir='ltr'><strong>tamen</strong></span> <span class='ocrx_word' id='word_1_508' title='bbox 3040 2621 3109 2677; x_wconf 90' lang='lat' dir='ltr'><strong>ad</strong></span> <span class='ocrx_word' id='word_1_509' title='bbox 3135 2635 3238 2677; x_wconf 89' lang='lat' dir='ltr'><strong>nos</strong></span> <span class='ocrx_word' id='word_1_510' title='bbox 3267 2619 3455 2676; x_wconf 91' lang='lat' dir='ltr'><strong>venire</strong></span> 
     </span>
    </p>
   </div>
   <div class='ocr_carea' id='block_1_72' title="bbox 1869 2713 3456 2788">
    <p class='ocr_par' dir='ltr' id='par_1_72' title="bbox 1869 2713 3456 2788">
     <span class='ocr_line' id='line_1_72' title="bbox 1869 2713 3456 2788; baseline 0 -20"><span class='ocrx_word' id='word_1_511' title='bbox 1869 2716 2181 2773; x_wconf 87' lang='lat' dir='ltr'><strong>nullatenus</strong></span> <span class='ocrx_word' id='word_1_512' title='bbox 2207 2716 2609 2788; x_wconf 67' lang='lat' dir='ltr'><strong>praetermittas.</strong></span> <span class='ocrx_word' id='word_1_513' title='bbox 2659 2714 3015 2786; x_wconf 71' lang='lat' dir='ltr'><strong>Prtecipimus</strong></span> <span class='ocrx_word' id='word_1_514' title='bbox 3056 2713 3223 2772; x_wconf 58' lang='lat' dir='ltr'><strong>etiim</strong></span> <span class='ocrx_word' id='word_1_515' title='bbox 3249 2713 3346 2768; x_wconf 91' lang='lat' dir='ltr'><strong>tibi</strong></span> <span class='ocrx_word' id='word_1_516' title='bbox 3385 2728 3456 2771; x_wconf 79' lang='lat' dir='ltr'><strong>ex</strong></span> 
     </span>
    </p>
   </div>
   <div class='ocr_carea' id='block_1_73' title="bbox 1869 2806 3455 2879">
    <p class='ocr_par' dir='ltr' id='par_1_73' title="bbox 1869 2806 3455 2879">
     <span class='ocr_line' id='line_1_73' title="bbox 1869 2806 3455 2879; baseline -0.001 -17"><span class='ocrx_word' id='word_1_517' title='bbox 1869 2809 2192 2864; x_wconf 89' lang='lat' dir='ltr'><strong>auctoritate</strong></span> <span class='ocrx_word' id='word_1_518' title='bbox 2220 2807 2282 2863; x_wconf 89' lang='grc' dir='ltr'><strong>Β.</strong></span> <span class='ocrx_word' id='word_1_519' title='bbox 2310 2807 2478 2876; x_wconf 88' lang='lat' dir='ltr'><strong>Petri,</strong></span> <span class='ocrx_word' id='word_1_520' title='bbox 2505 2818 2568 2864; x_wconf 92' lang='lat' dir='ltr'><strong>ut</strong></span> <span class='ocrx_word' id='word_1_521' title='bbox 2590 2808 2681 2864; x_wconf 89' lang='lat' dir='ltr'><strong>cui</strong></span> <span class='ocrx_word' id='word_1_522' title='bbox 2703 2808 2919 2879; x_wconf 89' lang='lat' dir='ltr'><strong>justitia</strong></span> <span class='ocrx_word' id='word_1_523' title='bbox 2954 2806 3117 2875; x_wconf 90' lang='lat' dir='ltr'><strong>favet,</strong></span> <span class='ocrx_word' id='word_1_524' title='bbox 3146 2815 3207 2861; x_wconf 88' lang='lat' dir='ltr'><strong>tu</strong></span> <span class='ocrx_word' id='word_1_525' title='bbox 3229 2806 3455 2862; x_wconf 88' lang='lat' dir='ltr'><strong>omnino</strong></span> 
     </span>
    </p>
   </div>
   <div class='ocr_carea' id='block_1_74' title="bbox 1869 2897 3455 2969">
    <p class='ocr_par' dir='ltr' id='par_1_74' title="bbox 1869 2897 3455 2969">
     <span class='ocr_line' id='line_1_74' title="bbox 1869 2897 3455 2969; baseline 0.001 -16"><span class='ocrx_word' id='word_1_526' title='bbox 1869 2897 2075 2969; x_wconf 87' lang='lat' dir='ltr'><strong>faveas,</strong></span> <span class='ocrx_word' id='word_1_527' title='bbox 2101 2908 2158 2957; x_wconf 89' lang='lat' dir='ltr'><strong>et</strong></span> <span class='ocrx_word' id='word_1_528' title='bbox 2199 2900 2307 2955; x_wconf 89' lang='lat' dir='ltr'><strong>hoc</strong></span> <span class='ocrx_word' id='word_1_529' title='bbox 2353 2900 2498 2956; x_wconf 91' lang='lat' dir='ltr'><strong>idem</strong></span> <span class='ocrx_word' id='word_1_530' title='bbox 2550 2898 2733 2956; x_wconf 90' lang='lat' dir='ltr'><strong>facere</strong></span> <span class='ocrx_word' id='word_1_531' title='bbox 2761 2900 2989 2955; x_wconf 90' lang='lat' dir='ltr'><strong>clericos</strong></span> <span class='ocrx_word' id='word_1_532' title='bbox 3021 2907 3078 2954; x_wconf 89' lang='lat' dir='ltr'><strong>et</strong></span> <span class='ocrx_word' id='word_1_533' title='bbox 3110 2898 3281 2954; x_wconf 86' lang='lat' dir='ltr'><strong>laicos</strong></span> <span class='ocrx_word' id='word_1_534' title='bbox 3314 2913 3455 2968; x_wconf 84' lang='lat' dir='ltr'><strong>quos</strong></span> 
     </span>
    </p>
   </div>
   <div class='ocr_carea' id='block_1_75' title="bbox 1869 2989 3451 3063">
    <p class='ocr_par' dir='ltr' id='par_1_75' title="bbox 1869 2989 3451 3063">
     <span class='ocr_line' id='line_1_75' title="bbox 1869 2989 3451 3063; baseline -0.002 -14"><span class='ocrx_word' id='word_1_535' title='bbox 1869 2993 2075 3063; x_wconf 87' lang='lat' dir='ltr'><strong>poteris</strong></span> <span class='ocrx_word' id='word_1_536' title='bbox 2093 3008 2158 3048; x_wconf 81' lang='lat' dir='ltr'><strong>ex</strong></span> <span class='ocrx_word' id='word_1_537' title='bbox 2195 3001 2352 3063; x_wconf 89' lang='lat' dir='ltr'><strong>parte</strong></span> <span class='ocrx_word' id='word_1_538' title='bbox 2396 3002 2585 3048; x_wconf 91' lang='lat' dir='ltr'><strong>nostra</strong></span> <span class='ocrx_word' id='word_1_539' title='bbox 2612 3007 2983 3048; x_wconf 85' lang='lat' dir='ltr'><strong>commoneas.</strong></span> <span class='ocrx_word' id='word_1_540' title='bbox 3014 2989 3189 3045; x_wconf 88' lang='lat' dir='ltr'><strong>Treva</strong></span> <span class='ocrx_word' id='word_1_541' title='bbox 3226 2989 3392 3045; x_wconf 89' lang='lat' dir='ltr'><strong>etiam</strong></span> <span class='ocrx_word' id='word_1_542' title='bbox 3420 3007 3451 3046; x_wconf 90' lang='lat' dir='ltr'><strong>a</strong></span> 
     </span>
    </p>
   </div>
   <div class='ocr_carea' id='block_1_76' title="bbox 1868 3083 3457 3158">
    <p class='ocr_par' dir='ltr' id='par_1_76' title="bbox 1868 3083 3457 3158">
     <span class='ocr_line' id='line_1_76' title="bbox 1868 3083 3457 3158; baseline -0.002 -18"><span class='ocrx_word' id='word_1_543' title='bbox 1868 3087 2023 3142; x_wconf 81' lang='lat' dir='ltr'><strong>vobis</strong></span> <span class='ocrx_word' id='word_1_544' title='bbox 2050 3086 2275 3157; x_wconf 83' lang='lat' dir='ltr'><strong>provisa</strong></span> <span class='ocrx_word' id='word_1_545' title='bbox 2291 3100 2468 3156; x_wconf 88' lang='lat' dir='ltr'><strong>usque</strong></span> <span class='ocrx_word' id='word_1_546' title='bbox 2492 3085 2563 3140; x_wconf 87' lang='lat' dir='ltr'><strong>ad</strong></span> <span class='ocrx_word' id='word_1_547' title='bbox 2588 3083 2904 3158; x_wconf 86' lang='lat' dir='ltr'><strong>quindecim</strong></span> <span class='ocrx_word' id='word_1_548' title='bbox 2927 3084 3046 3139; x_wconf 89' lang='lat' dir='ltr'><strong>dies</strong></span> <span class='ocrx_word' id='word_1_549' title='bbox 3069 3091 3195 3154; x_wconf 90' lang='lat' dir='ltr'><strong>post</strong></span> <span class='ocrx_word' id='word_1_550' title='bbox 3221 3097 3457 3138; x_wconf 89' lang='lat' dir='ltr'><strong>conven-</strong></span> 
     </span>
    </p>
   </div>
   <div class='ocr_carea' id='block_1_77' title="bbox 1866 3175 3457 3236">
    <p class='ocr_par' dir='ltr' id='par_1_77' title="bbox 1866 3175 3457 3236">
     <span class='ocr_line' id='line_1_77' title="bbox 1866 3175 3457 3236; baseline -0.002 -2"><span class='ocrx_word' id='word_1_551' title='bbox 1866 3188 1956 3236; x_wconf 90' lang='lat' dir='ltr'><strong>tus</strong></span> <span class='ocrx_word' id='word_1_552' title='bbox 1998 3179 2326 3235; x_wconf 88' lang='lat' dir='ltr'><strong>solutionem</strong></span> <span class='ocrx_word' id='word_1_553' title='bbox 2370 3178 2540 3234; x_wconf 64' lang='lat' dir='ltr'><strong>illaesa</strong></span> <span class='ocrx_word' id='word_1_554' title='bbox 2583 3186 2850 3234; x_wconf 84' lang='lat' dir='ltr'><strong>servetur.</strong></span> <span class='ocrx_word' id='word_1_555' title='bbox 2886 3175 3150 3233; x_wconf 84' lang='lat' dir='ltr'><strong>Volumus</strong></span> <span class='ocrx_word' id='word_1_556' title='bbox 3184 3184 3367 3231; x_wconf 88' lang='lat' dir='ltr'><strong>autem</strong></span> <span class='ocrx_word' id='word_1_557' title='bbox 3393 3185 3457 3232; x_wconf 89' lang='lat' dir='ltr'><strong>ut</strong></span> 
     </span>
    </p>
   </div>
   <div class='ocr_carea' id='block_1_78' title="bbox 1862 3268 3453 3344">
    <p class='ocr_par' dir='ltr' id='par_1_78' title="bbox 1862 3268 3453 3344">
     <span class='ocr_line' id='line_1_78' title="bbox 1862 3268 3453 3344; baseline -0.003 -16"><span class='ocrx_word' id='word_1_558' title='bbox 1862 3273 2007 3344; x_wconf 90' lang='lat' dir='ltr'><strong>apud</strong></span> <span class='ocrx_word' id='word_1_559' title='bbox 2027 3287 2215 3343; x_wconf 89' lang='lat' dir='ltr'><strong>regem</strong></span> <span class='ocrx_word' id='word_1_560' title='bbox 2258 3270 2547 3342; x_wconf 87' lang='lat' dir='ltr'><strong>diligenter</strong></span> <span class='ocrx_word' id='word_1_561' title='bbox 2578 3285 2845 3343; x_wconf 89' lang='lat' dir='ltr'><strong>procures</strong></span> <span class='ocrx_word' id='word_1_562' title='bbox 2872 3278 3145 3341; x_wconf 65' lang='lat' dir='ltr'><strong>quatenus</strong></span> <span class='ocrx_word' id='word_1_563' title='bbox 3169 3268 3328 3339; x_wconf 87' lang='lat' dir='ltr'><strong>legati</strong></span> <span class='ocrx_word' id='word_1_564' title='bbox 3350 3284 3453 3324; x_wconf 88' lang='lat' dir='ltr'><strong>no-</strong></span> 
     </span>
    </p>
   </div>
   <div class='ocr_carea' id='block_1_79' title="bbox 1862 3360 3455 3437">
    <p class='ocr_par' dir='ltr' id='par_1_79' title="bbox 1862 3360 3455 3437">
     <span class='ocr_line' id='line_1_79' title="bbox 1862 3360 3455 3437; baseline -0.003 -16"><span class='ocrx_word' id='word_1_565' title='bbox 1862 3367 1962 3421; x_wconf 88' lang='lat' dir='ltr'><strong>stri</strong></span> <span class='ocrx_word' id='word_1_566' title='bbox 1983 3366 2079 3437; x_wconf 91' lang='lat' dir='ltr'><strong>qui</strong></span> <span class='ocrx_word' id='word_1_567' title='bbox 2106 3366 2163 3419; x_wconf 94' lang='lat' dir='ltr'><strong>in</strong></span> <span class='ocrx_word' id='word_1_568' title='bbox 2186 3362 2436 3436; x_wconf 84' lang='lat' dir='ltr'><strong>partibus</strong></span> <span class='ocrx_word' id='word_1_569' title='bbox 2460 3364 2570 3420; x_wconf 91' lang='lat' dir='ltr'><strong>illis</strong></span> <span class='ocrx_word' id='word_1_570' title='bbox 2594 3371 2745 3431; x_wconf 69' lang='lat' dir='ltr'><strong>sunt,</strong></span> <span class='ocrx_word' id='word_1_571' title='bbox 2772 3362 3085 3418; x_wconf 84' lang='lat' dir='ltr'><strong>Bernardns</strong></span> <span class='ocrx_word' id='word_1_572' title='bbox 3110 3362 3319 3418; x_wconf 84' lang='lat' dir='ltr'><strong>scilicet</strong></span> <span class='ocrx_word' id='word_1_573' title='bbox 3336 3360 3455 3416; x_wconf 89' lang='lat' dir='ltr'><strong>dia-</strong></span> 
     </span>
    </p>
   </div>
   <div class='ocr_carea' id='block_1_80' title="bbox 1863 3453 3487 3523">
    <p class='ocr_par' dir='ltr' id='par_1_80' title="bbox 1863 3453 3487 3523">
     <span class='ocr_line' id='line_1_80' title="bbox 1863 3453 3487 3523; baseline -0.001 -10"><span class='ocrx_word' id='word_1_574' title='bbox 1863 3474 2039 3514; x_wconf 90' lang='lat' dir='ltr'><strong>conus</strong></span> <span class='ocrx_word' id='word_1_575' title='bbox 2064 3466 2269 3514; x_wconf 73' lang='lat' dir='ltr'><strong>sancta:</strong></span> <span class='ocrx_word' id='word_1_576' title='bbox 2295 3454 2557 3512; x_wconf 72' lang='lat' dir='ltr'><strong>Romana:</strong></span> <span class='ocrx_word' id='word_1_577' title='bbox 2583 3454 2863 3523; x_wconf 70' lang='lat' dir='ltr'><strong>Ecclesiae,</strong></span> <span class='ocrx_word' id='word_1_578' title='bbox 2892 3464 2948 3511; x_wconf 90' lang='lat' dir='ltr'><strong>et</strong></span> <span class='ocrx_word' id='word_1_579' title='bbox 2966 3453 3279 3511; x_wconf 80' lang='lat' dir='ltr'><strong>Bernartius</strong></span> <span class='ocrx_word' id='word_1_580' title='bbox 3306 3453 3453 3512; x_wconf 79' lang='lat' dir='ltr'><strong>Mas-</strong></span> <span class='ocrx_word' id='word_1_581' title='bbox 3482 3476 3487 3479; x_wconf 44' lang='grc' dir='ltr'><strong>η</strong></span> 
     </span>
    </p>
   </div>
   <div class='ocr_carea' id='block_1_81' title="bbox 1862 3547 3491 3615">
    <p class='ocr_par' dir='ltr' id='par_1_81' title="bbox 1862 3547 3491 3615">
     <span class='ocr_line' id='line_1_81' title="bbox 1862 3547 3491 3615; baseline 0 -10"><span class='ocrx_word' id='word_1_582' title='bbox 1862 3549 2103 3605; x_wconf 87' lang='lat' dir='ltr'><strong>silicnsis</strong></span> <span class='ocrx_word' id='word_1_583' title='bbox 2142 3548 2331 3615; x_wconf 89' lang='lat' dir='ltr'><strong>abbas,</strong></span> <span class='ocrx_word' id='word_1_584' title='bbox 2379 3548 2427 3604; x_wconf 91' lang='lat' dir='ltr'><strong>si</strong></span> <span class='ocrx_word' id='word_1_585' title='bbox 2468 3547 2761 3615; x_wconf 88' lang='lat' dir='ltr'><strong>voluerint,</strong></span> <span class='ocrx_word' id='word_1_586' title='bbox 2790 3547 3018 3605; x_wconf 88' lang='lat' dir='ltr'><strong>licenter</strong></span> <span class='ocrx_word' id='word_1_587' title='bbox 3054 3558 3110 3604; x_wconf 90' lang='lat' dir='ltr'><strong>et</strong></span> <span class='ocrx_word' id='word_1_588' title='bbox 3155 3562 3351 3605; x_wconf 84' lang='lat' dir='ltr'><strong>secure</strong></span> <span class='ocrx_word' id='word_1_589' title='bbox 3385 3550 3491 3606; x_wconf 82' lang='lat' dir='ltr'><strong>ad‘</strong></span> 
     </span>
    </p>
   </div>
   <div class='ocr_carea' id='block_1_82' title="bbox 1864 3640 2434 3697">
    <p class='ocr_par' dir='ltr' id='par_1_82' title="bbox 1864 3640 2434 3697">
     <span class='ocr_line' id='line_1_82' title="bbox 1864 3640 2434 3697; baseline -0.004 -2"><span class='ocrx_word' id='word_1_590' title='bbox 1864 3656 1966 3697; x_wconf 89' lang='lat' dir='ltr'><strong>nos</strong></span> <span class='ocrx_word' id='word_1_591' title='bbox 1992 3640 2170 3696; x_wconf 78' lang='lat' dir='ltr'><strong>redire</strong></span> <span class='ocrx_word' id='word_1_592' title='bbox 2199 3640 2434 3695; x_wconf 90' lang='lat' dir='ltr'><strong>valeant.</strong></span> 
     </span>
    </p>
   </div>
   <div class='ocr_carea' id='block_1_83' title="bbox 1934 3729 3446 3806">
    <p class='ocr_par' dir='ltr' id='par_1_83' title="bbox 1934 3729 3446 3806">
     <span class='ocr_line' id='line_1_83' title="bbox 1934 3729 3446 3806; baseline 0.001 -19"><span class='ocrx_word' id='word_1_593' title='bbox 1934 3733 2068 3789; x_wconf 88' lang='lat' dir='ltr'><strong>Data</strong></span> <span class='ocrx_word' id='word_1_594' title='bbox 2093 3732 2281 3790; x_wconf 65' lang='lat' dir='ltr'><strong>Romae</strong></span> <span class='ocrx_word' id='word_1_595' title='bbox 2304 3733 2536 3805; x_wconf 86' lang='lat' dir='ltr'><strong>septimo</strong></span> <span class='ocrx_word' id='word_1_596' title='bbox 2557 3731 2683 3789; x_wconf 87' lang='lat' dir='ltr'><strong>ldus</strong></span> <span class='ocrx_word' id='word_1_597' title='bbox 2703 3729 2905 3801; x_wconf 82' lang='lat' dir='ltr'><strong>Martii,</strong></span> <span class='ocrx_word' id='word_1_598' title='bbox 2929 3732 3225 3790; x_wconf 90' lang='lat' dir='ltr'><strong>indictione</strong></span> <span class='ocrx_word' id='word_1_599' title='bbox 3250 3733 3446 3806; x_wconf 81' lang='lat' dir='ltr'><strong>prima.</strong></span> 
     </span>
    </p>
   </div>
   <div class='ocr_carea' id='block_1_84' title="bbox 2379 3879 2919 3939">
    <p class='ocr_par' dir='ltr' id='par_1_84' title="bbox 2379 3879 2919 3939">
     <span class='ocr_line' id='line_1_84' title="bbox 2379 3879 2919 3939; baseline 0.004 -3"><span class='ocrx_word' id='word_1_600' title='bbox 2379 3879 2721 3939; x_wconf 82' lang='lat' dir='ltr'><strong>EPISTOLA</strong></span> <span class='ocrx_word' id='word_1_601' title='bbox 2752 3879 2919 3938; x_wconf 79' lang='lat' dir='ltr'><strong>XVII.</strong></span> 
     </span>
    </p>
   </div>
   <div class='ocr_carea' id='block_1_85' title="bbox 2461 3995 2863 4069">
    <p class='ocr_par' dir='ltr' id='par_1_85' title="bbox 2461 3995 2863 4069">
     <span class='ocr_line' id='line_1_85' title="bbox 2461 3995 2863 4069; baseline 0.002 -19"><span class='ocrx_word' id='word_1_602' title='bbox 2461 3996 2643 4069; x_wconf 77' lang='lat' dir='ltr'><strong>(Anno</strong></span> <span class='ocrx_word' id='word_1_603' title='bbox 2677 3995 2863 4066; x_wconf 75' lang='lat'><strong>1078.)</strong></span> 
     </span>
    </p>
   </div>
   <div class='ocr_carea' id='block_1_86' title="bbox 1870 4100 3455 4236">
    <p class='ocr_par' dir='ltr' id='par_1_86' title="bbox 1870 4100 3455 4236">
     <span class='ocr_line' id='line_1_86' title="bbox 1870 4100 3453 4179; baseline 0.001 -16"><span class='ocrx_word' id='word_1_604' title='bbox 1870 4105 2154 4178; x_wconf 78' lang='lat' dir='ltr'><strong>Signiﬁcat</strong></span> <span class='ocrx_word' id='word_1_605' title='bbox 2178 4122 2254 4171; x_wconf 89' lang='lat' dir='ltr'><strong>se,</strong></span> <span class='ocrx_word' id='word_1_606' title='bbox 2282 4100 2686 4175; x_wconf 80' lang='lat' dir='ltr'><strong>temperantiam</strong></span> <span class='ocrx_word' id='word_1_607' title='bbox 2713 4107 2890 4177; x_wconf 81' lang='lat' dir='ltr'><strong>potius</strong></span> <span class='ocrx_word' id='word_1_608' title='bbox 2918 4123 3079 4177; x_wconf 83' lang='lat' dir='ltr'><strong>quam</strong></span> <span class='ocrx_word' id='word_1_609' title='bbox 3111 4110 3335 4179; x_wconf 79' lang='lat' dir='ltr'><strong>rigorem</strong></span> <span class='ocrx_word' id='word_1_610' title='bbox 3358 4126 3453 4164; x_wconf 83' lang='lat' dir='ltr'><strong>ca-</strong></span> 
     </span>
     <span class='ocr_line' id='line_1_87' title="bbox 1940 4177 3455 4236; baseline 0.003 -6"><span class='ocrx_word' id='word_1_611' title='bbox 1940 4192 2136 4230; x_wconf 85' lang='lat' dir='ltr'><strong>nonum</strong></span> <span class='ocrx_word' id='word_1_612' title='bbox 2173 4184 2429 4236; x_wconf 85' lang='lat' dir='ltr'><strong>secutum,</strong></span> <span class='ocrx_word' id='word_1_613' title='bbox 2467 4192 2660 4230; x_wconf 78' lang='lat' dir='ltr'><strong>causas</strong></span> <span class='ocrx_word' id='word_1_614' title='bbox 2698 4179 3063 4236; x_wconf 79' lang='lat' dir='ltr'><strong>episcoporum</strong></span> <span class='ocrx_word' id='word_1_615' title='bbox 3111 4177 3361 4234; x_wconf 76' lang='lat' dir='ltr'><strong>Francia:</strong></span> <span class='ocrx_word' id='word_1_616' title='bbox 3403 4190 3455 4236; x_wconf 82' lang='lat' dir='ltr'><strong>et</strong></span> 
     </span>
    </p>
   </div>
   <div class='ocr_carea' id='block_1_87' title="bbox 1937 4193 3454 4317">
    <p class='ocr_par' dir='ltr' id='par_1_87' title="bbox 1937 4193 3454 4317">
     <span class='ocr_line' id='line_1_88' title="bbox 1940 4193 3454 4247; baseline 0.003 -17"><span class='ocrx_word' id='word_1_617' title='bbox 1940 4193 2136 4230; x_wconf 85' lang='lat' dir='ltr'><strong>nonum</strong></span> <span class='ocrx_word' id='word_1_618' title='bbox 2173 4193 2429 4242; x_wconf 80' lang='lat' dir='ltr'><strong>secutum,</strong></span> <span class='ocrx_word' id='word_1_619' title='bbox 2467 4193 2660 4230; x_wconf 79' lang='lat' dir='ltr'><strong>causas</strong></span> <span class='ocrx_word' id='word_1_620' title='bbox 2698 4193 3063 4247; x_wconf 70' lang='lat' dir='ltr'><strong>episcoporum</strong></span> <span class='ocrx_word' id='word_1_621' title='bbox 3111 4193 3361 4234; x_wconf 70' lang='lat' dir='ltr'><strong>Hancne</strong></span> <span class='ocrx_word' id='word_1_622' title='bbox 3403 4193 3454 4236; x_wconf 84' lang='lat' dir='ltr'><strong>et</strong></span> 
     </span>
     <span class='ocr_line' id='line_1_89' title="bbox 1937 4246 3454 4317; baseline 0.001 -15"><span class='ocrx_word' id='word_1_623' title='bbox 1937 4246 2265 4317; x_wconf 78' lang='lat' dir='ltr'><strong>Burgundia:</strong></span> <span class='ocrx_word' id='word_1_624' title='bbox 2317 4246 2661 4311; x_wconf 80' lang='lat' dir='ltr'><strong>discussisse,</strong></span> <span class='ocrx_word' id='word_1_625' title='bbox 2715 4256 2765 4301; x_wconf 85' lang='lat' dir='ltr'><strong>et</strong></span> <span class='ocrx_word' id='word_1_626' title='bbox 2796 4263 2943 4317; x_wconf 18' lang='lat' dir='ltr'><strong>gcum</strong></span> <span class='ocrx_word' id='word_1_627' title='bbox 2994 4247 3221 4317; x_wconf 76' lang='lat' dir='ltr'><strong>singulis</strong></span> <span class='ocrx_word' id='word_1_628' title='bbox 3270 4250 3454 4305; x_wconf 80' lang='lat' dir='ltr'><strong>mitius</strong></span> 
     </span>
    </p>
   </div>
   <div class='ocr_carea' id='block_1_88' title="bbox 1943 4315 3452 4387">
    <p class='ocr_par' dir='ltr' id='par_1_88' title="bbox 1943 4315 3452 4387">
     <span class='ocr_line' id='line_1_90' title="bbox 1943 4315 3452 4387; baseline 0.001 -16"><span class='ocrx_word' id='word_1_629' title='bbox 1943 4315 2142 4387; x_wconf 70' lang='lat' dir='ltr'><strong>egisse;</strong></span> <span class='ocrx_word' id='word_1_630' title='bbox 2168 4316 2430 4387; x_wconf 67' lang='lat' dir='ltr'><strong>prazcipue</strong></span> <span class='ocrx_word' id='word_1_631' title='bbox 2465 4331 2582 4370; x_wconf 84' lang='lat' dir='ltr'><strong>vero</strong></span> <span class='ocrx_word' id='word_1_632' title='bbox 2621 4331 2758 4387; x_wconf 78' lang='lat' dir='ltr'><strong>cum_</strong></span> <span class='ocrx_word' id='word_1_633' title='bbox 2787 4315 3037 4370; x_wconf 75' lang='lat' dir='ltr'><strong>Ma‘nasse</strong></span> <span class='ocrx_word' id='word_1_634' title='bbox 3070 4315 3315 4373; x_wconf 80' lang='lat' dir='ltr'><strong>Remensi</strong></span> <span class='ocrx_word' id='word_1_635' title='bbox 3358 4336 3452 4373; x_wconf 89' lang='lat' dir='ltr'><strong>ar-</strong></span> 
     </span>
    </p>
   </div>
   <div class='ocr_carea' id='block_1_89' title="bbox 1946 4385 3458 4460">
    <p class='ocr_par' dir='ltr' id='par_1_89' title="bbox 1946 4385 3458 4460">
     <span class='ocr_line' id='line_1_91' title="bbox 1946 4385 3458 4460; baseline 0.002 -20"><span class='ocrx_word' id='word_1_636' title='bbox 1946 4385 2298 4460; x_wconf 68' lang='lat' dir='ltr'><strong>chiepiscopo,</strong></span> <span class='ocrx_word' id='word_1_637' title='bbox 2336 4385 2488 4456; x_wconf 76' lang='lat' dir='ltr'><strong>cujus</strong></span> <span class='ocrx_word' id='word_1_638' title='bbox 2531 4386 2695 4443; x_wconf 82' lang='lat' dir='ltr'><strong>etiam</strong></span> <span class='ocrx_word' id='word_1_639' title='bbox 2729 4385 3024 4457; x_wconf 80' lang='lat' dir='ltr'><strong>juraments&#39;</strong></span> <span class='ocrx_word' id='word_1_640' title='bbox 3067 4389 3338 4460; x_wconf 70' lang='lat' dir='ltr'><strong>exemplar</strong></span> <span class='ocrx_word' id='word_1_641' title='bbox 3363 4390 3458 4443; x_wconf 84' lang='lat' dir='ltr'><strong>ad-</strong></span> 
     </span>
    </p>
   </div>
   <div class='ocr_carea' id='block_1_90' title="bbox 173 4459 2083 4550">
    <p class='ocr_par' dir='ltr' id='par_1_90' title="bbox 173 4459 2083 4550">
     <span class='ocr_line' id='line_1_92' title="bbox 173 4459 2083 4550; baseline -0.002 -17"><span class='ocrx_word' id='word_1_642' title='bbox 173 4478 435 4534; x_wconf 81' lang='lat' dir='ltr'><strong>tervenire</strong></span> <span class='ocrx_word' id='word_1_643' title='bbox 465 4476 757 4550; x_wconf 86' lang='lat' dir='ltr'><strong>potuisset,</strong></span> <span class='ocrx_word' id='word_1_644' title='bbox 804 4486 1080 4531; x_wconf 88' lang='lat' dir='ltr'><strong>maturare</strong></span> <span class='ocrx_word' id='word_1_645' title='bbox 1107 4475 1461 4531; x_wconf 81' lang='lat' dir='ltr'><strong>curavimus:</strong></span> <span class='ocrx_word' id='word_1_646' title='bbox 1491 4474 1636 4545; x_wconf 90' lang='lat' dir='ltr'><strong>quod</strong></span> <span class='ocrx_word' id='word_1_647' title='bbox 1669 4483 1761 4528; x_wconf 92' lang='lat' dir='ltr'><strong>tua</strong></span> <span class='ocrx_word' id='word_1_648' title='bbox 1794 4489 1839 4543; x_wconf 85' lang='grc' dir='ltr'><strong>ι)</strong></span> <span class='ocrx_word' id='word_1_649' title='bbox 1936 4459 2083 4529; x_wconf 54' lang='lat'><strong>1705’-</strong></span> 
     </span>
    </p>
   </div>
   <div class='ocr_carea' id='block_1_91' title="bbox 174 4563 1760 4638">
    <p class='ocr_par' dir='ltr' id='par_1_91' title="bbox 174 4563 1760 4638">
     <span class='ocr_line' id='line_1_93' title="bbox 174 4563 1760 4638; baseline -0.003 -15"><span class='ocrx_word' id='word_1_650' title='bbox 174 4566 485 4627; x_wconf 86' lang='lat' dir='ltr'><strong>fraternitas</strong></span> <span class='ocrx_word' id='word_1_651' title='bbox 513 4568 735 4636; x_wconf 84' lang='lat' dir='ltr'><strong>litteris,</strong></span> <span class='ocrx_word' id='word_1_652' title='bbox 775 4567 978 4638; x_wconf 89' lang='lat' dir='ltr'><strong>quibus</strong></span> <span class='ocrx_word' id='word_1_653' title='bbox 1018 4567 1075 4621; x_wconf 89' lang='lat' dir='ltr'><strong>id</strong></span> <span class='ocrx_word' id='word_1_654' title='bbox 1109 4565 1461 4636; x_wconf 81' lang='lat' dir='ltr'><strong>singulariter</strong></span> <span class='ocrx_word' id='word_1_655' title='bbox 1496 4563 1760 4636; x_wconf 90' lang='lat' dir='ltr'><strong>scriptum</strong></span> 
     </span>
    </p>
   </div>
   <div class='ocr_carea' id='block_1_92' title="bbox 174 4657 1762 4734">
    <p class='ocr_par' dir='ltr' id='par_1_92' title="bbox 174 4657 1762 4734">
     <span class='ocr_line' id='line_1_94' title="bbox 174 4657 1762 4734; baseline -0.004 -16"><span class='ocrx_word' id='word_1_656' title='bbox 174 4672 266 4729; x_wconf 84' lang='lat' dir='ltr'><strong>est,</strong></span> <span class='ocrx_word' id='word_1_657' title='bbox 288 4662 508 4734; x_wconf 86' lang='lat' dir='ltr'><strong>plenius</strong></span> <span class='ocrx_word' id='word_1_658' title='bbox 540 4669 855 4733; x_wconf 80' lang='lat' dir='ltr'><strong>cognoscet.</strong></span> <span class='ocrx_word' id='word_1_659' title='bbox 884 4658 1163 4731; x_wconf 84' lang='lat' dir='ltr'><strong>Rogamus</strong></span> <span class='ocrx_word' id='word_1_660' title='bbox 1194 4659 1360 4730; x_wconf 90' lang='lat' dir='ltr'><strong>igitur</strong></span> <span class='ocrx_word' id='word_1_661' title='bbox 1402 4665 1457 4712; x_wconf 89' lang='lat' dir='ltr'><strong>ct</strong></span> <span class='ocrx_word' id='word_1_662' title='bbox 1499 4657 1762 4713; x_wconf 88' lang='lat' dir='ltr'><strong>admone-</strong></span> 
     </span>
    </p>
   </div>
   <div class='ocr_carea' id='block_1_93' title="bbox 176 4748 1764 4827">
    <p class='ocr_par' dir='ltr' id='par_1_93' title="bbox 176 4748 1764 4827">
     <span class='ocr_line' id='line_1_95' title="bbox 176 4748 1764 4827; baseline -0.002 -19"><span class='ocrx_word' id='word_1_663' title='bbox 176 4768 288 4812; x_wconf 89' lang='lat' dir='ltr'><strong>mus</strong></span> <span class='ocrx_word' id='word_1_664' title='bbox 313 4754 669 4827; x_wconf 87' lang='lat' dir='ltr'><strong>prudentiam</strong></span> <span class='ocrx_word' id='word_1_665' title='bbox 694 4761 871 4819; x_wconf 91' lang='lat' dir='ltr'><strong>tuam,</strong></span> <span class='ocrx_word' id='word_1_666' title='bbox 901 4752 954 4805; x_wconf 92' lang='lat' dir='ltr'><strong>in</strong></span> <span class='ocrx_word' id='word_1_667' title='bbox 982 4767 1093 4823; x_wconf 91' lang='lat' dir='ltr'><strong>qua</strong></span> <span class='ocrx_word' id='word_1_668' title='bbox 1138 4750 1372 4806; x_wconf 87' lang='lat' dir='ltr'><strong>multum</strong></span> <span class='ocrx_word' id='word_1_669' title='bbox 1415 4748 1764 4815; x_wconf 85' lang='lat' dir='ltr'><strong>conﬁdimus,</strong></span> 
     </span>
    </p>
   </div>
   <div class='ocr_carea' id='block_1_94' title="bbox 177 4844 1773 4921">
    <p class='ocr_par' dir='ltr' id='par_1_94' title="bbox 177 4844 1773 4921">
     <span class='ocr_line' id='line_1_96' title="bbox 177 4844 1773 4921; baseline -0.001 -20"><span class='ocrx_word' id='word_1_670' title='bbox 177 4857 231 4903; x_wconf 92' lang='lat' dir='ltr'><strong>ut</strong></span> <span class='ocrx_word' id='word_1_671' title='bbox 269 4849 574 4906; x_wconf 89' lang='lat' dir='ltr'><strong>secundum</strong></span> <span class='ocrx_word' id='word_1_672' title='bbox 620 4859 871 4903; x_wconf 89' lang='lat' dir='ltr'><strong>tenorem</strong></span> <span class='ocrx_word' id='word_1_673' title='bbox 914 4845 1230 4900; x_wconf 88' lang='lat' dir='ltr'><strong>earumdem</strong></span> <span class='ocrx_word' id='word_1_674' title='bbox 1302 4844 1606 4899; x_wconf 85' lang='lat' dir='ltr'><strong>litterarum</strong></span> <span class='ocrx_word' id='word_1_675' title='bbox 1649 4844 1773 4921; x_wconf 85' lang='lat' dir='ltr'><strong>sine</strong></span> 
     </span>
    </p>
   </div>
   <div class='ocr_carea' id='block_1_95' title="bbox 180 4935 1769 5001">
    <p class='ocr_par' dir='ltr' id='par_1_95' title="bbox 180 4935 1769 5001">
     <span class='ocr_line' id='line_1_97' title="bbox 180 4935 1769 5001; baseline -0.003 -8"><span class='ocrx_word' id='word_1_676' title='bbox 180 4941 311 4996; x_wconf 87' lang='lat' dir='ltr'><strong>omni</strong></span> <span class='ocrx_word' id='word_1_677' title='bbox 340 4941 603 4997; x_wconf 86' lang='lat' dir='ltr'><strong>dilatione</strong></span> <span class='ocrx_word' id='word_1_678' title='bbox 628 4939 699 4994; x_wconf 90' lang='lat' dir='ltr'><strong>de</strong></span> <span class='ocrx_word' id='word_1_679' title='bbox 744 4952 913 4993; x_wconf 87' lang='lat' dir='ltr'><strong>causa</strong></span> <span class='ocrx_word' id='word_1_680' title='bbox 950 4937 1055 4992; x_wconf 88' lang='lat' dir='ltr'><strong>hac</strong></span> <span class='ocrx_word' id='word_1_681' title='bbox 1083 4944 1137 4991; x_wconf 90' lang='lat' dir='ltr'><strong>te</strong></span> <span class='ocrx_word' id='word_1_682' title='bbox 1173 4935 1527 5001; x_wconf 84' lang='lat' dir='ltr'><strong>intromittas,</strong></span> <span class='ocrx_word' id='word_1_683' title='bbox 1562 4943 1616 4989; x_wconf 90' lang='lat' dir='ltr'><strong>et</strong></span> <span class='ocrx_word' id='word_1_684' title='bbox 1650 4951 1769 4989; x_wconf 91' lang='lat' dir='ltr'><strong>om-</strong></span> 
     </span>
    </p>
   </div>
   <div class='ocr_carea' id='block_1_96' title="bbox 182 5028 1775 5100">
    <p class='ocr_par' dir='ltr' id='par_1_96' title="bbox 182 5028 1775 5100">
     <span class='ocr_line' id='line_1_98' title="bbox 182 5028 1775 5100; baseline -0.001 -15"><span class='ocrx_word' id='word_1_685' title='bbox 182 5032 324 5091; x_wconf 87' lang='lat' dir='ltr'><strong>nibus</strong></span> <span class='ocrx_word' id='word_1_686' title='bbox 348 5044 463 5091; x_wconf 90' lang='lat' dir='ltr'><strong>tam</strong></span> <span class='ocrx_word' id='word_1_687' title='bbox 500 5031 819 5090; x_wconf 90' lang='lat' dir='ltr'><strong>minoribus</strong></span> <span class='ocrx_word' id='word_1_688' title='bbox 844 5045 1010 5100; x_wconf 89' lang='lat' dir='ltr'><strong>quam</strong></span> <span class='ocrx_word' id='word_1_689' title='bbox 1038 5028 1362 5099; x_wconf 88' lang='lat' dir='ltr'><strong>majoribus,</strong></span> <span class='ocrx_word' id='word_1_690' title='bbox 1384 5028 1565 5099; x_wconf 87' lang='lat' dir='ltr'><strong>quoad</strong></span> <span class='ocrx_word' id='word_1_691' title='bbox 1588 5032 1775 5098; x_wconf 82' lang='lat' dir='ltr'><strong>potes,</strong></span> 
     </span>
    </p>
   </div>
   <div class='ocr_carea' id='block_1_97' title="bbox 248 5122 1763 5152">
    <p class='ocr_par' dir='ltr' id='par_1_97' title="bbox 248 5122 1763 5152">
     <span class='ocr_line' id='line_1_99' title="bbox 248 5122 1763 5152; baseline 0 0"><span class='ocrx_word' id='word_1_692' title='bbox 248 5128 291 5152; x_wconf 66' lang='lat' dir='ltr'><strong>:J</strong></span> <span class='ocrx_word' id='word_1_693' title='bbox 328 5144 353 5152; x_wconf 58' lang='grc' dir='ltr'><strong>Α</strong></span> <span class='ocrx_word' id='word_1_694' title='bbox 386 5127 547 5152; x_wconf 63' lang='grc' dir='ltr'><strong>..ΑΙ-ιζ,-</strong></span> <span class='ocrx_word' id='word_1_695' title='bbox 584 5125 945 5152; x_wconf 61' lang='grc' dir='ltr'><strong>,ΙΛΙῖιιιιωΛι-ιννι</strong></span> <span class='ocrx_word' id='word_1_696' title='bbox 1002 5132 1051 5152; x_wconf 75' lang='grc' dir='ltr'><strong>ηο</strong></span> <span class='ocrx_word' id='word_1_697' title='bbox 1080 5122 1312 5152; x_wconf 64' lang='grc' dir='ltr'><strong>ηιιιὶιῖθηιι</strong></span> <span class='ocrx_word' id='word_1_698' title='bbox 1460 5122 1763 5152; x_wconf 64' lang='grc' dir='ltr'><strong>ἶηῖιιιὶίιθιιηη</strong></span> 
     </span>
    </p>
   </div>
   <div class='ocr_carea' id='block_1_98' title="bbox 1936 4570 3227 4644">
    <p class='ocr_par' dir='ltr' id='par_1_98' title="bbox 1936 4570 3227 4644">
     <span class='ocr_line' id='line_1_100' title="bbox 1936 4570 3227 4644; baseline 0.003 -16"><span class='ocrx_word' id='word_1_699' title='bbox 1936 4570 2246 4629; x_wconf 67' lang='grc' dir='ltr'><strong>ϐκεοοιιιυε</strong></span> <span class='ocrx_word' id='word_1_700' title='bbox 2259 4572 2567 4644; x_wconf 76' lang='lat' dir='ltr'><strong>episwpus,</strong></span> <span class='ocrx_word' id='word_1_701' title='bbox 2588 4589 2779 4631; x_wconf 83' lang='lat' dir='ltr'><strong>servus</strong></span> <span class='ocrx_word' id='word_1_702' title='bbox 2800 4589 3082 4631; x_wconf 89' lang='lat' dir='ltr'><strong>servorum</strong></span> <span class='ocrx_word' id='word_1_703' title='bbox 3108 4573 3227 4632; x_wconf 88' lang='lat' dir='ltr'><strong>Dei.</strong></span> 
     </span>
    </p>
   </div>
   <div class='ocr_carea' id='block_1_99' title="bbox 1937 4661 3456 4737">
    <p class='ocr_par' dir='ltr' id='par_1_99' title="bbox 1937 4661 3456 4737">
     <span class='ocr_line' id='line_1_101' title="bbox 1937 4661 3456 4737; baseline 0.007 -20"><span class='ocrx_word' id='word_1_704' title='bbox 1937 4661 2076 4730; x_wconf 86' lang='lat' dir='ltr'><strong>Quia</strong></span> <span class='ocrx_word' id='word_1_705' title='bbox 2117 4666 2455 4720; x_wconf 90' lang='lat' dir='ltr'><strong>consuetudo</strong></span> <span class='ocrx_word' id='word_1_706' title='bbox 2498 4674 2702 4722; x_wconf 68' lang='lat' dir='ltr'><strong>sanctae</strong></span> <span class='ocrx_word' id='word_1_707' title='bbox 2748 4665 3009 4723; x_wconf 66' lang='lat' dir='ltr'><strong>Romanae</strong></span> <span class='ocrx_word' id='word_1_708' title='bbox 3056 4667 3339 4737; x_wconf 66' lang='lat' dir='ltr'><strong>Ecclesiae,</strong></span> <span class='ocrx_word' id='word_1_709' title='bbox 3365 4673 3456 4728; x_wconf 84' lang='lat' dir='ltr'><strong>cui</strong></span> 
     </span>
    </p>
   </div>
   <div class='ocr_carea' id='block_1_100' title="bbox 1868 4754 3456 4833">
    <p class='ocr_par' dir='ltr' id='par_1_100' title="bbox 1868 4754 3456 4833">
     <span class='ocr_line' id='line_1_102' title="bbox 1868 4754 3456 4833; baseline 0.005 -23"><span class='ocrx_word' id='word_1_710' title='bbox 1868 4754 1981 4811; x_wconf 88' lang='lat' dir='ltr'><strong>Deo</strong></span> <span class='ocrx_word' id='word_1_711' title='bbox 2007 4765 2229 4812; x_wconf 89' lang='lat' dir='ltr'><strong>auctore</strong></span> <span class='ocrx_word' id='word_1_712' title='bbox 2276 4756 2404 4813; x_wconf 89' lang='lat' dir='ltr'><strong>licet</strong></span> <span class='ocrx_word' id='word_1_713' title='bbox 2444 4758 2653 4831; x_wconf 90' lang='lat' dir='ltr'><strong>indigni</strong></span> <span class='ocrx_word' id='word_1_714' title='bbox 2693 4759 3055 4828; x_wconf 89' lang='lat' dir='ltr'><strong>deservimus,</strong></span> <span class='ocrx_word' id='word_1_715' title='bbox 3082 4768 3168 4816; x_wconf 89' lang='lat' dir='ltr'><strong>est</strong></span> <span class='ocrx_word' id='word_1_716' title='bbox 3205 4761 3456 4833; x_wconf 62' lang='lat' dir='ltr'><strong>quaxlam</strong></span> 
     </span>
    </p>
   </div>
   <div class='ocr_carea' id='block_1_101' title="bbox 1865 4848 3460 4919">
    <p class='ocr_par' dir='ltr' id='par_1_101' title="bbox 1865 4848 3460 4919">
     <span class='ocr_line' id='line_1_103' title="bbox 1865 4848 3460 4919; baseline 0.008 -18"><span class='ocrx_word' id='word_1_717' title='bbox 1865 4848 2124 4915; x_wconf 84' lang='lat' dir='ltr'><strong>tolerare,</strong></span> <span class='ocrx_word' id='word_1_718' title='bbox 2174 4850 2428 4918; x_wconf 63' lang='lat' dir='ltr'><strong>quaedam</strong></span> <span class='ocrx_word' id='word_1_719' title='bbox 2475 4851 2641 4906; x_wconf 92' lang='lat' dir='ltr'><strong>etiam</strong></span> <span class='ocrx_word' id='word_1_720' title='bbox 2688 4850 3061 4919; x_wconf 88' lang='lat' dir='ltr'><strong>dissimulare,</strong></span> <span class='ocrx_word' id='word_1_721' title='bbox 3109 4853 3460 4914; x_wconf 83' lang='lat' dir='ltr'><strong>discretionis</strong></span> 
     </span>
    </p>
   </div>
   <div class='ocr_carea' id='block_1_102' title="bbox 1874 4941 3459 5018">
    <p class='ocr_par' dir='ltr' id='par_1_102' title="bbox 1874 4941 3459 5018">
     <span class='ocr_line' id='line_1_104' title="bbox 1874 4941 3459 5018; baseline 0.007 -25"><span class='ocrx_word' id='word_1_722' title='bbox 1874 4941 2288 5009; x_wconf 68' lang='lat' dir='ltr'><strong>temperantiam</strong></span> <span class='ocrx_word' id='word_1_723' title='bbox 2340 4943 2522 5012; x_wconf 90' lang='lat' dir='ltr'><strong>potius</strong></span> <span class='ocrx_word' id='word_1_724' title='bbox 2562 4960 2728 5015; x_wconf 91' lang='lat' dir='ltr'><strong>quam</strong></span> <span class='ocrx_word' id='word_1_725' title='bbox 2771 4945 3009 5018; x_wconf 83' lang='lat' dir='ltr'><strong>rigorem</strong></span> <span class='ocrx_word' id='word_1_726' title='bbox 3047 4960 3321 5003; x_wconf 89' lang='lat' dir='ltr'><strong>canonum</strong></span> <span class='ocrx_word' id='word_1_727' title='bbox 3368 4964 3459 5004; x_wconf 79' lang='lat' dir='ltr'><strong>se-</strong></span> 
     </span>
    </p>
   </div>
   <div class='ocr_carea' id='block_1_103' title="bbox 1874 5026 3464 5109">
    <p class='ocr_par' dir='ltr' id='par_1_103' title="bbox 1874 5026 3464 5109">
     <span class='ocr_line' id='line_1_105' title="bbox 1874 5026 3464 5109; baseline 0.006 -24"><span class='ocrx_word' id='word_1_728' title='bbox 1874 5040 2125 5100; x_wconf 88' lang='lat' dir='ltr'><strong>quentes,</strong></span> <span class='ocrx_word' id='word_1_729' title='bbox 2162 5048 2360 5089; x_wconf 89' lang='lat' dir='ltr'><strong>causas</strong></span> <span class='ocrx_word' id='word_1_730' title='bbox 2400 5026 2784 5109; x_wconf 81' lang='lat' dir='ltr'><strong>episcoporum</strong></span> <span class='ocrx_word' id='word_1_731' title='bbox 2834 5037 3078 5094; x_wconf 74' lang='lat' dir='ltr'><strong>Francia:</strong></span> <span class='ocrx_word' id='word_1_732' title='bbox 3115 5050 3279 5109; x_wconf 86' lang='lat' dir='ltr'><strong>atque</strong></span> <span class='ocrx_word' id='word_1_733' title='bbox 3324 5038 3464 5095; x_wconf 85' lang='lat' dir='ltr'><strong>Bur-</strong></span> 
     </span>
    </p>
   </div>
   <div class='ocr_carea' id='block_1_104' title="bbox 1873 5124 2340 5152">
    <p class='ocr_par' dir='ltr' id='par_1_104' title="bbox 1873 5124 2340 5152">
     <span class='ocr_line' id='line_1_106' title="bbox 1873 5124 2340 5152; baseline -0.004 0"><span class='ocrx_word' id='word_1_734' title='bbox 1873 5124 2087 5152; x_wconf 63' lang='grc' dir='ltr'><strong>ι-η-ςιῑεκ.</strong></span> <span class='ocrx_word' id='word_1_735' title='bbox 2142 5126 2230 5150; x_wconf 74' lang='grc' dir='ltr'><strong>...ηε</strong></span> <span class='ocrx_word' id='word_1_736' title='bbox 2280 5142 2340 5150; x_wconf 79' lang='grc' dir='ltr'><strong>..η</strong></span> 
     </span>
    </p>
   </div>
  </div>
