3982 5316
503 344 608 402 5M

502 475 610 533 que
632 459 994 526 restituimus,
1023 471 1084 516 ea
1108 454 1326 526 quidem
1356 451 1567 506 ratione
1593 457 1653 503 ut
1685 461 1850 516 supra
1881 459 2078 514 corpus
2109 453 2154 510 Α

501 551 682 612 sancti
701 549 848 606 Petri
866 549 1078 620 juraret
1103 548 1206 601 hoc
1231 543 1392 600 modo
1417 562 1431 596 :

579 663 600 696 ι
632 642 746 715 Ego
773 641 1050 696 Manasscs
1077 636 1360 692 Rcmensis
1391 633 1830 704 archiepiscopus
1850 648 1950 704 pro
1977 649 2071 689 su-

501 734 690 806 perbia
738 749 847 788 non
882 729 1063 788 dimisi
1105 727 1251 798 quod
1287 743 1396 783 non
1428 727 1667 783 venerim
1703 726 1769 781 ad
1807 725 2075 796 synodum

499 823 1070 897 Augustodunenscm,
1097 819 1166 876 ad
1205 835 1371 890 quam
1421 835 1509 873 me
1547 817 1761 873 Diensis
1789 817 2076 889 episcopus

497 916 731 972 vacavit.
757 914 817 969 Si
837 922 1064 969 vocatus
1085 911 1278 966 nuntio
1305 911 1388 966 vel
1417 910 1610 966 litteris
1647 910 1958 980 apostolicae
1987 926 2076 966 sc-

497 1009 583 1064 (Iis
624 1007 799 1074 fuero,
837 1005 990 1061 nullo
1030 1003 1176 1059 malo
1217 1002 1440 1073 ingenio
1473 1012 1528 1058 et
1572 1003 1721 1058 nulla
1761 1001 1952 1058 fraude
1989 1017 2077 1058 me

498 1099 840 1168 sala-traham,
867 1099 963 1154 sed
996 1098 1220 1154 veniens
1247 1095 1554 1153 difﬁnitioni
1588 1105 1644 1152 et
1675 1095 1886 1166 judicia
1911 1095 2078 1166 hujus

496 1187 756 1246 Ecclesia:
799 1190 1030 1246 fideliter
1067 1187 1337 1246 obediam.
1379 1187 1537 1256 Quod
1579 1189 1628 1244 si
1670 1187 1894 1244 domino
1927 1202 2080 1257 papae

496 1280 760 1352 Gregorio
781 1281 866 1338 vel
897 1281 1205 1338 successori
1230 1297 1332 1336 suo
1365 1279 1632 1351 placuerit
1651 1294 1740 1334 me
1767 1279 1834 1334 de
1852 1279 2078 1350 objectis

495 1382 624 1426 ante
648 1372 886 1442 legatum
915 1387 1078 1429 suum
1112 1372 1462 1444 respondere,
1490 1371 1632 1427 idem
1660 1385 1760 1442 per
1785 1371 1968 1427 omnia
1997 1369 2080 1425 fa-

495 1465 660 1520 ciam.
686 1463 998 1523 Thesauros
1023 1475 1228 1532 autem,
1265 1473 1608 1532 ornamenta,
1638 1473 1693 1519 et
1726 1463 1928 1534 praedia
1965 1461 2076 1518 Re-

495 1553 706 1610 mensis
737 1551 992 1611 Ecclesiae
1018 1556 1153 1610 mihi
1185 1554 1492 1612 commissae
1517 1555 1587 1610 ad
1614 1557 1876 1615 honorem
1905 1553 2080 1624 ipsius

495 1643 754 1700 Ecclesiae:
778 1645 1005 1701 ﬁdeliter
1023 1647 1287 1714 tractabo,
1315 1655 1369 1702 et
1383 1645 1452 1701 ad
1470 1645 1832 1702 resistendum
1852 1645 2080 1716 justitite

494 1747 560 1788 ea
585 1749 695 1788 non
725 1733 1064 1792 abalienabo.
1106 1754 1126 1788 ι

1143 341 1199 396 S.
1231 333 1558 394 GREGORH
1595 331 1686 386 Vll
1719 328 1922 390 PAPrE
1961 325 2246 384 OPERUM
2282 325 2464 404 PARS
2501 325 2539 380 i.
2582 357 2654 364 —
2691 323 3118 384 REGISTRUM.

2681 436 3018 494 EPISTOLA
3051 435 3238 494 XVIII.

2585 547 2652 585 AD
2689 548 2718 586 Ε
2727 546 2979 586 PISCOI‘UM
3017 546 3322 586 SPlRENSEﬂ.

2763 619 2944 694 (Anno
2983 621 3166 694 i078.)

2177 711 2492 785 Epist-apale
2518 713 2753 782 ofﬁcium
2777 715 3049 768 exercendi
3071 714 3378 785 facultatem
3397 713 3486 771 illi
3503 718 3768 784 concedit,

2243 785 2369 838 dum
2397 795 2690 854 opportuno
2728 793 2956 854 tempore
2982 785 3047 838 de
3073 785 3289 854 objectis
3312 786 3418 840 sibi
3448 789 3772 843 criminibus

2243 855 2570 923 satisfaciat,
2595 863 2753 924 atque
2794 853 3000 910 omnem
3027 853 3364 911 venalitatcm
3409 858 3479 912 ab
3520 855 3771 914 Ecclesia

2246 924 2347 979 Dei
2389 924 2594 994 ejiciat,
2621 923 2673 979 et
2718 926 2772 978 in
2803 923 2983 996 ofﬁcio
3019 941 3116 980 suo
3149 925 3376 997 vigilum
3411 937 3463 982 et
3490 929 3770 986 studiosus

2245 1003 2518 1066 appareat.

2161 1077 2170 1085 ’
2248 1083 2556 1141 Gaeconws
2583 1087 2894 1157 episcopus,
2931 1101 3124 1144 servus
3153 1103 3436 1146 servorum
3472 1087 3596 1155 Dei,
3622 1087 3772 1146 liss-

2179 1191 2302 1232 ιιιεο
2335 1174 2582 1248 Spirensi
2623 1178 2882 1249 episcopo
2913 1178 3148 1234 salutem
3187 1189 3245 1234 et
3275 1181 3640 1251 apostolicam
3683 1183 3776 1240 lse-

2178 1267 2564 1324 nedictionem.
2784 1315 2786 1317 .

2249 1357 2388 1426 Quia
2417 1360 2476 1414 in
2517 1361 2864 1436 susceptione
2907 1358 3186 1430 Spirensis
3222 1361 3480 1420 Ecclesia:
3511 1379 3774 1422 veremur

2180 1457 2233 1505 te
2253 1457 2444 1506 contra
2464 1450 2746 1508 decretum
2771 1451 3086 1523 apostolicae
3106 1452 3250 1510 sedis
3271 1453 3484 1526 virgam
3505 1455 3577 1510 de
3605 1472 3771 1512 manu

2179 1540 2324 1612 regis
2363 1543 2600 1599 scienter
2641 1559 2707 1600 ac
2747 1543 3034 1600 temerarie
3085 1546 3417 1618 suscepisse,
3456 1547 3774 1620 episcopale

2178 1631 2414 1688 cilicium
2454 1634 2723 1690 hactenus
2749 1642 2804 1690 te
2844 1651 3004 1707 agerc
3039 1651 3150 1690 non
3174 1638 3574 1694 concessimus.
3616 1638 3773 1707 Quod

2181 1719 2227 1779 si
2248 1724 2550 1780 secundum
2576 1726 2753 1798 legati
2769 1726 2850 1782 tui
2874 1727 3038 1783 verba
3061 1727 3338 1783 decretum
3359 1737 3626 1785 nostrum
3648 1740 3775 1790 ante

565 1823 777 1896 nugo";
807 1841 1026 1897 quoque
1059 1825 1348 1883 Βίεωηίηο
1371 1826 1804 1898 archiepiscopo,
1825 1826 1956 1898 quia
1989 1827 2078 1882 tu-
2109 1821 2152 1877 Β
2177 1815 2556 1872 investituram
2584 1833 2686 1890 pro
2716 1827 2868 1874 certo
2891 1833 3004 1874 non
3029 1820 3358 1890 cognovisti,
3389 1820 3636 1878 ofﬁcium
3662 1824 3751 1894 cpi

491 1921 623 1969 terte
653 1915 856 1985 quibus
885 1916 1219 1972 invitabatur
1257 1917 1324 1972 ad
1359 1917 1626 1989 synodum
1663 1933 1696 1972 a
1725 1917 1936 1974 clericis
1965 1917 2082 1974 suis

492 2011 718 2061 retentae
737 2013 794 2061 et
821 2019 927 2060 non
957 2005 1060 2061 sibi
1089 2015 1325 2065 ostensae
1347 2005 1584 2075 fuerant,
1610 2021 1882 2078 suspenso
1905 2007 1960 2062 in
1988 2023 2082 2064 ea-

491 2093 617 2149 dem
640 2097 849 2169 synodo
867 2098 1172 2170 episcopale
1193 2098 1428 2156 ofﬁcium
1453 2101 1810 2168 reddidimus,
1835 2102 1938 2158 hac
1950 2117 2082 2158 con»

492 2183 700 2239 ditione
719 2186 866 2254 quod
891 2187 1086 2244 debeat
1113 2203 1174 2244 se
1201 2187 1270 2244 de
1295 2189 1526 2269 objectis
1559 2205 1743 2247 coram
1769 2191 1948 2262 legato
1980 2207 2081 2248 no—

494 2285 642 2344 aro,
660 2278 707 2334 si
727 2279 776 2334 ei
797 2279 975 2335 visum
1001 2279 1188 2349 fuerit,
1221 2295 1347 2338 cum
1377 2282 1738 2354 sufﬁ'aganeis
1767 2292 1861 2340 aut
1890 2285 2080 2340 eonvi-

493 2366 632 2423 cinis
654 2369 924 2440 episcopis
951 2385 1275 2442 expurgare.
1321 2371 1582 2429 Richerio
1608 2389 1740 2430 vero
1769 2373 2078 2434 Senonensi

493 2461 904 2532 archiepiscopo
929 2463 1281 2520 interdictum
1318 2465 1602 2522 reddimus
1624 2467 1883 2524 cilicium.
1933 2469 2076 2525 Pro-

493 2551 647 2607 misit
671 2553 816 2608 enim
845 2555 901 2610 in
924 2571 1092 2612 manu
1111 2566 1296 2614 nostra
1319 2558 1486 2628 quod,
1511 2559 1627 2614 sive
1647 2573 1746 2630 per
1762 2576 1821 2617 se
1842 2563 1958 2618 sive
1979 2577 2077 2634 per

492 2644 747 2699 nuntium
777 2658 960 2714 suum,
990 2663 1238 2718 causam,
1267 2655 1368 2720 pro
1397 2665 1507 2721 qua
1536 2653 1605 2708 ad
1633 2655 1900 2725 synodum
1929 2672 2043 2727 prae
2061 2686 2074 2696 -

492 2733 590 2788 fati
617 2735 780 2806 legati
808 2740 980 2794 nostri
1011 2757 1122 2796 non
1151 2744 1321 2809 venit,
1346 2757 1532 2799 coram
1563 2745 1753 2801 eodem
1778 2745 1958 2819 legato
1985 2750 2075 2806 de-

492 2826 620 2884 beat
643 2843 934 2899 exponere,
952 2840 1006 2886 et
1033 2835 1085 2888 in
1117 2835 1348 2907 negotiis
1374 2837 1760 2894 ecclesiasticis
1785 2855 1884 2910 pro
1911 2856 2086 2910 posse

491 2932 598 2974 suo
627 2921 917 2980 consilium
945 2932 1001 2979 et
1026 2925 1291 2982 auxilium
1321 2928 1553 2984 fideliter
1577 2937 1633 2985 et
1660 2930 1940 2987 humiliter
1967 2932 2072 2988 sibi

492 3008 826 3078 impendere,
875 3012 1104 3084 ejusque
1160 3017 1406 3072 animum
1461 3019 1698 3089 placare.
1748 3019 2073 3078 Gotefredus

2185 1907 2400 1978 scopale
2428 1907 2662 1964 faciendi
2706 1907 3021 1966 facultatem
3059 1917 3114 1966 et
3147 1909 3421 1968 licentiam
3451 1913 3552 1978 tibi
3576 1930 3775 1972 concev

2181 1998 2395 2066 dimus;
2421 2015 2488 2056 eo
2503 2008 2684 2058 tamen
2706 2009 2896 2059 tenore
2923 2011 2984 2058 ut
3009 2013 3318 2074 opportuno
3343 2013 3596 2076 tempore
3617 2007 3775 2064 nobis

2179 2090 2266 2145 vel
2293 2089 2487 2162 legatis
2534 2091 2739 2150 nostris
2766 2093 2834 2148 de
2881 2093 3110 2165 objectis
3148 2103 3204 2150 te
3239 2095 3658 2152 satisfacturum
3688 2114 3774 2154 re-

2179 2190 2496 2251 praesentes.
2526 2181 2594 2239 Et
2621 2183 2752 2256 quia
2781 2185 2836 2240 in
2867 2184 3441 2255 Romanis'eouciliis,
3473 2197 3589 2244 tam
3618 2205 3651 2244 a
3675 2204 3775 2244 uo-

2177 2271 2264 2328 bis
2307 2283 2474 2346 quam
2521 2275 2592 2331 ab
2639 2278 3083 2334 antecessoribus
3125 2281 3350 2347 nostris,
3391 2281 3772 2353 promulgatas

2177 2365 2598 2422 constitutiones
2631 2383 2762 2434 non,
2793 2367 2938 2424 sicut
2965 2369 3168 2436 decuit,
3199 2379 3252 2425 te
3278 2385 3534 2428 servasse
3556 2387 3774 2444 compe-

2176 2455 2443 2525 perimus,
2469 2457 2718 2514 videlicet
2745 2467 2807 2514 ut
2833 2457 3052 2516 omnem
3075 2461 3420 2518 venalitatem
3446 2463 3516 2519 de
3536 2465 3772 2522 ecclesia

2177 2553 2268 2604 tua
2297 2548 2543 2618 ejiceres,
2592 2551 2932 2624 negligentiae
2981 2567 3088 2608 non
3138 2569 3320 2625 parvae
3368 2553 3770 2614 fraternitatem

2174 2645 2326 2692 tuam
2357 2654 2588 2711 arguere
2605 2655 2921 2712 possumus.
2946 2641 3100 2702 Unde
3121 2646 3416 2714 apostolica
3439 2648 3773 2706 auctoritate

2173 2727 2572 2800 interdicimus,
2604 2733 2794 2804 ejectis
2821 2735 2930 2791 illis
2950 2736 3045 2806 qui
3065 2737 3122 2792 in
3143 2736 3384 2794 Ecclesia
3415 2749 3508 2793 tua
3536 2756 3639 2810 per
3663 2756 3763 2812 pe-

2171 2822 2393 2892 cuniam
2439 2827 2677 2895 promoti
2719 2835 2870 2893 sunt,
2907 2836 2968 2882 ut
3011 2843 3190 2902 neque
3241 2831 3770 2919 arehidiaconatus,

2170 2928 2350 2984 neque
2402 2917 2986 2990 archipresbyteratus,
3035 2933 3212 2994 nmine
3254 2921 3462 2992 aliquid
3505 2924 3662 2992 quod
3698 2917 3770 2981 ad

2172 3006 2512 3076 Spiritualem
2557 3025 2749 3065 curam
2797 3011 3046 3066 videatur
3091 3013 3384 3083 pertinere,
3425 3015 3605 3084 pretio
3647 3016 3768 3072 dari

491 3106 677 3161 autem
699 3099 1056 3160 Carnotensis
1083 3107 1393 3177 episcopus,
1427 3109 1556 3179 quia
1582 3123 1691 3164 non
1734 3110 1994 3166 invitatus
2018 3119 2074 3166 et

2194 3099 2492 3168 iermittas;
2518 3100 2614 3156 sed
2643 3101 2948 3157 secundum
2978 3101 3195 3157 Domini
3225 3114 3560 3180 praeceptum
3587 3107 3772 3165 dicen-

493 3190 695 3252 absens
739 3193 1020 3264 judicatus
1053 3171 1586 3271 fueram-episcopali
1631 3201 1808 3258 officio
1855 3219 1886 3258 a
1916 3203 2075 3260 nobis

2194 3189 2285 3244 Lis:
2319 3189 2500 3246 Gratis
2527 3193 2824 3264 accepistis,
2851 3195 3020 3266 gratis
3041 3194 3166 3249 date
3189 3171 3516 3268 (ᾹΙαηΙιίι),
3549 3207 3604 3253 te
3631 3197 3773 3256 irre-

493 3281 782 3339 restitutus
811 3293 924 3350 est;
961 3285 1066 3346 hoc
1108 3289 1328 3358 quidem
1361 3298 1552 3347 tenore
1591 3293 1737 3363 quod
1767 3307 1934 3348 causa
1977 3307 2078 3350 sua

493 3377 620 3432 ante
651 3371 887 3440 legatum
914 3383 1165 3430 nostrum
1207 3377 1402 3434 debeat
1425 3381 1712 3435 retractari
1745 3374 1909 3452 atque
1934 3382 2074 3438 ditii—

493 3459 646 3517 nirir
673 3459 980 3532 Richardus
1041 3464 1402 3536 Biturigensis
1451 3469 1916 3540 archiepiscopus,
1947 3472 2077 3542 quia

494 3551 639 3610 irato
663 3553 870 3620 animo,
897 3563 955 3610 et
983 3572 1091 3611 non
1121 3559 1367 3628 synodali
1389 3559 1618 3629 judicio,
1649 3561 1858 3617 dimisit
1884 3561 2074 3618 Eccle-

495 3643 634 3706 siam
661 3660 840 3714 suam,
871 3646 1079 3718 virgam
1105 3657 1160 3703 et
1184 3651 1446 3708 annulum
1479 3652 1681 3723 recepit
1704 3695 1718 3719 ,
1755 3654 2077 3724 promittens

495 3751 554 3796 se
582 3737 650 3792 de
676 3738 906 3808 objectis
935 3753 1118 3796 coram
1161 3741 1340 3814 legato
1371 3733 1560 3800 nostro
1591 3747 1924 3803 satisfacere.
1970 3748 2078 3805 Ro-

494 3828 734 3898 dulphus
761 3829 1097 3889 Turonensis
1117 3833 1584 3907 archiepiscopus,
1613 3839 1740 3908 quia
1763 3841 1966 3910 legales
1992 3858 2077 3896 ac-

495 3930 779 3976 cusatores
799 3937 905 3977 non
932 3923 1142 3992 habuit,
1160 3926 1484 3982 sacerdotali
1511 3937 1566 3983 et
1585 3929 1875 4000 episcopali
1901 3931 2078 3989 ofﬁcio

494 4009 782 4070 restitutus
805 4020 910 4078 est,
933 4015 1382 4088 etiam'episcopis
1398 4019 1493 4089 qui
1515 4034 1641 4074 eum
1659 4033 2073 4093 accusaverunt,

494 4101 566 4156 ab
590 4105 940 4162 accusatione
981 4107 1382 4178 deficientibus,
1427 4119 1482 4167 et
1508 4111 1638 4182 quia
1681 4129 1847 4170 causa
1877 4131 1975 4174 sua
2007 4117 2076 4173 ab

494 4201 842 4253 antecessore
879 4208 1070 4255 l'IOSU‘O
1113 4199 1285 4257 b03818
1324 4205 1604 4261 memorize
1640 4205 1948 4264 Alexandro
1989 4227 2074 4264 1⁸0-

492 4293 725 4352 tractata
763 4297 817 4348 et
847 4289 1206 4358 determinata
1239 4293 1439 4364 fuerat,
1469 4297 1754 4354 videbatur
1789 4302 1936 4370 quod
1965 4317 2075 4358 non

493 4378 614 4435 sine
637 4389 786 4436 certa
825 4385 1175 4440 accusatione
1201 4386 1422 4442 deberet
1455 4387 1762 4446 retractari.
1791 4390 1960 4447 Nobis
1993 4401 2076 4448 ta-

495 4485 621 4525 men
654 4471 838 4532 visum
889 4473 992 4528 fuit
1037 4477 1186 4546 quod
1235 4478 1449 4550 legatus
1499 4490 1688 4539 noster
1725 4499 1851 4538 cum
1879 4483 2076 4556 legato
2109 4509 2154 4565 ο

493 4559 712 4619 Diensis
731 4565 971 4635 episcOpi
999 4565 1237 4625 Turonis
1256 4569 1451 4626 debeat
1475 4571 1770 4642 proficisci,
1794 4583 1850 4630 et
1878 4589 2079 4630 convo-

494 4667 622 4708 care
648 4669 840 4712 omnes
868 4657 1242 4732 suifraganeos
1267 4661 1577 4740 episcopos,
1601 4679 1702 4720 nec
1722 4678 1832 4721 non
1863 4667 2073 4724 clerum

493 4751 552 4798 et
579 4746 858 4816 populum,
887 4757 943 4805 et
961 4766 1029 4806 ex
1057 4761 1212 4826 parte
1237 4752 1382 4808 beati
1407 4751 1554 4809 Petri
1583 4755 1704 4812 illos
1727 4771 2078 4817 commonere

497 4841 561 4894 ut
578 4837 814 4904 qualiter
838 4841 1044 4900 electus
1071 4843 1237 4900 fuerit
1253 4845 1339 4900 vel
1365 4845 1650 4902 ordinatus
1667 4849 1936 4904 veraciter
1954 4865 2081 4922 pro-

496 4925 718 4982 ﬁteatur
747 4945 760 4982 :
793 4939 875 4996 ut,
907 4933 952 4988 si
991 4935 1249 4997 claruerit
1295 4951 1421 4996 eum
1462 4937 1530 4993 de
1557 4937 1788 5008 objectis
1813 4940 2080 4999 innocen-

498 5025 606 5052 tam
637 5034 760 5052 anon
804 5025 1032 5052 tll‘mﬂl:‘
1055 5027 1415 5052 ..ΑΛ-.-.ιιεκκέρ
1437 5045 1500 5052 ---

1505 5045 1546 5052 ...ι
1577 5045 1751 5052 μμ..--

2179 3281 2618 3349 prehensibiliter
2641 3283 2867 3352 habens,
2893 3292 2948 3340 et
2967 3283 3195 3340 clericos
3214 3301 3324 3341 non
3344 3295 3495 3344 caste
3522 3289 3772 3348 viventes

2137 3433 2142 3438 _
2179 3371 2358 3440 rigore
2395 3375 2656 3444 pastorali
2693 3375 2994 3447 corrigens,
3037 3377 3181 3432 sicut
3208 3377 3338 3432 olim
3387 3380 3673 3450 negligens
3713 3391 3774 3436 et

2179 3464 2488 3523 desidiosus
2528 3467 2701 3534 fuisti,
2755 3469 2830 3523 ita
2879 3469 3136 3540 deinceps
3185 3471 3242 3525 in
3289 3471 3768 3548 administratione

2179 3559 2418 3628 suscepti
2453 3559 2615 3614 cilicii
2646 3560 2877 3631 vigilans
2896 3569 2951 3616 et
2975 3562 3260 3620 studiosus
3287 3578 3556 3634 apparens
3583 3584 3598 3620 :
3630 3582 3774 3636 quae

2181 3655 2340 3702 tenus
2367 3648 2420 3702 ia
2457 3649 2565 3705 fine
2587 3650 2710 3706 vitae
2739 3661 2848 3707 tua:
2872 3652 3302 3722 omnipotentem
3329 3653 3626 3730 Dominum
3649 3659 3762 3714 cie,

2179 3748 2416 3794 mentem
2441 3751 2495 3796 et
2516 3742 2924 3800 misericordem
2953 3745 3138 3816 operis
3163 3733 3243 3800 tui
3269 3746 3541 3802 rectitude
3569 3749 3668 3804 tibi
3693 3747 3770 3804 fa-

2178 3828 2308 3885 ciat.

2247 3919 2382 3977 Data
2417 3921 2602 3979 Roma:
2627 3924 2840 3982 decimo
2879 3935 3079 3998 quarto
3118 3927 3391 3990 Kalendas
3427 3928 3658 4004 Aprilis,
3683 3931 3740 3994 in

2177 4010 2414 4069 dictione
2445 4031 2480 4070 ι.

2706 4149 3043 4207 EPISTOLA
3081 4152 3224 4210 XIX.

2471 4255 2540 4296 AD
2577 4256 2903 4299 GITILIELIUM
2949 4260 3125 4300 REGE!
3162 4261 3467 4306 ANGLO’BUI.

2765 4333 2946 4406 (Auno
2986 4335 3168 4410 1078.)

2177 4418 2435 4499 Legatum
2461 4439 2515 4476 se
2548 4423 2773 4499 mittere,
2811 4435 2868 4478 ut
2897 4425 3178 4499 diligenter
3207 4436 3258 4482 et
3293 4431 3380 4499 pie
3402 4433 3672 4490 examinet
3698 4451 3766 4498 an

2246 4491 2518 4582 epi‘swpus
2543 4491 2980 4576 Rotaontagemis
2998 4491 3093 4582 pro
3117 4513 3217 4582 sua
3243 4491 3568 4582 egritudine
3591 4491 3772 4582 pasto;

2251 4561 2356 4644 rati
2385 4563 2734 4644 moderamini
2751 4561 2973 4634 privasse
2998 4561 3174 4644 ualeat
3199 4587 3218 4625 :
3255 4561 3516 4644 siautem
3547 4561 3767 4644 inﬁrma

2248 4630 2494 4714 valetudo
2521 4633 2600 4687 ita
2635 4630 2767 4714 eum
2793 4638 3140 4714 oppresserit,
3171 4643 3226 4694 'ut
3265 4641 3438 4714 minus
3465 4630 3627 4714 apud
3667 4630 3766 4704 tali

2250 4703 2456 4760 muneri
2481 4704 2792 4774 reperiatur,
2816 4703 3028 4760 culmina
3063 4703 3207 4764 alius
3234 4713 3485 4767 canonice
3501 4703 3761 4785 eligatur.

2253 4789 2560 4850 Gaaoonws
2593 4795 2903 4868 episcOpus,
2941 4812 3134 4856 servus
3173 4814 3456 4860 servorum
3485 4789 3608 4873 Dei,
3639 4805 3766 4862 ϐων

2182 4901 2381 4942 meum
2422 4886 2534 4959 regi
2573 4885 2874 4960 Anglorum
2907 4890 3140 4947 salutem
3182 4901 3238 4948 et
3273 4895 3629 4965 apostolicam
3667 4899 3763 4955 be.

2077 4977 2080 5050 ί
2181 4977 2570 5052 nedigtionem.
2620 5048 2632 5052 ἢ
