3982 5316
433 160 540 219 507

431 367 616 424 ducat.

474 456 636 516 ‘Data
668 459 854 520 Romae
881 462 1052 522 Nonis
1079 465 1226 536 Maii,
1255 468 1550 527 indictione
1579 475 1774 544 prima.

950 643 1289 704 EPISTOLA
1325 651 1490 708 XXII.

786 795 852 834 AD
893 797 1180 840 llUBEETUM
1221 802 1292 840 ΕΤ
1333 803 1634 846 τευΖοΝεΜ.

1023 914 1204 982 (Anno
1235 917 1420 990 1078.)

426 1032 607 1118 Mouet
667 1048 727 1118 ut
779 1059 898 1118 cum
943 1047 1318 1118 su/f'ragancis,
1369 1050 1648 1108 abbatibus
1701 1063 1752 1109 et
1802 1059 2011 1113 clericis

493 1105 1217 1200 golensis‘ecaesite'adsint
1246 1105 1356 1200 una
1400 1138 1519 1176 cum
1536 1105 1746 1180 Dianai

493 1186 547 1262 εξ
597 1179 788 1262 abbate
835 1182 1194 1262 Cluniacensi,
1244 1191 1432 1262 quibus
1470 1179 2014 1254 controversianititrer

790 1262 840 1308 et
889 1256 1060 1340 alium

496 1333 781 1406 cotttmtssa
839 1334 917 1379 est
945 1368 959 1391 ,
1037 1345 1100 1382 ac
1156 1333 1346 1406 curent
1375 1374 1392 1400 ,
1458 1342 1518 1406 ut
1574 1333 1893 1406 Anglorum'
1921 1356 2015 1395 rex

495 1387 828 1517 ﬁnieig’gttnm
888 1387 1044 1452 suum
1097 1401 1296 1470 mittat,
1347 1387 1449 1474 aito
1492 1387 2015 1477 hujasiiiodimcattsa

745 1480 830 1517 ur.
1103 1505 1106 1508 .

745 1480 830 1520 ur.
1103 1505 1106 1508 ~

497 1590 806 1653 GREGORIUS
833 1599 1142 1681 episcopus,
1173 1621 1367 1664 servus
1406 1625 1690 1667 servorum
1743 1612 1860 1682 Dei,
1903 1615 2014 1674 llu-

425 1695 602 1741 nznro
636 1689 974 1746 subdiacono
1017 1703 1072 1749 et
1121 1694 1357 1754 Tcuzom
1386 1703 1660 1759 monacho
1693 1705 1922 1762 salutem
1960 1717 2016 1764 et

425 1781 783 1850 apostolicam
817 1783 1268 1846 benedictionem.

499 1867 758 1966 Dervenit
799 1873 868 1930 ad
911 1891 1013 1932 nos
1049 1876 1218 1936 frater
1242 1890 1432 1938 noster
1471 1883 1696 1944 Evetius
1737 1886 2015 1966 [Everius]

427 1957 679 2020 Dolensis
699 1966 1168 2040 archiepiscopus,
1190 1967 1456 2030 exhibens
1479 1991 1538 2032 se
1553 1991 1654 2048 pro
1673 1957 2016 2038 discutienda

425 2058 795 2112 controversia
823 2075 949 2130 quae
993 2061 1061 2116 de
1095 2062 1319 2120 introitu
1367 2065 1486 2138 ejus
1535 2069 1589 2124 in
1642 2071 2015 2142 episcopatum

423 2155 546 2201 orta
580 2157 684 2216 est,
712 2151 1086 2220 proclamante
1126 2154 1222 2211 illo
1268 2157 1340 2234 de,
1367 2159 1690 2229 expulsione
1721 2178 1821 2220 sua
1856 2165 2016 2236 quasi

424 2235 652 2330 injusta,
678 2244 772 2313 qui
798 2255 925 2303 ante
947 2249 1346 2330 ordinationem
1369 2255 1532 2328 hujus
1553 2259 1799 2316 eamdem
1830 2235 2014 2318 sedem

424 2329 726 2420 quamlibet
747 2329 1037 2405 perverso,
1064 2349 1124 2396 ut
1160 2342 1380 2412 dicitur,
1428 2361 1654 2404 accessu
1691 2361 1928 2420 ceperat,
1963 2361 2018 2408 et

427 2417 640 2476 nefaria
680 2430 1098 2487 conversatione
1143 2441 1410 2491 tenuerat.
1464 2437 1546 2494 Ad
1586 2417 1771 2510 quam
1799 2440 2015 2497 exhibi-
2052 2449 2056 2452 '

427 2511 629 2570 tionem
680 2533 738 2572 se
769 2510 1036 2578 vocatum
1062 2524 1251 2582 aiebat
1293 2543 1325 2584 a
1365 2529 1642 2588 conl‘ratre
1671 2542 1862 2589 nostro
1897 2531 2014 2587 Hu-

430 2619 572 2696 gone
591 2605 780 2696 Diensi
801 2611 1060 2685 episcopo
1085 2635 1098 2671 :
1125 2619 1270 2696 quod
1300 2630 1356 2674 et
1377 2619 1598 2693 ipsequi
1616 2630 1747 2678 tunc
1773 2639 2016 2693 prtcsens

426 2694 612 2752 aderat
645 2695 918 2758 fatebatur
953 2723 966 2759 :
1015 2722 1080 2761 ac
1107 2694 1393 2780 propterea
1437 2727 1496 2766 se
1518 2728 1804 2771 recusasse
1838 2715 2016 2771 redire

425 2786 732 2858 vobiscum,
764 2801 861 2850 aut
890 2793 945 2850 in
975 2796 1214 2868 aliquam
1243 2809 1456 2870 partem
1485 2811 1720 2873 vertere,
1746 2803 1921 2860 donec
1945 2805 2016 2861 ab

397 2885 524 2934 'ore
547 2889 734 2937 nostro
763 2885 892 2955 quid
919 2885 1024 2944 sibi
1059 2891 1329 2962 agendum
1356 2892 1516 2961 foret,
1562 2911 1742 2967 quove
1766 2913 1826 2953 se
1853 2897 2012 2954 exhi-

1076 167 1136 226 S.
1175 170 1503 228 GREGORII
1543 174 1635 230 VII
1671 175 1876 234 ΡᾹΡᾹΞ
1916 179 2038 237 ΟΡΕ

2126 183 2201 241 JM
2235 184 2418 242 PARS
2450 188 2491 244 ἰ.
2531 219 2602 229 --
2638 189 3059 247 REGISTRUM.

432 276 503 375 ad
553 276 740 335 sinum
785 280 1018 340 Abrahae
1072 285 1397 356 patriarchae
1456 291 1629 375 nostri
1683 292 1840 350 laetos
1896 311 2020 366 per-
2047 301 2094 356 A

3601 196 3704 253 508

2612 302 2950 360 EPISTOLA
2984 302 3170 359 XXIII.

2113 428 2180 466 AD
2221 412 2566 472 ῦλυεειὶεοωι
2616 433 2686 472 ΕΤ
2742 433 2994 474 ALTER!!!
3045 433 3392 475 ωυεειιευυκ
3446 436 3697 479 εοιιτες.

2699 508 2882 582 (Anno
2922 509 3106 582 1078.)

2117 591 2185 648 Ut
2213 610 2388 670 attines
2422 596 2688 670 episcopos
2715 607 2765 670 et
2803 597 3017 670 abbates
3045 597 3364 666 Britannia,
3399 608 3453 654 et
3481 599 3699 655 clericos

2181 673 2231 716 et
2259 663 2433 739 laicos
2450 663 2692 739 Dolensts
2716 666 2967 739 Ecclesia:
2991 669 3211 739 scientia
3235 663 3554 739 [innatantes
3579 685 3701 724 con-

2181 735 2354 788 venire
2403 736 2608 810 faciant
2654 737 2882 810 concilio
2933 735 3374 810 celebrando;_in
3418 755 3526 810 quo
3566 739 3704 794 inter

2185 813 2375 858 cwtera
2425 805 2741 874 difﬁnienda
2769 819 3046 864 estcausa
3095 809 3234 863 inter
3280 805 3529 864 Baetim
3552 810 3700 863 ordio

2182 884 2366 950 natum
2391 875 2842 950 archiepiscopum
2866 887 2916 932 et
2935 878 3215 950 quemdam
3237 878 3408 933 alium
3435 880 3532 950 qui
3554 895 3610 934 se
3637 880 3704 934 de

2179 961 2240 998 eo
2270 945 2464 1015 injuste
2485 945 2760 1016 expulsum
2785 945 3116 1018 querebatur.
3225 955 3230 960 ’
3384 953 3390 958 ’

2180 1037 2488 1094 Gnecontus
2515 1039 2827 1110 episcopus,
2879 1055 3072 1096 servus
3109 1054 3394 1097 servorum
3433 1039 3558 1108 Dei,
3587 1037 3703 1096 Oeli

2111 1131 2428 1188 GAUSl-‘REDO
2469 1129 2791 1206 [Gaufredo]
2820 1130 3191 1200 Rhedonensi,
3225 1132 3353 1186 item
3381 1132 3702 1188 Gaesar-:00

2113 1222 2224 1278 lilio
2254 1223 2516 1292 Eudonis,
2547 1223 2822 1281 nobilibus
2868 1223 3164 1280 comitibus
3207 1221 3529 1290 Britanniae,
3555 1222 3703 1278 salu-

2113 1326 2220 1372 tem
2249 1325 2304 1372 et
2330 1317 2688 1387 apostolicam
2724 1317 3184 1374 benedictionem.

2183 1406 2302 1463 Non
2355 1407 2610 1480 ignorare
2635 1425 2734 1465 vos
2771 1409 3049 1465 credimus
3085 1417 3346 1479 quantam
3394 1407 3702 1462 molestiam

2113 1509 2487 1573 quantamque
2563 1502 3032 1572 perturbationem
3111 1493 3379 1556 sustineat
3451 1499 3706 1555 Dolensis

2115 1593 2386 1662 Ecclesia,
2453 1601 2508 1650 et
2566 1593 2842 1650 confrater
2899 1601 3088 1650 noster
3148 1591 3372 1674 Evetius
3425 1591 3703 1664 [Everius]

2119 1686 2583 1756 archiepiscopus,
2613 1703 2781 1758 quem
2829 1686 2906 1741 ibi
2955 1685 3350 1752 ordinavimus,
3389 1683 3585 1740 abillo
3612 1682 3706 1753 qui

2118 1780 2270 1850 prius
2307 1779 2491 1836 sedem
2531 1795 2836 1851 occupans,
2885 1793 2950 1834 ac
3000 1773 3526 1832 remordente'eum
3581 1789 3708 1830 con-

2117 1874 2348 1931 scientia
2375 1889 2498 1942 sua,
2521 1883 2583 1929 ut
2613 1873 2834 1941 dicitur,
2859 1870 3216 1941 exspoliatam
3247 1869 3533 1938 deserens,
3562 1883 3710 1923 nunc

2116 1965 2318 2038 injuste
2370 1981 2430 2022 se
2476 1965 2766 2037 expulsum
2821 1963 3192 2034 conqueritur.
3241 1959 3360 2029 Qua
3396 1961 3466 2017 de
3492 1977 3555 2017 re
3581 1975 3708 2016 cum

2115 2056 2376 2129 praefatus
2403 2057 2850 2128 archiepiscopus
2886 2070 3041 2112 suam
3071 2053 3230 2109 nobis
3258 2053 3545 2109 exhiberet
3569 2067 3708 2125 prte-

2116 2150 2350 2206 sentiam
2375 2167 2390 2216 ;
2421 2150 2683 2220 quoniam
2725 2149 2949 2208 absente
2978 2147 3072 2203 illo
3101 2145 3197 2217 qui
3225 2161 3393 2217 super
3419 2161 3549 2201 eum
3577 2159 3712 2200 con-

2113 2241 2362 2313 queritur
2387 2257 2610 2297 causam
2639 2241 2912 2297 discutere
2948 2239 3096 2294 nulla
3136 2239 3350 2293 ratione
3400 2237 3709 2308 potuimus,

2117 2342 2290 2390 totum
2323 2335 2427 2390 hoc
2455 2333 2732 2405 negotium
2762 2327 3028 2388 confratri
3057 2337 3246 2386 nostro
3275 2327 3494 2398 Hugoni
3521 2326 3710 2382 Diensi

2113 2425 2394 2496 episcopo,
2425 2423 2514 2479 cui
2539 2425 2715 2479 vicem
2752 2431 2998 2478 nostram
3047 2421 3317 2485 dedimus,
3367 2417 3714 2474 committere

2115 2518 2487 2574 necessarium
2551 2516 2830 2582 duximus,
2893 2523 2954 2570 ut
3024 2529 3090 2570 eo
3155 2523 3401 2583 tempore
3464 2521 3524 2567 et
3587 2511 3712 2566 loco

2115 2607 2249 2665 illud
2315 2609 2562 2680 diligenti
2625 2607 2982 2679 inquisitione
3049 2614 3388 2676 pertractare
3465 2621 3534 2660 ac
3569 2603 3710 2662 dini-

2115 2703 2236 2758 nire
2301 2702 2538 2769 studeat,
2609 2701 2702 2757 ubi
2785 2699 2881 2772 qui
2931 2699 2987 2754 in
3051 2697 3155 2754 hac
3217 2713 3386 2754 causa
3451 2697 3713 2767 utrinque

2115 2795 2414 2852 necessarii
2446 2795 2556 2851 sint
2591 2793 2886 2850 convenire
2911 2799 2966 2847 et
2993 2792 3256 2848 interesse
3283 2789 3526 2845 valeant.
3587 2788 3711 2845 Sta-

2115 2889 2324 2944 tuimus
2367 2887 2514 2944 enim
2579 2885 2867 2958 praefatum
2921 2881 3252 2938 confratrem
3318 2889 3375 2936 et
3435 2881 3708 2937 vicarium

425 2969 666 3029 bendum
697 2975 1038 3051 intelligeret.
1071 2981 1274 3038 Verum
1300 2985 1430 3056 quia
1458 2985 1674 3045 Diensis
1704 2989 2014 3060 episcopus,
2044 3003 2086 3062 ο
2119 2988 2370 3036 nostrum
2391 2979 2666 3034 celebrare
2692 2976 2986 3034 θοηείιίιιηὶ
3009 2981 3231 3044 Propter
3250 2972 3422 3027 ωυῙῑει
3437 2980 3494 3027 ei
3513 2987 3712 3044 magna

425 3072 487 3117 ut
514 3063 778 3137 diximus,
809 3086 1051 3142 przesens
1075 3074 1283 3144 aderat,
1313 3069 1694 3134 commisimus
1721 3081 1824 3135 sibi
1848 3097 2015 3152 nego-

427 3159 563 3213 tium
613 3159 779 3230 istud,
825 3172 887 3220 ut
933 3167 990 3222 in
1021 3169 1256 3225 concilio
1304 3187 1416 3240 quo
1457 3187 1680 3227 causam
1730 3171 2018 3231 Remensis

426 3247 824 3322 archiepiscopi
881 3263 937 3320 et
991 3257 1227 3314 aliorum
1297 3259 1682 3330 episcoporum
1751 3257 2016 3332 Franciae,

428 3335 690 3406 adjuncto
735 3339 842 3396 sibi
899 3344 1094 3402 abbate
1145 3347 1518 3417 Cluniacensi,
1545 3356 1883 3406 tractaturus
1912 3360 2016 3420 est,

430 3425 596 3480 etiam
622 3426 730 3484 hoc
756 3433 1082 3502 regulariter
1114 3437 1345 3495 difﬁnire
1374 3449 1646 3511 procuret.
1679 3439 2022 3513 QuaprOpter

428 3513 790 3574 admonemus
827 3531 882 3576 et
917 3537 1018 3578 vos
1042 3532 1104 3580 ut
1128 3524 1328 3582 ibidem
1353 3537 1448 3584 aut
1473 3529 1612 3584 alter
1632 3538 1898 3598 vestrum,
1927 3541 2022 3588 aut

427 3601 610 3670 ambo,
639 3605 760 3661 lleri
796 3611 989 3679 possit,
1016 3613 1230 3682 adsitis,
1254 3623 1310 3670 et
1332 3617 1616 3689 episcopos
1643 3635 1709 3676 ac
1731 3619 2018 3693 religiosos

427 3693 652 3751 abhates
673 3696 824 3756 illius
849 3703 1142 3771 parochize,
1183 3720 1286 3760 nec
1331 3721 1440 3761 non
1489 3708 1720 3765 clericos
1749 3718 1805 3766 et
1847 3711 2019 3768 laicos

425 3783 671 3853 ejusdem
688 3788 961 3862 Ecclesiae,
985 3795 1077 3866 qui
1095 3797 1628 3871 utramlibetpartem
1651 3811 1746 3858 aut
1761 3819 2020 3863 accusare

426 3883 525 3930 aut
540 3877 825 3939 defendere
853 3885 1035 3943 idonei
1060 3888 1364 3957 videantur,
1386 3893 1576 3948 adesse
1599 3897 2014 3954 commoneatis.

425 3964 791 4030 Procurantcs
815 3977 980 4033 etiam
996 3987 1057 4036 ut
1075 3979 1372 4059 Anglorum
1389 3999 1484 4038 rex
1501 4000 1568 4039 ex
1584 3999 1683 4040 sua
1704 3993 1858 4056 parte
1871 3986 2018 4060 lega-

425 4065 544 4115 tum
561 4060 690 4119 illuc
703 4065 901 4140 dirigat
916 4078 1028 4127 tam
1043 4073 1366 4143 prudentem
1387 4089 1552 4144 quam
1570 4075 1880 4148 religiosam
1897 4091 2018 4148 per-

427 4168 621 4210 sonam
645 4175 660 4226 ;
689 4168 960 4230 quatenus
979 4179 1144 4221 causa
1167 4164 1293 4232 ista,
1324 4167 1541 4222 sublato
1568 4166 1754 4224 favore
1778 4169 2016 4239 partium
2053 4177 2058 4182 '

427 4249 687 4320 omnique
736 4257 1010 4323 personall
1067 4259 1400 4329 acceptione,
1446 4260 1515 4316 ad
1560 4260 1814 4316 ell‘ectum
1855 4261 2018 4332 iustae

2097 3072 2337 3146 ‘negotia
2360 3086 2482 3142 qua:
2505 3070 2560 3125 in
2587 3085 2757 3142 regno
2784 3067 3122 3123 Francorum
3147 3079 3365 3120 emersa
3394 3064 3710 3134 apostolica:

2119 3163 2460 3220 auctoritatis
2513 3159 2916 3218 examinatione
2961 3166 3126 3227 atque
3169 3153 3382 3227 judicio
3412 3153 3706 3224 indigent:

2120 3255 2214 3310 ubi
2240 3265 2295 3311 et
2329 3256 2435 3310 hoc
2463 3253 2762 3325 negotium,
2794 3249 2906 3304 Deo
2939 3247 3260 3314 auxiliante,
3291 3245 3520 3302 diliiniri
3547 3244 3706 3300 volu-

2119 3362 2245 3403 mus
2273 3356 2436 3418 atque
2463 3359 2770 3402 censemus.
2804 3341 3149 3412 Quapropter
3176 3338 3413 3394 multum
3443 3353 3708 3413 rogamus

2119 3446 2174 3494 et
2201 3439 2561 3494 admonemus
2587 3427 2965 3494 excellentiam
2993 3440 3252 3500 vestram,
3283 3439 3345 3486 ut
3372 3431 3506 3486 huic
3531 3445 3710 3486 causa:

2119 3541 2387 3602 quantum
2414 3530 2643 3602 potestis
2681 3544 2903 3601 operam
2929 3525 3095 3593 detis,
3151 3531 3207 3580 et
3258 3523 3555 3594 episcopos
3609 3539 3710 3578 nec

2119 3609 2229 3678 non
2259 3623 2546 3694 religiosos
2572 3621 2797 3676 abbates
2827 3630 2984 3675 terra:
3012 3617 3181 3686 illius,
3227 3615 3463 3672 clericos
3490 3629 3711 3688 quoque

2119 3722 2175 3771 et
2200 3714 2371 3770 laicos
2389 3712 2637 3785 ejusdem
2665 3709 2943 3777 Ecclesiae,
2995 3708 3089 3782 qui
3125 3707 3305 3764 idonei
3338 3715 3451 3768 tam
3481 3707 3709 3762 scientia

2119 3819 2285 3875 quam
2310 3803 2570 3876 religione
2593 3801 2901 3866 videantur,
2955 3799 3024 3854 ad
3074 3797 3360 3869 praelatum
3388 3795 3706 3862 concilium,

2115 3895 2272 3966 juxta
2325 3895 2472 3966 quod
2505 3893 2662 3950 vobis
2691 3889 3056 3964 signiﬁcatum
3103 3889 3286 3957 fuerit,
3329 3889 3706 3955 conveniatis;

2119 3995 2410 4058 quatenus,
2438 3985 2742 4058 cpitulante
2767 3983 2948 4039 divina
2975 3982 3282 4050 clementia,
3309 3997 3406 4052 per
3434 3983 3707 4037 sinceram

2118 4079 2546 4150 explorationem
2602 4077 2659 4132 in
2715 4077 2819 4131 hac
2872 4091 3040 4130 causa
3079 4073 3172 4130 Dei
3201 4073 3466 4146 quidquid
3493 4074 3704 4143 justitia

2119 4180 2176 4226 et
2227 4171 2410 4242 populi
2463 4170 2708 4241 requirat
2761 4167 2910 4224 salus
2964 4168 3240 4222 evidenter
3293 4173 3599 4237 appareat,
3652 4176 3704 4221 et

2119 4262 2302 4319 decisa
2343 4261 2560 4334 penitus
2603 4262 2708 4316 hac
2747 4259 2841 4314 lite
2869 4267 2924 4313 ct
2958 4258 3320 4329 querimonia,
3368 4257 3465 4313 diu
3513 4265 3571 4312 et
3625 4257 3704 4312 ni-

427 4338 786 4410 dillinitionis,
817 4344 930 4420 Deo
959 4347 1304 4417 disponente,
1332 4349 1616 4419 perveniat
1641 4369 1655 4405 :
1687 4359 1742 4406 ct
1771 4352 1919 4422 quod
1948 4351 2024 4407 ibi
2055 4351 2101 4405 D
2125 4355 2297 4410 mium
2327 4354 2544 4426 indigne
2571 4355 2827 4418 lacerata,
2882 4367 3048 4422 quam
3097 4349 3302 4420 praelati
3352 4365 3553 4406 sumus
3599 4347 3704 4403 Do-

429 4431 555 4488 inde
584 4443 850 4492 statutum
897 4453 964 4494 ac
1003 4438 1294 4498 diuinitum'
1329 4439 1512 4508 fuerit,
1549 4441 1624 4496 ita
1653 4443 1722 4498 ab
1757 4442 2016 4498 omnibus

431 4537 674 4580 consona
701 4542 836 4583 voce
873 4530 1248 4602 sententiaque
1274 4529 1543 4598 ﬁrmetur,
1573 4539 1634 4586 ut
1661 4531 2018 4588 calumniosaa

432 4615 878 4683 proclamationis
899 4611 1239 4694 improbitas,
1269 4631 1326 4678 et
1351 4623 1672 4680 reiterandae
1697 4621 2018 4696 quaestionis

433 4707 616 4763 omnis
669 4712 908 4784 undique
937 4714 1154 4772 occasio
1207 4717 1496 4788 omnisque
1534 4717 1750 4787 penitus
1798 4717 2016 4778 licentia

437 4797 742 4856 decidatur.

499 4877 644 4946 Data
691 4893 972 4953 Lateranis
1033 4899 1327 4958 undecimo
1364 4899 1632 4961 Kalendas
1668 4899 1844 4968 Junii,
1877 4901 2018 4958 indi—

438 4983 620 5040 ctione
645 4986 840 5058 prima.
1421 5011 1424 5014 ~

2117 4444 2290 4501 lensis
2317 4444 2557 4500 Ecclesia
2603 4459 2700 4515 per
2722 4440 3155 4498 misericordiam
3193 4439 3288 4496 Dei
3310 4450 3495 4496 vestro
3522 4439 3705 4495 studio

2119 4545 2409 4608 vestraque
2441 4537 2668 4608 juvante
2713 4543 2768 4592 et
2793 4540 3123 4606 procurante
3168 4532 3430 4603 potentia,
3469 4531 3704 4602 receptis

2120 4630 2282 4688 bonis
2311 4630 2454 4697 suis,
2493 4632 2680 4700 paceni
2708 4627 2872 4683 etiam
2891 4634 2946 4682 et
2975 4623 3419 4694 tranquillitatem
3438 4623 3700 4694 recipere,

2121 4731 2176 4778 et
2209 4723 2266 4778 in
2311 4730 2456 4778 statu
2484 4736 2598 4777 suae
2639 4715 3032 4774 incolumitatis
3078 4713 3263 4770 venire
3301 4723 3357 4769 et
3383 4727 3704 4786 permanere

2120 4814 2318 4872 valeat.

2191 4905 2326 4961 Data
2359 4903 2642 4960 Lateranis
2672 4900 2959 4975 [Laurenti
2989 4915 3044 4954 χι
3086 4897 3203 4953 Kal.
3234 4894 3389 4969 Maii}
3412 4895 3701 4952 undecimo

2119 4994 2388 5052 Kalendas
2415 4994 2586 5063 Junii,
2614 4991 2910 5048 indictione
2937 4990 3132 5062 prima.

1282 5125 1639 5216 LIBER
1707 5117 2164 5216 SEXTUS
2242 5123 2841 5216 REGISTRI.

626 5244 810 5306 Anno
839 5245 1179 5309 Dominij
1211 5253 1681 5316 Incarnationis
1711 5253 2038 5316 millesimo
2067 5255 2519 5316 septuagesimo
2583 5259 2824 5316 octavo,
2857 5245 3204 5309 indictione
3228 5241 3527 5303 secunda.
