3982 5316
132 384 223 439 ⁵09
248 345 253 354 .

188 580 383 625 tuum.

187 660 491 719 GREGOMUS
541 665 856 737 episcopus,
904 686 1097 729 servus
1123 689 1406 732 servorum
1429 676 1546 745 Dei,
1576 694 1700 735 om-

130 753 271 807 nibus
296 754 518 809 clericis
544 766 604 810 et
630 757 783 813 laicis
806 760 861 814 in
892 776 1062 833 regno
1098 763 1401 822 Teutonico
1432 771 1702 825 constitu-

130 844 206 910 tis,
251 845 341 914 qui
384 849 978 909 excommunicationis
1029 855 1250 911 vinculo
1288 874 1398 914 non
1424 868 1699 928 tenentur,

130 934 335 989 salutem
369 945 424 990 et
454 940 823 1007 apostolicam
852 943 1305 1003 benedictionem.

186 1023 308 1090 Quae
351 1035 407 1081 et
458 1040 677 1099 quanta
715 1048 847 1088 cura
890 1036 1049 1091 nobis
1079 1035 1243 1093 fuerit
1271 1050 1454 1107 etest,
1480 1053 1539 1098 ut
1572 1060 1699 1115 pes-

130 1115 309 1172 tilentia
334 1127 389 1172 et
417 1120 614 1178 clades
644 1135 700 1180 et
725 1125 990 1184 desolatio
1039 1146 1071 1185 a
1112 1140 1296 1187 vestro
1351 1151 1520 1207 regno
1548 1139 1701 1194 aufe-

133 1216 278 1274 ratur,
306 1218 359 1264 et
386 1226 524 1281 pax,
554 1214 820 1279 honestas
846 1227 899 1274 et
935 1221 1156 1278 solitum
1200 1223 1367 1281 decus
1397 1226 1550 1285 vobis
1576 1232 1700 1287 red-

129 1298 283 1366 datur,
312 1301 366 1355 in
389 1298 612 1375 synOdo
645 1326 768 1380 qua:
815 1312 919 1371 hoc
971 1330 1115 1371 anno
1160 1317 1215 1372 in
1272 1318 1698 1398 Quadragcsima

132 1390 289 1448 Romae
329 1395 614 1456 celebrata
669 1401 776 1459 fuit
820 1406 1236 1466 declaravimus.
1301 1390 1520 1471 Iudicio
1550 1419 1699 1475 enim

132 1486 279 1541 sancti
314 1484 559 1557 Spiritus
608 1494 953 1554 decrevimus
1001 1509 1055 1556 et
1105 1504 1474 1576 praecipimus,
1534 1519 1594 1566 ut
1641 1512 1697 1569 in

132 1593 272 1649 regno
304 1590 490 1636 vestro
519 1597 830 1645 conventus
882 1592 1131 1649 omnium
1181 1595 1586 1670 episcoporum,
1645 1614 1699 1662 et

134 1684 290 1725 eorum
309 1671 582 1735 laicorum
612 1680 703 1749 qui
728 1680 897 1737 Deum
927 1684 1117 1741 timent
1144 1694 1197 1742 et
1217 1687 1360 1743 inter
1386 1707 1484 1747 vos
1506 1710 1696 1763 pacem

133 1761 424 1833 desiderant,
460 1767 657 1838 ﬁeret;
706 1781 760 1829 et
799 1790 985 1831 coram
1042 1778 1247 1834 nostris
1284 1781 1477 1854 legatis
1505 1761 1695 1842 decer-

136 1865 318 1954 neraur
368 1860 416 1915 si
462 1858 710 1920 Henrico
755 1868 840 1921 vel
898 1868 1220 1943 Rodulpho,
1264 1876 1358 1947 qui
1415 1879 1484 1934 de
1536 1882 1687 1954 regni
1723 1869 1764 1925 Β

136 1945 462 2014 gubernaculo
510 1951 663 2008 inter
715 1972 783 2025 se_
824 1958 1148 2030 decertant,
1199 1945 1434 2038 amplius
1475 1945 1689 2043 justitia

138 2035 321 2094 faveret.
376 2040 646 2113 lnjustior
701 2051 848 2105 enim
905 2069 1032 2124 pars
1090 2035 1308 2115 ratione
1348 2035 1580 2134 devicta,
1636 2079 1691 2125 et

136 2126 249 2184 beati
274 2129 410 2187 Petri
447 2139 785 2221 auctoritate
816 2148 1132 2216 constricta,
1190 2150 1405 2211 facilius
1452 2126 1686 2229 cederet,

137 2222 253 2278 etab
298 2224 516 2283 interitu
574 2232 891 2291 animarum
943 2249 999 2296 et
1048 2258 1361 2315 corporum,
1419 2250 1531 2308 Deo
1564 2271 1691 2324 pro-

138 2312 342 2383 pitiante,
366 2332 635 2377 cessaret.
668 2323 878 2384 Justior
909 2347 1039 2389 vero
1063 2312 1192 2405 pars
1217 2312 1454 2410 amplius
1480 2344 1547 2400 de
1564 2312 1690 2405 .Deo

139 2414 403 2483 conﬁderet,
424 2429 479 2474 et
498 2421 692 2491 adjuta
714 2424 856 2480 bcati
877 2426 1024 2484 Petri
1066 2440 1352 2501 potestate,
1369 2447 1423 2492 et
1443 2440 1689 2498 omnium

138 2502 357 2569 justitiam
384 2508 737 2587 diligentiam
774 2532 1066 2589 consensu,
1098 2523 1165 2578 de
1207 2525 1436 2584 victoria
1464 2532 1689 2589 omnino

141 2610 358 2667 speraret,
419 2620 605 2677 neque
658 2617 945 2682 utramque
995 2626 1226 2672 mortem
1275 2620 1507 2678 timeret.
1581 2624 1688 2683 Sed

143 2690 241 2755 quia
258 2697 490 2761 pervenit
516 2701 591 2756 ad
622 2716 723 2757 nos
745 2704 891 2772 quod
915 2705 1121 2764 inimici
1155 2709 1251 2764 Dei
1280 2703 1334 2766 et
1362 2714 1456 2769 lilii
1486 2716 1688 2793 diaboli

144 2783 320 2851 quidam
375 2794 519 2862 apud
576 2812 681 2851 vos
736 2808 925 2855 contra
972 2801 1323 2860 interdictum
1376 2788 1690 2879 apostolicae

145 2879 257 2934 sedis
280 2885 601 2951 praedictum,
622 2901 952 2948 conventum
980 2910 1337 2965 procurarent
1384 2901 1438 2956 in
1470 2903 1688 2961 irritum

145 2968 320 3069 (luctere,
346 2984 398 3031 et
422 2994 532 3035 non
555 2981 801 3052 justitia,
840 2986 935 3042 sed
963 2989 1220 3058 superbia
1252 3007 1317 3047 ac
1345 2995 1514 3051 totius
1535 2999 1690 3069 regni

144 3059 425 3157 desilatione
470 3088 609 3130 suas
652 3077 983 3147 cupiditates
1032 3083 1289 3139 anhelent
1344 3059 1692 3157 implere,vet

146 3150 461 3218 Christianam
491 3167 818 3238 religionem
841 3172 1143 3240 destruere,
1168 3193 1457 3259 monemus
1486 3198 1604 3250 vos,
1636 3196 1690 3254 et

146 3261 193 3299 ex
222 3262 351 3318 parte
369 3255 510 3313 beati
548 3260 701 3317 Petri
730 3265 1076 3334 praecipimus
1117 3277 1180 3325 ut
1220 3255 1422 3329 talibus
1477 3279 1688 3335 nullum

149 3339 423 3408 adjutorium
458 3352 775 3421 pmbeatis,
808 3372 984 3427 neque
1019 3360 1129 3416 illis
1157 3367 1598 3426 communicetis.
1627 3370 1685 3427 In

148 3432 353 3496 predicta
376 3440 519 3496 enim
542 3444 758 3514 synodo
776 3445 888 3515 jam
926 3463 1119 3507 omnes
1149 3463 1278 3509 sunt
1306 3463 1687 3517 excommuni-

150 3522 333 3611 cationis
359 3539 411 3584 et
437 3535 809 3607 anathematis
837 3538 1059 3598 vinculo
1078 3543 1342 3611 innoda‘ti,
1379 3559 1435 3605 et
1469 3562 1528 3608 ut
1564 3556 1688 3609 nul-

149 3607 235 3710 lam
280 3621 552 3682 victoriam
609 3631 827 3698 possint
873 3634 1151 3704 obtinere,
1218 3649 1487 3710 potestate
1543 3645 1688 3704 beati

152 3702 262 3764 Petri
286 3725 402 3771 sunt
432 3719 662 3791 alligati,
708 3731 770 3777 ut
810 3726 1005 3782 saltem
1032 3702 1236 3786 coacti-
1254 3734 1684 3809 confundantur,

1715 3226 1757 3282 C

154 4080 217 4173 ter
254 4080 417 4153 aliquo
462 4089 632 4155 modo
664 4089 898 4149 faveam.
947 4095 1118 4168 Magis
1158 4103 1302 4156 enim
1336 4080 1455 4173 pro
1506 4119 1686 4165 vestra

156 4167 290 4262 salute
315 4173 552 4236 desidero
583 4191 819 4239 mortem
863 4167 1067 4255 subire,
1097 4207 1263 4262 quam
1299 4167 1468 4253 totius
1498 4203 1685 4257 mundi

157 4256 336 4356 gloriam
382 4270 447 4324 ad
497 4282 749 4329 vestrum
796 4277 1076 4339 interitum
1113 4256 1394 4355 arripere.
1441 4289 1596 4356 Quod
1638 4256 1684 4347 si

158 4348 285 4421 aliqui
332 4359 393 4414 de
437 4361 677 4422 falsitate
722 4370 914 4427 conﬁsi
959 4373 1153 4432 litteris
1199 4348 1282 4433 vel
1318 4348 1500 4438 verbis
1529 4386 1686 4440 aliter

158 4442 660 4544 :obisindicaverint,
710 4464 860 4518 nullo
914 4468 1080 4523 modo
1121 4470 1231 4526 illis
1274 4475 1680 4544 acquiescatis:

311 4544 442 4599 enim
474 4549 755 4617 timemus,
802 4563 857 4609 et
902 4572 1002 4626 pro
1031 4559 1154 4629 ejus
1206 4527 1396 4620 amore
1439 4569 1682 4637 quotidie
1718 4567 1758 4620 ι)

162 4623 421 4704 alliigimur;
450 4650 504 4697 et
522 4644 649 4700 ideo
671 4649 984 4715 superbiam
1005 4661 1060 4707 et
1079 4654 1473 4713 oblectamenta
1488 4663 1683 4717 saaculi

161 4722 560 4817 iish'ipendimus,
591 4738 723 4808 quia
753 4741 860 4797 cito
884 4745 1025 4814 apud
1053 4762 1181 4801 eum
1213 4752 1486 4808 consolari
1517 4755 1682 4811 indu-

164 4802 349 4915 bitanter
372 4825 656 4884 credimus.
693 4829 1048 4904 Omnipotens
1074 4846 1129 4893 et
1153 4841 1468 4900 misericors
1514 4845 1680 4915 Deus,

255 4906 373 4966 ultra
392 4930 557 4986 spem,
604 4924 749 4984 ultra
776 4931 1029 4986 meritum
1061 4932 1373 5003 miseretur,
1404 4948 1457 4993 et
1492 4957 1681 4996 conso-

166 4986 278 5103 latur
306 5015 388 5055 nos
429 5008 482 5071 in
529 5016 673 5068 onmi
701 5007 1273 5081 tributationenostra
1325 4986 1415 5102 (il
1460 5029 1583 5086 Cor.
1618 5036 1678 5103 ι),

170 5086 331 5179 ξδυετὶειι
359 5110 445 5151 cor
462 5114 709 5164 vestrum
753 5108 807 5165 in
857 5114 976 5187 lege
1024 5131 1148 5182 sua,
1190 5128 1246 5174 et
1270 5122 1496 5177 conﬁrm
1534 5132 1682 5184 tvos

168 5185 461 5316 amplis
484 5197 696 5265 suismt
718 5185 1038 5263 auctoritate
1068 5207 1210 5263 beati
1235 5210 1378 5268 Petri
1403 5231 1435 5269 a
1467 5220 1681 5275 cunctis

261 5277 352 5316 alia
375 5284 637 5316 ιιιιοηι...,.η
678 5310 770 5316 -.__
812 5301 862 5316 ,ι
982 5303 996 5316 ι
1071 5309 1082 5316 .
1533 5308 1549 5316 -

261 5277 352 5316 Illic
375 5284 637 5316 abundas..-
678 5310 770 5316 η--
812 5314 819 5316 .
848 5301 862 5316 ι
982 5303 996 5316 ι
1071 5309 1082 5316 .
1533 5308 1549 5316 -

1253 397 1460 454 LIBER
1495 400 1788 458 SEXTUS.
1826 433 1895 445 -
1929 403 2149 464 EPIST.
2190 408 2253 464 ιι.

187 500 430 587 certiores
478 506 621 571 facit
656 519 711 558 se
756 504 905 560 nullo
956 509 1111 563 modo
1145 511 1363 583 injuste
1394 517 1539 586 parti
1581 517 1704 587 fau-
1732 519 1780 576 Α

3287 420 3393 477 MO

2377 522 2715 581 EPISTOLA
2750 527 2814 583 ll.

1993 627 2062 665 ΑΙ)
2100 629 2369 669 κικλεεειι
2409 631 2686 672 ιιειιεηδειι
2739 636 3209 682 Αιιυιιιεῐιιδοονυιι.

2396 706 2577 777 (Anno
2616 710 2799 782 1078.)

1806 816 2050 900 Ostendit
2070 819 2270 900 legatos
2293 820 2565 900 Romanos
2582 841 2694 900 esse
2733 842 2835 880 non
2858 837 3073 900 tantum
3098 832 3189 900 qui
3214 831 3396 888 Roma

1871 890 2089 973 native!
2116 891 2349 973 educati,
2377 903 2471 946 aut
2494 894 2565 947 ad
2590 894 2825 973 aliquam
2847 890 3246 970 ibidignitamn
3271 919 3395 973 pro-

1874 960 2005 1013 moti
2033 970 2175 1026 sunt,
2209 963 2301 1015 sed
2321 960 2710 1040 ontnesgaibu's
2732 960 3013 1023 Romanu;
3043 960 3282 1040 pontifei
3313 975 3395 1027 ri-

1872 1045 1955 1114 c'es
1981 1047 2107 1112 sua:
2148 1034 2451 1114 committit.
2498 1034 2991 1114 Quapropter_'cum
3033 1034 3210 1110 arguit
3252 1043 3393 1114 quod

1874 1098 2059 1183 [θέρηξί
2078 1103 2320 1171 episcopo
2342 1098 2633 1175 legato'suo
2663 1098 2766 1183 non
2807 1098 3395 1183 οὺζεπιρᾳταῖενὶιίρνὶ-

1871 1170 2063 1240 vilegia
2082 1170 2305 1253 quoque,
2330 1170 2487 1253 proﬁt
2508 1178 2899 1253 necessitasmel
2914 1170 3124 1253 utilitas
3142 1170 3392 1253 erepet-it,
3414 1212 3415 1215 η

1868 1256 2017 1322 posse
2040 1245 2379 1322 commutari.
2408 1244 2586 1322 Monet
2604 1258 2669 1322 at
2687 1248 3067 1322 rorantlegatis
3090 1268 3144 1307 se
3162 1253 3227 1316 de
3237 1244 3394 1322 vobje-l

1868 1311 1967 1395 cltis
1991 1314 2243 1395 canonice
2262 1325 2466 1395 purget.
2494 1314 2697 1395 Scribit
2708 1336 2808 1395 per
2828 1311 3034 1395 littéras
3074 1312 3199 1376 suas
3242 1311 3395 1377 man-

1867 1380 2022 1463 dasse
2044 1392 2100 1463 at
2123 1400 2240 1453 qua:
2260 1380 2454 1455 ipse'de
2476 1380 2746 1463 nonnullis
2757 1390 3023 1463 episcopis
3046 1395 3395 1463 conquereba-

1872 1458 1960 1504 tur
1981 1452 2379 1524 indagarentur,
2406 1466 2454 1510 et
2478 1461 2726 1513 canonice
2737 1452 3131 1528 jzidicarentur.

1836 1546 1843 1551 ’
1870 1542 2179 1601 Gnsconws
2213 1547 2524 1619 episcopus,
2558 1566 2757 1615 servus
2785 1567 3071 1609 servorum
3122 1553 3239 1619 Dei,
3273 1554 3391 1609 Ma-

1798 1648 1973 1688 mssa:
2028 1633 2284 1691 Remensi
2317 1639 2731 1711 archiepiscopo
2762 1642 2995 1719 salutem
3033 1651 3086 1698 et
3125 1643 3390 1713 apostoli-

1798 1738 1919 1778 cam
1943 1725 2399 1785 benedictionem.
3220 1750 3225 1755 '

1840 1815 2002 1874 ‘Cum
2025 1833 2122 1874 vos
2152 1835 2215 1874 ea
2238 1836 2268 1875 a
2293 1822 2422 1876 sede
2446 1823 2743 1892 apostolica
2772 1823 3031 1896 flagitatis
3056 1841 3180 1896 quae
3207 1836 3263 1881 et
3287 1828 3391 1882 ho-

1794 1924 1983 1964 norem
2013 1911 2338 1981 praasulatus
2365 1914 2531 1968 vestri
2562 1914 2911 1982 condeceant,
2936 1925 2989 1971 et
3025 1933 3055 1972 a
3077 1918 3390 1986 praeceden-

1791 1999 1928 2053 tium
1957 1999 2182 2056 Patrum
2209 2003 2628 2060 auctoritatibus
2658 2020 3003 2077 nequaquam
3034 2005 3382 2073 dissentiant,

1792 2089 2019 2147 ﬁdentes
2038 2093 2223 2163 petite,
2251 2108 2347 2163 spe
2375 2094 2667 2149 certissimi
2687 2098 2957 2166 postulate
2978 2098 3214 2153 scientes
3234 2100 3387 2154 omni

1790 2182 2145 2255 ambiguitate
2173 2193 2381 2240 remota
2412 2201 2511 2262 nos
2542 2188 2896 2257 petitionibus
2922 2191 3238 2260 huiusmodi
3285 2208 3387 2262 pa-

1792 2282 1940 2328 ratos
1970 2289 2232 2340 annuere,
2264 2290 2388 2329 cum
2415 2260 2543 2345 quia
2572 2292 2670 2332 vos
2705 2276 2947 2333 fraterna
2992 2280 3284 2336 dilectione
3328 2281 3386 2335 in

1757 2391 1760 2395 -
1790 2363 2011 2419 Christo
2038 2364 2439 2435 amplectimur,
2468 2375 2588 2421 tum
2640 2367 2806 2422 etiam
2858 2368 3217 2427 nihilominus
3256 2371 3386 2440 quia

1790 2453 1858 2508 ad
1885 2453 2000 2509 haec
2021 2456 2382 2524 quorumdam
2418 2456 2657 2512 fidelium
2694 2468 3010 2535 nostrorum
3042 2461 3137 2531 qui
3174 2475 3271 2517 vos
3303 2462 3389 2517 di—

1790 2543 1966 2614 ligunt
1987 2545 2241 2614 precibus
2265 2553 2319 2601 et
2344 2545 2837 2605 interventionibus
2862 2551 3068 2607 sedulis
3099 2568 3389 2621 promove-

1791 2652 1932 2691 mur.
1967 2637 2232 2703 Quocirca
2266 2637 2659 2694 fraternitatem
2692 2650 2926 2696 vestram
2954 2651 3197 2713 rogatam
3220 2655 3389 2715 atque

1790 2728 2176 2782 commonitam
2201 2728 2453 2783 volumus
2491 2743 2560 2783 ne
2616 2728 2809 2785 debeat
2861 2732 3098 2800 graviter
3143 2731 3285 2790 ferre
3335 2735 3385 2790 si

1788 2818 2106 2874 Studeamus
2133 2819 2202 2873 ad
2228 2826 2443 2888 tempus
2464 2833 2565 2888 pro
2592 2820 2873 2875 communi
2902 2821 3189 2878 honestate
3219 2833 3387 2894 atque

1788 2908 2032 2977 proﬁcuo
2066 2909 2233 2978 petita
2256 2916 2450 2962 contra
2477 2908 2767 2963 utilitatem
2794 2909 3053 2967 Ecclesia;
3087 2913 3379 2983 denegare.

1790 2997 1915 3054 llaec
1939 3007 2121 3054 autem
2151 2999 2336 3054 omnia
2379 2999 2448 3053 ad
2477 2998 2531 3054 id
2585 2991 2868 3069 praemissa
2909 3003 3192 3071 noveritis,
3254 3007 3385 3075 quia

1791 3091 1975 3162 petitis
2019 3092 2075 3145 in
2103 3090 2302 3145 litteris
2349 3090 2548 3146 vestris
2592 3107 2682 3159 ne,
2732 3084 2995 3149 adversus
3039 3096 3385 3168 privilegium

1792 3182 1938 3250 quod
1963 3182 2032 3234 ab
2054 3182 2159 3235 hac
2181 3181 2478 3250 apostolica
2531 3181 2659 3237 sede
2711 3197 2809 3238 vos
2855 3183 3056 3240 habere
3115 3184 3382 3255 fatemini,

1790 3273 2060 3342 cogamini
2092 3272 2195 3326 nisi
2228 3272 2329 3327 soli
2365 3271 2502 3325 mihi
2534 3278 2630 3326 aut
2670 3270 2932 3329 Romanis
2982 3275 3173 3346 legatis
3221 3293 3387 3348 super

1788 3364 2018 3435 objectis
2046 3364 2384 3433 quibuslibet
2412 3364 2763 3433 respondere.
2801 3364 2956 3432 Quod
2986 3367 3031 3421 si
3060 3384 3157 3423 vos
3185 3367 3386 3425 Roma-

1788 3472 1890 3512 nos
1916 3457 2125 3528 legatos
2155 3456 2459 3527 intelligere
2487 3456 2810 3518 videremini
2837 3461 3112 3529 quoslibet
3157 3462 3386 3532 cujusli-

1785 3550 1879 3605 bet
1907 3549 2103 3620 gentis,
2129 3549 2334 3619 quibus
2364 3547 2647 3605 Romanus
2667 3550 2912 3620 pontifex
2958 3554 3199 3625 aliquam
3234 3556 3384 3628 lega-

1787 3640 1993 3695 tionem
2028 3638 2296 3710 injungat,
2327 3640 2412 3695 vel
2443 3640 2611 3711 (quod
2639 3642 2822 3711 majus
2846 3642 2952 3714 est)
3004 3645 3178 3701 vicem
3225 3663 3384 3704 suam

1787 3732 2081 3803 indulgeat,
2095 3739 2150 3787 et
2173 3732 2525 3791 laudaremus
2546 3748 2678 3788 sane
2699 3734 2885 3802 petita,
2916 3742 2971 3790 et
2999 3737 3181 3805 petitis
3206 3738 3384 3794 liben-

1788 3831 1870 3877 ter
1897 3816 2286 3879 annueremus.
2342 3821 2447 3878 Sed
2480 3825 2610 3894 quia
2660 3825 3040 3894 praemittendo
3096 3827 3380 3897 Romanis,

1787 3916 2047 3972 continuo
2074 3914 2447 3986 subjungitis:
2485 3913 2605 3970 Non
2629 3915 3085 3986 Ultramontanis,
3140 3923 3383 3978 ostendi-

1787 4007 1857 4063 tis
1884 4023 1982 4062 vos
2018 4014 2227 4061 tantum
2251 4022 2347 4062 eos
2369 4006 2507 4062 velle
2539 4007 2815 4066 Romanos
2839 4011 3042 4067 habere
3065 4014 3272 4083 legatos
3285 4016 3382 4085 qui

1785 4102 1870 4156 vel
1898 4100 2083 4154 Romae
2106 4100 2239 4165 nati,
2284 4101 2370 4153 vel
2394 4100 2449 4154 in
2493 4101 2739 4158 Romana
2782 4102 3025 4161 Ecclesia
3070 4123 3101 4161 a
3151 4111 3381 4177 parvulo

1785 4190 2020 4255 educati,
2044 4190 2127 4243 vel
2156 4189 2211 4243 in
2240 4190 2429 4244 eadem
2456 4191 2566 4246 sint
2594 4193 2775 4261 aliqua
2805 4194 3070 4262 dignitate
3118 4200 3377 4266 promoti,

1785 4281 2054 4334 miramur
2076 4278 2307 4333 nimium
2340 4279 2684 4348 prudentiam
2718 4292 2956 4337 vestram
2990 4300 3235 4356 eousque
3255 4304 3379 4358 per-

1784 4373 2004 4427 ductam
2028 4380 2087 4425 ut
2118 4371 2479 4441 precaremini
2523 4373 2959 4430 benevolentiam
2985 4386 3229 4433 nostram
3249 4380 3378 4449 jura

1784 4465 1931 4520 sectis
1957 4458 2271 4535 apoStolicaa
2301 4464 2500 4521 debere
2531 4466 2878 4535 imminuere,
2916 4456 3080 4540 idque
3122 4472 3279 4529 nobis
3321 4475 3375 4529 in

1784 4555 1954 4610 solius
1988 4555 2158 4611 vestri
2182 4555 2421 4626 negotiis
2445 4571 2557 4612 non
2580 4558 2780 4614 debere
2809 4560 2976 4616 licere
3001 4563 3147 4631 quod
3196 4562 3252 4617 in
3280 4581 3377 4620 ne-

1785 4646 1945 4717 gotiis
1971 4647 2216 4701 omnium
2246 4647 2677 4716 praedecessores
2707 4652 2884 4706 nostri
2913 4652 3034 4707 sine
3062 4653 3212 4707 omni
3241 4671 3376 4711 con-

1783 4737 2107 4793 tradictione
2130 4746 2186 4792 et
2208 4738 2420 4793 licitum
2457 4748 2512 4794 et
2538 4732 2867 4811 legitimum.
2898 4751 3141 4800 tenuere.
3192 4745 3376 4804 Nostis

1783 4828 1930 4882 enim
1960 4835 2014 4882 et
2050 4825 2242 4882 Osium
2266 4829 2586 4899 episcopum
2614 4830 2669 4883 in
2694 4829 2912 4886 Nicaano
2937 4840 2993 4887 et
3016 4833 3283 4905 Cyrillum
3318 4839 3373 4894 in

1785 4916 2061 4989 Ephesino
2091 4917 2345 4984 concilio,
2385 4917 2759 4973 Romanorum
2788 4921 2906 4975 vice
2950 4922 3180 4990 (eisdem
3244 4944 3376 4984 con-

1783 5008 2124 5079 cedentibus)
2155 5007 2373 5065 functos
2391 5007 2562 5065 fuisse
2588 5011 2928 5081 pontiﬁcum.
2965 5013 3195 5086 Syagrio
3240 5037 3377 5092 quo-

1781 5117 1891 5172 que
1910 5098 2397 5170 Augustodunensi
2428 5101 2706 5170 episcopo,
2738 5101 3121 5175 Lugdunensis
3152 5112 3375 5167 antisti-

1778 5192 1852 5248 tis
1887 5188 2255 5260 sull‘raganeo,
2284 5205 2480 5259 papam
2504 5190 2829 5262 Gregorium
2862 5194 2919 5267 (l.
2957 5210 3016 5262 ιι,
3044 5198 3204 5266 epist.
3236 5202 3380 5256 indi-

1782 5285 1964 5316 neinnn
2000 5298 2070 5316 n-
2107 5282 2241 5316 nno'c!
2289 5280 2412 5316 Διί-’Λ
2459 5284 2765 5316 ιιι-ιιιιιηισιηιιῖ
2809 5289 3072 5316 ηηηηηηιὲι.
3112 5290 3167 5316 ξ..
3206 5293 3374 5316 n-n:.-
