3982 5316
519 313 618 368 5H

1160 299 1218 355 S.
1261 295 1590 356 GREGORII
1629 293 1721 349 Vll
1758 291 1961 348 PAPA‘J
2000 284 2286 356 OPERUM
2321 283 2508 338 ιιΑιιδ
2541 281 2583 337 l.
2622 311 2694 322 —-—
2733 272 3157 334 REGISTRUM.

3678 283 3783 344 διε

523 421 764 494 synolus
801 426 988 476 sancta
1017 416 1333 472 decerneret
1354 411 1423 468 ad
1471 413 1634 466 linem
1669 423 1738 464 eo
1774 411 2106 475 exsequente
2135 404 2180 460 Α
2205 393 2783 462 consortium,eisdem
2815 385 3294 451 interventoribus,
3322 381 3556 454 provehi
3587 392 3803 434 merea-

521 509 946 583 perdueeretur?
969 505 1048 561 Ne
1073 505 1242 576 igitur
1259 502 1330 558 ad
1363 508 1578 556 tantum
1607 497 1735 553 velit
1779 496 1992 552 culmen
2018 509 2111 547 ve-

520 613 637 661 stra
673 600 986 656 fraternitas
1017 595 1176 668 erigi,
1201 603 1400 664 utqua:
1425 591 1482 645 in
1505 589 1688 646 causis
1727 588 1974 644 omnium
1997 585 2109 640 Ro-

523 692 702 748 manis
722 687 1071 761 pontilicibus
1100 694 1218 740 rata
1251 683 1473 739 fuerunt
1516 689 1571 735 et
1608 679 1778 745 licita,
1835 678 1890 732 in
1943 675 2110 730 vestri

523 783 694 840 solius
719 795 889 837 causa
911 778 1068 833 irrita
1094 776 1277 832 velitis
1299 783 1354 830 et
1373 773 1564 828 illicita
1593 769 1766 826 reddi.
1797 767 1877 822 Ad
1915 765 1970 822 id
2013 781 2114 820 au-

523 883 630 928 tcm
653 871 801 942 quod
829 870 898 927 de
923 867 1210 940 privilegio
1244 865 1449 930 dicitis,
1475 862 1713 918 breviter
1761 859 1980 914 interim
2025 873 2110 912 re-

521 961 853 1034 spondemus
879 959 1027 1031 quod
1051 965 1284 1031 possunt
1311 953 1561 1026 quaedam
1586 950 1642 1004 in
1661 947 1960 1021 privilegiis
2011 961 2114 1016 pro

521 1068 598 1120 re,
621 1067 722 1122 pro
745 1066 1002 1122 persona,
1031 1066 1132 1122 pro
1163 1058 1426 1117 tempore,
1458 1058 1557 1115 pro
1584 1043 1707 1098 loco
1731 1038 2114 1107 concedi,quze

520 1144 718 1202 iterum
745 1158 847 1214 pro
865 1141 1096 1208 eisdem,
1139 1141 1188 1196 si
1216 1137 1518 1194 necessitas
1561 1133 1644 1188 vel
1687 1131 1894 1188 utilitas
1935 1129 2112 1200 major

517 1236 782 1307 exegerit,
807 1235 1038 1290 licenter
1057 1233 1240 1288 valent
1251 1225 1601 1286 commutari.
1624 1221 1915 1294 Privilegia
1936 1220 2112 1294 siqui-

519 1329 645 1384 dem
675 1344 786 1384 non
807 1327 1010 1384 debent
1029 1333 1346 1382 sanctorum
1369 1319 1596 1376 Patrum
1617 1315 1994 1372 auctoritatem
2022 1313 2109 1367 in—

519 1418 779 1490 fringere,
795 1417 890 1473 sed
906 1416 1129 1472 utilitati
1152 1423 1356 1472 sanctae
1366 1409 1624 1467 Ecclesiae
1636 1406 1966 1479 prospicere.
1981 1403 2110 1481 Inde

519 1517 606 1564 est
621 1507 769 1578 quod
784 1505 1120 1564 Arelatensis
1142 1503 1408 1570 Ecclesia,
1423 1517 1532 1558 non
1545 1499 1723 1557 solum
1745 1513 1778 1553 a
1789 1497 1950 1552 beato
1971 1495 2108 1551 Gre-

523 1598 682 1670 gorio
707 1598 931 1655 doctore
970 1598 1230 1654 dulcilluo
1253 1596 1429 1668 (epist.
1485 1593 1524 1646 ι.
1566 1607 1640 1658 tv,
1698 1606 1780 1661 ep.
1837 1587 1952 1659 52),
2013 1587 2111 1643 sed

518 1691 688 1746 etiam
717 1706 749 1746 a
775 1691 1030 1761 pluribus
1052 1691 1174 1762 ejus
1218 1687 1425 1744 sanctis
1463 1683 1926 1748 antecessoribus,
1980 1695 2108 1736 cum

2215 503 2372 544 1111111.
2873 521 2882 528 ο

2282 578 2416 633 Data
2453 577 2520 632 ad
2573 575 2742 650 [apud
2784 582 2834 626 et
2883 573 2960 626 sic
3015 571 3072 624 in
3090 565 3226 640 seq.]
3277 572 3531 622 sanctum
3571 561 3796 618 German

2212 686 2344 724 num
2407 667 2697 722 undecimo
2748 663 3016 718 Kalendas
3075 654 3445 730 Septembris,
3497 652 3796 709 indictione

2212 777 2410 832 pmma'
2763 820 3099 878 EPISTOLA
3136 817 3224 873 ιιι.

2522 935 2590 976 Αἰ)
2628 933 2876 974 ιιυσοιιειι
2905 929 3198 972 εριεεονωι
3231 925 3481 968 οιεηεειι.

2809 1007 2991 1077 (Anno
3013 1001 3199 1074 1078.)

2216 1102 2284 1158 Ut
2329 1101 2557 1174 querelis
2597 1099 2866 1155 Bernensis
2898 1095 3307 1174 archiepiswpi
3336 1092 3494 1174 liuent
3533 1091 3798 1174 imponere

2279 1159 2578 1244 prbcurent,
2601 1187 2842 1241 eumque,
2863 1169 2910 1244 si
2931 1159 3190 1238 paruerit,
3215 1159 3598 1244 adjuwntf‘cui
3638 1160 3798 1213 etiam

2280 1231 2582 1298 ἥμεναι-ιιηὶ
2609 1231 3093 1311 δαρνὶιδει-ἱρίαναηι
3115 1231 3386 1304 exemplar
3408 1231 3599 1285 mittit.

2281 1333 2588 1390 Caesonius
2607 1333 2917 1403 episcopus,
2934 1342 3127 1384 servus
3153 1317 3440 1381 servorum
3467 1321 3592 1386 Dei,
3623 1319 3800 1376 "nco-

2210 1441 2262 1481 m
2317 1424 2502 1482 Diensi
2531 1425 2809 1496 episcopo,
2857 1431 2912 1478 ct
2948 1417 3163 1491 Hugoni
3190 1414 3544 1472 Cluniacensi
3573 1412 3760 1468 abbati
3781 1453 3798 1476 ,

2211 1518 2442 1574 salutem
2462 1525 2516 1572 et
2544 1514 2896 1588 apostolicam
2915 1508 3369 1568 benedictionem.

2281 1607 2422 1675 Quia
2449 1607 2506 1664 in
2541 1615 2746 1663 sanctis
2783 1603 2902 1671 Dei,
2933 1601 3022 1659 cui
3063 1600 3247 1657 divina
3275 1595 3640 1668 dispositione
3663 1609 3803 1664 pra:-

2211 1697 2478 1764 sidcmus,
2533 1695 2795 1753 Ecclesiae
2844 1691 3115 1766 regimine
3155 1687 3389 1745 sollicite
3420 1701 3522 1740 nos
3574 1683 3805 1754 vigilare

519 1781 746 1837 haberet
772 1783 947 1840 vicem
973 1783 1121 1840 sedis
1139 1779 1471 1853 apostolicae,
1503 1785 1564 1832 ut
1599 1791 1792 1833 omnes
1821 1775 2108 1847 episcopos

2222 1797 2439 1859 iportet,
2481 1787 2682 1844 vestris
2709 1785 2949 1844 assiduis
2991 1781 3249 1855 precibus
3287 1779 3447 1834 nobis
3471 1787 3534 1834 ut
3553 1776 3807 1832 divinum

519 1871 689 1928 totius
718 1873 873 1944 regni
908 1872 1267 1937 Francorum,
1290 1868 1437 1940 quod
1476 1877 1610 1924 tunc
1655 1866 1820 1921 latius
1849 1863 2116 1920 extende—
2207 1882 2500 1938 omnem“
2523 1879 2838 1952 pmsidium
2878 1874 3250 1946 deposcimus.
3299 1869 3650 1941 Quapropm
3708 1881 3808 1922 νος

517 1962 701 2029 batur,
730 1963 800 2017 ad
831 1963 1126 2019 concilium
1155 1967 1501 2024 convocaret,
1531 1971 1740 2027 eosque
1798 1955 1856 2010 in
1901 1952 2112 2024 judicio

522 2053 918 2109 constrinxerit
941 2054 1084 2125 (sine
1105 2053 1266 2124 cujus
1292 2049 1510 2106 licentia
1547 2047 1711 2103 nullis
1733 2062 1802 2102 ex
1819 2061 1989 2116 supra
2027 2043 2112 2100 di-

518 2143 623 2200 ctis
654 2145 928 2216 episcopis
955 2147 1118 2218 longe
1141 2161 1173 2200 a
1194 2157 1298 2200 suo
1323 2141 1641 2212 episcopatu
1663 2138 1745 2194 fas
1765 2145 1884 2193 erat
1904 2135 2108 2206 abire);

520 2244 648 2306 post
677 2235 860 2307 aliqua
888 2245 1134 2308 tempora
1157 2251 1256 2307 pro
1289 2232 1618 2304 quibusdam
1644 2229 1826 2286 causis
1854 2227 2111 2300 praedicta

518 2334 763 2396 potestas
790 2337 847 2384 et
869 2329 1167 2384 auctoritas
1191 2325 1447 2392 cessavit,
1473 2333 1528 2380 et
1557 2339 1714 2380 suam
1766 2321 1942 2377 vicem
1989 2318 2112 2375 aliis

519 2415 721 2486 quibus
744 2417 949 2488 placuit
967 2419 1124 2474 sedes
1151 2417 1454 2489 apostolica
1495 2414 1785 2472 concessit.
1824 2413 2113 2470 Remensis

517 2510 686 2565 etiam
706 2511 796 2566 cui
815 2511 1078 2582 praesides
1099 2511 1345 2567 Ecclesia
1367 2509 1606 2581 quodam
1629 2517 1871 2578 tempore
1892 2507 2112 2578 primati

519 2601 817 2672 subjacuit,
845 2612 902 2658 et
933 2603 1004 2670 ei,
1030 2613 1092 2659 ut
1123 2603 1388 2674 magistro
1417 2610 1542 2672 post
1569 2601 1878 2656 Romanum
1927 2600 2112 2670 ponti-

520 2696 704 2762 licem,
733 2695 991 2750 obedivit.
1026 2694 1184 2764 Quod
1211 2704 1266 2751 et
1285 2695 1351 2750 de
1393 2694 1648 2764 pluribus
1695 2692 1819 2748 aliis
1853 2691 2114 2748 Ecclesiis

519 2787 751 2858 potestis
777 2787 1045 2856 invenire,
1073 2787 1120 2844 si
1144 2795 1462 2846 sanctorum
1488 2785 1714 2842 Patrum
1741 2785 1886 2840 dicta
1918 2793 1973 2840 et
1992 2796 2113 2840 acta

522 2881 833 2949 procuratis
857 2881 1146 2953 diligenter
1173 2879 1521 2950 investigare.
1552 2875 1664 2933 Nec
1691 2877 1743 2934 id
1778 2876 2013 2933 dicimus
2053 2884 2115 2932 ut

517 2972 800 3043 privilegia
835 2979 1033 3028 vestae
1059 2971 1318 3028 Ecclesiae
1352 2980 1548 3026 contra
1593 2970 1862 3026 rationem
1909 2969 1996 3024 vel
2023 2968 2112 3022 in-

521 3063 685 3135 fringi
717 3064 950 3120 velimus
976 3065 1060 3120 vel
1089 3063 1344 3120 imminui
1368 3063 1435 3119 de
1475 3062 1700 3133 quibus,
1746 3061 1858 3116 vita
1891 3061 2110 3126 comite,

523 3171 628 3211 suo
653 3164 916 3228 tempore,
949 3173 1046 3213 ore
1072 3158 1140 3212 ad
1168 3172 1232 3212 os
1281 3156 1518 3211 otiosius
1542 3153 1868 3210 collocuturi
1895 3168 2108 3208 sumus.
2138 3119 2181 3177 δ

521 3247 630 3304 Sed
665 3248 882 3304 interim
906 3249 1252 3304 dilectionem
1267 3256 1506 3303 vestram
1527 3261 1595 3300 ex
1625 3253 1777 3316 parte
1802 3245 1944 3299 beati
1979 3229 2114 3312 apo-

521 3340 792 3394 stolorum
819 3341 1085 3411 principis
1109 3339 1257 3395 Petri
1296 3339 1679 3401 admonemus,
1724 3344 1804 3401 ut,
1853 3334 2116 3406 quemad-

525 3431 750 3488 modum
789 3431 944 3488 vobis
975 3431 1165 3488 Romae
1209 3431 1404 3502 positis
1458 3427 1870 3493 constituimus,
1928 3441 2116 3482 coram

524 3521 709 3578 Diensi
727 3523 985 3594 episcopo
1011 3532 1066 3580 et
1091 3521 1444 3578 Cluniacensi
1475 3521 1693 3584 abbate,
1729 3519 1932 3589 quibus
1959 3518 2016 3572 in
2030 3517 2118 3574 bis

523 3613 700 3670 vicem
752 3624 999 3670 nostram
1029 3601 1434 3680 commisimus,
1468 3612 1857 3670 occasionibus
1907 3611 2118 3668 cunctis

521 3703 932 3776 obstaculisque
959 3706 1207 3772 remotis,
1234 3720 1402 3775 super
1435 3703 1666 3775 objectis
1703 3702 1960 3758 omnibus
1997 3701 2118 3760 sitis

526 3796 860 3866 respondere
905 3797 1105 3868 parati,
1157 3796 1404 3868 legaliter
1457 3793 1796 3859 satisfacere,
1857 3792 2118 3848 canonice

523 3886 826 3956 purificari,
853 3873 935 3943 ne.
966 3889 1016 3944 si
1061 3887 1209 3944 aliud
1237 3903 1268 3943 a
1296 3887 1452 3944 vobis
1481 3885 1652 3957 (quod
1681 3884 1876 3956 absit!)
1899 3893 2116 3956 agatur,

524 3977 962 4049 tergiversationi
984 3988 1039 4034 et
1073 3980 1216 4052 fugat
1237 3989 1293 4036 et
1319 3979 1670 4036 conscientiae
1691 3978 1981 4044 scelerum,
2007 3993 2116 4033 non

524 4069 796 4126 exactioni
814 4071 1044 4140 justitiat
1063 4080 1119 4127 et
1137 4071 1414 4144 aequitatis
1436 4087 1468 4126 a
1501 4070 1752 4142 pluribus
1783 4069 2114 4126 ascribatur.

527 4159 603 4216 De
633 4161 1047 4234 archiepiscopo
1081 4172 1264 4220 autem
1315 4161 1631 4227 Viennensi,
1663 4177 1826 4232 quem
1875 4175 2119 4230 conque-

522 4252 710 4310 rimini
738 4253 792 4308 in
821 4254 1047 4310 dioecesi
1076 4263 1255 4311 vestra
1299 4263 1354 4311 et
1397 4253 1716 4324 deposuisse
1749 4253 2115 4326 presbyteros,

522 4351 580 4398 et
602 4344 824 4400 eosdem
850 4344 1048 4402 iterum
1101 4346 1156 4401 in
1189 4347 1418 4418 gradum
1448 4343 1740 4415 pristinum
1784 4343 2114 4410 restituisse,

2210 1987 2556 2042 summopere
2584 1970 2828 2028 studium
2865 1966 3130 2024 adhibere
3181 1960 3530 2020 admonendo
3571 1957 3810 2014 manda-

2210 2079 2335 2118 mus
2361 2071 2633 2134 quatenus
2658 2059 2952 2132 inquiratis
2976 2065 3032 2114 et
3050 2053 3338 2120 canonice,
3365 2059 3529 2124 prout
3549 2047 3807 2120 potestis,

2210 2154 2371 2210 linem
2403 2155 2686 2226 imponere
2716 2149 3024 2224 procuretis
3057 2145 3310 2218 negotiis,
3341 2143 3486 2199 unde
3513 2139 3810 2197 Remeusis

2210 2247 2654 2318 archiepiscopus
2681 2242 2960 2321 confrater
3017 2246 3204 2295 noster
3230 2237 3348 2292 suis
3399 2234 3600 2290 litteris
3647 2231 3807 2287 nobis

2211 2348 2550 2410 conquestus
2571 2345 2674 2394 est.
2692 2335 3065 2407 Conqueritur
3107 2331 3256 2390 enim
3280 2329 3347 2386 de
3392 2325 3676 2384 confratre
3699 2340 3804 2379 no-

2211 2441 2326 2488 stro
2347 2431 2760 2502 archiepiscopo
2781 2425 3078 2484 Viennensi
3113 2420 3475 2488 Warmundo,
3497 2419 3598 2490 qui
3623 2417 3682 2472 in
3703 2433 3808 2473 suo

2211 2523 2684 2594 archiepiscopatu
2707 2521 3054 2593 presbyteros
3088 2513 3337 2587 deposuit
3365 2520 3421 2569 et
3446 2511 3673 2567 eosdem
3717 2525 3806 2566 re-

2212 2615 2407 2673 stituit.
2439 2613 2585 2680 Quin
2605 2613 2772 2668 etiam
2799 2609 3157 2681 conqueritur
3191 2606 3338 2678 quod
3380 2605 3492 2661 duo
3537 2602 3806 2673 suffraga-

2211 2706 2301 2762 nei
2321 2705 2570 2775 ejusdem
2600 2699 2908 2769 Remensis,
2937 2697 3320 2754 Laudunensis
3343 2695 3554 2751 scilicet
3568 2701 3625 2748 et
3639 2691 3804 2747 Sues-

2211 2794 2505 2860 sionensis,
2535 2791 2829 2864 postposita
2869 2790 3135 2848 canonica
3178 2787 3538 2854 auctoritate,
3578 2783 3804 2840 Ambia-

2211 2901 2439 2943 nensem
2459 2885 2584 2941 ausi
2611 2892 2742 2941 sunt
2755 2883 3076 2954 episcopum
3105 2895 3453 2947 consecrare,
3501 2879 3638 2935 dum
3690 2877 3806 2946 ipse

2212 2987 2358 3035 esset
2380 2977 2667 3034 nobiscum
2710 2973 2900 3030 Roma:
2931 2981 2990 3028 et
3007 2973 3076 3029 de
3104 2988 3164 3028 se
3199 2971 3529 3028 sententiam
3578 2968 3802 3024 humili-

2215 3079 2298 3126 ter
2323 3076 2684 3140 exspectaret.
2715 3066 2874 3134 Quod
2899 3080 3000 3123 vos
3037 3064 3204 3136 digna
3238 3073 3292 3120 et
3335 3061 3526 3118 solerti
3582 3059 3805 3130 indaga-

2217 3163 2365 3218 tione
2381 3161 2658 3217 discutere
2681 3167 2736 3214 et
2758 3171 3090 3231 cognoscere
3108 3154 3256 3212 omni
3284 3154 3446 3208 modo
3469 3152 3689 3208 studete
3735 3165 3806 3204 an

2217 3254 2292 3310 ita
2335 3269 2458 3309 sese
2483 3267 2574 3308 res
2596 3251 2815 3317 habeat,
2843 3259 2906 3306 ut
2937 3247 3292 3320 pradiximus
3317 3261 3420 3301 nos
3457 3244 3580 3300 suis
3609 3241 3808 3298 litteris

2217 3343 2568 3410 intellexisse,
2599 3342 2901 3415 praesertim
2931 3343 2978 3397 si
3003 3341 3149 3396 idem
3173 3335 3562 3393 Ambianensis
3615 3346 3804 3392 contra

2219 3435 2477 3492 Romana
2498 3436 2692 3508 synodi
2717 3445 2776 3492 et
2798 3434 3110 3504 apostolica:
3135 3430 3283 3488 sedis
3293 3429 3578 3485 decretum
3592 3428 3664 3483 de
3691 3442 3810 3482 ma-

2217 3544 2289 3584 nu
2323 3525 2452 3584 laici
2476 3526 2711 3584 nefanda
2738 3525 3040 3582 ambitione
3060 3532 3116 3579 et
3143 3519 3438 3578 temerario
3477 3535 3623 3575 ausu
3651 3519 3806 3574 inve-

2217 3617 2468 3674 stituram
2495 3617 2778 3688 suscipere
2805 3612 3172 3686 praesumpsit,
3188 3612 3448 3669 canonici
3493 3610 3701 3682 rigoris
3722 3625 3808 3666 se-

2217 3709 2467 3765 vcritatet
2482 3709 2640 3764 aliter
2661 3708 2717 3763 in
2731 3722 2858 3764 eum
2877 3707 3156 3762 vindimre
3173 3713 3228 3761 et
3249 3704 3445 3774 punire
3461 3703 3670 3758 obnixe
3696 3711 3808 3758 sat-

2218 3801 2362 3870 agite
2389 3809 2451 3855 ut
2486 3800 2609 3870 ejus
2649 3798 2896 3868 exempla
2937 3796 3119 3853 caeteri
3173 3795 3376 3852 imitari
3431 3795 3688 3848 timeant.
3735 3791 3809 3851 De

2218 3895 2468 3954 Manasse
2495 3905 2700 3963 autem,
2742 3895 2810 3951 de
2855 3909 2968 3964 quo
3015 3893 3267 3948 similiter
3306 3890 3686 3961 conqueritur,
3715 3891 3808 3960 qui

2218 3985 2405 4044 Oebali
2427 4002 2766 4058 suorumque
2789 3985 3004 4057 refugio
3033 3994 3088 4039 et
3111 3983 3316 4040 auxilio
3343 3983 3497 4038 illum
3536 3990 3595 4038 et
3621 3981 3809 4038 Eccle—

2218 4082 2358 4138 siam
2392 4081 2622 4154 fatigare
2647 4096 2757 4136 non
2787 4085 2990 4144 cessat,
3023 4079 3268 4134 laborare
3291 4087 3351 4132 ut
3392 4077 3463 4132 ad
3495 4091 3690 4148 pacem
3729 4091 3808 4130 re-

2218 4175 2345 4231 deat
2381 4183 2437 4230 et
2477 4175 2549 4230 ab
2591 4171 2987 4244 inquietatione
3019 4170 3274 4226 Ecclesia!
3319 4177 3374 4226 et
3427 4168 3806 4240 persecutione

2217 4267 2613 4338 archiepiscopi
2656 4267 2926 4338 quiescat.
2981 4263 3140 4332 Quod
3189 4265 3237 4320 si
3291 4263 3429 4319 forte
3470 4263 3526 4317 in
3551 4278 3656 4318 sua
3685 4279 3805 4318 con-

2218 4360 2459 4416 tumacia
2514 4359 2815 4430 persistens
2875 4357 3095 4412 obedire
3145 4356 3420 4422 retinet-it,
3488 4354 3600 4410 nisi
3655 4355 3802 4408 illum

477 4431 479 4433 ’
520 4443 580 4490 et
602 4435 671 4492 de
705 4436 976 4508 episcopis
1017 4437 1371 4494 Laudunensi
1411 4445 1468 4493 et
1495 4436 1884 4492 Suessionensi
1922 4435 2119 4492 suﬂ‘ra—
2153 4465 2194 4520 ο
2213 4451 2421 4522 iugum
2465 4449 2872 4508 excusationem
2926 4447 3130 4503 habere
3169 4447 3532 4519 εοεηογω-ίιίε
3559 4489 3576 4515 ν
3627 4461 3802 4517 (μου-

525 4528 717 4597 ganeis
743 4529 943 4584 vestris
975 4529 1072 4599 qui
1120 4528 1548 4585 Ambianensem
1575 4527 1916 4600 episeOpum,
1961 4527 2118 4583 vobis

527 4617 852 4676 inconsultis
877 4628 933 4674 et
955 4621 1329 4676 nescientibus
1353 4619 1542 4676 Romae
1564 4621 1732 4676 etiam
1758 4619 1972 4690 positis,
1995 4633 2131 4674 con-

526 4721 835 4780 secrarunt,
871 4712 1017 4769 etde
1041 4711 1296 4770 Manasse
1325 4712 1422 4784 qui
1450 4727 1552 4769 vos
1602 4722 1658 4769 et
1687 4712 1993 4769 Ecclesiam
2033 4725 2126 4767 ve-

526 4806 719 4870 Stram,
746 4804 878 4874 quia
931 4803 1237 4861 malefactis
1272 4820 1381 4860 non
1420 4813 1618 4877 potest,
1647 4805 1953 4862 maledictis
1982 4802 2124 4859 infe-

527 4899 675 4951 Stare
701 4909 814 4950 non
856 4904 1058 4964 cessat,
1092 4897 1238 4953 etde
1259 4897 1473 4953 caeteris
1492 4897 1770 4964 omnibus,
1797 4912 1966 4968 super
1999 4895 2124 4966 qui-

526 4980 633 5036 bus
665 4987 1114 5038 conquestionem
1139 4989 1296 5038 vobis
1306 4989 1616 5040 collibnerit
1641 4988 1840 5040 facere-
1866 4989 2122 5042 misimus

2219 4561 2438 4616 cunque
2509 4543 2664 4600 vobis
2725 4541 2930 4613 iustius
2995 4540 3210 4595 videtur
3281 4537 3459 4595 facite.
3519 4539 3599 4594 De
3685 4538 3804 4594 aliis

2227 4648 2412 4695 autem
2447 4635 2871 4694 necessitatibus
2911 4632 3166 4688 eumdem
3211 4631 3686 4702 archiepiscopum
3737 4629 3804 4702 (si

2225 4739 2408 4787 tamen
2428 4731 2585 4786 vobis
2607 4725 2896 4796 obedierit)
2947 4725 3091 4781 sicut
3129 4723 3354 4794 dignum
3393 4732 3480 4778 est
3531 4720 3802 4793 adiuvate,

2222 4823 2384 4893 eique
2413 4821 2763 4878 commissam
2785 4816 3087 4874 Ecclesium
3109 4815 3433 4869 auctoritate
3460 4812 3614 4868 beati
3664 4812 3802 4867 Petri

2225 4913 2394 4985 (quod
2419 4921 2474 4968 et
2493 4913 2562 4970 de
2586 4913 2710 4968 aliis
2729 4909 2982 4967 ecclesiis
3005 4922 3106 4964 vos
3139 4913 3351 4976 oportet
3394 4902 3580 4976 agere)
3622 4901 3803 4958 defen-

2224 5005 2336 5042 ιιὶη.
2382 5004 2500 5042 [non
2518 5013 2699 5042 mnam
2748 5003 2890 5042 aiant
2927 5017 2992 5042 av
3025 4999 3142 5042 auio
3193 4997 3548 5042 cogitavimus
3616 4994 3803 5042 litteris
