3982 5316
127 345 233 401 513

1278 343 1479 401 LIBER
1522 343 1821 401 SEXTUS.
1860 375 1931 385 -——
1968 342 2186 401 EPIST.
2230 345 2293 401 ν.

3321 345 3428 402 5H

125 456 396 528 perducat
422 466 479 516 et
501 458 571 514 ad
602 459 918 516 societatem
944 465 1261 514 sanctorum
1288 457 1514 513 Patrum
1540 474 1730 528 perve-
1761 462 1806 517 A
1830 460 2093 514 canonica
2122 459 2448 515 auctoritate
2485 467 2700 515 servata
2749 459 2804 514 in
2855 459 3133 514 omnibus.
3163 457 3426 525 Contem—

124 549 247 602 nire
273 551 468 606 faciat.

205 642 339 700 Data
371 644 441 698 ad
466 642 735 699 Sanctum
772 642 1135 707 Germanum,
1186 658 1239 697 xi
1271 639 1540 697 Kalendas
1598 640 1732 712 Sep-

134 737 387 801 tembris,
417 735 536 791 ind.
574 751 612 790 ι.

694 824 1034 880 EPISTOLA
1070 824 1136 878 IV
1148 867 1162 880 .

389 937 459 976 AD
500 936 772 974 IIENRICUI
815 934 1141 973 LEODII-ZNSESI
1180 933 1489 973 EPISCOPUII.

739 1010 921 1079 (Anno
950 1007 1131 1079 1078.)

139 1104 481 1158 Tcmcritatis
501 1118 623 1157 eum
646 1102 825 1172 arguit
845 1100 986 1173 quod
1028 1110 1211 1155 contra
1255 1100 1511 1155 Romana:
1548 1098 1735 1173 Eccle-

207 1175 301 1229 sia:
319 1170 879 1227 auctoritatem—verba
893 1172 1200 1242 jactaverit,
1232 1180 1505 1242 monetque
1528 1180 1587 1224 ut
1611 1170 1736 1225 We—

208 1244 468 1299 rcmboldi
494 1243 779 1311 cujusdam
807 1258 1046 1309 causam,
1075 1244 1165 1312 qui
1196 1258 1249 1295 se
1285 1259 1391 1295 una
1423 1259 1542 1295 cum
1573 1259 1736 1295 uxore

209 1315 407 1384 injuste
431 1315 598 1384 abrweo
638 1314 1150 1384 excommunicatum
1188 1313 1734 1384 conquestusfuerat,

206 1383 468 1439 adhibitis
500 1383 800 1438 Trevirensi
826 1393 876 1437 et
908 1383 1131 1437 Μαιεηεὶ
1176 1385 1455 1454 episcopis,
1482 1383 1733 1452 deﬁniat;

211 1471 364 1526 quem
390 1457 583 1509 timore
609 1455 799 1526 mortis
817 1470 872 1507 se
894 1453 1184 1509 absolvisse
1207 1453 1319 1519 ait;
1351 1464 1739 1526 acccptaspon-

213 1524 355 1581 sione
406 1526 475 1579 ab
521 1542 582 1579 eo
618 1525 860 1578 erunibus
902 1525 1292 1594 satisfaciendi.
1345 1524 1736 1594 Contemptores

213 1596 407 1667 synodi
442 1594 793 1667 illosnt‘ocat,
824 1596 912 1665 qui
928 1593 1164 1667 synodus
1198 1613 1231 1667 a
1260 1612 1315 1648 se
1345 1596 1397 1648 in
1438 1593 1737 1649 Teutonicis

210 1665 457 1736 partibus
504 1665 713 1720 indicta
764 1666 1135 1735 impedimento
1179 1666 1375 1735 fuerint
1419 1683 1482 1720 ne
1531 1682 1739 1737 cogere-

211 1749 319 1792 tur.

210 1830 531 1885 Guconms
557 1828 877 1898 episcopus,
907 1843 1101 1883 servus
1129 1843 1415 1883 servorum
1448 1828 1564 1895 Dei,
1596 1828 1740 1884 llss-
1774 1811 1817 1865 Β

143 1936 267 1977 meo
315 1919 612 1975 Leodiensi
654 1919 947 1988 episeOpo,
998 1919 1228 1974 salutem
1277 1928 1331 1974 et
1383 1921 1740 1990 apostolicam

144 2011 612 2075 benedictionem,
665 2012 715 2065 si
745 2011 1217 2081 contemptoribus
1258 2009 1520 2068 Romanae
1547 2013 1741 2083 synodi

147 2104 345 2159 habita:
386 2103 447 2158 in
490 2102 771 2174 prmterita
800 2102 1234 2173 Quadragesima
1275 2119 1387 2160 non
1435 2104 1744 2159 communi-

144 2205 251 2251 (at.

215 2287 397 2344 Lectis
415 2286 785 2343 fraternitatis
802 2293 924 2341 tua:
945 2286 1162 2353 litteris,
1194 2303 1304 2341 non
1332 2303 1528 2357 parum
1559 2288 1742 2343 mirati

148 2396 338 2435 sumus
367 2395 484 2434 non
518 2395 585 2433 ea
630 2386 706 2443 te,
755 2393 865 2449 qua
904 2378 1109 2445 decuit,
1159 2380 1521 2448 apostolicam
1558 2382 1743 2435 sedem

149 2488 247 2542 pro
293 2471 607 2527 reverentia
652 2470 764 2525 sibi
809 2470 1122 2540 scripsisse,
1154 2473 1249 2526 sed
1288 2487 1390 2526 nos
1424 2473 1491 2528 de
1530 2473 1747 2528 absolu—

151 2565 293 2620 tione
317 2564 474 2619 illius
503 2562 829 2634 parochiani
876 2563 978 2630 tui,
1012 2564 1106 2634 qui
1148 2564 1280 2618 olim
1322 2564 1389 2619 ad
1432 2580 1535 2620 nos
1573 2566 1744 2631 venit,

152 2650 389 2713 πιοώώ
416 2656 734 2711 invectione
763 2656 1201 2724 reprehendisse,
1227 2665 1489 2727 tanquam
1524 2668 1746 2726 aposto-

153 2752 264 2806 licae
286 2750 440 2806 sedis
484 2763 596 2803 non
622 2756 771 2804 esset
799 2749 1101 2803 auctoritas
1130 2763 1513 2819 quoscunque,
1538 2756 1592 2804 et
1619 2751 1746 2805 ubi-

153 2856 367 2912 cunque
417 2839 559 2905 vult,
608 2839 783 2911 ligare
822 2847 878 2894 et
916 2840 1223 2895 absolvere.
1278 2838 1433 2896 Unde
1469 2842 1616 2897 scias
1644 2858 1747 2898 nos

152 2933 415 2989 adversus
426 2931 799 2987 temeritatem
816 2938 965 2986 tnam
978 2932 1215 3002 graviter
1229 2941 1535 2990 commotos
1554 2933 1744 3002 fuisse,

154 3025 259 3081 nisi
284 3024 614 3095 apostolicae
639 3023 790 3079 sedis
824 3025 1193 3079 mansuetudo
1231 3039 1334 3081 nos
1374 3026 1662 3094 detineret,
1693 3038 1749 3084 et

155 3113 261 3171 nisi
284 3132 452 3172 mens
479 3125 671 3170 nostra
700 3115 769 3170 de
797 3116 992 3171 litteris
1039 3116 1171 3170 olim
1203 3131 1370 3187 super
1400 3119 1506 3173 hoc
1532 3121 1750 3189 negotio

157 3206 253 3261 tibi
302 3206 656 3263 transmissis
704 3208 1112 3278 quodammodo
1161 3208 1455 3263 dubitaret.
1520 3208 1751 3267 Solliciti

115 3353 119 3355 .
157 3300 356 3354 etenim
400 3315 603 3355 sumus
641 3315 712 3354 ne
761 3300 955 3355 litterae
994 3299 1100 3355 illa:
1143 3299 1334 3356 fraude
1378 3300 1613 3372 alicujus
1659 3314 1756 3359 aut

160 3387 395 3445 falsitate
423 3391 871 3446 immutarentur.
910 3390 974 3445 Et
1003 3392 1125 3447 ideo
1159 3393 1439 3463 exemplar
1464 3409 1652 3449 earum
1685 3397 1754 3452 ad

159 3483 599 3553 cognoscendam
629 3483 971 3539 voluntatem
1015 3492 1264 3539 nostram
1308 3485 1407 3539 tibi
1455 3487 1751 3543 ostenden-

160 3573 286 3629 dum
325 3590 454 3631 me
498 3577 855 3645 putavimus,
887 3584 972 3643 ut,
1023 3576 1071 3632 si
1108 3577 1329 3633 easdem
1370 3593 1495 3633 esse
1537 3587 1593 3633 et
1641 3595 1752 3634 non

161 3666 478 3722 hanimatus
503 3667 788 3733 claruerit,
841 3668 1112 3739 intelligas
1152 3676 1204 3723 te
1249 3676 1345 3723 aut
1382 3670 1578 3740 spiritu
1618 3686 1756 3741 pra:-

162 3758 489 3828 sumptionis
519 3767 617 3813 aut
642 3759 950 3829 ignorantia
981 3767 1172 3814 contra
1213 3762 1598 3815 auctoritatem
1628 3778 1757 3817 san-

161 3848 539 3905 etaeRomanae
566 3848 829 3907 Ecclesiae
841 3852 1003 3905 verba
1020 3852 1282 3921 iactasse,
1304 3853 1461 3922 quasi
1491 3853 1756 3911 imitando

162 3939 466 3998 Orientales
488 3943 589 4013 qui
611 3950 807 3998 contra
830 3943 1050 3998 beatum
1072 3959 1271 4014 papam
1295 3942 1499 4000 iulium
1531 3945 1755 4017 obloqui

163 4043 653 4104 praesumpserunt,
684 4050 752 4089 eo
780 4035 928 4106 quod
976 4035 1093 4105 ipse
1139 4035 1553 4091 sanctissimum
1581 4038 1755 4092 Atha-

164 4127 377 4181 nasium
395 4126 774 4196 patriarcham
801 4128 921 4182 sine
948 4142 1181 4183 assensu
1205 4142 1397 4182 eorum
1424 4129 1754 4197 absolverat,

164 4218 369 4289 tibique
391 4218 658 4290 deinceps
705 4234 904 4274 caveas
952 4235 1021 4274 ne
1060 4219 1379 4290 hujusmodi
1421 4228 1614 4276 contra
1654 4237 1757 4278 nos

165 4311 467 4366 temeritate
492 4310 799 4377 rescribas,
829 4311 924 4366 sed
954 4310 1140 4381 potius
1169 4312 1237 4366 ad
1265 4313 1596 4368 documenta
1630 4328 1758 4368 san-

158 4410 377 4457 ctorum
399 4401 629 4458 Patrum
658 4418 782 4474 qua:
803 4411 856 4457 te
884 4402 1034 4473 loqui
1062 4410 1117 4459 et
1145 4404 1384 4459 scribere
1408 4404 1642 4461 doceant
1662 4406 1760 4461 hu-

1834 560 2018 621 ptores
2042 552 2244 623 quippe
2267 552 2461 624 synodi
2494 553 2546 606 in
2576 551 2837 622 praedicta
2878 561 3068 605 nostra
3100 551 3430 607 salutatione

1835 644 1959 698 illos
1983 650 2242 699 notamus
2264 645 2358 715 qui
2388 645 2575 715 aliquo
2606 643 2825 716 ingenio
2847 644 2934 697 vel
2958 644 3217 699 violentia
3246 642 3431 699 conati

1834 744 1962 790 sunt
1998 735 2265 806 impedire
2306 752 2373 791 ne
2398 736 2694 790 concilium
2723 744 2819 790 aut
2853 743 3157 791 conventus
3185 741 3339 791 heret
3369 735 3427 789 in

1835 826 2155 883 Teutonicis
2187 828 2457 898 partibus,
2488 828 2543 882 in
2579 843 2690 898 quo
2742 827 2928 883 solerti
2959 827 3312 897 inquisitione
3336 841 3431 881 re-

1836 928 2260 992 cognosceretur
2299 928 2485 975 utrum
2524 918 2761 976 Henrico
2803 935 2873 975 an
2921 918 3210 990 llodulpho
3254 917 3432 990 magis

1830 1010 2044 1082 justitia
2080 1010 2283 1067 faveret
2309 1011 2376 1067 de
2404 1012 2779 1084 gubernaculo
2797 1012 2970 1082 regni.
2996 1010 3263 1066 Prmterea
3290 1009 3434 1064 scire

1835 1118 1933 1159 vos
1978 1104 2235 1160 volumus
2284 1120 2386 1160 nos
2438 1104 2636 1158 borum
2681 1103 2998 1173 portitorem
3034 1102 3334 1158 absolvisse
3362 1101 3433 1155 ab

1838 1195 2424 1260 excommunicatione,
2455 1195 2653 1250 timore
2682 1195 2897 1260 mortis,
2927 1193 3070 1248 facta
3100 1194 3168 1248 ab
3203 1207 3269 1248 eo
3298 1206 3433 1262 pro-

1839 1287 2105 1342 missione
2131 1287 2183 1341 in
2214 1297 2403 1341 nostra
2427 1302 2595 1341 manu
2624 1300 2684 1342 se
2714 1286 2896 1340 omnia
2933 1284 3207 1340 facturum
3234 1298 3433 1339 secun-

1838 1380 1970 1434 dum
2004 1389 2240 1434 vestram
2270 1378 2599 1448 iussionem,
2626 1378 2858 1433 consilio
2884 1372 3270 1449 praedictorum
3310 1375 3431 1445 cpi-

1841 1486 2135 1540 scoporum
2164 1468 2386 1525 factam.
3052 1490 3057 1495 ·
3302 1474 3307 1481 ’

1912 1561 2046 1617 Data
2074 1562 2129 1616 in
2157 1562 2334 1633 burgo
2376 1560 2859 1632 Aquaependentis,
2899 1568 3093 1617 octavo
3119 1558 3247 1615 ldus
3273 1556 3438 1613 Octo-

1842 1654 1977 1722 bris,
2006 1654 2305 1711 indictione
2328 1654 2591 1710 secunda.

2416 1743 2755 1801 EPISTOLA
2795 1742 2861 1800 ν.

2085 1855 2153 1894 ΑΙ)
2184 1853 2533 1894 ΗΕΒῙΙΛΝΝΠΙ
2559 1853 2844 1893 IETENSEI
2872 1851 3181 1891 ειηεοοιιωι.

2452 1931 2637 2003 (Anno
2683 1929 2863 2000 1078.)

1848 2020 2024 2076 Monet
2047 2031 2106 2076 ut
2132 2021 2430 2076 Tullcnsem
2455 2023 2757 2094 episcopum
2782 2021 3014 2091 adjuvet,
3058 2021 3144 2073 cui
3184 2018 3439 2094 concessit

1912 2102 1971 2147 ut
2007 2109 2189 2146 coram
2224 2104 2455 2163 quatuor
2473 2092 2752 2163 episcOpis,
2801 2094 2848 2146 si
2886 2100 3097 2162 propter
3127 2092 3272 2161 regni
3300 2105 3443 2143 com-

1918 2165 2201 2219 motionem
2222 2180 2315 2218 sex
2340 2164 2502 2217 simul
2523 2180 2808 2219 commeare
2830 2179 2933 2216 non
2952 2163 3139 2232 possit,
3166 2178 3221 2232 se
3244 2176 3439 2232 carnr-

1947 2245 2017 2288 et.
2045 2233 2183 2287 Eum
2209 2236 2385 2304 arguit
2408 2234 2547 2304 quod
2575 2235 2708 2288 bona
2739 2231 2974 2289 ecclesia:
2996 2231 3310 2302 quibusdam
3334 2231 3439 2283 ini-

1914 2251 2101 2358 ?itibus
2127 2304 2195 2357 ad
2214 2321 2267 2357 sc
2290 2305 2673 2358 deleucmlum
2701 2302 2928 2358 lamilus
2953 2303 3042 2356 sit.

1940 2305 2101 2357 ilibus
2127 2304 2195 2357 ad
2214 2302 2673 2373 scdcfeztcmlum
2701 2302 2928 2374 largitus
2953 2303 3042 2356 sit.

1916 2395 2228 2452 Gnsoonws
2255 2397 2569 2465 episcopus,
2598 2411 2792 2451 servus
2815 2409 3098 2450 servorum
3129 2390 3244 2457 Dei,
3272 2389 3441 2445 "Elli-

1846 2503 2022 2542 HANNO
2082 2485 2309 2542 Metensi
2380 2489 2636 2559 episcopo
2692 2489 2923 2543 salutem
2979 2496 3033 2542 et
3085 2484 3440 2556 apostolicam

1848 2578 2303 2635 benedictionem.

1915 2669 2077 2726 Novit
2132 2670 2353 2726 dilectio
2414 2680 2528 2738 tua,
2591 2669 2762 2726 frater
2823 2671 3168 2736 charissime,
3234 2678 3444 2739 quanto

1842 2763 1957 2835 jam
1983 2772 2228 2833 tempore
2244 2760 2519 2818 Tullensis
2540 2762 2829 2833 episcopus
2846 2761 3103 2833 fatigatus
3118 2761 3444 2815 laboraverit

1848 2862 2012 2924 atque
2037 2854 2227 2909 multis
2273 2855 2547 2925 angustiis
2584 2854 2865 2909 sudaverit
2898 2869 2999 2923 pro
3032 2852 3342 2924 repellenda
3374 2869 3438 2907 ea

1848 2960 2014 3015 quam
2040 2944 2145 2999 sibi
2179 2943 2382 3013 injuste
2412 2944 2683 3013 objectam
2716 2958 2840 2998 esse
2883 2943 3167 2998 contendit
3190 2942 3437 2998 infamia.

1852 3034 1956 3090 Sed
1983 3036 2115 3106 quia
2138 3043 2364 3105 propter
2393 3035 2768 3090 imminentem
2816 3034 2970 3105 regni
3011 3036 3441 3090 commotionem

1777 3155 1820 3212 ο
1852 3141 1946 3180 sex
1977 3126 2141 3181 simul
2172 3126 2462 3195 episcopos
2503 3125 2570 3178 ad
2612 3127 3067 3195 expurgationem
3100 3140 3259 3179 suam
3304 3139 3444 3180 con-

1855 3233 2054 3273 vocare
2101 3232 2211 3270 non
2262 3223 2475 3286 potest,
2533 3217 2640 3271 hoc
2683 3215 2733 3270 ei
2775 3224 3003 3286 paterna
3050 3216 3445 3287 compatientes

1854 3309 2053 3379 pietate
2091 3306 2467 3362 concessimus
2501 3315 2562 3361 ut
2592 3315 2832 3377 quatuor
2867 3306 3165 3378 episcopis,
3194 3307 3262 3361 ad
3304 3322 3444 3377 pra:-

1854 3414 1984 3455 sens
2046 3412 2233 3454 secum
2281 3397 2637 3467 jurantibu‘s,
2697 3407 3071 3469 expurgatus,
3135 3397 3445 3468 episcopale

1855 3491 2092 3547 ofﬁcium
2122 3506 2222 3561 per
2271 3491 2458 3545 omnia
2504 3489 2688 3545 iaciat.
2738 3489 2816 3546 De
2867 3490 3086 3547 duobus
3131 3500 3314 3546 autem
3349 3492 3445 3561 qui

1856 3591 2066 3640 statuto
2085 3582 2297 3653 judicio
2328 3583 2598 3638 interesse
2634 3582 2873 3650 debent,"
2891 3582 3144 3639 inducias
3169 3599 3346 3654 usque
3375 3583 3447 3638 ad

1857 3676 2347 3747 Quadragesimam
2392 3691 2423 3730 a
2471 3676 2631 3732 nobis
2659 3677 2890 3746 accepit.
2924 3674 3100 3743 Unde,
3130 3677 3258 3746 quia
3296 3685 3355 3731 tu
3390 3677 3446 3730 in

1855 3769 2047 3823 eadem
2070 3767 2299 3823 dioecesi
2326 3766 2540 3837 positus
2567 3783 2650 3833 es,
2679 3780 2974 3823 monemus
2999 3775 3053 3822 et
3086 3768 3449 3823 exhortamur

1855 3870 2006 3916 tuam
2029 3859 2164 3915 mihi
2188 3859 2568 3915 dulcissimam
2595 3859 2920 3914 charitatem
2949 3867 3004 3913 et
3025 3860 3328 3930 apostolica
3349 3857 3447 3912 tibi

1855 3952 2182 4008 auctoritate
2221 3952 2571 4022 praecipimus
2604 3960 2698 4017 ut,
2735 3951 2783 4006 si
2813 3949 3105 4022 praefatum
3130 3950 3445 4006 Tullensem

1856 4044 2176 4115 episcopum
2201 4041 2526 4113 culpabilem
2560 4042 2934 4097 indubitanter
2953 4057 3078 4098 esse
3099 4040 3449 4113 cognoveris,

1855 4135 2156 4191 fraternam
2181 4149 2410 4189 manum
2436 4133 2626 4189 auxilii
2659 4134 2742 4206 (ut
2759 4135 2973 4204 justum
3000 4133 3104 4205 est)
3128 4134 3179 4189 ei
3203 4133 3449 4204 praebere

1857 4243 1967 4283 non
2020 4226 2275 4294 dilferas;
2328 4226 2595 4296 scriptum
2644 4232 2731 4280 est
2786 4225 2977 4280 enim:
3019 4224 3172 4278 Alter
3221 4222 3448 4276 alterius

1856 4335 2018 4373 onera
2071 4326 2314 4388 portate,
2361 4325 2411 4371 et
2463 4318 2540 4370 sic
2597 4316 2956 4386 adimplcbitis
3018 4315 3183 4386 legem
3247 4312 3451 4369 Christi

1861 4410 2006 4483 (Gal.
2034 4410 2133 4482 γι).
2172 4408 2241 4465 Et
2280 4409 2410 4464 item
2444 4428 2456 4464 :
2498 4407 2559 4464 Si
2600 4410 2717 4480 quis
2770 4408 2964 4463 viderit
3012 4408 3236 4478 fratrem
3294 4425 3453 4462 suum

168 4494 366 4551 militer
392 4512 678 4560 recurras,
707 4503 764 4550 et
789 4496 1094 4552 secundum
1133 4504 1383 4552 tenorem
1426 4497 1754 4565 litterarum,
1790 4513 1834 4568 ι)
1859 4503 2223 4557 necessitatem
2250 4501 2544 4567 habentem,
2566 4509 2618 4554 et
2644 4500 2901 4554 clauserit
2926 4501 3127 4555 viscera
3153 4517 3253 4554 sua
3276 4500 3341 4554 ab
3366 4516 3455 4567 eo,

169 4604 399 4658 quarum
427 4589 715 4659 exemplar
750 4588 850 4642 tibi
886 4589 1341 4657 transmittimus,
1382 4591 1628 4661 praedicti
1657 4592 1761 4645 ho-

170 4682 329 4737 minis
373 4682 662 4754 negotium
718 4680 786 4735 ad
834 4681 997 4736 tinem
1044 4682 1347 4751 perducere
1396 4683 1638 4739 studeas.
1668 4681 1764 4737 Vir

171 4773 285 4841 iste,
317 4772 749 4829 Weremboldus
778 4774 1024 4839 nomine,
1071 4785 1416 4843 conquestus
1456 4784 1542 4831 est
1581 4790 1641 4831 se
1674 4775 1762 4829 in-

169 4865 309 4936 juste
334 4883 367 4921 a
400 4874 452 4922 te
475 4865 1203 4923 excommunicatum'cum
1249 4882 1420 4923 uxore
1464 4883 1564 4923 sua
1609 4881 1760 4934 esse;

175 4958 310 5013 unde
357 4958 464 5016 sibi
516 4961 616 5015 vix
667 4958 830 5013 fidem
875 4959 1139 5014 adhibere
1190 4974 1509 5029 possumus.
1557 4958 1762 5016 Tamen

177 5064 454 5107 monemus
482 5048 840 5121 prudentiam
869 5057 1044 5117 tuam,
1076 5057 1139 5103 ut
1164 5051 1231 5105 ad
1258 5052 1510 5107 notitiam
1540 5051 1762 5123 religio-

179 5157 350 5170 anno...
396 5142 751 5170 οιΑ-ιθηιιοηιασνι
792 5150 1110 5170 nnalnmum
1176 5141 1516 5170 mmo:_n..u:u
1556 5144 1762 5170 nn=lzluAI

1866 4594 2126 4667 quomodo
2171 4595 2408 4648 charitas
2458 4591 2556 4648 Dei
2598 4603 2771 4647 manet
2806 4594 2861 4647 in
2895 4595 2998 4647 eo?
3047 4592 3104 4666 (Ι
3144 4590 3307 4648 Joan.
3343 4595 3453 4663 ιιι.)

1829 4762 1835 4768 υ
1866 4687 2138 4743 Praeterea
2171 4686 2424 4757 pervenit
2452 4686 2521 4740 ad
2565 4700 2668 4741 nos
2699 4685 2849 4755 quod
2893 4692 3116 4756 propter
3155 4683 3454 4740 instantem

1866 4779 2218 4835 inimicorum
2248 4787 2471 4834 tuorum
2516 4776 2925 4833 infestationem
2960 4785 3070 4833 tua:
3112 4777 3255 4833 bona
3286 4777 3460 4832 eccle-

1866 4875 1961 4930 sia:
2006 4872 2237 4946 largitus
2268 4873 2346 4930 sis
2391 4871 2728 4943 quibusdam
2763 4871 3053 4937 militibus,
3090 4879 3147 4927 et
3186 4889 3254 4928 eo
3290 4873 3461 4928 modo

1866 4966 2096 5021 honoris
2116 4965 2198 5019 tni
2247 4964 2487 5038 dignitas
2517 4962 2764 5035 quotidie
2811 4961 2978 5035 (quod
3019 4977 3129 5018 non
3179 4963 3457 5035 optamus)

1866 5061 2149 5115 minuatur
2188 5067 2355 5130 atque
2388 5059 2691 5113 decrescat.
2740 5057 2980 5114 Proinde
3021 5065 3173 5114 tuam
3203 5060 3464 5116 velamus

1874 5167 1885 5170 -
1914 5148 2199 5170 1,-_-..!;-...
2243 5165 2354 5170 --_-
2405 5145 2754 5170 ....--.l.._4!.._-
2813 5165 2876 5170 η-
2925 5147 3191 5170 -I:---s_--,
3284 5151 3419 5170 ,,-9.,,

2003 5148 2199 5170 -..2ι-...
2243 5165 2354 5170 --_-
2405 5148 2754 5170 ....--.I-_a:.._-
