3982 5316
509 258 613 321 MS

1149 251 1206 308 S.
1247 248 1576 309 GREGORII
1611 245 1700 302 VII
1737 245 1940 302 PAPAS
1979 242 2264 304 OPERUM
2303 243 2485 298 PARS
2521 243 2665 304 l..—.
2707 241 3129 300 REGISTRUM.

3674 248 3768 304 516

507 352 609 431 tris
659 371 1005 443 aliorumque
1049 368 1469 440 religiosorum,
1521 379 1664 435 quos
1723 362 1778 416 in
1843 359 2094 432 partibus
2124 361 2170 416 A
2195 356 2330 413 bcns
2358 357 2988 443 defendere’tentaverit,
3029 357 3112 414 vel
3135 357 3376 434 aliquod
3407 361 3768 430 patrocinium

507 453 718 519 vestris
737 461 920 533 plures
943 473 1065 514 esse
1088 455 1496 528 cognoscimus,
1524 451 1874 508 orationibus
1903 449 2060 521 placa
2076 477 2091 488 -

508 564 648 622 tum,
685 567 878 624 pacem
913 548 1174 604 Ecclesia:
1205 562 1322 602 sua:
1351 546 1462 600 cito
1497 560 1619 600 esse
1644 545 1925 599 daturum.

576 644 711 700 Data
755 641 925 698 Sutrii
946 635 1198 712 [Suciis],
1228 636 1522 692 undecimo
1551 634 1824 691 Kalendas
1849 631 2090 688 Novem-

505 733 644 800 bris,
685 731 986 788 indictione
1017 725 1278 782 secunda.
1869 733 1876 742 ·
2001 730 2006 734 ·

475 825 516 896 j'
576 821 634 878 In
687 821 909 877 nomine
949 818 1151 885 Patris,
1189 827 1244 872 et
1295 808 1454 884 Filii,
1491 824 1546 872 et
1589 814 1830 886 Spiritus
1877 813 2087 878 sancti,

504 929 650 969 anno
674 921 830 968 sexto
873 909 1226 982 pontiﬁcatus
1267 905 1476 963 domini
1501 905 1749 978 Gregorii
1781 919 1934 976 papae
1967 919 2090 973 sep-

503 1003 644 1070 timi,
694 1001 902 1058 mensis
945 999 1272 1055 Novembris
1315 998 1404 1054 die
1450 998 1662 1054 decima
1705 996 1958 1066 septima,
2005 995 2089 1050 in-

500 1095 740 1150 dictione
766 1093 1028 1159 secenda,
1066 1091 1273 1147 Romae.
1311 1089 1426 1162 Ego
1456 1089 1639 1146 Murro
1676 1088 1874 1145 Gisleri
1917 1089 2086 1156 ﬁlius,

503 1183 778 1240 habitator
827 1182 884 1238 in
943 1181 1146 1238 ducatu
1203 1180 1516 1252 Spoletano,
1568 1195 1670 1250 pro
1715 1177 2088 1249 redemptione

499 1274 698 1328 animae
755 1281 990 1340 mexect
1041 1278 1332 1342 parentum
1395 1284 1646 1325 meorum
1701 1268 1878 1334 dono,
1930 1267 2088 1322 trado

500 1373 666 1434 atque
711 1361 882 1417 oﬁ‘ero
927 1361 1088 1416 beato
1117 1359 1282 1416 Petro
1327 1360 1708 1432 apostolorum
1749 1358 2006 1431 principi,
2032 1368 2087 1415 et

502 1473 666 1528 super
709 1457 882 1512 altare
929 1456 1051 1525 ejus
1100 1457 1286 1510 omnia
1333 1471 1458 1527 qua:
1511 1445 1648 1510 mibi
1693 1455 1970 1526 pertinent
2017 1455 2086 1510 de

500 1547 716 1613 Castro,
752 1546 901 1618 quod
932 1555 1162 1601 vocatur
1193 1545 1470 1602 Moricicla
1492 1544 2082 1621 [Moricida],positum

503 1629 645 1684 inter
670 1629 932 1685 Muricem
963 1638 1018 1684 et
1060 1627 1474 1700 Clarignanum,
1518 1630 1667 1700 quod
1710 1631 2080 1702 conquisitum

501 1719 676 1775 habeo
722 1736 820 1790 per
865 1719 1395 1776 concambiationcm
1424 1737 1456 1776 a
1492 1720 1706 1778 Litaldo
1747 1732 1802 1778 et
1832 1721 2080 1795 ﬂugone,

499 1811 790 1882 nepotibus
810 1810 1078 1883 Hugonis,
1112 1811 1208 1866 ﬁlii
1235 1809 1450 1880 Ascari,
1475 1813 1528 1868 in
1565 1813 1721 1884 plebe
1743 1814 1810 1870 de
1832 1811 2078 1885 Luzano,

497 1909 776 1956 reservato
823 1899 1117 1956 usufructu
1162 1899 1357 1958 diebus
1405 1903 1528 1960 Viue
1570 1920 1724 1970 mete,
1769 1914 1824 1962 et
1864 1905 2080 1964 Brutuli

497 1991 592 2046 lilii
621 1993 724 2048 mei
759 2002 814 2047 et
851 1993 1109 2048 ﬁliorum
1145 1992 1381 2060 Brutuli,
1416 1995 1464 2050 si
1504 1995 1733 2051 masculi
1769 1995 1972 2052 fuerint
2013 1999 2082 2054 de

496 2081 738 2156 legitimo
788 2085 1044 2157 conjugio
1103 2083 1376 2158 procreati
1425 2085 1656 2159 (Pontif.
1709 2091 1764 2143 in
1830 2089 2080 2163 Gregorio

496 2177 629 2246 septi
636 2177 762 2248 mo).

1054 2267 1395 2324 EPISTOLA
1432 2268 1521 2326 Vl.

1085 2383 1267 2452 (Anno
1307 2383 1492 2456 1078.)

493 2494 746 2552 Dederat
794 2511 859 2550 ex
906 2512 1003 2567 suo
1049 2492 1308 2566 prceceplo
1339 2497 1678 2551 concordiam
1708 2497 1912 2567 factam
1942 2499 2080 2554 inter

562 2567 865 2638 episcopum
926 2565 1311 2638 Taurincnsem
1347 2576 1401 2638 et
1421 2637 1427 2638 γ
1455 2565 1717 2638 abbatem
1744 2569 1917 2622 sancti
1971 2569 2080 2624 Mi-

563 2635 781 2701 chaelis,
814 2647 864 2690 et
891 2637 1080 2707 quibus
1113 2635 1525 2707 conditionibus.
1559 2635 1626 2690 Se
1647 2638 1704 2691 in
1729 2643 1826 2692 eos"
1839 2638 2079 2694 altarum

565 2707 781 2847 ῗὶξιάᾳιιῇ
822 2706 1310 2778 ποηαετιαὶευενὶιιι
1350 2714 1402 2762 et
1431 2707 1689 2777 injustam
1733 2725 1952 2764 causam
1979 2709 2076 2764 de-

590 2795 617 2832 e
693 2787 852 2832 ermt.
1107 2827 1112 2837 .

590 2779 852 2832 'enderint.

563 2870 873 2926 Gasconws
901 2858 1215 2940 episcopus,
1247 2883 1442 2926 servus
1471 2885 1759 2927 servorum
1786 2869 1903 2926 Dei.

561 2959 764 3016 Notum
792 2970 905 3015 tam
927 2960 1291 3030 praesentibus
1315 2977 1480 3032 quam
1508 2961 1744 3032 posteris
1770 2961 1888 3018 fieri
1914 2962 2074 3018 volu-

494 3068 622 3108 mus
663 3066 891 3106 causam
935 3050 1086 3122 (594)
1117 3047 1403 3108 Cumberti
1433 3049 1790 3108 Taurincnsis
1832 3053 2074 3124 episcopi
2100 3068 2146 3126 ο

491 3152 548 3198 ct
569 3141 782 3197 abbatis
805 3139 992 3197 Sancti
1021 3139 1322 3208 Michaelis,
1352 3143 1590 3213 qualiter
1619 3137 1917 3198 ﬁniendam
1953 3160 2078 3201 esse

491 3227 800 3305 posuimus.
847 3225 1332 3290 Venientesfenim
1376 3244 1504 3290 ante
1543 3244 1790 3292 nostram
1833 3252 2076 3308 praesen-

493 3325 658 3394 tiam,
701 3333 827 3397 post
871 3325 1028 3396 plura
1073 3340 1345 3382 annorum
1378 3327 1651 3382 curricula
1693 3328 1895 3399 quibus
1946 3344 2080 3384 con-

493 3418 676 3488 questi
722 3425 853 3471 su'nt
894 3419 1032 3472 alter
1076 3405 1342 3474 adversus
1393 3419 1658 3487 alterum;
1697 3435 1765 3476 ex
1799 3423 2080 3478 voluntate

496 3504 912 3576 acquiescentes
957 3516 1013 3561 et
1058 3507 1374 3562 obedientes
1419 3518 1607 3564 nostro
1632 3500 1854 3580 jussui',
1889 3526 2078 3582 pacem

495 3594 642 3651 inter
664 3609 744 3662 se,
785 3593 943 3650 nobis
965 3595 1426 3666 praecipientibus,
1455 3597 1719 3654 fecerunt.
1766 3601 1978 3668 Quibus
2011 3617 2079 3657 ex

495 3687 823 3743 auctoritate
859 3682 1160 3758 apostOlica
1202 3675 1587 3746 interdiximus
1635 3705 1706 3746 ne
1735 3691 1872 3748 alter
1923 3692 2080 3748 alteri

496 3780 844 3836 occasionem
872 3780 1162 3838 discordiae
1207 3783 1439 3841 ulterius
1471 3785 1755 3856 praeberet.
1805 3785 1911 3843 Sed
1955 3787 2112 3860 epi-,

499 3887 704 3942 scopus
744 3870 926 3926 abbati
950 3881 1004 3928 et
1026 3873 1282 3944 praedicto
1316 3876 1652 3934 monasterio
1687 3878 1938 3948 emendet
1959 3894 2082 3948 quae
2113 3940 2116 3946 ,

497 3960 548 4016 ei
583 3952 842 4028 abstulit,
885 3962 992 4017 nisi
1037 3974 1306 4034 quantum
1353 3965 1520 4022 abbas
1567 3967 1620 4023 ei
1667 3968 2076 4025 eondonaverit.

500 4051 765 4108 Similiter
799 4061 854 4106 et
881 4051 1050 4108 abbas
1079 4053 1339 4126 episcopo
1364 4055 1549 4112 faciat.
1579 4056 1646 4112 Et
1677 4045 1864 4114 hocin
1887 4058 2080 4116 existi-
2111 4129 2116 4134 ε

497 4143 740 4199 matione
789 4142 1039 4199 Astensis
1067 4135 1330 4218 episcopi
1381 4156 1436 4203 et
1482 4149 1728 4220 episcopi
1776 4149 2078 4221 Aquensis,

499 4255 602 4294 nec
649 4254 762 4294 non
809 4247 865 4294 et
895 4238 1107 4296 abbatis
1150 4239 1610 4299 Fructuariensis.
1645 4229 1703 4299 Si
1756 4229 1938 4302 autem
1967 4245 2082 4316 epi-

499 4345 700 4402 scOpus
721 4331 956 4386 voluerit
976 4339 1031 4386 et
1044 4334 1281 4402 potuerit
1293 4333 1526 4404 probare
1540 4334 1674 4391 illud
1683 4336 2080 4392 monasterium

499 4420 558 4475 in
584 4421 918 4494 proprietate
940 4432 994 4478 et
1025 4423 1227 4478 allodio
1261 4423 1347 4480 sui
1382 4424 1626 4496 episcopi
1661 4441 1784 4482 esse
1829 4435 2084 4482 constru-

502 4521 682 4580 ctum,
717 4513 772 4567 in
805 4514 1057 4584 sequenti
1086 4514 1294 4586 synodo
1314 4523 1544 4584 uterque
1568 4530 1626 4571 se
1655 4525 2002 4586 praesentem,
2028 4528 2083 4574 et

500 4601 558 4657 in
589 4619 654 4658 eo
691 4603 901 4674 justam
927 4613 982 4660 et
1021 4604 1249 4676 legalem
1283 4597 1661 4663 diﬁinitionem
1701 4607 1991 4679 accipiant.
2023 4607 2082 4665 Si

503 4710 634 4749 vero
684 4693 871 4766 aliquo
904 4697 1292 4768 impedimento
1331 4679 1924 4774 cessaverint,,leg'atos
1950 4701 2082 4760 suos

503 4784 773 4854 dirigant,
815 4797 1089 4856 quatenus
1137 4787 1219 4844 eis
1267 4787 1369 4858 ipsi
1423 4800 1704 4860 reportent
1749 4795 1985 4864 qualiter
2029 4805 2085 4852 et

505 4876 727 4946 quando
755 4875 917 4933 ﬁnem
945 4895 1138 4936 eorum
1187 4880 1406 4953 negotio
1451 4881 1820 4952 imponamus.
1851 4885 2007 4953 Quod
2035 4887 2083 4944 si

505 4965 818 5036 episcOpus,
843 4971 1059 5040 cognita
1091 4973 1338 5040 veritate,
1367 4975 1683 5046 cognoverit
1719 4977 1860 5033 idem
1899 4994 2086 5036 mona—

508 5055 735 5111 sterium
763 5072 870 5110 non
893 5074 1012 5114 esse
1041 5072 1417 5120 constructum
1445 5065 1502 5120 in
1530 5066 1729 5123 allodio
1755 5057 1842 5124 sui
1872 5069 2086 5140 episco-

509 5154 698 5196 natus.
723 5143 808 5196 vel
841 5146 1010 5196 abbas
1057 5154 1397 5196 nernpmlprir
1440 5155 1585 5196 nnan
1621 5157 1910 5196 nnicnnnnc
1936 5159 2080 5196 nit-nn

2089 777 2098 787 ,
2189 719 2374 776 ctione
2407 721 2665 776 secunda.
2683 773 2694 794 δ

2192 445 2278 500 vel
2314 447 2616 516 potentiam
2663 441 2892 518 sperans
2931 447 3198 518 iniustum
3243 449 3528 532 negotium
3573 453 3770 522 agitare

2191 551 2361 592 ausus
2396 536 2585 604 fuerit,
2607 539 2846 609 graviter
2866 548 2920 595 et
2951 539 3300 596 severissime
3324 541 3648 610 puniemus.

2261 625 2394 682 Data
2444 625 2653 695 Romae,
2689 637 2886 685 octavo
2939 629 3211 686 Kalendas
3256 630 3601 696 Decembris,
3641 634 3771 690 indi~

2733 807 3072 866 EPISTOLA
3109 765 3239 866 Ἧιέ

2492 915 2563 955 ΑΙ)
2604 915 2854 958 ιιυοοΝει
2891 917 3119 958 ωεκεειι
3157 918 3471 960 EPISCOPUH.

2775 991 2958 1065 (Anno
2997 993 3184 1065 1078.)

2193 1083 2262 1142 Ut
2309 1085 2592 1161 Robertum
2646 1081 3034 1161 Flandrensem
3078 1089 3325 1145 comitem
3363 1090 3430 1144 ab
3467 1091 3774 1161 apostolicae

2207 1215 2210 1218 ,
2253 1158 2394 1240 sedis
2419 1157 2593 1240 legato
2627 1167 2676 1213 et
2703 1159 3029 1240 Lingonensi
3058 1163 3307 1240 episcopo
3346 1157 3773 1240 excommunicaf

2259 1237 2421 1302 tum,
2445 1231 2492 1282 si
2521 1245 2624 1283 non
2649 1232 2899 1302 canonice
2920 1231 3020 1302 rid‘
3045 1232 3248 1302 factum
3285 1232 3568 1302 repererit,
3606 1232 3688 1288 uel
3729 1234 3773 1286 si

2255 1298 2565 1373 satisfacere
2600 1299 2843 1373 voluerit,
2869 1298 3148 1373 absolvat:
3173 1298 3410 1367 Quodsi
3442 1303 3556 1373 ipse
3603 1303 3775 1372 facere

2257 1370 2576 1440 nequiverit,
2606 1387 2699 1440 per
2721 1372 2994 1443 religiosas
3023 1371 3078 1426 id
3105 1373 3310 1443 efﬁciat
3337 1370 3614 1443 personas.

2257 1464 2572 1522 GREGORIUS
2615 1467 2930 1538 episcopus,
2961 1482 3154 1522 servus
3187 1481 3481 1522 servorum
3510 1465 3630 1534 Dei,
3661 1465 3773 1522 lit:-

2184 1569 2306 1610 δοκι
2342 1553 2528 1611 Diensi
2559 1555 2818 1626 episcopo
2851 1557 3085 1611 salutem
3115 1565 3170 1611 et
3209 1555 3571 1626 apostolicam
3607 1555 3772 1612 bene-

2183 1645 2500 1702 dictionem.

2115 1721 2159 1776 Β
2252 1737 2392 1806 Quia
2433 1753 2503 1793 ex
2542 1740 2836 1816 pastoralis
2866 1739 3030 1796 oﬁicii
3054 1740 3406 1812 susceptione
3434 1749 3656 1812 oportet
3673 1757 3778 1798 nos

2183 1844 2437 1902 magnam
2469 1829 2896 1887 sollicitudinem
2943 1831 3145 1887 habere
3186 1831 3255 1887 de
3297 1831 3478 1890 salute
3523 1833 3774 1888 omnium

2182 1920 2420 1976 ﬁliorum
2465 1917 2746 1989 Ecclesiae,
2775 1921 3040 1978 debemus
3081 1921 3406 1992 quantotius
3449 1923 3774 1990 emendare,

2181 2012 2227 2067 si
2253 2011 2383 2082 quid
2406 2013 2724 2068 noverimus
2747 2013 2906 2068 aliter
2931 2020 3146 2084 gestum
3167 2027 3288 2068 esse
3309 2029 3480 2084 quam
3515 2015 3777 2068 convenit

2180 2105 2496 2161 rectitudini
2539 2105 2947 2161 ecclesiastica).
3001 2103 3240 2162 Proinde
3287 2105 3645 2162 notiﬁcamas
3685 2106 3776 2162 di-

2181 2199 2404 2256 lectioni
2448 2208 2578 2268 tuae,
2626 2199 2790 2254 nobis
2843 2214 2940 2268 per
2990 2199 3240 2269 aliquos,
3287 2207 3342 2254 et
3389 2199 3636 2254 maxime
3681 2213 3776 2269 per

2179 2291 2568 2364 lngelrannum
2633 2272 3030 2344 Flandrensem
3099 2287 3394 2353 clericum,
3466 2287 3775 2346 innotuisse

2181 2383 2480 2440 Robertum
2515 2381 2918 2438 Frandrensem
2946 2379 3203 2444 comitem
3229 2379 3298 2434 ab
3327 2377 3578 2434 lluberto
3595 2379 3774 2450 legato

2179 2484 2371 2530 nostro
2402 2483 2458 2529 et
2485 2470 2715 2544 Hugone
2753 2470 3091 2542 Lingonensi
3125 2470 3408 2542 episcopo,
3431 2485 3535 2544 per
3565 2471 3774 2526 machi-

2178 2559 2430 2620 nationes
2491 2562 2841 2618 inimicorum
2903 2576 3174 2627 suorum,
3227 2561 3769 2616 excommunicatnm

2177 2670 2316 2710 esse.
2343 2652 2500 2722 Quod
2529 2652 2658 2723 quia
2689 2668 2802 2708 non
2834 2652 3119 2719 debemus,
3146 2651 3194 2708 si
3237 2668 3432 2708 verum
3465 2661 3574 2718 est,
3605 2652 3768 2720 ferre,

2177 2747 2421 2818 rogando
2449 2746 2776 2802 mandamus
2830 2744 3156 2801 fraternitati
3186 2754 3293 2801 tua:
3319 2755 3402 2812 ut,
3433 2743 3612 2804 sitibi
3647 2762 3768 2801 mo-

2177 2819 2376 2892 le-stum
2404 2853 2514 2891 non
2539 2843 2644 2901 est,
2667 2827 2744 2891 ad
2775 2835 2898 2892 illas
2931 2844 3118 2906 partes
3135 2834 3372 2916 festines
3400 2837 3690 2901 accedere,
3709 2846 3766 2892 et

2178 2925 2230 2984 si
2269 2926 2539 2984 inveneris
2581 2943 2707 2983 eum
2742 2943 2852 2982 non
2899 2927 3163 2983 canonice
3203 2931 3768 2994 excommunicatum,

2177 3017 2430 3076 absolvas
2457 3035 2584 3074 eum
2613 3035 2682 3075 ex
2718 3019 2863 3075 beati
2896 3018 3045 3074 Petri
3083 3019 3464 3090 apostolorum
3500 3021 3770 3092 principis

2177 3121 2232 3166 et
2251 3119 2442 3168 nostra
2485 3119 2671 3182 parte;
2725 3111 2810 3166 sin
2859 3119 3064 3177 autem,
3117 3111 3264 3180 quod
3319 3126 3432 3166 non
3486 3106 3768 3187 optamus,

2178 3203 2460 3269 canonice,
2503 3211 2558 3258 et
2579 3210 2762 3258 tamen
2807 3196 3044 3257 voluerit
3074 3201 3414 3271 satisfacere,
3453 3205 3664 3262 iterum
3705 3221 3770 3262 ne

2179 3277 2400 3350 diil‘eras
2428 3309 2555 3349 cum
2581 3285 2714 3349 ovili
2754 3291 3041 3348 Dominico
3077 3293 3457 3362 reconciliare,
3486 3297 3624 3366 quia
3657 3297 3772 3368 ipse

2183 3385 2446 3442 Summus
2492 3383 2688 3440 Pastor
2715 3398 2875 3440 ovem
2919 3385 3188 3454 perditam
3235 3387 3476 3460 propriis
3519 3388 3772 3446 humeris

2179 3477 2352 3532 voluit
2388 3477 2456 3533 ad
2486 3491 2703 3548 gregem
2731 3483 3033 3546 reportare.
3068 3475 3124 3530 Si
3154 3486 3336 3534 autem
3381 3478 3480 3533 tibi
3510 3481 3773 3558 possibile

2179 3584 2290 3624 non
2334 3576 2421 3624 est
2459 3568 2514 3624 id
2553 3583 2652 3638 per
2693 3566 3044 3637 temetipsum
3081 3583 3264 3639 agere,
3305 3569 3462 3626 mitte
3501 3585 3776 3642 personas

2181 3657 2467 3730 religiosas
2507 3671 2608 3730 pro
2649 3665 2722 3724 te,
2751 3672 2874 3728 qua:
2911 3659 3276 3729 praeor-dinam
3312 3661 3580 3732 praedicto
3606 3663 3773 3720 modo

2179 3749 2590 3805 valeanttinire.
2726 3807 2730 3810 ,
2847 3800 2854 3806 .
2937 3790 2942 3794 ι
3187 3741 3190 3744 ’
3631 3735 3681 3753 ν
3803 3802 3812 3813 .

2251 3843 2388 3899 Data
2435 3841 2645 3910 Romae,
2675 3841 2909 3915 septimo
2955 3841 3075 3898 Kal.
3128 3843 3415 3912 Decemb.,
3467 3846 3774 3905 indictione

2181 3935 2443 3993 secunda.
2600 3943 2609 3954 '
2889 3943 2894 3948 ‘

2499 4019 2506 4023 '
2581 4084 2590 4094 ,
2713 4023 3054 4082 EPISTOLA
3091 4026 3225 4083 vm.
3281 4092 3284 4096 ,

2415 4136 2482 4175 ΔΙ)
2521 4134 2841 4185 ΒυΒΕΒΤυΙ,
2873 4134 3123 4174 WIDONE“
3155 4135 3224 4173 ET
3263 4135 3534 4176 llUGONEl.

2635 4277 2638 4280 ,
2687 4257 2690 4264 ,
2769 4208 2952 4286 (Anno
2990 4193 3172 4279 107's.)
3228 4194 3235 4201 ”
3393 4279 3400 4286 ,

2185 4301 2485 4373 Quamdam
2504 4300 2698 4373 pinam
2723 4293 2842 4373 cum
2869 4301 3109 4373 ontnibys
3137 4287 3347 4373 adeam
3377 4305 3772 4373 pertinentibus

2113 4406 2159 4463 Β
2255 4372 2463 4463 clericis
2491 4369 2704 4463 Sancta}
2735 4371 3008 4463 allegaret
3031 4371 3218 4463 Sancti
3255 4369 3582 4463 Audomari.
3607 4380 3766 4432 resti-

2181 4507 2186 4510 _
2255 4442 2506 4513 tuendam
2532 4442 2792 4513 praecipit.
2824 4440 2978 4513 Quod
3002 4444 3049 4494 si
3077 4442 3230 4510 justa
3249 4444 3474 4513 ratione
3509 4446 3582 4500 ad
3611 4463 3768 4501 suam

2227 4573 2230 4575 Α
2253 4511 2541 4584 ecclesiam
2555 4511 2814 4584 pertinere
2843 4512 3184 4584 crediderint,
3212 4511 3486 4584 Hug‘onem
3517 4515 3766 4572 Dictaeus

2251 4581 2563 4654 episcopum
2599 4583 2829 4654 legatum
2895 4581 3496 4654 adeantquadraginta
3551 4586 3767 4640 dierum

2254 4651 2460 4723 spatio;
2509 4669 2610 4724 quo
2651 4651 2860 4724 elapso,
2907 4651 3206 4724 siiobedi're
3258 4651 3432 4709 minus
3475 4655 3764 4721 voluerint,

2249 4721 2540 4794 ingressum
2564 4721 2880 4794 ecclesiwret
2919 4721 3284 4794 Christianam
3314 4727 3761 4793 communionem,

2252 4793 2415 4850 donec
2446 4794 2779 4864 resipiscam,
2801 4793 3091 4848 interdicit.

2253 4883 2562 4950 Gnncoaws
2579 4883 2891 4953 episcopus,
2923 4897 3118 4939 servus
3157 4897 3446 4942 servorum
3487 4883 3606 4954 Dei,
3652 4885 3763 4942 Hc-

2181 4990 2356 5032 nsa'ro
2401 4984 2456 5030 et
2499 4974 2716 5030 clericis
2741 4983 2798 5029 et
2837 4974 3417 5030 omnibuscomitibus
3460 4976 3530 5032 de
3575 4987 3762 5034 castro

2185 5066 2371 5124 Sancti
2397 5066 2570 5134 Pauli,
2594 5064 2813 5122 Wmo-xi
2843 5073 2900 5121 et
2923 5064 3150 5133 Ducem,
3173 5067 3406 5123 salutem
3435 5077 3494 5124 et
3535 5081 3762 5142 aposto-

2183 5157 2340 5196 Iinam
2382 5155 2812 5196 hanpdioﬁnnnm
2823 5193 2832 5195 -
