3982 5316
537 287 640 344 iii!)

534 397 877 470 Quapropter
918 407 979 454 ut
1029 401 1234 456 nullam
1285 402 1336 457 ei
1376 402 1630 474 deinceps
1683 420 1806 474 quze
1853 405 2109 476 episcOpo
2138 410 2179 465 A

532 491 757 546 debetur
787 491 1150 547 obedientiam
1171 492 1475 549 exliibcatis
1495 494 1750 574 omnibus
1773 495 1928 551 vobis
1963 497 2108 552 beati

476 577 480 580 “
530 579 675 636 Petri
702 583 1072 652 apostolorum
1103 583 1366 654 principis
1389 587 1716 641 auctoritate
1735 587 2102 657 praecipimus.

531 669 588 727 Si
639 672 734 742 qui
777 687 908 728 vero
963 675 1548 733 excommunicationis
1603 678 1931 748 contagione
1985 679 2106 734 vul-

527 763 704 818 nerati
729 763 817 819 bis
846 763 1142 820 salutiferis
1161 760 1282 820 ausi
1304 764 1508 822 fuerint
1552 782 1863 840 repugnare
1901 785 2105 839 praece-

524 853 664 924 ptis,
712 868 809 911 eos
849 855 1013 910 veluti
1055 855 1272 926 putrida
1319 857 1565 912 membra
1615 874 1646 914 a
1705 866 1822 913 toto
1872 874 2104 929 corpore

522 945 758 1014 Christi,
800 946 946 1016 quod
992 955 1078 1002 est
1124 946 1368 1003 Ecclesia
1395 949 1693 1016 catholica,
1738 951 2101 1009 anathematis

521 1035 702 1106 gladio
748 1051 1065 1094 resecamus
1111 1047 1276 1109 atque
1317 1039 1658 1110 projicimus.
1704 1041 1872 1098 Vobis
1917 1049 2099 1098 autem

515 1119 691 1202 Deum
717 1127 1066 1200 diligentibus
1100 1139 1155 1185 et
1191 1131 1352 1186 beato
1391 1130 1554 1186 Petro
1589 1133 1991 1202 obedientibus,
2029 1149 2099 1192 ex

518 1219 842 1276 auctoritate
871 1219 1114 1291 ejusdem
1145 1223 1516 1292 apostolorum
1540 1224 1824 1296 principis,
1847 1225 2096 1282 omnium

515 1319 863 1380 peccatorum
885 1309 1269 1367 remissionem
1303 1311 1588 1384 largimur.

587 1399 722 1456 Data
744 1400 949 1469 Romze,
973 1403 1203 1474 septimo
1227 1401 1326 1476 [vi]
1349 1403 1619 1460 Kalendas
1641 1403 1976 1471 Decembris,
2004 1405 2092 1460 in-

515 1489 754 1548 dictione
775 1495 1036 1550 secunda.

1077 1605 1414 1666 EPISTOLA
1437 1609 1529 1666 XI.

737 1737 805 1779 ιι)
829 1736 1085 1779 ειειιιοοε
1107 1738 1294 1778 ωδε-η
1319 1731 1546 1779 ΙΙΛΒΤῙΝΙ
1582 1739 1849 1783 LUCENSIS.

1097 1812 1278 1885 (Anno
1311 1813 1492 1886 1078.)

508 1925 697 2000 Arguit
717 1943 802 1982 eos
823 1927 1210 1983 inobedientiar.
1236 1925 1490 2000 Prwcﬁipit
1511 1935 1590 1996 ut,
1611 1929 1896 1983 secundum
1921 1929 2086 2000 priri-

582 1995 772 2071 legium
799 2007 1187 2071 antecessorum
1211 1995 1542 2071 pontiﬁcum,
1571 1995 1897 2071 eom_munem
1921 1995 2084 2071 regu-

581 2065 841 2139 iiremque
867 2069 1026 2122 vitam
1051 2065 1273 2139 degant;
1308 2065 1395 2122 sin
1435 2067 1912 2139 minus,_Ecclesiw
1946 2065 2084 2139 prcc-

579 2136 796 2208 bendain
817 2138 1058 2208 inrmanu
1083 2136 1311 2208 episcopi
1333 2139 1576 2208 reddant.
1606 2137 1758 2202 Quod
1772 2140 1818 2192 si
1839 2136 2084 2194 neutrum

577 2207 748 2278 facere
767 2207 1117 2278 neglexerint,
1140 2208 1374 2262 omnium
1420 2207 1782 2262 Ecclesiarum
1807 2209 2082 2263 introitum

576 2275 652 2330 eis
675 2275 933 2346 prohibet.

575 2383 884 2442 Gnsconms
907 2385 1220 2458 episcopus,
1267 2403 1459 2444 servus
1505 2402 1790 2444 servorum
1824 2387 1942 2457 Dei,
1974 2389 2082 2446 cle-

503 2475 637 2532 ricis
671 2473 856 2531 Sancti
885 2475 1102 2532 Martini
1153 2478 1420 2534 Lucensis
1460 2477 1736 2548 Ecclesiae,
1773 2480 2004 2537 salutem
2027 2490 2082 2538 et

504 2567 860 2641 apostolicam
883 2568 1338 2626 benedictionem.

571 2658 713 2716 Cum
747 2660 891 2730 apud
933 2673 1034 2716 vos
1065 2675 1335 2729 essemus,
1381 2664 1683 2733 saepissime
1724 2679 1824 2723 vos
1846 2681 1945 2738 per
1969 2684 2080 2724 nos

501 2760 557 2808 et
577 2767 672 2822 per
684 2749 990 2810 confratres
1009 2761 1226 2810 nostros
1246 2752 1632 2811 admonuimus
1654 2756 1754 2824 uti,
1779 2758 2079 2816 secundum

501 2843 842 2916 privilegium
875 2854 1284 2902 antecessorum
1317 2854 1656 2915 nostrorum,
1680 2849 1856 2904 sancti
1883 2851 2078 2908 videli-

471 2947 586 2994 cet
633 2936 834 2993 Leonis
879 2951 1034 3008 papae
1084 2943 1141 2992 et
1185 2935 1438 3002 Victoris,
1473 2937 1620 3008 quod
1673 2937 1916 3010 ipsorum
1949 2950 2078 3000 tunc

498 3029 892 3084 canonicorum
933 3035 1132 3086 vestra:
1177 3026 1436 3084 Ecclesiae
1471 3037 1664 3101 rogatu
1699 3029 1804 3101 ipsi
1831 3034 2076 3090 ecclesia:

497 3120 763 3187 fecerunt,
787 3135 1134 3176 communem
1155 3121 1568 3192 regularemque
1587 3122 1753 3177 vitam
1771 3123 2070 3193 duceretis;
2103 3103 2146 3160 (ἶ

496 3213 595 3270 sed
621 3227 740 3280 vos,
763 3227 887 3283 qua:
915 3220 1100 3268 vestra
1129 3221 1258 3267 sunt
1285 3222 1614 3283 quaerentes,
1645 3230 1755 3270 non
1785 3231 1910 3286 quae
1943 3215 2072 3273 Jesu

495 3305 702 3362 Christi
748 3304 1010 3376 (Philipp.
1059 3321 1118 3370 ιι,
1162 3305 1244 3375 2),
1278 3313 1497 3361 nostras
1539 3305 1940 3365 admonitiones
1979 3325 2078 3365 ne-

497 3397 760 3470 glexistis.
796 3395 1044 3466 Cumque
1071 3404 1234 3451 tanta;
1261 3396 1602 3472 negligemus
1623 3407 1678 3454 et
1697 3399 2076 3457 inobedientiae

495 3503 624 3560 qua:
649 3487 828 3544 scelus
874 3487 1194 3543 idololatriae
1224 3503 1256 3542 a
1301 3489 1508 3545 sanctis
1554 3490 1810 3547 Patribus
1853 3493 2072 3561 dicitur,

495 3578 696 3636 merito
716 3579 844 3650 jure
870 3594 972 3636 vos
1014 3580 1282 3634 sententia
1323 3580 1602 3651 iudicialis
1636 3581 1801 3639 ferire
1831 3584 2069 3654 deberet,

493 3669 737 3741 episcopi
759 3677 939 3724 tamen
963 3669 1128 3726 vestri
1152 3679 1206 3725 et
1228 3672 1592 3740 quorumdam
1614 3672 1841 3729 fratrum
1863 3685 2074 3731 vestro-

494 3780 618 3820 rum
653 3763 925 3836 precibus,
960 3765 1258 3834 apostolica
1280 3767 1643 3822 mansuetudo
1673 3768 1831 3824 solita
1853 3769 2070 3839 pietate,

495 3864 557 3910 ut
588 3855 750 3921 ﬁlios,
768 3869 940 3924 usque
969 3855 1037 3910 ad
1062 3853 1410 3912 festivitatem
1431 3855 1688 3913 Omnium
1721 3857 2070 3930 Sanctorum,

493 3947 690 4002 deinde
716 3945 902 4014 etiam,
927 3947 1234 4002 interventu
1258 3948 1502 4018 ejusdem
1519 3951 1780 4022 episcOpi,
1805 3969 1979 4025 usque
2001 3957 2070 4011 ad

494 4037 787 4110 synodum,
815 4037 1110 4093 clementer
1128 4053 1226 4094 vos
1260 4040 1538 4095 sustinuit.
1575 4041 1656 4097 Ad
1677 4059 1840 4113 quam
1865 4061 2069 4116 praece-

492 4129 674 4200 pimus
697 4135 758 4183 ut
781 4128 998 4199 aliquos
1039 4129 1329 4186 mitteretis
1373 4131 1441 4188 de
1483 4132 1638 4188 vobis
1673 4134 1768 4205 qui
1799 4136 1868 4191 de
1888 4145 2070 4194 vestra

472 4221 652 4278 nobis
701 4219 1012 4276 obedienlia
1054 4222 1462 4292 responderent.
1496 4221 1651 4290 Quod
1680 4227 1810 4297 quia
1842 4229 2070 4288 minime

493 4311 718 4377 factum,
751 4320 812 4367 ut
834 4313 1112 4378 decuerat,
1141 4312 1256 4382 jam
1293 4329 1440 4370 nunc
1487 4317 1761 4386 aequitatis
1794 4335 1904 4374 non
1939 4337 2069 4392 pos-

491 4418 686 4460 sumus
718 4402 934 4458 dill‘erre
972 4418 1280 4458 censuram.
1312 4404 1548 4461 Proinde
1586 4423 1684 4476 per
1706 4423 1890 4466 veram
1933 4413 2066 4469 obe-
2101 4441 2144 4494 ο
2171 4435 2340 4481 ειη-θαι
2392 4427 2447 4482 in

491 4493 752 4548 dientiam
787 4507 986 4548 moneo
1017 4501 1079 4548 ut
1121 4509 1468 4551 communem
1493 4497 1660 4553 vitam
1681 4498 1898 4570 vivatis,
1926 4503 2069 4561 sicut

492 4593 714 4642 sanctus
744 4584 854 4640 Leo
873 4601 1013 4656 papa
1047 4584 1300 4642 Ecclesia:
1328 4596 1529 4646 nostrai
1565 4589 1814 4658 instituit,
1849 4603 1904 4649 et
1928 4596 2069 4653 sicut

493 4674 740 4733 Romana
766 4675 1004 4734 Ecclesia
1028 4677 1300 4748 intelligit,
1335 4678 1387 4734 id
1411 4689 1498 4736 est
1531 4690 1592 4736 ut
1615 4685 1796 4740 omnia
1823 4687 2065 4744 ecclesia!

491 4765 636 4824 bona
686 4768 742 4825 in
782 4783 1126 4824 communem
1155 4767 1442 4825 utilitatem
1473 4773 1802 4844 redigantur,
1833 4787 1887 4832 ct
1907 4794 2062 4834 com-

492 4857 749 4921 muniter,
774 4856 916 4911 sicut
945 4873 1111 4928 supra
1134 4858 1340 4914 dictum
1367 4868 1470 4927 est,
1507 4866 1908 4934 expenduntur,
1944 4879 2038 4924 aut

489 4943 537 4998 si
569 4944 624 4999 id
646 4943 827 5000 facere
856 4947 1144 5013 recusatis,
1170 4949 1414 5006 ecclesia:
1437 4955 1780 5021 praebendam
1808 4959 1862 5011 in
1893 4974 2058 5014 manu

485 5034 730 5100 episcopi
765 5037 834 5092 ad
868 5037 1112 5094 ecclesiae
1163 5041 1450 5098 utilitatem
1501 5045 1760 5100 reddatis.
1802 5047 1957 5100 Ouod
2012 5052 2058 5100 si

1174 289 1231 344 S.
1274 287 1598 347 GREGORII
1638 291 1726 348 ΥΠ
1764 292 1966 348 ΡᾹΡΙΕ
2003 293 2291 350 OPERUM
2329 295 2510 352 PARS
2547 295 2587 352 l.
2629 325 2698 338 -—
2738 297 3159 357 REGISTRUM.
3240 355 3251 363 .

2043 4912 2058 4938 9
2091 4929 2094 4932 .

3685 303 3789 359 53‘)

2750 409 3085 466 EPISTOLA
3119 413 3232 470 XII.

2475 493 2543 531 AD
2573 493 2922 536 LANDULPHUI
2944 499 3236 540 ειιιεεοιοωι
3257 501 3501 546 I’ISASUI.

2791 572 2972 644 (Anno
3007 573 3190 647 107s.)

2205 651 2422 738 Pisano:
2446 655 2698 712 Ecclesiw
2717 661 3078 738 episcopatum
3101 683 3216 738 eum
3243 669 3390 738 enini
3417 669 3546 738 jure
3571 672 3624 724 ei
3653 691 3778 727 rou-

2269 725 2470 812 ﬁrmpt,
2496 737 2688 812 etiam.
2700 725 2766 812 e51
2786 725 2906 801 (μιίὲ
2925 735 3215 812 antiquitus
3235 725 3454 812 collati,
3481 747 3646 812 quam
3661 725 3780 812 qui!

2274 795 2428 873 modo
2461 812 2494 850 a
2518 795 3014 873 Matliilde,'et_gu¢e
3046 795 3103 856 in
3130 805 3366 873 futurum
3397 795 3465 861 ab
3488 795 3620 864 aliis
3652 795 3781 867 aiis;

2268 863 2522 947 ferentur,
2565 869 2817 947 concedit.
2862 863 3044 947 viceni
3076 863 3226 947 etiam
3253 877 3300 947 ei
3328 887 3488 947 atque
3510 863 3782 936 successo—

2267 933 2412 988 ribus
2461 937 2744 1016 committit
2790 940 2846 992 in
2898 941 3078 1016 insula
3114 941 3348 1016 Corsica,
3379 933 3430 1000 ἐι
3467 933 3566 1016 pro
3600 933 3779 1016 {eis}:

2266 1018 2416 1074 quem
2441 1006 2644 1074 primus
2683 1008 2738 1061 in
2772 1024 2835 1062 ea
2862 1011 3183 1066 restituenda
3209 1016 3280 1066 ad
3305 1006 3568 1072 Roma'naz
3597 1014 3778 1074 Eccle—

2269 1073 2366 1151 sia:
2397 1073 2710 1151 dominium_
2738 1080 2988 1150 suscipiet
3037 1081 3386 1151 medietatem,
3418 1085 3630 1143 duobus
3658 1073 3778 1144 vero

2261 1141 2374 1210 ejus
2400 1143 2785 1221 successoribus
2814 1141 3060 1218 quartam
3092 1160 3295 1221 partem
3317 1141 3776 1213 omniumreddi;

2193 1220 2223 1280 ι
2267 1221 2416 1286 tilum
2457 1213 2705 1286 largitur,
2735 1213 2882 1272 arces
2928 1213 3104 1274 tumori
3147 1222 3245 1276 sub
3277 1221 3481 1278 ditione
3507 1225 3768 1284 Romam:

2264 1280 2522 1362 Ecclesite
2542 1280 2790 1362 reseruat,
2821 1303 3040 1362 quorum
3065 1293 3308 1348 custodes
3347 1293 3484 1362 illis,
3519 1298 3569 1350 si
3596 1280 3776 1353 mei;—

2265 1352 2400 1406 sitas
2419 1355 2668 1424 exegerit,
2699 1356 2810 1410 uult
2831 1352 3072 1414 'obedire.

2259 1442 2566 1501 GREGOBIUS
2589 1446 2898 1519 episc0pus,
2929 1465 3118 1508 servus
3140 1469 3420 1512 servorum
3443 1455 3560 1524 Dei,
3579 1458 3776 1514 dilecto

2191 1535 2248 1592 in
2270 1535 2490 1593 Christo
2520 1537 2678 1594 fratri
2719 1538 3040 1598 LANDL'LPEO
3063 1541 3263 1601 Pisano
3292 1547 3521 1620 suisque
3553 1565 3774 1607 succes-

2192 1625 2428 1682 scribus.

2263 1701 2525 1784 Supernae
2549 1718 2922 1776 miserationis
2944 1733 3190 1792 respectu
3217 1723 3284 1779 ad
3305 1723 3411 1781 hoc
3440 1727 3773 1784 universalis

2187 1799 2445 1882 Ecclesia:
2477 1821 2666 1862 curam
2717 1809 3064 1880 suscepimus
3113 1823 3167 1866 et
3195 1815 3479 1884 apostolici
3513 1817 3770 1871 modera-

2184 1895 2350 1952 minis
2371 1899 2792 1958 sollicitudinem
2824 1903 3085 1973 gerimus,
3131 1913 3191 1959 ut
3222 1905 3389 1976 justis
3422 1908 3772 1976 precantium

2183 1987 2324 2041 votis
2383 1997 2590 2046 attenta
2641 1991 2979 2063 benignitate
3011 1992 3315 2062 faveamus,
3371 2004 3427 2052 et
3477 1996 3770 2054 libramine

2181 2077 2456 2145 aequitatis
2487 2081 2745 2137 omnibus
2775 2082 2832 2136 in
2863 2085 3190 2142 necessitate
3223 2087 3436 2157 positis,
3469 2098 3767 2158 quantum,

2183 2163 2294 2220 Deo
2313 2167 2572 2236 donante,
2594 2186 2912 2241 possumus,
2932 2175 3219 2231 subvenire
3239 2177 3558 2233 debeamus.
3587 2176 3764 2246 Unde,

2181 2259 2492 2331 postulante
2543 2268 2614 2328 te,
2665 2259 2833 2316 frater
2863 2261 3200 2334 Landulpbe,
3236 2273 3296 2320 ut
3317 2269 3634 2334 ecclesiam,
3677 2269 3767 2324 cui

2181 2349 2294 2406 Deo
2337 2350 2552 2406 volente
2591 2365 2826 2424 praeesse
2854 2353 3212 2426 dignosceris,
3243 2357 3474 2428 ejusque
3514 2359 3662 2415 bona
3695 2360 3764 2414 ab

2180 2442 2618 2498 adversariorum
2641 2443 2846 2514 impetu
2867 2454 2920 2500 et
2945 2445 3289 2504 infcstatione
3313 2459 3518 2506 nostrae
3543 2459 3764 2522 aposto-

2180 2530 2299 2586 lica:
2321 2530 2663 2587 auctoritatis
2685 2534 2988 2590 munimine
3007 2543 3308 2604 tueremur;
3325 2537 3572 2594 inclinati
3595 2540 3763 2610 justis

2179 2621 2433 2700 precibus
2466 2621 2578 2677 tuis
2623 2624 2981 2679 concessione
3009 2627 3292 2696 prmsentis
3321 2629 3588 2700 privilegii
3625 2646 3762 2686 con-

2180 2710 2467 2768 ﬁrmamus
2485 2712 2584 2767 tibi
2606 2713 2980 2784 episcopatum
3003 2717 3267 2786 praedictis
3279 2717 3492 2776 Pisanae
3501 2719 3762 2778 Ecclesiae

2179 2816 2306 2856 cum
2339 2803 2492 2858 omni
2521 2801 2647 2872 jure
2667 2803 2892 2874 suisque
2913 2805 3272 2875 pertinentiis.
3303 2807 3372 2864 Et
3399 2812 3532 2880 quia
3560 2811 3758 2869 Pisans

2178 2888 2442 2957 Ecclesia,
2475 2907 2597 2962 qua:
2618 2892 2673 2946 in
2709 2893 3068 2963 praeficiendis
3090 2897 3192 2952 sibi
3217 2901 3534 2970 pastoribus
3559 2917 3591 2956 a
3621 2917 3757 2958 con-

2179 2981 2557 3038 stitutionibus
2588 2993 2906 3040 sanctorum
2931 2985 3153 3042 Patrum
3179 2989 3510 3058 deviaverat,
3535 2995 3754 3050 tandem

2177 3085 2278 3140 pro
2306 3071 2652 3127 restitutione
2673 3074 2912 3144 antiquas
2935 3075 3202 3134 libertatis
3232 3093 3346 3135 sua:
3376 3082 3598 3138 salubre
3624 3099 3759 3140 con-

2180 3162 2363 3218 silium
2395 3165 2588 3220 matris
2621 3180 2736 3220 SlliB
2762 3177 2964 3223 sancta:
2996 3169 3254 3228 Romanis
3285 3172 3545 3232 Ecclesiae
3567 3194 3757 3235 susce-

2177 3254 2276 3324 pit,
2313 3254 2389 3310 ita
2421 3264 2480 3310 ut
2521 3265 2592 3323 te,
2640 3271 2750 3312 non
2800 3259 3038 3328 aliunde,
3071 3263 3167 3318 sed
3209 3279 3308 3334 per
3350 3267 3578 3336 ostium,
3608 3273 3755 3340 quod

2175 3343 2431 3400 Christus
2462 3353 2566 3412 est,
2597 3345 2914 3414 intrantem,
2931 3351 3164 3421 gaudeat
3185 3354 3345 3410 nobis
3373 3357 3756 3416 ordiuantibus

2176 3434 2380 3490 habere
2422 3446 2721 3506 pastorem,
2773 3439 3135 3512 indulgemus,
3185 3447 3539 3506 concedimus
3593 3459 3756 3522 atque

2173 3526 2460 3582 firmamus
2495 3527 2598 3584 sibi
2633 3536 2746 3583 tam
2777 3545 2841 3585 ea
2889 3545 3012 3601 qua:
3039 3533 3109 3588 ab
3141 3535 3381 3606 antiquis
3419 3540 3755 3610 temporibus

2167 3616 2316 3686 juste
2351 3616 2549 3672 collata
2593 3625 2722 3672 sunt
2755 3635 2921 3690 quam
2950 3635 3016 3676 ea
3049 3637 3174 3693 quae
3201 3625 3383 3680 divina
3429 3627 3634 3698 pietate
3658 3645 3754 3701 per

2173 3707 2583 3764 serenissimam
2603 3710 2770 3764 filiam
2791 3721 3033 3768 nostram
3049 3713 3492 3790 lMathildem,pro
3513 3725 3752 3780 remedio

2173 3794 2370 3851 animas
2395 3797 2586 3852 matris
2615 3813 2757 3866 suae,
2787 3798 2844 3853 in
2874 3801 3062 3855 eadem
3094 3803 3324 3860 ecclesia
3351 3808 3597 3876 sepultas,
3621 3827 3752 3866 con-

2172 3885 2364 3940 cedere
2415 3887 2639 3959 dignata
2686 3897 2792 3957 est,
2844 3891 3096 3949 videlicet
3152 3895 3336 3952 locum
3389 3901 3486 3970 qui
3551 3903 3752 3961 dicitur

2175 3972 2562 4032 Schannellum
2613 3995 2739 4035 cum
2787 3985 3024 4040 castellis
3052 3993 3108 4042 et
3135 3989 3476 4056 pertinentiis
3526 3995 3669 4062 suis,
3696 4006 3752 4052 et

2171 4066 2278 4123 alia
2300 4083 2422 4139 quae
2452 4069 2506 4124 in
2538 4069 2806 4138 futurum,
2853 4073 2965 4130 Deo
2993 4085 3238 4147 auctore,
3268 4095 3301 4136 a
3325 4081 3578 4142 ﬁdelibus
3605 4085 3752 4160 lega-

2172 4157 2296 4212 liter
2339 4157 2672 4216 conferenda
2717 4170 2866 4218 sunt.
2917 4164 3182 4224 Praeterea
3218 4170 3343 4228 ﬁdei
3377 4183 3432 4228 et
3469 4157 3751 4248 religionis

2170 4255 2278 4302 tuae
2301 4257 2517 4320 gratum
2555 4250 2612 4304 in
2651 4259 2704 4308 te
2743 4251 2982 4310 fructum
3013 4259 3312 4316 exuberare
3334 4275 3746 4336 cognoscentes,

2171 4338 2565 4394 committimus
2607 4341 2706 4396 tibi
2739 4344 2957 4414 tuisque
2985 4351 3396 4408 successoribus
3439 4356 3618 4412 vicem
3649 4374 3748 4413 no-

2497 4426 2722 4486 Corsica
2753 4432 2953 4502 insula,
2992 4437 3036 4492 si
3087 4449 3268 4496 tamen
3312 4443 3415 4513 ipsi
3469 4462 3745 4504 consensu

2171 4515 2401 4572 Romani
2429 4519 2704 4590 pontiﬁcis
2728 4530 2784 4577 et
2806 4525 3068 4583 electione
3101 4529 3283 4586 Pisani
3326 4537 3512 4605 populi
3543 4537 3620 4594 ita
3652 4557 3744 4595 ca-

2169 4615 2367 4670 nonice
2417 4616 2760 4687 intraverint,
2801 4621 2946 4677 sicut
2989 4633 3042 4680 te
3090 4637 3305 4684 constat
3347 4632 3613 4700 intrasse,
3664 4645 3740 4698 ut,

2167 4707 2466 4763 secundum
2489 4711 2638 4781 quod
2661 4711 2806 4769 Deus
2833 4715 2932 4770 tibi
2957 4717 3198 4785 tradidit,
3235 4737 3358 4790 quae
3383 4723 3450 4778 ad
3473 4723 3743 4781 Christia-

2166 4812 2293 4852 nam
2325 4797 2645 4870 religionem
2676 4805 2947 4873 pertinere
2992 4809 3245 4864 videntur
3275 4811 3523 4882 vigilanti
3563 4819 3740 4871 studio

2163 4888 2472 4960 episcopos,
2535 4892 2766 4951 clericos
2817 4897 3189 4970 populumque
3232 4900 3477 4970 ejusdem
3544 4906 3738 4963 insula:

2160 4976 2380 5042 doceas,
2431 4985 2594 5048 atque
2623 4995 2840 5038 morum
2887 4985 3169 5042 honestate
3211 4989 3532 5059 conﬁrmes,
3579 4993 3734 5064 juxta

2162 5065 2538 5100 nrnnhnﬁnnm
2571 5083 2878 5100 οΛκ-νη-ιηηυν.
2929 5084 2982 5100 ..ι
3025 5093 3061 5100 ...
