3982 5316
227 344 328 407 59.1

1351 343 1556 400 LIBER
1585 341 1878 400 SEXTUS.
1908 373 1978 382 —
2008 341 2226 398 EPIST.
2271 339 2408 396 Xlll.

3389 341 3500 397 5‘22

229 469 334 525 est,
372 465 432 516 et
471 459 570 532 qui
616 472 772 529 prius
810 454 869 512 in
911 455 1256 513 restitutione
1307 457 1580 528 praedicta
1623 456 1818 513 insula:
1845 461 1893 518 Α
1918 454 2134 509 Domini
2181 463 2276 526 est,
2308 471 2553 528 regnum,
2599 464 2650 510 et
2697 456 2807 528 ipse
2853 453 3219 510 dominabitur
3266 465 3504 527 gentium

228 550 620 604 elaboraturus
650 565 731 612 es,
765 547 1112 603 medietatem
1135 547 1383 603 omnium
1409 547 1741 614 reddituum,
1767 554 1824 602 et

230 618 400 696 totius
423 641 586 712 pretii
613 639 958 694 medietatem
993 655 1117 710 qua:
1145 639 1212 694 de
1233 638 1446 708 placitis
1478 637 1820 708 acquiretur;

232 733 451 788 duobus
471 747 608 787 vero
630 731 1043 787 successoribus
1063 731 1175 786 tuis
1192 738 1444 802 quartam
1464 738 1675 800 partem
1701 727 1824 784 red-

231 826 446 880 dituum
469 832 524 879 et
557 825 727 879 totius
756 823 915 894 pretii
949 837 1072 894 quae
1114 825 1182 879 de
1231 824 1444 894 placitis
1488 823 1822 894 acquiretur,

232 919 305 972 ita
343 926 530 972 tamen
572 925 636 971 ut
674 932 827 973 arces
871 925 926 971 et
958 929 1189 988 quaeque
1223 915 1435 971 munita
1486 916 1610 971 loca
1643 931 1740 986 per
1774 923 1829 970 te

226 1007 572 1077 acquirenda
637 1007 696 1061 in
759 1016 1027 1077 potestate
1081 1015 1271 1064 nostra
1323 1015 1378 1063 et
1439 1019 1824 1064 successorum

233 1106 553 1152 nostrorum
589 1106 964 1168 permaneant,
1000 1114 1067 1153 eo
1109 1107 1300 1153 tenore
1343 1107 1421 1166 ut,
1452 1099 1498 1154 si
1527 1099 1826 1155 necessitas

232 1189 498 1258 exegerit,
537 1189 794 1243 custodes
819 1189 1135 1244 eorumdem
1187 1190 1434 1245 locorum
1480 1190 1579 1244 tibi
1610 1206 1831 1246 succes-

234 1278 571 1347 soribusque
605 1280 738 1345 tuis,
779 1281 929 1334 salvo
949 1281 1072 1350 jure
1101 1289 1156 1336 et
1183 1283 1393 1337 honore
1427 1281 1690 1337 Romanae
1723 1282 1828 1338 Ec-

234 1367 437 1434 clesiae,
464 1369 744 1424 obediant.
784 1369 1018 1440 Dignum
1065 1372 1266 1442 quippe
1304 1381 1389 1428 est
1422 1381 1503 1440 ut,
1537 1375 1584 1429 si
1621 1373 1691 1428 ad
1723 1373 1830 1428 im-

233 1461 452 1530 perium
505 1472 560 1516 et
609 1478 946 1518 consensum
989 1474 1193 1521 sancta
1256 1465 1519 1522 Romana;
1575 1466 1833 1523 Ecclesia:

234 1555 574 1624 pastoralem
615 1557 921 1611 secundum
957 1557 1249 1613 Dominum
1285 1560 1625 1631 susceperint
1657 1560 1834 1632 digni-

233 1654 425 1711 tatem,
463 1647 706 1702 habeant
732 1665 797 1704 ex
823 1647 1115 1721 largitione
1153 1652 1471 1722 apostolicae
1515 1652 1660 1708 sedis
1689 1661 1832 1707 tem-

233 1738 513 1807 poralium
561 1755 751 1795 rerum
799 1743 1252 1799 sustentationem
1293 1751 1348 1798 et
1393 1743 1665 1799 decorem.
1717 1742 1835 1799 Hoc

1925 546 2100 619 (Psal.
2135 549 2269 619 xxi).
2322 547 2513 620 Sitque
2561 564 2774 619 semper
2819 547 2876 603 in
2919 563 3036 614 ore,
3086 549 3157 604 sit
3203 564 3419 620 semper
3446 548 3506 603 in

1923 639 2088 694 corde
2132 649 2338 706 vestro,
2368 640 2515 710 quod
2565 641 2714 696 hunc
2759 639 3092 696 versiculum
3120 639 3311 710 paucis
3339 641 3510 694 inter-

1925 731 2120 802 positis
2170 733 2420 802 sequitur
2445 751 2459 787 :
2486 729 2557 786 Et
2581 733 2763 786 anima
2803 749 2918 786 mea
2955 732 3041 786 illi
3082 733 3234 802 vivet,
3265 742 3314 788 et
3333 751 3509 788 semen

1926 840 2100 878 meum
2120 824 2307 878 serviet
2329 825 2452 895 ipsi.
2474 822 2675 880 Notum
2698 831 2879 880 autem
2911 825 3064 879 vobis
3100 841 3222 881 esse
3255 826 3511 882 volumus

1927 914 2185 984 quoniam
2215 915 2545 972 desiderium
2569 925 2820 978 nostrum
2840 923 2944 984 est,
2977 915 3023 971 si
3052 932 3164 986 quo
3192 918 3356 971 modo
3381 933 3513 988 pos-

1927 1024 2113 1063 semus
2139 1007 2208 1063 ad
2235 1024 2331 1064 vos
2353 1008 2566 1080 aliquos
2590 1009 2658 1064 de
2682 1007 2943 1064 fratribus
2965 1009 3180 1064 mittere
3206 1009 3301 1080 qui
3325 1008 3512 1064 ﬁdeles

1929 1109 1983 1156 et
2012 1102 2158 1157 docti
2179 1110 2364 1158 essent
2390 1102 2458 1156 ad
2489 1101 2848 1158 erudiendum
2877 1117 2975 1157 vos
3009 1101 3065 1155 in
3108 1102 3257 1157 omni
3285 1100 3515 1156 scientia

1929 1202 1984 1248 et
2011 1194 2260 1250 doctrina
2307 1192 2364 1248 in
2392 1192 2616 1249 Christo
2644 1191 2773 1247 Jesu
2822 1200 2902 1259 ut,
2933 1193 3234 1247 secundum
3281 1207 3516 1263 evange—

1929 1284 2092 1339 licam
2135 1293 2190 1339 et
2235 1284 2591 1354 apostolicam
2613 1283 2920 1339 doctrinam
2958 1284 3213 1338 decenter
3240 1283 3515 1349 instructi,

1931 1375 1990 1430 in
2025 1376 2176 1432 nullo
2203 1376 2521 1432 vacillantes
2544 1376 2760 1442 essetis,
2789 1375 2888 1431 sed
2929 1375 3156 1431 radicati
3200 1385 3364 1446 atque
3391 1375 3520 1429 fun-

1932 1467 2045 1522 dati
2090 1483 2253 1538 super
2277 1468 2471 1523 stabile
2515 1465 2954 1535 fundamentum,
2981 1467 3126 1538 quod
3155 1476 3240 1523 est
3267 1467 3521 1523 Christus

1931 1557 2091 1615 Jcsus
2121 1559 2174 1632 (Ι
2217 1556 2341 1615 Cor.
2376 1560 2482 1631 ιιι),
2522 1559 2894 1616 abundantius
2929 1568 3094 1630 atque
3127 1557 3424 1630 perfectius
3461 1558 3520 1613 in

1931 1650 2133 1705 virtute
2168 1649 2264 1705 Dei
2318 1652 2660 1718 cresceretis,
2690 1659 2745 1706 et
2791 1651 3097 1707 secundum
3143 1651 3522 1722 operationem

1937 1740 2178 1797 fructum
2199 1741 2324 1797 ﬁdei
2345 1751 2548 1798 aeterna
2571 1743 2930 1799 retributione
2949 1744 3176 1816 dignum
3199 1744 3521 1800 redderetis.

231 1831 399 1884 etiam
430 1831 748 1886 addendum
777 1849 898 1889 esse
925 1833 1261 1902 censuimus,
1292 1842 1353 1889 ut
1381 1835 1437 1889 in
1465 1834 1690 1906 agendis
1714 1835 1832 1906 pla-
1865 1835 1909 1891 B
1935 1831 2091 1900 Quod
2119 1834 2246 1904 quia
2276 1833 2456 1901 nobis,
2481 1842 2597 1889 tum
2626 1843 2848 1906 propter
2868 1835 3322 1906 longinquitatem
3346 1844 3528 1891 terra-

231 1919 356 1974 citis
384 1922 624 1977 nuntius
652 1933 843 1977 noster
870 1939 1085 1996 semper
1111 1925 1346 1981 intersit.

300 2011 508 2066 Actum
560 2011 751 2069 Romae
774 2056 789 2081 ,
853 2016 1096 2071 secundo
1153 2014 1424 2073 Kalendas
1484 2015 1828 2086 Decembris,

224 2101 538 2158 indictione
569 2105 832 2160 secunda.

777 2209 1121 2274 EPISTOLA
1151 2218 1292 2274 XIII.

623 2328 686 2367 AD
710 2327 924 2369 OLAVUI
952 2329 1229 2369 NORVEGIE
1259 2329 1456 2370 REGEI.

834 2397 1022 2470 (Anno
1050 2403 1233 2477 1078.)

234 2491 676 2568 Confirmateum
697 2495 752 2548 in
769 2496 898 2568 ﬁde,
912 2505 982 2562 et,
1004 2498 1130 2568 quia
1149 2505 1364 2567 propter
1379 2497 1837 2551 locoramdistan-

302 2567 438 2638 tiam
461 2576 512 2618 et
537 2566 738 2638 linguae
760 2566 1117 2638 ignorantiam
1140 2566 1252 2621 non
1263 2578 1429 2638 potest
1454 2569 1660 2622 mittere
1699 2569 1836 2622 viros

301 2637 395 2704 qui
418 2653 542 2710 eum
567 2637 625 2689 in
647 2637 759 2707 iege
789 2637 1308 2710 Dominirerudiant,
1351 2649 1499 2710 rogat
1524 2649 1580 2692 ut
1598 2639 1838 2708 juniores

307 2716 356 2760 et
381 2706 586 2761 nobiles
608 2725 636 2762 e
661 2706 818 2779 regno
839 2725 934 2762 suo
957 2709 1026 2762 ad
1051 2706 1613 2779 apostolicam'sedem
1636 2711 1836 2775 mittat,

311 2779 425 2850 qui,
448 2779 648 2832 divinis
671 2778 874 2849 legibus
892 2778 1405 2850 edocti,apostolicw
1423 2782 1560 2835 sedis
1584 2782 1842 2834 mandata

315 2849 384 2900 ad
404 2865 526 2903 eum
549 2850 689 2921 ferre
710 2860 760 2902 et
780 2851 1072 2918 prwdicare
1091 2849 1326 2920 possint;
1343 2851 1599 2921 fratribus
1621 2859 1842 2920 praeter-

311 2934 374 2971 ea
398 2921 556 3002 “regis
598 2919 905 3002 Danorum‘,
948 2919 1261 3002 divisionem
1305 2919 1448 3002 regni
1491 2919 1840 3002 cupientibus,

315 2990 465 3042 nullo
486 3001 647 3060 pacto
689 3007 838 3061 opem
863 2991 1018 3060 ferat,
1061 2993 1151 3047 sed
1173 3001 1317 3046 curet
1337 2990 1513 3062 potius
1535 2990 1593 3046 tit
1617 2990 1844 3062 rex'fra-

320 3069 422 3113 tres
445 3078 572 3134 suos
613 3078 736 3134 cum
783 3061 1046 3118 charitate
1087 3061 1366 3134 suscipiat.
1389 3063 1472 3119 Ad
1495 3063 1630 3118 bona
1650 3061 1843 3134 pioque

322 3147 477 3198 opera
500 3131 662 3184 illum
685 3132 953 3188 hortatur.

321 3221 632 3280 GrtEGORlUS
653 3224 964 3296 episc0pus,
990 3242 1181 3283 servus
1203 3243 1487 3284 servorum
1517 3226 1633 3294 Dei,
1664 3225 1846 3284 Omvo

251 3310 697 3370 Norvecchorum
728 3314 1151 3389 [Norvegorum,
1188 3318 1420 3394 Meum]
1460 3320 1575 3392 regi
1613 3320 1847 3377 salutem

248 3413 308 3459 et
333 3408 693 3476 apostolicam
723 3408 1182 3467 benedictionem.

319 3493 466 3550 Licet
485 3511 558 3550 ex
580 3497 877 3552 universali
902 3516 1034 3555 cura
1058 3509 1260 3557 sanctre
1271 3509 1324 3557 et
1345 3502 1658 3573 apostolicae
1678 3503 1846 3571 sedis,

252 3585 341 3639 cui
367 3587 557 3642 divina
585 3588 944 3646 miseratione
965 3593 1342 3662 praesidemus,
1373 3595 1648 3652 debitores
1676 3595 1850 3651 simus

254 3667 641 3750 omnibus-qui
668 3678 876 3736 Christi
925 3682 1091 3738 ﬁdem
1117 3684 1325 3750 colunt,
1356 3684 1424 3739 de
1454 3685 1612 3740 vobis
1641 3693 1847 3751 tamen,

256 3770 348 3837 qui
398 3772 561 3841 quasi
610 3772 668 3826 in
713 3782 960 3829 extremo
1010 3775 1162 3832 orbis
1199 3785 1472 3831 terrarum
1502 3777 1666 3847 positi
1693 3776 1850 3844 estis,

256 3871 410 3919 tanto
439 3881 546 3922 nos
574 3867 802 3938 majoris
831 3870 1215 3928 sollicitudinis
1256 3871 1397 3927 ratio
1444 3872 1854 3945 necessitasque

258 3953 584 4014 circumstat
604 3969 812 4030 quanto
839 3977 938 4018 vos
967 3978 1161 4018 eorum
1191 3963 1285 4036 qui
1334 3964 1388 4019 in
1418 3962 1734 4020 Christiana
1762 3980 1852 4020 re-

257 4045 460 4118 ligione
488 4066 589 4106 vos
620 4051 897 4108 instruant
926 4054 1196 4110 minorem
1238 4055 1455 4126 copiam
1497 4065 1554 4112 et
1600 4072 1869 4124 necessas

259 4139 338 4194 ria
369 4143 558 4199 minus
588 4145 782 4199 solatia
813 4146 1017 4202 habere
1039 4147 1445 4219 cognoscimus.
1491 4148 1853 4220 Quapropter,

260 4233 442 4289 oblata
475 4240 908 4308 opportunitate,
933 4241 1258 4312 scripsimus
1278 4242 1436 4298 vobis
1455 4243 1524 4298 ad
1538 4241 1858 4298 confortan-

259 4325 388 4382 dam
418 4329 606 4400 aliquo
637 4332 802 4386 modo
831 4332 1064 4403 gloriam
1109 4345 1350 4390 vestram
1393 4335 1450 4390 in
1491 4335 1596 4391 ﬁde
1624 4351 1747 4408 quae
1774 4342 1860 4390 est

260 4418 316 4471 in
348 4417 573 4475 Christo
602 4419 752 4488 Jesu,
789 4424 886 4493 qui
934 4424 1236 4480 secundum
1277 4426 1620 4496 propositum
1664 4427 1860 4481 volun-

1932 1943 2078 1995 rum,
2107 1935 2163 1982 et
2190 1926 2426 1982 maxime
2455 1935 2680 1998 propter
2726 1926 2943 2000 ignotas
2987 1926 3203 2000 linguas
3230 1927 3389 1983 valde
3419 1925 3529 1983 dif-

1933 2021 2075 2077 ﬁcile
2116 2028 2222 2089 est,
2251 2035 2512 2092 rogamus
2538 2034 2636 2076 vos
2665 2019 2833 2092 (sicut
2877 2028 2932 2076 et
2977 2019 3094 2092 regi
3122 2019 3402 2076 Danorum
3431 2020 3529 2076 de—

1935 2112 2332 2185 nuntiavimus)
2366 2120 2428 2168 ut
2473 2112 2540 2168 de
2578 2111 2895 2184 junioribus
2940 2121 2996 2168 et
3039 2112 3316 2168 nobilibus
3368 2120 3531 2170 terra:

1933 2213 2132 2263 vestra:
2159 2205 2229 2260 ad
2251 2203 2614 2276 apostolicam
2635 2204 2820 2260 aulam
2842 2203 3094 2272 mittatis,
3127 2213 3401 2275 quatenus
3427 2205 3532 2260 sub

1936 2297 2040 2352 alis
2085 2296 2458 2367 apostolorum
2507 2294 2654 2351 Petri
2699 2303 2755 2351 et
2801 2293 2957 2352 Pauli
3004 2295 3176 2352 sacris
3225 2311 3290 2351 ac
3333 2295 3534 2352 divinis

1933 2388 2150 2462 legibus
2197 2388 2484 2460 diligenter
2529 2387 2728 2455 edocti,
2778 2387 3093 2458 apostolica:
3121 2386 3270 2443 sedis
3317 2387 3389 2442 ad
3435 2403 3535 2444 vos

1938 2480 2196 2536 mandata
2225 2479 2451 2546 referre,
2483 2495 2592 2534 non
2629 2479 2790 2550 quasi
2835 2479 3025 2552 ignoti,
3074 2479 3170 2535 sed
3213 2472 3438 2550 cogniti,
3480 2489 3536 2534 et
3591 2486 3595 2491 '

1939 2589 2063 2644 quae
2107 2571 2436 2628 Christiana:
2477 2572 2758 2645 religionis
2803 2573 2939 2629 ordo
2991 2573 3348 2644 postulaverit
3390 2572 3536 2643 apud

1939 2681 2060 2733 vos,
2107 2680 2218 2721 non
2274 2663 2434 2735 quasi
2480 2665 2646 2722 rudes
2691 2673 2788 2722 aut
2838 2665 3037 2738 ignari,
3087 2666 3183 2722 sed
3230 2666 3419 2738 lingua
3471 2681 3537 2722 ac

1941 2755 2171 2812 scientia
2206 2755 2566 2826 moribusque
2590 2756 2888 2826 prudentes
2917 2757 3082 2829 digne
3104 2756 3218 2813 Deo
3237 2757 3538 2828 praedicare

1942 2854 1998 2904 et
2023 2847 2333 2916 eﬁicaciter,
2366 2848 2486 2919 ipso
2516 2848 2831 2920 adjuvante,
2868 2851 3120 2907 excolere
3159 2851 3395 2906 valeant.
3429 2849 3536 2906 Rc-

1942 2939 2116 2996 latum
2143 2956 2364 3012 quoque
2409 2941 2570 2997 nobis
2595 2949 2682 2998 est
2718 2940 2919 2999 fratres
2961 2943 3108 3019 regis
3147 2942 3428 2998 Danorum
3465 2944 3536 2999 ad

1944 3040 2186 3088 vestram
2218 3049 2278 3090 se
2307 3034 2608 3090 contulisse
2634 3034 3032 3102 excellentiam,
3066 3043 3130 3090 ut
3167 3034 3368 3090 vestris
3405 3034 3540 3090 viri-

1946 3125 2050 3182 bus
2074 3125 2358 3196 copiisque
2385 3125 2646 3195 nitentes,
2689 3135 2968 3199 quatenus
3008 3142 3135 3182 cum
3165 3127 3276 3182 illis
3305 3143 3539 3199 regnum

1947 3218 2174 3287 dividat,
2209 3217 2437 3276 fratrem
2484 3235 2677 3292 cogere
2700 3220 3008 3276 intendant.
3041 3218 3174 3287 Qua:
3199 3221 3418 3291 quidem
3449 3237 3539 3277 res

1948 3321 2217 3384 quantum
2238 3312 2308 3369 ad
2333 3313 2488 3386 regni
2510 3313 2920 3380 detrimentum,
2947 3322 3215 3384 quantum
3247 3314 3314 3368 ad
3343 3312 3541 3369 confu—

1947 3407 2162 3464 sionem
2191 3407 2378 3479 populi
2415 3405 2739 3473 Christiani,
2788 3415 3168 3476 quantumque
3207 3405 3278 3461 ad
3321 3405 3541 3461 destru-

1951 3500 2189 3555 ctionem
2230 3496 2622 3564 Ecclesiarum,
2652 3496 2856 3568 quibus
2889 3497 3132 3568 quotidie
3157 3497 3337 3553 vicina
3353 3496 3543 3569 .Paga-

1951 3607 2151 3649 norum
2169 3591 2467 3647 crudelitas
2488 3591 2682 3657 inhiat,
2694 3597 2750 3645 et
2769 3589 2937 3645 totius
2955 3600 3120 3645 terra:
3144 3590 3542 3646 desolationem

1951 3687 2201 3752 attineat,
2230 3700 2332 3756 per
2359 3683 2716 3755 semetipsam
2744 3698 2847 3739 nos
2877 3680 3113 3745 Veritas,
3142 3698 3266 3752 quae
3289 3681 3546 3739 Christus

1951 3788 2058 3846 est,
2085 3780 2144 3835 in
2170 3777 2464 3851 Evangelio
2497 3777 2672 3844 docet,
2709 3791 2836 3831 cum
2864 3774 3034 3831 dicit:
3064 3773 3231 3831 Omne
3251 3791 3467 3846 regnum
3489 3775 3548 3829 in

1953 3873 2183 3943 seipsum
2222 3871 2450 3924 divisum
2493 3866 2841 3936 desolabitur,
2863 3876 2914 3922 et
2935 3867 3124 3922 domus
3145 3883 3308 3942 supra
3329 3867 3547 3920 domum

1953 3965 2108 4020 cadet
2139 3962 2292 4036 (Luc.
2319 3962 2420 4035 χι).
2452 3959 2610 4017 Unde
2650 3962 3007 4018 eminentiam
3035 3969 3272 4018 vestram
3311 3962 3362 4016 id
3394 3978 3548 4018 sum-

1956 4070 2179 4127 mopere
2221 4069 2416 4111 cavere
2449 4069 2760 4121 monemus,
2803 4063 2863 4108 ut
2911 4053 3119 4109 nullius
3154 4069 3396 4124 unquam
3423 4068 3548 4122 per-

1957 4146 2216 4204 suasione
2246 4145 2303 4201 in
2338 4146 2445 4200 hac
2470 4152 2624 4215 parte
2649 4145 2908 4215 cuiquam
2938 4161 3231 4201 assensum
3262 4144 3550 4214 praebeatis

1955 4240 2044 4296 vel
2070 4239 2426 4310 adjutorium,
2471 4251 2541 4292 ne
2581 4245 2872 4308 peccatum
2915 4237 3020 4293 hoc
3068 4238 3236 4307 (quod
3282 4236 3447 4307 absit)
3493 4237 3549 4292 in

1957 4349 2058 4390 vos
2083 4338 2489 4403 retorqueatur,
2520 4344 2628 4384 neu
2651 4329 2719 4384 de
2748 4328 2977 4385 dissidio
3007 4327 3161 4401 regni
3185 4329 3332 4385 illius
3359 4338 3549 4384 contra

1959 4439 2058 4480 vos
2079 4431 2137 4480 et
2160 4437 2392 4496 regnum
2411 4428 2657 4477 vestrum
2678 4419 2863 4476 divina
2893 4420 3196 4492 indignatio
3220 4421 3547 4477 concitetur.

263 4509 391 4564 tatis
419 4511 611 4566 aeterni
639 4511 822 4568 Patris
868 4513 983 4580 Dei,
1036 4524 1364 4585 cooperante
1408 4513 1614 4585 Spiritu
1643 4527 1856 4586 sancto,
1891 4533 1936 4588 1)
1961 4517 2078 4574 Hoc
2120 4527 2303 4572 autem
2350 4529 2449 4570 vos
2496 4529 2797 4586 procurare
2841 4514 3073 4571 libenter
3101 4513 3358 4570 volumus
3387 4521 3552 4583 atque

263 4616 362 4670 pro
393 4603 569 4658 salute
619 4606 811 4660 mundi
843 4606 1011 4661 homo
1040 4605 1218 4662 factus
1264 4616 1368 4674 est,
1419 4608 1486 4663 de
1533 4608 1854 4666 intemerata

264 4692 490 4766 Virgine
517 4704 704 4764 natus,
736 4698 1005 4753 mundum
1037 4698 1402 4754 reconcilians
1445 4698 1556 4754 Deo
1580 4715 1680 4770 per
1707 4716 1854 4755 mor-

263 4796 374 4842 tem
403 4804 583 4856 suam,
617 4789 806 4845 delens
835 4799 1056 4860 peccata
1087 4798 1276 4845 nostra
1304 4806 1402 4860 per
1427 4790 1855 4862 redemptionem

265 4894 390 4950 qua:
417 4889 502 4936 est
531 4880 587 4934 in
619 4880 890 4952 sanguine
919 4880 1114 4952 ipsius,
1145 4889 1201 4935 et
1231 4880 1446 4936 devicta
1468 4889 1646 4939 morte
1683 4883 1741 4938 in
1769 4899 1856 4939 se-

267 4973 500 5043 metipso
534 4975 939 5030 conviviiicavit
967 4991 1032 5030 ac
1060 4974 1409 5029 resuscitavit
1455 4990 1557 5031 nos
1599 4975 1655 5030 in
1703 4992 1855 5047 spem

266 5063 468 5131 vivam,
523 5065 579 5119 in
627 5065 1006 5122 haareditatem
1046 5067 1576 5134 immarcessibilem,
1608 5067 1856 5124 inconta-

271 5155 530 5192 mincfnm
606 5155 980 5192 inlini-muniam
1015 5155 1070 5192 [ἶ
1121 5154 1244 5192 ἶῗοίι·
1314 5159 1354 5192 Il
1428 5157 1484 5192 In
1534 5174 1644 5192 anan
1715 5159 1854 5192 cinno

1956 4609 2318 4676 consulimus,
2359 4615 2423 4663 ut
2448 4605 2710 4678 prteiatus
2737 4622 2834 4661 rex
2866 4606 3144 4667 Danorum
3187 4603 3388 4658 fratres
3418 4619 3553 4659 suos

1957 4705 2013 4760 in
2043 4719 2272 4778 regnum
2295 4717 2423 4757 cum
2445 4701 2713 4756 charitate
2739 4699 3024 4769 suscipiat,
3052 4705 3109 4751 et
3152 4697 3226 4752 ita
3256 4697 3338 4753 eis
3367 4697 3435 4751 de
3465 4710 3556 4749 re-

1932 4797 2124 4868 liquis
2147 4794 2307 4851 bonis
2352 4803 2408 4850 et
2439 4791 2766 4858 honoribus,
2795 4790 2892 4847 ubi
2938 4796 3141 4860 potest,
3172 4787 3466 4845 distribuat
3491 4795 3558 4840 ut

1957 4906 2059 4946 nec
2083 4890 2206 4946 illos
2233 4887 2458 4960 indigna
2481 4891 2736 4958 angustet
2763 4881 3086 4948 necessitas,
3125 4894 3230 4937 nec
3256 4880 3411 4954 regni
3441 4886 3555 4932 sta-

1958 4992 2049 5038 tus
2095 4977 2458 5036 labefactetur
2509 4983 2606 5031 aut
2651 4973 2910 5046 dignitas.
2965 4972 3043 5028 De
3094 4969 3294 5030 emero
3339 4980 3558 5037 semper

1958 5075 2191 5146 Cogitate
2229 5071 2298 5125 de
2345 5086 2442 5142 spe
2483 5065 2788 5124 vocationis
2812 5075 3034 5133 vestrae,
3061 5075 3122 5121 et
3163 5065 3356 5122 attenti
3401 5060 3469 5118 ad
3491 5071 3557 5111 es.

2128 5164 2393 5192 πως-...ρ
2444 5162 2497 5192 ς..
2529 5160 2821 5192 annumin.
2853 5159 2983 5192 τιςηςι
3016 5179 3027 5190 .
3063 5153 3208 5192 n...--
3243 5159 3450 5192 ..ηερ-..ι
3496 5148 3562 5192 ιιΙι

1963 5184 2078 5192 ..-ιο-ιι
