3982 5316
524 402 630 458 5‘25

1201 399 1256 454 s.
1290 395 1618 455 uneconn
1651 394 1743 450 vn
1770 390 1974 448 eam;
2003 365 2134 448 ore

2245 387 2286 444 ll
2315 385 2498 444 rans
2524 385 2566 443 ι.
2597 351 2668 428 ὲ-
2696 378 3121 460 REGISTRUM.

3698 384 3812 440 524

525 515 707 586 potius
747 530 912 584 quam
944 513 1300 568 delectatione
1327 512 1637 568 tenendam.
1673 509 1757 565 Sit
1780 515 1992 582 vestrae
2021 523 2117 578 po-
2150 506 2196 564 Α
2291 502 2428 557 Data
2459 502 2664 570 nonne,
2697 501 2858 557 tertio
2898 499 3168 556 Kalendas
3209 498 3480 570 Januarii,
3513 499 3820 558 indictione

528 607 710 661 lentiae
763 621 900 661 usus
965 612 1019 659 et
1071 603 1392 658 exercitatio
1455 601 1752 658 subvenire
1807 598 2115 670 oppressis,

525 698 816 755 defendere
855 697 1070 763 viduas,
1111 695 1360 767 judicare
1390 693 1650 766 pupillos,
1691 691 1964 764 justitiam
2008 703 2122 745 non

527 796 706 852 solum
727 793 972 865 diligere,
999 790 1092 846 sed
1116 789 1280 844 etiam
1313 795 1425 843 tota
1455 787 1662 843 virtute
1693 783 2005 842 defendere.
2023 776 2122 839 His

527 901 768 958 namque
799 883 1065 955 vestigiis,
1092 883 1198 938 hoc
1233 882 1518 947 thesauro,
1550 880 1638 934 his
1665 878 1882 948 opibus,
1916 874 1983 931 de
2013 883 2126 930 ter—

528 993 662 1035 reno
691 966 758 1034 ad
785 977 1006 1034 caeleste
1036 989 1290 1046 regnum,
1321 971 1387 1028 de
1413 972 1560 1027 fluxo
1591 979 1648 1027 et
1685 969 1866 1043 fragili
1897 967 1964 1024 ad
2005 983 2125 1024 cer-

529 1079 645 1126 tum
687 1078 742 1126 et
769 1083 1008 1140 perennc
1043 1065 1324 1138 gaudium,
1375 1064 1442 1120 de
1489 1064 1696 1120 caduca
1725 1071 1781 1118 et
1807 1059 2128 1117 transitoria

529 1165 598 1220 ad
646 1172 908 1218 aeternam
953 1169 1008 1215 et
1064 1173 1284 1228 semper
1335 1171 1758 1228 permansuram
1809 1154 2128 1226 pervenitur

529 1253 780 1326 gloriam.
809 1251 958 1307 Deus
1002 1257 1185 1304 autem
1219 1249 1593 1318 omnipotens,
1636 1246 1732 1318 qui
1759 1246 1912 1302 dives
1954 1252 2010 1300 et
2035 1260 2130 1301 co-

529 1347 720 1415 piosus
765 1351 851 1400 est
897 1344 954 1398 in
1003 1339 1402 1408 misericordia,
1453 1341 1668 1396 meritis
1705 1348 1761 1396 ct
1803 1337 2130 1394 auctoritate

530 1438 903 1510 apostolorum
938 1434 1082 1490 Petri
1105 1445 1158 1490 et
1179 1433 1354 1502 Pauli,
1381 1443 1436 1490 et
1458 1441 1643 1490 nostra
1669 1449 1766 1506 per
1795 1434 1917 1489 illos
1947 1432 2128 1497 nobis,

535 1532 659 1587 licet
711 1529 970 1603 indignis,
1017 1527 1282 1598 divinitus
1348 1543 1634 1595 concessa,
1689 1527 1939 1583 absolvat
1976 1535 2029 1582 te
2076 1534 2134 1581 et

533 1637 726 1680 omnes
753 1623 940 1680 ﬁdeles
971 1631 1094 1678 tuos
1133 1621 1204 1676 ab
1249 1620 1508 1678 omnibus
1554 1619 1795 1692 peccatis
1827 1619 2046 1688 vestris,
2078 1627 2134 1674 et

533 1717 735 1789 dirigat
765 1731 862 1771 vos
893 1714 950 1770 in
999 1729 1220 1770 omnem
1265 1713 1610 1768 voluntatem
1639 1728 1821 1780 suam,
1853 1720 1914 1767 ut
1941 1711 1994 1767 in
2027 1712 2134 1770 hac

520 1809 645 1866 'vita
673 1823 774 1864 vos
798 1806 1103 1879 promereri
1129 1805 1295 1862 faciat
1320 1805 1466 1877 quod
1489 1805 1545 1860 in
1567 1815 1770 1861 interna
1790 1805 2130 1864 beatitudine

537 1897 910 1970 multipliciter
931 1896 1090 1954 vobis
1116 1897 1349 1954 adaucta
1376 1907 1580 1953 cerona
1604 1895 1892 1976 retribuat.

615 1988 751 2046 Data
792 1989 1010 2057 Roma,
1055 1987 1272 2046 decimo
1307 1997 1504 2046 octavo
1544 1986 1691 2062 [six]
1721 1987 1996 2054 Kalendas
2036 1989 2130 2046 Ja-

540 2081 742 2152 nuarii,
770 2081 1075 2140 indictione
1095 2079 1357 2140 secunda.

1068 2214 1410 2272 EPISTULA
1445 2213 1594 2270 XIV.

1023 2341 1091 2388 λι)
1117 2347 1414 2387 WELFONEI
1448 2347 1646 2386 υυοειιι

1131 2442 1313 2516 (Anno
1345 2441 1529 2514 1078.)

547 2549 770 2614 Nullam
794 2565 979 2624 contra
1021 2571 1076 2610 se
1099 2553 1538 2609 murmurutionis
1569 2565 1789 2607 causam
1825 2554 1938 2624 fore
1959 2563 2134 2610 osten-

611 2630 714 2694 dit,
738 2630 784 2682 si
806 2621 1088 2698 diligenter
1123 2625 1408 2698 perpendat
1429 2641 1569 2698 qua:
1608 2625 1664 2698 iu
1705 2621 1906 2698 synodo
1929 2634 2133 2680 statuta

609 2709 752 2754 sunt.
779 2697 840 2753 Si
861 2695 1009 2768 fideli
1035 2695 1192 2752 corde
1218 2695 1324 2751 Deo
1364 2696 1670 2762 adhwserit,
1695 2697 1973 2750 victoriam
2014 2713 2134 2752 eum

614 2771 950 2842 adepturum.

621 2905 930 2960 Gaeconics
950 2901 1264 2974 cpiscopus,
1294 2907 1485 2957 servus
1515 2907 1798 2957 servorum
1821 2899 1939 2970 Dei,
1965 2898 2134 2957 Wst.-

545 3011 664 3054 rost
715 2997 842 3054 duci
885 2996 1117 3052 salutem
1164 3002 1220 3050 et
1261 2995 1618 3065 apostolicam
1671 2993 2130 3050 benedictionem.-

625 3091 680 3146 Si
731 3090 1019 3163 diligenter
1072 3087 1372 3144 secundum
1431 3087 1744 3158 aequitatem
1803 3069 2134 3157 pontificalis

547 3183 731 3251 ofﬁcii,
763 3197 874 3238 non
900 3180 1202 3238 secundum
1242 3180 1520 3252 propriam
1543 3179 1876 3234 voluntatem
1900 3186 2135 3250 perpen-
2161 3205 2203 3264 ο

544 3275 679 3332 ditis
697 3289 822 3346 qua:
843 3272 1081 3346 agimus,
1103 3287 1226 3344 quae
1243 3271 1480 3326 dicimus
1503 3270 1570 3325 de
1585 3269 1863 3324 communi
1895 3269 2133 3340 negotio,

546 3366 660 3421 imo
682 3365 918 3420 maxima
947 3363 1360 3434 perturbatione
1391 3363 1542 3434 regni
1566 3361 1756 3428 vestri,
1801 3376 1908 3416 non
1945 3367 2136 3417 contra

549 3472 651 3512 nos
671 3454 1109 3520 murmurabitis,
1140 3453 1234 3508 sed
1266 3467 1363 3523 per
1392 3452 1535 3506 viam
1567 3449 1790 3506 Patrum
1819 3461 2136 3506 nostrorum

551 3561 653 3602 nos
675 3545 944 3612 incedere,
977 3544 1088 3600 Deo
1111 3543 1272 3611 duce,
1301 3541 1514 3598 meritis
1549 3541 1693 3598 beati
1733 3541 1879 3597 Petri
1907 3541 2136 3612 apostoli

550 3636 914 3708 cognoscetis.
959 3635 1285 3706 Perpenditc
1332 3635 1481 3705 quod
1523 3643 1748 3690 sanctus
1781 3630 2019 3704 Spiritus
2043 3649 2139 3704 per

552 3743 676 3794 nos,
709 3728 835 3784 licet
876 3727 1150 3799 indignos,
1184 3727 1443 3800 dignatus
1480 3735 1564 3782 est
1601 3726 1657 3780 in
1695 3734 1885 3782 sancta
1928 3725 2138 3798 synodo

554 3821 660 3876 hoc
695 3821 753 3876 in
780 3832 930 3875 anno
969 3819 1158 3875 Roma:
1183 3819 1238 3874 in
1267 3817 1696 3891 Quadragesima
1724 3819 1993 3874 celebrata
2029 3827 2139 3874 sta-

553 3919 728 3978 tuere,
761 3920 813 3968 et
841 3911 1187 3983 cognoscetis
1209 3917 1475 3981 quantum
1497 3909 1694 3978 valeat,
1716 3917 1982 3980 quantum
2013 3924 2141 3979 pos-

553 4004 627 4059 sit
650 4003 949 4060 auctoritas
989 4011 1044 4059 et
1075 4010 1321 4074 potestas
1369 4001 1513 4056 beati
1546 3995 1711 4056 Petri.
1755 3997 1914 4072 Agite
1957 3998 2142 4070 itaque

555 4095 918 4166 omnipotenti
965 4093 1078 4151 Deo
1107 4103 1162 4150 et
1188 4094 1350 4150 beato
1391 4092 1554 4150 Petro
1589 4105 1805 4164 semper
1844 4098 2048 4165 grates,
2087 4099 2144 4148 et

555 4201 666 4241 non
702 4195 892 4242 contra
926 4199 1028 4242 nos
1063 4184 1482 4251 mormurando,
1517 4183 1612 4240 sed
1644 4183 1804 4240 beato
1831 4181 1994 4238 Petro
2019 4195 2143 4254 gra-

579 4280 662 4336 ias
685 4275 995 4348 referendo,
1017 4280 1246 4336 meliora
1275 4287 1510 4350 sperate.
1531 4273 1666 4333 Mihi
1693 4277 1918 4343 credite;
1943 4275 2144 4332 fratres

555 4373 890 4440 charissimi,
920 4373 1050 4444 quia
1073 4371 1166 4445 qui
1195 4372 1262 4428 de
1302 4371 1544 4427 falsitate
1583 4378 1638 4426 et
1678 4368 1994 4436 calliditate,
2031 4381 2143 4422 non

553 4467 624 4522 de.
643 4467 858 4538 iustitia
905 4475 961 4522 et
990 4465 1336 4536 simplicitate
1377 4465 1680 4532 confidunt,
1729 4461 1954 4518 omnino
1997 4461 2146 4518 deci-

2222 594 2485 651 secunda.

2765 704 3104 762 EPISTOLA
3149 705 3268 762 XV.

2618 817 2680 856 AD
2712 815 2988 857 HONACHOS
3015 815 3404 856 MASSILIENSES.

2815 911 2998 984 (Anno
3031 909 3216 984 1079.)

2226 1026 2534 1082 Absentiam
2559 1027 2644 1081 sui
2683 1025 2889 1080 abbatis
2931 1033 2990 1078 ut
3022 1040 3168 1096 mque
3199 1025 3373 1094 ferant
3409 1024 3596 1078 animo
3637 1024 3820 1079 horta-

2299 1109 2406 1165 tur,
2453 1111 2606 1170 quem
2634 1096 2748 1150 illis
2776 1097 2902 1170 cito
2940 1097 3299 1170 [eritissurum
3326 1096 3589 1170 afﬁrmat;
3637 1111 3820 1170 eorum

2299 1165 2700 1233 monasterium,
2739 1168 2876 1220 sicut
2925 1165 3307 1231 Cluniacense,
3341 1165 3658 1234 apos'olirm
3707 1165 3819 1220 sedi

2299 1241 2448 1294 imire
2477 1238 2767 1308 desiderat.
2800 1235 3024 1308 Reliqua
3069 1237 3262 1291 harum
3310 1235 3619 1290 litterarum
3650 1237 3821 1307 porti-

2301 1311 2405 1364 tori
2431 1307 2656 1363 dicenda
2677 1307 2944 1378 relinquit.

2303 1421 2614 1478 GREGOBIUS
2647 1416 2958 1492 episcopus,
2989 1433 3186 1475 servus
3229 1435 3520 1476 servorum
3547 1417 3666 1486 Dei,
3690 1419 3824 1476 cha-

2232 1514 2470 1572 rissimis
2497 1512 2760 1568 fratribus
2785 1511 2838 1568 in
2866 1511 3200 1568 monasterio
3222 1510 3554 1568 Massiliensi
3579 1527 3826 1568 commo-

2231 1607 2501 1672 rantibus,
2527 1605 2758 1661 salutem
2783 1602 2837 1659 et
2868 1603 3226 1674 apostolicam
3250 1601 3709 1658 benedictionem.

2300 1698 2634 1754 Contristavi
2663 1712 2782 1764 vos,
2812 1697 2924 1752 imo
2953 1695 3014 1752 B.
3053 1695 3251 1753 Petrus
3275 1697 3596 1765 commovit,
3637 1696 3828 1752 turba-

2233 1791 2332 1858 vit,
2358 1799 2416 1846 et
2453 1791 2570 1862 ipse
2596 1788 2829 1846 sanabit.
2859 1787 3031 1845 Filius
3058 1804 3295 1860 namque
3339 1788 3512 1857 illius,
3539 1789 3714 1846 abbas
3733 1805 3835 1868 reo.

2231 1895 2362 1954 ster,
2384 1883 2535 1940 venit
2563 1884 2630 1940 ad
2661 1899 2784 1952 nos,
2816 1891 2870 1940 et
2897 1899 2997 1955 pro
3019 1879 3141 1960 ejus
3166 1897 3353 1938 amore
3372 1880 3554 1939 factus
3587 1893 3678 1939 est
3703 1883 3831 1938 obe-

2229 1979 2388 2034 diens
2417 1993 2594 2049 usque
2619 1976 2688 2034 ad
2723 1975 2970 2048 corporis
2997 1975 3338 2047 captionem;
3365 1984 3422 2032 et
3439 1975 3572 2047 quia
3598 1987 3830 2047 paratus

2231 2068 2354 2135 fuit,
2385 2069 2432 2124 si
2476 2074 2774 2140 oporteret,
2806 2067 2970 2135 mori,
2998 2075 3053 2123 et
3074 2083 3141 2123 ex
3176 2067 3283 2123 hoc
3323 2067 3546 2140 habebit
3587 2070 3832 2142 retribui:

2233 2161 2458 2216 tionem.
2500 2159 2607 2216 Sed
2635 2161 2778 2218 sicut
2803 2161 2980 2227 scitis,
3001 2158 3200 2240 fratres
3224 2159 3352 2228 mei,
3383 2161 3497 2216 rari
3535 2171 3670 2218 sunt
3696 2162 3828 2218 boni

2231 2253 2325 2324 qui
2355 2253 2521 2308 etiam
2553 2251 2664 2310 Deo
2707 2253 2763 2309 in
2797 2267 2932 2325 pace
2979 2251 3242 2320 serviant,
3285 2253 3694 2328 sedrarissimi
3730 2255 3830 2328 qui

2233 2360 2333 2417 pro
2361 2345 2510 2401 illius
2553 2360 2742 2401 amore
2766 2343 3180 2417 persecutiones
3216 2361 3326 2420 non
3346 2333 3602 2416 timeant,
3628 2347 3715 2403 vel
3733 2349 3829 2420 qui

2234 2454 2292 2494 se
2363 2446 2554 2494 contra
2604 2438 2862 2494 inimicos
2940 2437 3036 2494 Dei
3096 2437 3471 2494 indubitanter
3526 2451 3827 2514 opponant.

2232 2528 2469 2586 Proinde
2516 2524 2830 2586 Christiana
2869 2531 3064 2603 religio
3094 2527 3224 2602 (heu
3265 2530 3406 2602 proh
3444 2530 3662 2601 dolor!)
3691 2549 3832 2604 pene

2233 2623 2482 2694 deperiit,
2505 2631 2559 2678 et
2583 2621 2882 2694 impiorum
2904 2623 3165 2694 superbia
3199 2621 3367 2680 nimis
3385 2624 3652 2680 accrevit.
3680 2622 3832 2678 Prae-

2233 2716 2414 2773 dictus
2449 2725 2631 2772 autem
2659 2723 2813 2786 pater
2839 2725 3029 2771 noster
3055 2713 3304 2788 [vester],
3337 2730 3527 2771 revera
3555 2713 3833 2788 apostolo-

2235 2823 2359 2864 rum
2393 2808 2692 2880 principem
2723 2807 2977 2880 diligens,
3009 2807 3065 2862 in
3089 2807 3208 2880 ejus
3229 2809 3347 2864 acie
3374 2809 3536 2865 nobis
3576 2810 3830 2876 adhaesit,

2235 2911 2288 2958 et
2312 2901 2670 2973 adjutorium,
2703 2890 2927 2956 Christo
2958 2899 3320 2972 gubernante,
3355 2899 3517 2956 nobis
3542 2901 3830 2972 impendit,

2236 2985 2347 3052 non
2375 2995 2540 3051 surda
2571 3008 2705 3050 aure
2730 2992 3021 3048 intendens
3048 2993 3197 3063 quod
3222 2993 3356 3050 dicit
3389 2992 3694 3064 Apostolus
3727 3015 3742 3051 :
3771 2993 3832 3052 Si

2237 3086 2495 3157 fuerimus
2557 3085 2692 3140 socii
2737 3085 3076 3156 passionum,
3139 3085 3336 3139 erimus
3390 3094 3442 3140 et
3506 3087 3834 3142 consolatio-

2236 3196 2362 3234 num
2389 3179 2445 3251 (I
2475 3178 2599 3235 Cor.
2653 3179 2714 3252 ι).
2763 3175 2870 3233 Sed
2907 3177 3037 3249 quia
3066 3177 3330 3248 Charitas,
3371 3179 3502 3236 licet
3561 3181 3706 3237 ratio
3737 3198 3835 3237 vos

2239 3271 2576 3341 consoletur,
2608 3269 2674 3326 ad
2701 3267 2944 3326 dolorem
2966 3283 3064 3325 vos
3085 3269 3333 3340 impellit,
3357 3286 3424 3326 eo
3445 3269 3595 3344 quod
3622 3279 3835 3326 tantum

2235 3361 2454 3418 Patrem
2495 3371 2720 3433 tamque
2761 3360 2920 3417 vobis
2959 3361 3156 3418 ducem
3194 3361 3352 3432 quasi
3395 3363 3564 3436 longo
3593 3373 3836 3436 tempore

2238 3456 2553 3522 amiseritis,
2573 3465 2836 3528 rogamus
2869 3470 2968 3510 vos
3003 3469 3070 3511 ex
3097 3463 3251 3526 parte
3288 3455 3692 3528 omnipotentis
3739 3453 3832 3510 Dei

2229 3541 2292 3604 et
2319 3563 2504 3604 amore
2527 3547 2674 3603 beati
2701 3545 2870 3616 Petri,
2910 3545 3182 3617 patienter
3201 3556 3522 3618 supportate
3547 3565 3672 3615 nos,
3707 3549 3834 3620 quia

2239 3642 2372 3709 cito,
2392 3640 2502 3698 Deo
2522 3641 2835 3712 adjuvantc,
2867 3655 2994 3695 eum
3032 3639 3189 3696 vobis
3224 3641 3411 3696 lzetum
3452 3643 3831 3710 remittemus;

2240 3742 2292 3788 et
2317 3747 2383 3788 ex
2411 3733 2537 3800 hoc,
2577 3727 2906 3788 auctoritate
2934 3730 3082 3786 beati
3112 3729 3258 3788 Petri
3278 3735 3658 3814 apostolorum
3686 3736 3836 3806 prin-

2242 3825 2400 3896 cipis,
2433 3824 2592 3881 nobis
2615 3825 2772 3880 valde
2805 3821 3048 3896 indignis
3087 3825 3403 3895 commissa,
3437 3826 3834 3900 indulgentiam

2241 3918 2486 3974 omnium
2516 3925 2870 3988 peccatorum
2899 3924 3210 3973 vestrorum
3255 3918 3636 3990 promittimus
3661 3930 3718 3976 et
3744 3921 3837 3976 al-

2243 4011 2571 4068 sOlutionem
2607 4024 2731 4066 cum
2767 4008 3149 4065 benedictione
3175 4010 3552 4068 concedimus.
3593 4011 3836 4068 Confidi-

2243 4103 2369 4161 mus
2395 4119 2656 4175 namque,
2688 4103 2756 4158 de
2783 4101 3180 4172 nimia~pietate
3224 4101 3494 4158 Altissimi
3519 4113 3576 4160 et
3601 4104 3673 4160 de
3701 4102 3836 4160 inef-

2245 4193 2392 4252 fabili
2431 4193 2720 4251 clementia
2761 4191 2984 4266 Reginae
3009 4193 3266 4262 caelestis,
3299 4195 3429 4266 quia
3465 4195 3617 4252 beati
3641 4179 3837 4251 Petrus

2243 4297 2299 4346 ct
2321 4287 2526 4344 Paulus
2551 4287 2734 4342 locum
2761 4294 3006 4342 vestrum
3041 4287 3278 4358 amplius
3313 4286 3474 4344 solito
3519 4289 3837 4344 custodierit

2245 4389 2300 4438 ct
2334 4380 2652 4447 tuebuntur,
2685 4378 2781 4450 qui
2830 4392 2931 4449 pro
2961 4377 3179 4434 illorum
3221 4378 3444 4436 servitio
3489 4379 3760 4437 damnum
3784 4388 3837 4435 et

2243 4469 2656 4530 incommodum
2705 4469 2908 4526 habere
2957 4469 3192 4526 videtur.
3248 4469 3640 4530 Desideramus
3691 4473 3835 4529 enim

555 4561 706 4627 dent,
730 4568 786 4616 et
816 4560 919 4616 hos
944 4558 1006 4613 Β.
1042 4557 1191 4613 Petri
1237 4557 1451 4629 gladius
1487 4555 1800 4612 devorando
1826 4553 2142 4611 confundet.
2178 4553 2224 4610 D
2249 4565 2431 4622 [acum
2457 4561 2518 4619 Β.
2547 4561 2705 4618 Pauli
2741 4569 2796 4617 et
2828 4571 3072 4618 vestrum
3115 4561 3191 4617 ita
3231 4561 3413 4632 unire,
3444 4573 3507 4620 ut
3543 4563 3694 4622 sicut
3723 4566 3834 4637 jam

557 4653 699 4721 Quid
744 4663 926 4710 autem
969 4649 1041 4708 sit
1081 4659 1265 4707 actum
1311 4649 1368 4704 in
1416 4648 1878 4722 quadragesimali
1912 4647 2134 4720 synodo,

2247 4673 2314 4712 ex
2353 4655 2518 4726 longo
2565 4661 2814 4724 tempore
2854 4649 3150 4709 Cluniacus
3187 4655 3502 4724 apostolica:
3542 4658 3663 4714 sedi
3719 4674 3836 4728 spe-

561 4747 677 4802 sive
701 4747 756 4801 in
785 4761 849 4802 ea
881 4760 1048 4818 quam
1071 4743 1127 4800 in
1157 4759 1347 4800 mense
1367 4739 1659 4798 Novembri
1686 4740 1939 4809 fecimus,
1976 4742 2148 4796 Vestri
2248 4748 2458 4804 cialiter
2505 4745 2798 4813 adhaereat,
2834 4753 2888 4801 et
2927 4744 3149 4816 speciali
3178 4743 3436 4802 Ecclesia;
3470 4748 3646 4820 hujus
3684 4751 3836 4822 adju-

561 4838 751 4894 ﬁdeles
794 4839 890 4910 qui
945 4836 1348 4903 interfuerunt,
1393 4844 1448 4892 et
1495 4844 1700 4892 nostrae
1745 4835 1941 4891 litterae
1990 4834 2149 4890 vobis
2247 4837 2391 4894 torio
2414 4845 2468 4893 et
2492 4835 2868 4894 benedictione
2897 4836 3256 4908 congaudeat.
3296 4835 3512 4894 Moveat
3561 4857 3686 4908 vos,
3730 4841 3836 4898 fra-

564 4930 750 4987 missa:
774 4931 1016 4990 indicare
1045 4939 1296 5006 possunt.
1327 4928 1438 4986 Vos
1465 4937 1647 4984 autem
1691 4927 1986 5000 dejustitia
2019 4941 2151 4983 cond
2250 4939 2362 4986 tres
2391 4927 2722 4994 charissimi,
2755 4943 2971 4984 summa
2999 4927 3218 4984 dilectio
3246 4928 3476 5000 Christi,
3503 4940 3567 4988 ut
3597 4949 3703 4990 nos
3729 4935 3834 4990 sic-

563 5017 814 5088 tldentes,
875 5034 930 5080 et
980 5027 1048 5081 de
1103 5026 1164 5080 Β.
1219 5023 1364 5080 Petri
1413 5023 1686 5094 adjutorio
1734 5030 2149 5092 prtesumentes,

564 5115 952 5173 roafortamini
979 5116 1034 5172 in
1063 5117 1298 5174 Domino
1335 5127 1388 5173 et
1421 5115 1478 5172 in
1503 5116 1744 5187 potentia
1769 5113 1988 5170 virtutis
2009 5113 2148 5183 ejus,

2253 5031 2316 5078 ut
2341 5037 2440 5079 vos
2465 5021 2614 5092 ipsos
2654 5020 2913 5094 diligatis,
2937 5029 2992 5076 et
3018 5035 3240 5076 manum
3269 5022 3526 5094 adjutorii
3554 5025 3614 5081 in
3645 5041 3835 5099 magna

2254 5123 2576 5186 tempestate
2595 5115 2790 5186 positis
2821 5113 3138 5186 porrigatis,
3167 5114 3298 5170 illud
3325 5132 3542 5188 semper
3561 5135 3679 5190 prae
3710 5135 3836 5176 ocu-

564 5213 692 5252 mnia
723 5211 768 5252 ei
815 5209 953 5252 {Mali
987 5209 1149 5252 nni-ria.
1173 5219 1223 5252 Μ
1268 5209 1448 5252 etnhili
1487 5209 1608 5252 Ὤρη
1647 5205 2008 5252 ndhmcoritis-
2043 5204 2152 5252 vim
2253 5206 2324 5252 lie
2360 5207 2668 5252 hahenlnc:
2721 5209 2862 5252 Alim-
2907 5205 3132 5252 n/lprins
3185 5225 3344 5252 mwm
3399 5220 3612 5252 nni-Min
3675 5223 3724 5252 οι
3767 5213 3836 5252 sit
