3982 5316
503 358 609 418 927

1179 359 1238 427 5:
1269 366 1598 430 caucos“
1628 367 1719 426 vn
1745 367 1949 426 rara;
1980 335 2096 426 ori

2214 367 2266 425 Μ
2292 367 2476 427 PARS
2501 368 2542 426 ι.
2573 397 2643 414 -
2672 368 3096 431 RECISTRUM.

3622 414 3635 425 ,
3675 370 3781 427 59.8

500 486 782 558 periculis,
812 487 1071 546 resistant
1100 488 1304 561 impiis,
1333 499 1387 547 et
1413 504 1514 561 pro
1534 487 1766 560 justitia'
1785 496 1841 543 et
1868 485 2097 542 veritate
2123 487 2172 545 Α
2195 487 2545 558 praecipimus
2583 488 2682 544 tibi
2712 498 2773 545 ut
2791 533 2807 559 ,
2839 491 2887 547 si
2916 492 3162 548 nondum
3194 490 3455 548 dimisisti
3492 507 3654 558 eum,
3699 506 3786 546 ac-

451 625 459 631 .
500 595 613 637 non
634 580 866 637 timeant
892 590 1126 638 mortem
1168 582 1392 639 subire?
1413 580 1554 636 Ecce
1581 580 1677 652 qui
1705 578 1877 635 Deum
1904 578 2096 634 viden-

502 684 593 731 tur
632 675 824 731 timere
846 674 931 731 vel
966 690 1175 743 amare,
1211 676 1281 731 de
1308 675 1456 731 bello
1499 672 1705 729 Christi
1740 671 1976 745 fugiunt,
2000 688 2094 729 sa-

498 764 670 824 lutem
692 765 925 822 fratrum
946 775 1283 838 postponunt
1310 777 1387 834 et,
1421 765 1635 836 seipsos
1668 770 1879 819 tantum
1902 778 2095 818 aman—
2133 786 2139 793 ν

498 868 603 928 tes,
634 859 871 932 quietem
892 861 1199 932 requirunt.
1226 858 1464 931 Fugiunt
1491 865 1764 928 pastores,
1794 855 2015 928 fugiunt
2040 866 2095 910 et
2130 888 2133 891 ‹

448 1001 453 1007 ,
499 967 669 1008 canes
711 967 940 1025 gregum
987 950 1331 1010 defensores.
1378 949 1649 1005 Invadunt
1694 963 1825 1004 oves
1865 948 2092 1017 Christi,

500 1043 654 1099 nullo
690 1043 1122 1113 contradicente,
1165 1043 1304 1115 lupi,
1353 1042 1616 1096 latrones.
1653 1039 1850 1097 Tulisti
1878 1042 1964 1098 vel
2006 1059 2095 1096 re-

500 1135 694 1206 cepisti
722 1135 918 1191 ducem
959 1137 1013 1190 in
1059 1135 1482 1191 Cluniacensem
1511 1132 1777 1203 quietem,
1814 1144 1871 1190 et
1914 1134 2093 1192 fecisti

498 1234 563 1280 ut
609 1234 829 1281 centum
860 1225 1028 1285 millia
1077 1224 1521 1281 Christianorum
1572 1233 1795 1280 careant
1842 1229 2090 1283 custode.

500 1315 659 1384 Quod
687 1318 736 1373 si
765 1326 955 1374 nostra
983 1319 1292 1374 exhortatio
1328 1316 1471 1388 apud
1513 1325 1565 1371 te
1593 1330 1788 1385 parum
1818 1318 2010 1386 valuit,
2041 1326 2095 1373 et

500 1410 817 1481 apostolicae
859 1410 1005 1465 sedis
1031 1419 1365 1481 praeceptum
1407 1408 1460 1462 in
1494 1415 1547 1463 te
1588 1407 1950 1463 obedientiam
1982 1424 2093 1464 non

500 1500 732 1571 invenit,
755 1518 856 1559 cur
883 1503 1117 1575 gemitus
1143 1516 1475 1573 pauperum,
1504 1499 1759 1571 lacrymte
1779 1499 2091 1570 viduarum,

502 1593 807 1651 devastatio
833 1594 1214 1660 ecclesiarum,
1255 1593 1463 1649 clamor
1509 1590 1906 1662 orphanorum,
1936 1592 2094 1648 dolor

496 1693 559 1743 et
584 1701 838 1741 murmur
863 1685 1212 1741 εαοθηιοιιιιη
1251 1693 1307 1740 et
1336 1681 1739 1737 monachorum
1770 1690 1822 1737 te
1848 1698 1956 1738 non
1981 1692 2094 1739 ter-

503 1786 752 1844 ruerunt,
781 1785 844 1832 ut
875 1776 1009 1833 illud
1047 1776 1194 1847 quod
1239 1774 1536 1847 Apostolus
1564 1772 1697 1829 dicit
1723 1789 1832 1829 non
1871 1784 2094 1846 postpo—

496 1874 684 1936 hcrcs,
714 1868 966 1924 videlicet
1007 1886 1021 1922 :
1063 1866 1317 1923 Charitas
1349 1879 1468 1937 qua:
1508 1880 1609 1919 sua
1649 1872 1771 1918 sunt
1808 1880 1914 1919 non
1949 1881 2095 1936 qua:-

464 1986 469 1991 ο
502 1963 576 2017 rit
608 1961 671 2034 (1Δ
691 1960 817 2018 Cor.
846 1959 1002 2031 x111);
1032 1967 1090 2015 et
1114 1960 1246 2016 illud
1264 1960 1319 2014 in
1344 1957 1532 2024 corde,
1561 1963 1624 2010 ut
1638 1955 1803 2023 soles,
1829 1956 2088 2012 haberes:

504 2054 609 2120 Qui
653 2052 831 2125 diligit
882 2052 1187 2124 proximum
1224 2050 1389 2123 legem
1433 2046 1670 2118 implevit
1724 2046 1900 2120 (Rom.
1945 2047 2089 2117 χιιι).

504 2144 647 2212 Quid
670 2144 767 2199 tibi
787 2144 970 2198 dicent
985 2140 1218 2215 [dicunt]
1243 2140 1302 2196 B.
1330 2138 1676 2206 Benedictus,
1698 2148 1755 2195 et
1773 2137 2090 2212 Gregorius,

504 2252 742 2308 quorum
766 2235 903 2290 alter
931 2234 1177 2306 praecipit
1195 2240 1256 2288 ut
1276 2247 1372 2303 per
1396 2246 1603 2286 annum
1635 2230 1897 2301 probetur
1940 2230 2096 2287 novi-

505 2311 638 2395 titis,
668 2328 805 2383 alter
825 2340 955 2383 vero
973 2326 1227 2397 prohibet
1250 2333 1310 2381 ut
1329 2332 1456 2379 ante
1484 2322 1782 2378 triennium
1804 2323 1963 2380 miles
1983 2340 2094 2381 non

504 2419 771 2475 eiiiciatur
795 2417 1145 2473 monachus?
1172 2415 1302 2471 llaec
1323 2414 1448 2470 ideo
1473 2412 1730 2480 dicimus,
1762 2414 1913 2497 quia,
1944 2414 2094 2484 quod

505 2512 599 2567 vix
627 2511 827 2582 aliquis
855 2511 1115 2581 princeps
1139 2511 1322 2565 bonus
1345 2506 1642 2575 invenitur,
1673 2507 1946 2563 dolemus.
1979 2508 2094 2564 Mo-

504 2603 670 2659 llaClll
700 2617 853 2670 vero,
885 2600 997 2657 Deo
1033 2601 1352 2667 miserante,
1376 2596 1689 2654 sacerdotes
1715 2605 1772 2653 et
1798 2598 2022 2665 milites,
2040 2607 2095 2655 et

466 2690 469 2691 ⁷
505 2712 619 2752 non
648 2694 811 2767 pauci
851 2709 1142 2765 pauperes,
1170 2709 1270 2765 per
1297 2691 1512 2747 diversa
1554 2688 1676 2744 loca
1704 2688 1799 2760 qui
1822 2688 1994 2745 Deum
2026 2690 2095 2745 t3-

505 2796 659 2844 ment
684 2786 1064 2858 reperiuntur;
1111 2783 1387 2856 principes
1414 2788 1597 2837 autem
1628 2778 1800 2836 Deum
1838 2780 2094 2837 timentes

504 2892 561 2939 et
589 2890 837 2938 amantes
866 2879 921 2935 in
951 2886 1067 2935 toto
1093 2875 1386 2935 Occidente
1404 2874 1496 2931 vix
1527 2873 1695 2944 aliqui
1718 2874 2089 2929 inveniuntur.

498 2973 826 3031 Omittimus
842 2973 957 3044 jam
985 2971 1053 3028 de
1079 2971 1185 3027 hac
1202 2985 1264 3025 re
1289 2967 1386 3025 tibi
1412 2966 1673 3034 scribere,
1703 2966 1832 3036 quia
1856 2965 2091 3034 conﬁdo,

495 3069 575 3126 de
603 3064 981 3124 misericordia
1009 3062 1128 3132 Dei,
1156 3061 1400 3119 eharitas
1419 3057 1627 3114 Christi
1649 3073 1774 3130 quae
1800 3058 1857 3113 in
1884 3065 1937 3113 te
1959 3057 2097 3114 solet

498 3159 755 3217 habitare
798 3171 888 3213 me
932 3153 1266 3211 vindicando
1308 3167 1406 3208 cor
1449 3158 1608 3205 tuum
1652 3147 1999 3216 transfodiet,
2040 3156 2096 3204 et

506 3259 752 3323 quantus
795 3246 935 3304 mihi
981 3246 1141 3303 dolor
1174 3258 1298 3301 esse
1337 3242 1532 3298 debeat
1572 3240 1641 3296 de
1668 3241 1816 3296 bono
1850 3240 2097 3310 principe

502 3341 693 3397 ablato
718 3338 881 3395 matri
912 3351 1027 3393 sua:
1056 3334 1325 3392 ostendet.
1357 3331 1515 3400 Quod
1536 3330 1584 3387 si
1612 3346 1725 3386 non
1752 3330 1846 3386 illo
1873 3331 2025 3402 pejor
2044 3331 2096 3386 ei

500 3432 779 3491 successit
796 3432 853 3486 in
880 3428 1169 3503 regimine,
1210 3440 1508 3497 possumus
1535 3422 1737 3478 habere
1760 3422 2097 3479 consolatio-

509 3541 657 3583 nem.
687 3524 955 3580 Prteterea
995 3534 1287 3576 monemus
1321 3514 1720 3572 fraternitatem
1750 3521 1925 3582 tuam,
1958 3525 2020 3571 ut
2041 3514 2097 3569 in

504 3618 712 3674 talibus
732 3614 953 3672 cautius
968 3620 1034 3668 te
1048 3611 1272 3678 habeas,
1300 3607 1668 3677 omnibusque
1696 3606 1992 3665 virtutibus
2013 3605 2098 3663 di-

509 3687 801 3768 lectionem
818 3766 825 3772 _
842 3706 941 3762 Dei
967 3713 1021 3761 et
1067 3702 1304 3776 proximi
1346 3714 1652 3772 pracponas.
1685 3696 1813 3754 Haec
1849 3698 2016 3754 etiam
2045 3706 2103 3754 te

509 3801 840 3873 compellant
865 3807 925 3853 ut
953 3811 1178 3852 manum
1204 3791 1470 3850 orationis
1496 3789 1654 3845 nobis
1674 3789 1945 3861 porrigas,
1976 3804 2098 3845 om-

510 3910 721 3967 nesque
734 3892 931 3949 fratres
954 3889 1052 3945 tibi
1071 3887 1307 3944 creditos
1334 3885 1403 3940 ad
1425 3885 1529 3939 hoc
1549 3898 1851 3954 provocare
1875 3883 2097 3939 studeas

510 3996 576 4045 ut
614 3985 879 4043 merearis
907 3984 976 4039 de
1006 3982 1211 4038 virtute
1252 3979 1306 4035 in
1352 3978 1614 4034 virtutem
1654 3976 1921 4047 proﬁcere
1947 3986 2003 4034 et
2027 3978 2097 4034 ad

509 4077 901 4152 perfectionem
934 4089 1164 4131 summm
1192 4068 1477 4128 charitatis
1504 4067 1811 4139 pervenire.

582 4170 717 4226 Data
765 4168 973 4236 Romrc,
1024 4172 1222 4238 quarto
1266 4161 1452 4218 Nonas
1503 4158 1771 4229 Januarii,
1802 4159 2065 4216 indiction

511 4262 773 4320 secunda.

1012 4367 1365 4425 EPISTOLA
1402 4365 1589 4422 XVlll.

764 4503 829 4543 AD
865 4499 1149 4542 ετιιιιιυυιι
1182 4496 1474 4537 εριεεοιιωι
1509 4495 1846 4537 PARMENSEI.
1929 4550 1935 4555 ν

788 4560 791 4565 ’
1113 4573 1294 4644 (Anno
1318 4572 1501 4644 1079.)

515 4673 701 4742 Argnit
730 4670 868 4743 quod
896 4668 1137 4743 abbatem
1171 4665 1242 4719 ad
1279 4664 1536 4743 synodum
1566 4665 1860 4743 venientem.
1878 4665 2094 4743 ceperit.

584 4738 752 4797 anct'
769 4752 825 4796 ut
845 4756 964 4795 cum
990 4738 1249 4793 dimittat.

584 4813 699 4869 nali
731 4813 895 4882 adicio
922 4808 1225 4888 suspendit,
1251 4821 1518 4888 quousque
1560 4804 2010 4888 {lquidnlllf‘elli‘UL
2036 4804 2095 4861 Si

586 4900 691 4939 non
719 4876 977 4954 pdruerit,
1000 4876 1238 4934 ecclesia:
1261 4876 1540 4932 introitum
1563 4876 1855 4931 interdicit.

586 4997 896 5056 GREGORIUS
964 4993 1285 5065 episcopus,
1361 5005 1587 5069 servus.
1627 5006 1911 5049 servorum
1969 4991 2096 5060 Dei,

467 5130 482 5140 .
515 5090 773 5147 Evunno
804 5084 1140 5160 [EVERABDO]
1166 5083 1452 5140 Parmensi
1486 5083 1761 5155 episcopo.

1340 4734 1642 4818 uumobrc‘m
1667 4752 1786 4790 eum
1807 4735 1871 4790 ab
1894 4734 2097 4818 apisci}:
2162 4736 2163 4739 “

2196 579 2369 648 ceptis
2406 579 2495 636 his
2533 580 2731 638 litteris
2765 583 3028 639 continuo
3049 599 3176 639 cum
3199 583 3413 640 honore
3441 584 3673 656 perduci
3698 581 3781 639 fa-

2196 670 2314 727 cias
2341 672 2410 726 ad
2449 671 2784 729 Mathildem.
2826 674 3048 732 interim
3074 691 3207 731 vero
3226 677 3298 732 ah
3329 677 3633 748 episcopali
3662 676 3783 731 om-

2196 762 2301 820 cio.
2349 773 2575 834 propter
2624 765 2730 821 hoc
2773 768 2920 837 quod
2951 768 3107 823 illum
3154 776 3469 824 remoratus
3494 784 3577 836 es,
3624 768 3786 823 abstio

2196 870 2348 922 neas,
2366 871 2655 927 usquequo
2679 859 2748 913 ad
2775 875 2876 915 nos
2904 860 3022 931 ipse
3047 856 3379 929 venias;sin
3402 870 3617 927 autem,
3638 862 3784 931 quod

2195 961 2306 999 non
2345 961 2654 1016 speramus,
2704 965 2882 1022 neque
2925 952 3012 1007 his
3033 953 3309 1009 mandatis
3348 953 3577 1020 nOStris,
3610 962 3672 1007 ut
3696 953 3781 1007 di-

2196 1036 2382 1093 mittas
2430 1038 2656 1107 scilicet,
2700 1042 3079 1114 obtemperare
3112 1045 3381 1113 volueris,
3415 1045 3665 1101 ecclesiae
3697 1044 3781 1098 in-

2196 1130 2422 1186 troitum
2465 1134 2691 1189 omnino
2728 1135 2825 1191 tibi
2866 1152 2935 1191 ex
2980 1145 3138 1207 parte
3176 1138 3321 1194 beati
3361 1137 3514 1193 Petri
3559 1137 3785 1193 interdi-

2195 1237 2395 1278 CIIDUS.

2263 1313 2400 1371 Data
2449 1316 2505 1372 in
2547 1319 2777 1390 synodo,
2807 1319 3020 1375 decimo
3063 1331 3220 1377 sexto
3263 1322 3542 1379 Kalendas
3584 1321 3781 1392 Martii,

2195 1407 2493 1465 indictione
2521 1412 2780 1468 secunda.

2732 1502 3069 1560 EPISTOLA
3106 1503 3248 1562 XIX.

2515 1608 2582 1647 Αι)
2612 1609 2971 1650 ιιΑιιειιΑΧΝωι
3003 1613 3325 1665 Utnsntccu,
3357 1606 3464 1654 etc.

2799 1684 2984 1758 (Anno
3014 1687 3196 1759 1079.)

2197 1774 2264 1829 In
2298 1776 2498 1846 synodo
2528 1777 3038 1856 deﬁnitumnasscrit
3080 1782 3254 1856 quod,
3278 1783 3383 1838 nisi
3411 1786 3636 1856 triginta
3674 1788 3786 1841 die-

2126 1835 2170 1892 B
2265 1835 2382 1927 rain
2407 1835 2604 1917 spatio.
2621 1851 2757 1927 bona
2804 1849 3067 1927 Ecclesia;

2260 1918 2390 1985 rint,
2423 1920 2958 1976 excommunicationi
2983 1923 3313 1993 subjaccant.

2265 2010 2575 2067 Cncconws
2594 2012 2907 2085 episcopus,
2936 2030 3129 2072 servus
3152 2032 3439 2074 servorum
3460 2019 3582 2085 Dei,
3606 2018 3784 2075 Han:-

2193 2117 2389 2170 uaxno,
2417 2100 2717 2173 ULnnatco,
2745 2101 3076 2176 Faunumco,
3100 2107 3379 2166 Hammo
3410 2110 3712 2183 [Muzolino
3732 2122 3781 2167 et

2193 2193 2270 2247 sic
2305 2191 2498 2267 infra],
2532 2194 2859 2253 Cenaeum
2899 2196 3266 2274 [Cotebaldo],
3312 2202 3587 2260 militibus
3618 2203 3781 2260 Bam-

2192 2282 2476 2356 bergensis
2499 2287 2766 2343 ecclesia.

2264 2374 2636 2436 intelleximus
2658 2380 2866 2453 jamdiu
2889 2385 3036 2455 quod
3056 2400 3175 2453 vos,
3206 2386 3414 2443 scilicet
3436 2386 3782 2447 Haremanne

2193 2477 2248 2524 ct
2276 2466 2550 2539 Ulderice,
2587 2474 2876 2544 accepistis
2902 2476 3048 2533 bona
3085 2479 3257 2548 ipsius
3284 2481 3534 2537 ecclesia:
3571 2498 3673 2553 pro
3700 2484 3783 2538 in-

2192 2563 2365 2618 troitu
2422 2562 2842 2637 Bambergensis
2894 2570 3139 2641 episcopi
3201 2571 3396 2628 He.....
3436 2573 3782 2648 (Hermanni)

2189 2655 2308 2727 jam
2362 2657 2620 2728 depositi,
2661 2661 2919 2732 quodque
2965 2678 3087 2731 vos,
3135 2663 3446 2735 Frederice,
3495 2666 3780 2736 Mazeline,

2194 2744 2448 2817 Herolde,
2497 2748 2756 2819 Wirinto,
2800 2761 2925 2822 post
2967 2753 3115 2809 illius
3156 2757 3781 2815 excommunicationem

2196 2839 2266 2894 ab
2294 2839 2398 2895 hac
2422 2840 2550 2896 sede
2576 2842 2719 2897 bsna
2748 2844 2996 2914 ejusdem
3033 2844 3294 2904 Ecclesiae
3338 2850 3411 2904 ab
3435 2865 3506 2906 eo
3531 2852 3783 2908 similiter

2195 2929 2504 3000 accepistis.
2536 2929 2910 2991 Intelleximus
2933 2935 3098 2991 etiam
3128 2937 3536 3009 te,Gotcbolde,
3561 2944 3782 3014 quando

2196 3028 2391 3089 captus
2416 3021 2705 3078 tenebatur
2726 3024 3037 3096 episcopus,
3060 3026 3177 3099 jam
3200 3041 3519 3087 memorata:
3544 3034 3783 3091 ecclesia

2196 3111 2343 3168 bona
2370 3114 2440 3170 de
2479 3131 2649 3172 manu
2692 3119 2836 3189 regis
2875 3122 3171 3192 accepisse.
3207 3123 3408 3183 Sciatis
3444 3128 3615 3200 igitur
3639 3131 3695 3186 in
3719 3144 3782 3186 eo

2122 3195 2165 3253 C
2197 3205 2431 3262 concilio
2457 3208 2606 3278 quod
2635 3225 2811 3281 nuper
2843 3212 3241 3271 celebravimus
3261 3226 3343 3284 ut,
3368 3195 3492 3274 nisi
3507 3221 3652 3276 inter
3670 3230 3782 3277 ter—

2195 3298 2408 3354 minum
2453 3300 2646 3373 viginti
2698 3303 2937 3371 dierum,
2986 3315 3282 3378 postquam
3318 3311 3440 3367 haec
3496 3313 3785 3385 legationis

2195 3401 2398 3448 nostrae
2422 3394 2588 3449 verba
2616 3395 2683 3451 ad
2710 3404 2923 3453 vestras
2948 3413 3112 3456 aures
3142 3414 3517 3473 pervenerint,
3549 3422 3642 3462 res
3672 3408 3782 3479 jam

2196 3483 2355 3540 diem
2380 3483 2654 3566 Ecclesiae,
2683 3503 2823 3558 quas
2850 3488 3055 3561 injuste
3083 3491 3359 3561 detinetis,
3403 3508 3501 3552 aut
3539 3499 3784 3555 reddide-

2196 3576 2320 3632 ritis
2346 3586 2443 3633 aut
2469 3578 2536 3633 de
2569 3595 2737 3636 manu
2765 3582 3009 3654 episcopi
3043 3588 3385 3657 acceperitis,
3416 3592 3669 3663 periculo
3692 3609 3785 3649 cx-

2197 3668 2715 3728 communicationis
2745 3672 3094 3743 subjaceatis.
3144 3675 3202 3731 Si
3230 3694 3361 3735 vero
3398 3682 3785 3753 resipiscentes

2197 3758 2264 3812 ad
2294 3758 2610 3829 episcopum
2637 3763 2917 3832 veneritis,
2947 3775 3004 3821 et
3046 3782 3189 3839 saepe
3216 3770 3503 3828 nominata
3536 3774 3680 3831 bona
3706 3792 3784 3830 re-

2198 3851 2509 3920 stitueritis,
2548 3852 2710 3909 liceat
2754 3855 3012 3928 episcopo
3057 3874 3156 3917 vos
3199 3866 3785 3923 excommunicationis

2196 3943 2417 3999 vinculo
2446 3945 2674 4003 solvere.

2274 4032 2408 4090 Data
2456 4037 2511 4090 in
2553 4038 2784 4110 synodo,
2832 4040 3048 4096 det-imo
3088 4044 3250 4100 tertio
3278 4045 3558 4106 Kalendas
3588 4050 3783 4123 Martii,

2198 4122 2494 4182 indictione
2525 4144 2583 4182 ιι.

2744 4240 3085 4301 EPISTULA
3116 4247 3237 4304 XX.

2637 4350 2705 4391 AD
2734 4351 3054 4395 CENTULLUI
3087 4356 3348 4400 COIITEI.

2789 4426 2970 4499 (Anno
3010 4429 3193 4504 1079.)

2130 4553 2176 4609 Β
2204 4517 2504 4573 Prwclaras
2558 4478 2806 4609 uirtutes“
2823 4520 3010 4591 quibus
3060 4478 3318 4606 praeditus
3349 4539 3469 4584 erat
3512 4531 3789 4605 denigure

2267 4606 2387 4665 cum
2410 4590 2607 4665 asserit
2629 4634 2640 4653 ,
2691 4590 2841 4665 dum
2872 4590 3316 4665 consanguineam
3360 4616 3521 4655 suam
3574 4590 3786 4659 ιεὼς-ειη

2267 4660 2499 4742 haberet.
2567 4658 2781 4743 διηέριαι⁸
2816 4670 2874 4743 u_t
2922 4681 2957 4717 α
3005 4658 3152 4719 tanta
3200 4668 3441 4737 facinore
3502 4658 3785 4743 abstineat,

2269 4732 2537 4802 episcopos
2567 4742 2614 4785 ct
2650 4730 2946 4787 Ecclesium
2972 4730 3257 4793 veneretur.

2269 4823 2581 4880 GBEGORIUS
2605 4824 2916 4897 episcopus,
2949 4843 3144 4886 servus
3174 4846 3464 4892 servorum
3493 4837 3616 4910 Dei,
3652 4842 3783 4898 Cas-

2202 4931 2375 4972 TULLO
2399 4916 2586 4971 comiti
2618 4917 2847 4973 salutem
2868 4928 2921 4974 et
2943 4922 3300 4992 apostolicam
3323 4926 3779 4990 benedictionem.

2270 5005 2597 5063 Audivimus
2624 5008 2688 5064 de
2723 5019 2776 5064 te
2802 5024 2901 5081 per
2935 5012 3072 5071 tales
3099 5017 3298 5087 quibus
3326 5019 3491 5077 fidem
3522 5025 3782 5083 habemus

2201 5113 2265 5154 ea
2297 5115 2424 5171 quae
2454 5100 2828 5158 Christianum
2862 5105 3163 5174 principem
3203 5111 3363 5170 bonis
3400 5119 3667 5174 omnibus
3695 5121 3782 5174 de.
