3982 5316
1336 433 1540 490 LIBER
1569 433 1861 491 SEXTUS.
1890 466 1963 477 --
1989 436 2207 495 EPIST.
2237 439 2423 496 XXIII.

3381 444 3500 501 550

218 544 601 614 culpaistius.
623 553 815 603 catera
828 562 1167 619 quacunque
1182 548 1298 618 agis
1322 549 1462 603 bona
1479 548 1810 620 dispeream.
1842 552 1890 611 Α
1915 550 2069 607 vobis
2096 552 2337 609 cbaritas
2375 563 2562 610 nostra
2605 562 3028 624 reprasentatnr
3069 562 3124 609 et
3162 556 3489 621 auctoritas,

212 638 334 706 Age
364 655 519 708 ergo,
558 644 621 695 et
660 640 962 694 secundum
1009 637 1300 695 consilium
1341 639 1523 695 Amati
1569 640 1808 710 episcopi

214 726 503 783 Elorensis
530 738 592 783 tl.
616 727 874 785 Bernardi
902 728 1259 787 Massiliensis
1282 731 1513 797 abbatis,
1540 731 1810 800 siquidem

211 817 285 871 ad
314 827 532 872 vestras
553 832 743 887 partes
771 820 972 888 poterit
1008 820 1316 890 pervenire,
1344 821 1662 890 praedictum
1688 837 1817 876 rea-

212 915 334 961 tum
367 907 691 973 emendare,
723 917 777 963 et
826 909 1203 979 paenitentiam
1255 910 1381 965 inde
1415 925 1579 980 agere
1628 911 1807 977 stude,

203 1011 285 1049 ne
306 1012 408 1067 pro
432 997 543 1052 hoc
581 998 826 1052 animam
860 1007 1010 1054 tuam
1054 999 1267 1070 perdas,
1293 1009 1346 1054 et
1371 1000 1607 1054 nobilem
1648 1000 1808 1055 ferui-

210 1102 368 1154 nam,
398 1103 529 1159 qua
550 1089 658 1143 sub
688 1090 855 1145 tutela
892 1099 985 1145 tua
1013 1098 1097 1146 est
1139 1090 1433 1147 commissa
1480 1088 1804 1146 confundas.

207 1177 357 1231 Ante
385 1179 576 1232 omnia
608 1176 913 1234 Ecclesiam
956 1178 1051 1235 Dei
1085 1180 1333 1235 venerari
1363 1196 1579 1251 semper
1613 1188 1668 1234 et
1705 1180 1806 1234 ho-

210 1283 417 1324 norare
463 1280 632 1340 atque
675 1271 965 1327 defendere
1011 1272 1189 1338 stude,
1233 1280 1289 1326 et
1330 1271 1604 1343 episcopis
1647 1270 1806 1342 quasi

212 1354 474 1415 Patribus
511 1360 626 1415 tuis
666 1360 1027 1415 reverentiam
1077 1369 1133 1416 et
1174 1359 1536 1416 obedientiam
1589 1360 1802 1415 exhibe.

212 1448 375 1504 Scias
402 1466 505 1518 pro
536 1451 641 1506 hoc
680 1460 733 1505 te
751 1459 806 1505 et
840 1450 896 1505 in
933 1451 1038 1506 hoc
1063 1451 1267 1506 saculo
1293 1451 1557 1522 majorem
1574 1450 1803 1520 gloriam

209 1551 266 1595 et
291 1542 347 1595 in
381 1540 570 1596 futuro
603 1542 775 1596 vitam
800 1542 1098 1611 promereri
1120 1552 1455 1613 perpetuam.
1485 1540 1543 1597 Si
1576 1541 1805 1596 facultas

210 1631 313 1685 tibi
339 1640 486 1685 esset
511 1632 771 1686 veniendi
795 1632 861 1687 ad
886 1648 1006 1699 nos,
1050 1633 1487 1689 desideraremus
1530 1643 1584 1689 te
1622 1633 1805 1689 videre

210 1737 280 1775 ac
302 1721 516 1790 plenius
553 1721 621 1777 de
646 1722 847 1778 anima
873 1732 980 1779 tua
1003 1724 1177 1779 salute
1207 1725 1498 1780 instruere.

283 1812 423 1868 Data
463 1813 678 1884 Roma,
726 1814 920 1886 quinto
959 1814 1088 1872 Idus
1130 1814 1330 1884 Martii,
1380 1815 1675 1873 indictione
1709 1831 1805 1873 se-

208 1904 412 1960 ennda.

754 2016 1271 2093 srisrompxxr.

760 2127 830 2166 AD
865 2128 1258 2169 ARELATENSES.

814 2203 997 2276 (Anno
1026 2204 1211 2277 l079.)

208 2290 556 2366 Reprehendit
585 2310 676 2347 eos
706 2294 858 2350 nulla
886 2312 1012 2366 pene
1052 2314 1181 2351 cura
1205 2297 1407 2353 moveri
1438 2313 1588 2352 suam
1618 2296 1806 2353 Eccle-

280 2364 418 2417 εὸσα
442 2374 662 2438 pastore
685 2382 797 2421 esse
815 2364 1147 2422 destitutam.
1170 2367 1458 2438 Propterea
1481 2367 1807 2438 Wapiacen-

281 2449 391 2487 sem
429 2436 740 2511 episcopum
782 2438 969 2511 mittit,
1011 2447 1070 2493 ut
1112 2447 1206 2493 aut
1247 2436 1551 2509 episcopum
1578 2436 1807 2511 eligant,

283 2512 374 2556 aut
399 2506 789 2579 promittantse
809 2509 864 2561 in
885 2517 1148 2579 pastorem
1170 2506 1499 2579 suscepturus
1518 2506 1802 2579 quenicltn-l

280 2589 379 2656 que
407 2576 518 2644 ipse
544 2576 730 2656 adeo:
760 2576 985 2656 miserit.
1006 2577 1212 2656 Qatera
1232 2576 1353 2650 qua:
1378 2576 1603 2634 dicenda
1628 2580 1802 2650 forent

277 2646 521 2716 episcopo
554 2646 855 2716 iniunxisse
878 2650 1167 2721 signiﬁcat.
1196 2720 1199 2721 ν

280 2734 594 2794 ϐιιεοιωδ
619 2738 933 2810 episcopus,
971 2756 1166 2797 servus
1192 2756 1475 2796 servorum
1510 2739 1629 2808 Dei,
1672 2741 1802 2797 uni-

208 2840 371 2882 verso
395 2829 548 2884 clero
569 2837 628 2885 et
673 2832 876 2902 populo
919 2831 1255 2889 Arelatensis
1280 2832 1538 2890 Ecclesia
1564 2834 1797 2889 salutem

209 2925 268 2975 et
288 2921 650 2991 apostolicam
680 2923 1140 2983 benedictionem.

285 3009 562 3077 Quoniam
617 3017 833 3073 sublata
876 3017 1138 3088 pastorali
1185 3016 1433 3073 custodia
1486 3016 1637 3089 gregi
1686 3032 1799 3072 non

209 3117 375 3172 parva
397 3104 690 3164 imminere
714 3110 1119 3180 perpendimus,
1143 3110 1315 3165 multa
1336 3125 1436 3180 pro
1463 3109 1621 3166 vobis
1642 3109 1798 3165 solli-

211 3195 453 3254 citudine
488 3200 768 3270 angimur,
792 3200 965 3256 multo
986 3201 1174 3257 dolore
1202 3200 1622 3271 eompungimur
1648 3198 1795 3271 quod

212 3286 516 3346 Ecelesiam
538 3300 782 3347 vestram
820 3293 1010 3348 tandiu
1033 3293 1314 3364 vigilantia
1352 3292 1587 3363 pastoris
1613 3301 1670 3348 et
1706 3308 1798 3348 re-

210 3380 413 3451 gimine
433 3384 622 3439 idonei
655 3384 1042 3456 gubernatoris
1070 3386 1388 3442 destitutam
1425 3400 1549 3440 esse
1587 3400 1796 3455 cogno-

210 3474 439 3533 scimus.
480 3475 642 3542 Quod
683 3477 740 3532 in
785 3477 890 3533 hac
914 3492 976 3533 re
1015 3478 1200 3534 minus
1237 3493 1404 3548 quam
1443 3485 1664 3547 oportet
1698 3491 1799 3532 vos

210 3579 331 3621 esse
368 3568 663 3637 sollicitos,
706 3568 821 3624 imo
860 3568 1019 3639 quasi
1059 3569 1293 3640 prepria
1331 3568 1526 3625 salutis
1570 3568 1794 3636 oblitos,

210 3659 355 3714 nulla
389 3677 531 3731 pene
555 3677 689 3716 cura
711 3661 794 3716 vel
824 3661 1109 3718 alfectione
1130 3671 1408 3732 permotos
1433 3661 1797 3732 deprehendi-

210 3768 355 3818 mus,
369 3752 601 3822 majoris
625 3753 785 3809 nobis
811 3753 1046 3809 tristitia
1061 3770 1228 3810 causa
1250 3754 1522 3821 consistit,
1535 3754 1799 3825 quoniam

208 3843 578 3912 pemiciOsius
604 3842 719 3899 fere
740 3844 877 3899 nihil
896 3853 982 3901 est
1008 3861 1173 3916 quam
1197 3853 1390 3900 contra
1411 3846 1553 3901 mala
1594 3861 1798 3917 urgen-

209 3932 284 3986 tia
312 3932 467 3986 nulla
490 3933 703 3988 ratione
729 3948 1082 4005 consurgere,
1107 3943 1161 3991 et
1187 3952 1301 3991 sua
1320 3936 1485 3992 saluti
1527 3936 1583 3991 in
1613 3951 1800 4007 supre-

209 4039 302 4078 mo
330 4024 657 4081 discrimine
686 4034 785 4081 aut
816 4028 1027 4084 nescire
1054 4036 1150 4084 aut
1178 4029 1321 4085 nolle
1349 4030 1657 4086 consulere.
1701 4029 1799 4088 His

207 4116 398 4187 itaque
425 4118 598 4185 curis,
620 4135 686 4174 ac
705 4127 873 4176 tanta
890 4121 1243 4178 desolationis
1273 4132 1471 4179 vestra
1491 4139 1659 4179 causa
1699 4124 1800 4180 sti—

206 4211 476 4276 mulante,
506 4212 763 4269 misimus
785 4212 854 4268 ad
872 4228 972 4268 vos
994 4212 1216 4273 fratrem
1248 4223 1522 4283 nostrum,
1547 4216 1801 4272 videlicet

207 4297 611 4371 Leodegarium
660 4301 1083 4375 Wapiucensem
1138 4305 1485 4377 episcopum,
1527 4316 1800 4377 quatenus

207 4411 336 4451 cum
365 4395 519 4452 illius
562 4395 799 4454 consilio
837 4406 932 4455 aut
973 4399 1138 4455 talem
1173 4414 1464 4468 personam
1496 4399 1799 4455 secundum

207 4483 382 4541 Deum
403 4487 641 4559 eligatis,
674 4506 844 4560 quam
873 4491 1115 4547 vicarius
1152 4499 1340 4547 noster
1385 4490 1542 4563 Hugo
1582 4490 1799 4549 Diensis

1914 641 2155 698 scientes
2200 645 2460 715 quoniam
2500 644 2762 717 quidquid
2811 663 2877 701 ex
2927 656 3180 716 utroque,
3241 644 3352 701 Deo
3390 662 3485 702 au-

1912 741 2086 801 ctore,
2118 735 2381 792 debemus
2407 746 2461 790 et
2482 738 2797 806 possumus,
2824 738 2889 793 ad
2912 737 3217 808 profectum
3245 747 3495 794 vestrum

1910 825 2068 882 vobis
2093 828 2350 883 exhibere
2383 839 2686 900 promptam
2715 838 2770 884 et
2798 828 3125 885 indefessam
3152 831 3486 887 voluntatem

1910 916 2173 987 gerimus.
2197 918 2405 974 Catera
2426 936 2548 990 qua
2568 920 2793 976 dicenda
2816 930 2944 975 sunt
2974 920 3127 976 fratri
3149 930 3336 977 nostro
3355 918 3482 977 Leo-

1909 1007 2133 1079 degario
2163 1010 2522 1081 injunximus,
2546 1012 2633 1066 cui
2663 1011 2938 1084 legationi,
2972 1024 3236 1082 quantum
3283 1014 3350 1069 ad
3381 1014 3513 1069 hoc-

1908 1101 2144 1169 pertinet
2169 1101 2470 1173 negotium,
2496 1103 2569 1157 ita
2596 1104 2722 1157 volo
2747 1113 2806 1159 ut
2843 1105 3078 1160 credatis
3098 1121 3163 1162 ac
3190 1106 3237 1162 si
3264 1123 3297 1161 a
3326 1106 3503 1162 nobis.

1908 1191 2029 1245 viva
2065 1207 2199 1246 voce
2227 1192 2284 1247 in
2314 1193 2541 1249 auribus
2569 1196 2767 1251 vestris
2806 1195 3139 1252 dicerentur.

1981 1282 2115 1337 Data
2139 1281 2346 1351 Roma,
2377 1283 2495 1340 Kal.
2527 1285 2725 1353 Martii,
2757 1287 2868 1342 ind.
2901 1305 2960 1343 tr.

2423 1386 2760 1473 EPISTULA
2796 1388 2961 1444 xx".

2314 1495 2382 1534 AD
2417 1494 2736 1535 COIITISSAM
2770 1497 3101 1536 )IA‘I'IIILDEI.

2495 1572 2676 1646 (Anno
2708 1572 2891 1644 1079.)

1906 1655 2201 1732 Respondet
2243 1677 2400 1730 super
2423 1661 2667 1732 confugio
2714 1661 3023 1717 Theodorici
3058 1661 3209 1716 ducis
3251 1670 3301 1717 et
3330 1678 3513 1731 super

1971 1729 2085 1804 ejus
2110 1729 2599 1787 intromissione'de
2627 1733 2982 1804 componenda
3015 1733 3154 1787 inter
3174 1749 3229 1786 se
3255 1742 3304 1785 et
3340 1729 3511 1786 lien--

1972 1800 2143 1883 ricam
2174 1817 2344 1883 regent
2392 1819 2519 1873 pace
2591 1813 2641 1858 et
2674 1800 2752 1857 de
2789 1804 2920 1860 duce
2965 1804 3419 1858 emnmunicato
3448 1819 3484 1855 α

1836 1886 1880 1941 Β
1979 1869 2201 1926 Μειεηεί
2228 1869 2495 1944 episcopo.

1970 1959 2281 2021 Caesonius
2306 1965 2615 2039 episcopus,
2647 1980 2839 2021 servus
2871 1979 3155 2021 servorum
3186 1962 3303 2031 Dei,
3345 1963 3493 2021 (ιίιθι

1902 2063 2005 2110 cla
2029 2052 2087 2108 in
2113 2052 2335 2109 Christo
2355 2054 2479 2110 tilia
2500 2053 2773 2110 Murrum
2799 2054 3031 2111 salutem
3051 2063 3111 2110 et
3126 2053 3493 2124 apostolicam

1902 2144 2354 2201 benedictionem.

1973 2236 2246 2303 Quoniam
2293 2235 2465 2292 animi
2515 2235 2694 2292 nostri
2734 2236 3070 2293 voluntatem
3110 2250 3275 2305 super
3317 2250 3486 2291 ca.re

1901 2328 2044 2386 seire
2071 2329 2318 2400 cupiens,
2349 2327 2550 2386 misisti
2590 2328 2752 2385 nobis
2778 2328 2924 2399 quod
2960 2326 3335 2384 Theodericus
3371 2327 3485 2383 dux

1901 2428 2119 2491 optaret
2157 2420 2261 2475 sibi
2313 2421 2572 2494 conjugio
2600 2420 2878 2492 copulare
2925 2419 3205 2492 quondam
3255 2433 3483 2476 uxorem

1901 2512 2237 2568 marchionis
2256 2510 2504 2580 Petroni,
2534 2512 2862 2569 mandamus
2887 2510 3027 2569 tibi:
3058 2509 3152 2567 Ille
3184 2510 3332 2568 enim
3371 2526 3483 2567 non

1899 2612 1984 2659 est
2005 2602 2142 2658 adeo
2162 2610 2329 2658 notus
2355 2603 2536 2669 nobis,
2566 2617 2670 2659 nec
2701 2601 2984 2658 illanobis
3000 2602 3079 2657 ita
3106 2601 3402 2659 commissa
3423 2608 3497 2655 ut.

1900 2691 2107 2762 aliquid
2129 2691 2254 2747 inde
2277 2706 2440 2763 agere
2467 2692 2717 2747 velimus.
2761 2689 2840 2749 De
2861 2691 3054 2746 eodem
3082 2691 3222 2749 duce
3248 2690 3378 2746 item
3406 2688 3501 2747 εἰσι.

1897 2783 2170 2855 gniﬁcasti
2207 2782 2378 2854 quod,
2419 2782 2467 2839 si
2495 2783 2733 2853 placeret
2776 2782 2957 2848 nobis,
3000 2782 3081 2838 de
3108 2781 3492 2854 componenda;

1898 2890 2033 2945 pace
2061 2875 2204 2930 inter
2222 2890 2326 2931 nos
2355 2882 2413 2931 et
2447 2874 2743 2930 Henrieum
2772 2888 2956 2945 regem
2979 2888 3040 2929 se
3068 2872 3488 2929 intromitteret.

1900 2964 2079 3037 Super
2118 2965 2223 3021 hoc
2270 2965 2457 3037 itaque
2490 2966 2909 3035 respondemus.
2967 2963 3206 3036 Legatus
3239 2964 3387 3036 regis
3422 2964 3487 3018 in

1897 3058 2186 3128 prasentia
2228 3057 2556 3114 universalis
2599 3057 2793 3129 synodi
2830 3055 3059 3127 iuravit,
3096 3071 3165 3113 ex
3209 3064 3483 3131 pracepto

1896 3150 2104 3207 domini
2137 3152 2242 3219 sui,
2270 3167 2397 3208 eum
2439 3150 2647 3208 nostris
2690 3150 2966 3209 mandatis
3004 3166 3100 3223 per
3145 3150 3333 3217 omnia
3354 3150 3480 3216 ,ob-

1824 3226 1866 3287 C
1899 3251 2352 3316 temperaturum.
2396 3244 2471 3300 Ea
2493 3258 2714 3315 quoque
2738 3244 2806 3300 de
2831 3259 3000 3301 causa
3026 3246 3083 3300 et
3121 3258 3219 3315 spe
3238 3258 3342 3300 nos
3364 3242 3482 3321 jam

1897 3337 2116 3395 misisse
2147 3336 2354 3409 legatos
2394 3343 2616 3394 nostros
2642 3336 2808 3391 credo
2852 3344 3004 3391 tuam
3043 3334 3330 3392 scientiam
3369 3348 3481 3389 non

1897 3430 2086 3485 latere.
2131 3428 2685 3485 Excommunicatum
2730 3444 2881 3495 vero,
2918 3428 3034 3500 jam
3074 3441 3217 3498 sape
3272 3424 3481 3482 dictum

1897 3522 2115 3588 ducem,
2143 3521 2219 3576 ab
2238 3520 2506 3591 episcopo
2526 3520 2755 3577 Metensi
2793 3520 2923 3592 quia
2965 3535 3078 3576 non
3117 3520 3341 3593 ignoras
3381 3531 3488 3572 nos

1898 3613 2184 3669 sententia
2209 3613 2264 3667 in
2277 3613 2430 3668 illum
2449 3613 2678 3684 prolata
2697 3613 2917 3669 noveris
2934 3627 3224 3669 assensum
3244 3610 3503 3675 dedisse,

1896 3713 1954 3760 et
1971 3719 2094 3760 eam
2129 3705 2460 3772 ﬁrmavisse,
2487 3704 2597 3761 nisi
2633 3704 2775 3761 inira
2814 3704 3008 3777 viginti
3032 3704 3152 3763 dies
3190 3710 3482 3775 postquam

1898 3799 2155 3854 mandata
2192 3807 2383 3854 nostra
2423 3798 2728 3864 resciverit,
2755 3798 2931 3869 jussis
2959 3796 3168 3854 nostris
3196 3794 3482 3860 obedierit,

1896 3899 1952 3946 et
1991 3891 2097 3947 nisi
2127 3890 2402 3947 civitatem
2434 3897 2492 3945 et
2525 3890 2670 3946 bona
2694 3890 2753 3944 S.
2797 3888 3080 3960 Stephani,
3118 3901 3243 3959 qua
3281 3886 3486 3956 injuste

1898 3983 2121 4050 invasit,
2144 3983 2315 4037 libera
2336 3980 2627 4049 dimiserit,
2650 3989 2707 4037 et
2724 3979 2981 4037 Ecclesia
3002 3976 3350 4036 satisfecerit.

1967 4070 2103 4127 Data
2143 4071 2354 4139 Roma,
2380 4086 2415 4126 v
2441 4068 2629 4127 Nonas
2651 4070 2849 4137 Martii,
2872 4070 3168 4128 indictione
3188 4084 3247 4124 ιι.

2403 4159 2745 4217 EPISTOLA
2782 4160 2978 4220 XXIII.

2418 4268 2489 4308 ΑΒ
2515 4267 2965 4309 Αυιιειιλιιιιιιεεε.

2486 4345 2671 4417 (Anno
2709 4343 2897 4415 4079.)

1901 4435 2159 4492 Emme
2183 4452 2367 4492 eorum
2403 4437 2656 4492 (erumnis
2686 4436 2957 4492 consulere
2983 4434 3309 4500 desiderans,
3342 4431 3484 4489 San-

1975 4524 2178 4591 zonem,
2213 4524 2367 4578 quem
2400 4508 2457 4562 in
2484 4507 2784 4591 episcopum
2816 4515 3142 4591 optaeerant,
3168 4504 3495 4591 sellibenter'

207 4579 504 4651 episcopus
523 4580 726 4638 litteris
747 4582 866 4637 suis
903 4584 1062 4639 nobis
1083 4583 1449 4650 commendet,
1471 4592 1569 4640 aut
1587 4584 1634 4642 si
1657 4584 1800 4657 apud
1832 4568 1878 4625 Ῑ)
1971 4568 2277 4657 suscepisse,
2309 4594 2372 4633 ne
2403 4568 2579 4657 tamen
2614 4568 2865 4657 Bitinerio
2894 4568 3139 4657 episcopo
3177 4575 3350 4657 adhuc
3388 4591 3487 4657 su-

208 4684 327 4735 vos,
373 4670 525 4740 quod
565 4671 863 4737 credimus,
897 4680 1050 4727 tanto
1080 4671 1334 4743 regimini
1373 4672 1536 4743 digna
1567 4673 1802 4730 inveniri

207 4775 443 4830 persona
466 4777 578 4816 non
600 4771 804 4832 potest,
819 4763 870 4818 in
886 4780 1048 4818 manu
1073 4762 1260 4818 fratris
1274 4763 1446 4819 nostri
1460 4762 1799 4835 Leodegarii,

210 4850 594 4924 Wapincensis
606 4855 872 4926 episcopi,
896 4856 1125 4911 llrmetis
1144 4872 1243 4911 vos
1267 4856 1421 4912 illum
1443 4855 1722 4926 suscipere
1743 4856 1800 4911 in

210 4952 508 5014 pastorem,
538 4962 703 5017 quem
728 4956 1109 5003 consecratum
1143 4956 1199 5006 et
1237 4948 1447 5005 honore
1471 4948 1622 5021 pallii
1661 4948 1801 5006 insi-

213 5037 420 5105 gnitum
446 5038 606 5117 vobis
630 5053 697 5093 ex
720 5048 874 5111 parte
907 5041 1084 5097 sancti
1119 5038 1267 5097 Petri
1313 5041 1646 5101 miserimus.
1689 5040 1798 5098 Co-

215 5129 379 5162 nilum
419 5130 565 5162 An:m
591 5129 796 5162 λαληοὲο
829 5134 1089 5162 ηιιΑσιξη-νι
1134 5133 1431 5162 nan-ana...“
1477 5133 1792 5162 ΑιηηοξΑ-ιηυια

1976 4645 2213 4719 perstite,
2240 4665 2393 4719 quem
2413 4648 2497 4719 illi
2529 4649 2773 4705 inutilem
2795 4667 2906 4705 esse
2922 4645 3258 4719 asserebant,
3283 4645 3482 4719 praju-

1974 4717 2175 4791 ilicium
2226 4717 2413 4789 faciat,
2444 4717 2650 4791 legatos
2694 4736 2749 4774 se
2795 4722 3080 4791 missurum
3125 4718 3204 4772 ait
3247 4717 3338 4791 qni
3369 4732 3494 4772 rem-

1976 4789 2286 4861 inspicia_nt,
2334 4799 2391 4844 ut
2435 4789 2552 4861 ipse
2590 4790 2777 4861 deinde
2821 4790 3137 4861 electionem,
3168 4789 3496 4861 conﬁrmaro“.

1903 4864 1942 4934 η
1974 4858 2157 4931 possit.
2185 4859 2408 4915 Interim
2437 4858 2618 4917 nullus
2641 4858 2898 4916 Ecclesia
2923 4861 3057 4914 bona
3086 4858 3372 4914 distrahat.

1973 4953 2283 5010 Caesonius
2309 4954 2622 5025 episcopus,
2652 4968 2844 5010 servus
2866 4966 3157 5029 servorum.
3183 4948 3300 5020 Dei,
3333 4947 3499 5011 clero,

1903 5056 1958 5105 et
1983 5047 2186 5118 populo
2226 5044 2639 5103 Aurelianensis
2677 5043 2955 5113 Ecclesia,
2986 5042 3216 5099 salutem
3258 5051 3315 5099 et
3350 5056 3485 5116 apo-

2097 5154 2145 5160 ...
2179 5136 2443 5160 L-_-J!-A=

1904 5138 2145 5162 -ΑΑ12Α.....
2179 5138 2368 5160 1.---1!
2382 5138 2607 5160 ,Αἶαν-οι...
