3982 5316
484 401 671 458 555,

2136 312 2152 323 ,ο
2162 313 2175 325 ,ς
2184 304 2299 329 ,θερί

1130 402 1188 460 S.
1227 400 1558 462 GREGORll
1596 402 1688 459 VH
1726 402 1931 460 PAP/E
1966 401 2073 461 0P1

2176 404 2253 463 JM
2288 405 2471 465 PARS
2502 407 2547 466 l.
2584 441 2656 452 —-
2689 405 3116 471 REGISTRUE.

3659 403 3771 464 536

485 532 596 572 non
618 529 811 587 parum
852 517 1169 587 concordat,
1207 518 1440 575 invitare
1485 528 1538 574 te
1583 534 1695 575 non
1737 519 2074 588 dubitamus,
2103 522 2151 581 Δ
2175 520 2318 579 ferre
2337 521 2662 594 jamdudum
2691 522 2791 585 tibi
2816 519 3171 584 constitisset.
3219 518 3443 589 Verum,
3472 520 3620 578 sicut
3640 536 3763 578 cer-

487 615 761 679 quatenus
790 609 846 664 in
875 624 942 666 eo
974 619 1030 666 et
1064 610 1153 665 illa
1181 626 1304 681 qua
1328 612 1395 668 de
1422 619 1475 668 te
1499 612 1679 670 verbis
1708 613 1841 670 solis
1868 613 2075 671 credita

487 709 619 756 sunt
646 715 767 757 esse
795 716 925 757 vera
972 700 1101 757 facti
1138 703 1344 759 indicio
1392 713 1633 774 pateant,
1688 714 1744 761 et
1793 706 1953 763 nobis
2003 706 2077 762 sit

486 800 674 862 aperta
695 792 906 866 ﬁrmior
930 810 1119 863 causa,
1143 811 1251 866 qua
1280 804 1333 851 te
1376 811 1489 866 pra
1536 798 1749 855 cateris
1789 799 1953 870 regia
1998 797 2079 853 di-

484 886 709 956 gnitatis
736 887 971 957 amplius
998 888 1397 961 specialiusque
1418 889 1641 961 diligere
1661 890 1857 945 merito
1873 890 2074 947 debea-

481 992 628 1034 mus.
681 976 871 1050 Itaque
896 981 1126 1037 comites
1149 981 1271 1037 illos
1296 982 1496 1036 vel.....
1537 982 1792 1037 videlicet
1828 981 1961 1038 D....
2020 991 2077 1039 et

673 1086 975 1143 eorumque
995 1073 1216 1141 milites,
1246 1089 1386 1145 quos
1414 1074 1576 1129 beato
1592 1073 1755 1129 Petro
1781 1074 1966 1130 ﬁdeles
1991 1074 2078 1146 ju-

481 1161 752 1233 stitiaque
780 1163 1023 1221 fautores
1053 1166 1258 1237 injusta
1296 1167 1381 1237 (ut
1425 1168 1755 1240 accepimus)
1805 1167 2074 1223 sententia

478 1251 541 1308 in
566 1255 820 1311 exsilium
847 1258 1075 1327 expulit,
1106 1258 1203 1314 tibi
1238 1259 1650 1315 commendatos
1678 1274 1801 1318 esse
1821 1275 1890 1314 ex
1917 1267 2075 1329 parte
2098 1337 2101 1340 ν

478 1353 670 1402 nostra
692 1356 966 1417 optamus.
1018 1349 1087 1405 Et
1114 1350 1243 1422 quia
1264 1351 1528 1408 hactenus
1553 1350 1662 1408 illis
1688 1351 1979 1408 subvenire
2006 1367 2073 1406 ex

478 1437 752 1499 industria
781 1443 1002 1513 propria
1023 1443 1293 1499 claritudo
1321 1451 1416 1498 tua
1442 1444 1676 1511 curavit,
1709 1444 1946 1500 sentiant
1968 1443 2076 1500 sibi

476 1541 629 1583 nunc
650 1529 722 1584 ob
749 1530 1062 1588 ﬁdelitatem
1083 1534 1227 1588 beati
1248 1532 1394 1589 Petri
1413 1542 1769 1605 nostramque
1794 1549 2075 1590 commen-

478 1618 757 1677 dationem
798 1624 979 1679 solatii
1017 1625 1315 1697 auxiliique
1342 1641 1546 1681 munus
1573 1625 1854 1696 copiosius
1882 1641 2071 1682 acces-

476 1711 640 1769 sisse.
687 1713 765 1770 De
810 1725 1008 1774 caetero
1053 1718 1398 1790 prudentiam
1443 1727 1596 1774 tuam
1640 1733 1958 1785 monemus,
2012 1727 2075 1774 ut

474 1804 625 1861 viam
645 1805 873 1879 iustitia
901 1824 1118 1882 semper
1142 1811 1365 1867 studeas
1391 1809 1642 1866 irretlexo
1681 1811 1818 1866 calle
1864 1818 2070 1879 tenere,

2175 612 2386 672 tissime
2434 628 2774 690 compertum
2826 620 3092 675 habemus
3117 614 3437 671 ’advcntum
3476 622 3639 671 tuum
3678 614 3764 669 vel

2175 717 2356 765 metus
2392 709 2557 781 regis,
2587 711 2708 781 ejus
2738 711 2946 768 scilicet
2968 725 3133 781 quem
3175 708 3319 763 inter
3358 715 3590 762 cateros
3618 704 3766 762 illius
3824 718 3873 770 γε

2174 798 2455 871 dignitatis
2483 801 2773 872 specialius
2816 818 3030 873 semper
3070 800 3382 866 dileximus,
3411 798 3497 852 vel
3526 798 3769 853 maxime

2175 900 2270 947 tua
2297 893 2455 963 culpa
2484 894 2643 950 nobis
2665 896 2899 965 negavit,
2927 903 2983 949 et
3011 903 3065 948 te
3096 892 3338 964 quidem,
3384 890 3437 945 si
3476 889 3567 944 vel
3596 890 3769 960 prisci

2176 978 2381 1038 amoris
2413 985 2678 1040 memoria
2717 994 3045 1055 superesset,
3093 984 3183 1038 vel
3222 982 3403 1038 debita
3438 981 3605 1035 matri
3652 979 3738 1034 Ro

2174 1091 2351 1130 mana
2387 1073 2645 1132 Ecclesia
2690 1076 2909 1132 dilectio
2949 1076 3004 1130 in
3054 1084 3235 1131 mente
3278 1081 3608 1139 remaneret,
3656 1087 3769 1128 non

2174 1166 2362 1222 debuit
2397 1168 2593 1238 aliquis
2633 1178 2729 1223 aut
2762 1168 3052 1224 mundana
3096 1165 3385 1237 potestatis
3426 1173 3629 1231 terror,
3675 1174 3771 1221 aut

2176 1258 2503 1329 cujusquam
2540 1274 2789 1329 persona
2835 1257 3247 1328 superstitiosus
3271 1272 3445 1323 arnor,
3476 1272 3509 1311 a
3533 1272 3769 1327 conspe-

2174 1358 2266 1405 ctu
2297 1358 2487 1405 nostro
2515 1351 2812 1406 retrahere.
2846 1348 3003 1405 lllum
3043 1365 3176 1405 vero
3206 1348 3254 1405 si
3281 1342 3479 1404 contra
3499 1349 3770 1418 apostoli-

2174 1458 2295 1498 cam
2341 1441 2526 1497 sedem
2570 1457 2748 1498 novus
2787 1442 3114 1513 arrogantia
3160 1450 3344 1497 tumor
3383 1455 3533 1495 nunc
3587 1441 3770 1512 erigit,

2175 1533 2290 1589 sive
2338 1541 2527 1589 contra
2577 1548 2680 1589 nos
2726 1533 2837 1587 ulla
2886 1533 3054 1589 libido
3094 1548 3191 1588 seu
3230 1531 3538 1602 procacitas
3577 1532 3771 1603 jactat,

2175 1633 2327 1680 tanto
2350 1625 2571 1697 gravius
2595 1623 2854 1692 feremus,
2872 1633 3081 1696 quanto
3102 1640 3227 1680 eum
3256 1624 3554 1680 dilectione
3578 1635 3772 1681 nostra

2173 1716 2455 1789 indignum
2486 1733 2545 1773 se
2573 1716 2774 1773 fecisse
2797 1716 3122 1773 constiterit.
3164 1715 3322 1784 Quod
3354 1725 3544 1771 tamen
3581 1732 3654 1772 ne
3693 1711 3773 1773 illi

2174 1808 2406 1876 accidat,
2434 1809 2626 1882 religio
2651 1819 2749 1865 tua
2775 1810 2977 1881 poterit
2999 1809 3105 1865 hoc
3129 1809 3298 1865 modo
3318 1808 3512 1875 vitare,
3542 1808 3594 1863 si
3620 1808 3675 1863 ei
3694 1809 3775 1865 di-

473 1903 532 1952 ct
557 1897 749 1957 viduas
790 1908 848 1956 et
884 1898 1164 1972 orphanos
1190 1912 1246 1958 et
1270 1903 1589 1976 peregrinos
1614 1911 1842 1973 paterna
1870 1902 2071 1973 pietate
2101 1885 2146 1941 Β
2170 1899 2399 1971 ligenter
2432 1900 2749 1971 aperiendo,
2772 1908 2827 1955 et
2846 1907 3163 1956 constanter
3196 1898 3541 1955 admonendo
3582 1900 3773 1969 consi-

471 1988 639 2058 tueri,
663 1989 935 2050 Ecclesias
961 2009 1074 2049 non
1105 1994 1274 2051 modo
1298 2009 1411 2052 non
1436 1995 1653 2063 ladere,
1685 1995 1780 2052 sed
1807 1996 1972 2051 etiam
2000 1995 2071 2051 ab

474 2083 854 2154 arrogantium
881 2094 936 2140 et
963 2085 1279 2142 invasurum
1327 2088 1627 2158 petulantia
1667 2095 1724 2143 et
1766 2087 2072 2143 temeritate

475 2172 785 2244 defendere,
816 2192 917 2232 nec
943 2192 1054 2232 non
1075 2187 1135 2234 et
1152 2178 1257 2234 alia
1284 2194 1409 2249 qua
1442 2187 1589 2235 recte
1616 2179 1904 2252 intelliges,
1938 2194 2070 2249 pro-

474 2282 639 2323 cures
667 2268 952 2341 diligenter
972 2286 1212 2327 servare.
1261 2269 1401 2326 Illud
1445 2286 1666 2344 quoque
1710 2271 2069 2328 nihilominus

473 2359 620 2416 scire
647 2368 700 2417 te
720 2363 974 2419 volumus
994 2363 1269 2435 quosdam
1292 2364 1515 2420 nomine
1536 2371 1630 2419 tuo
1648 2364 1857 2435 legatos
1879 2362 1946 2419 ad
1967 2378 2070 2421 nos

474 2453 609 2510 olim
642 2455 881 2524 venisse,
923 2457 1125 2528 quibus
1153 2457 1289 2512 item
1314 2472 1416 2513 nos
1446 2455 1592 2513 istud
1621 2455 1979 2526 injunximus,
2008 2463 2072 2510 ut

472 2545 753 2604 dilectioni
772 2557 880 2605 tua
899 2556 1251 2622 suggererent
1271 2558 1542 2621 quatenus
1585 2549 1724 2606 alios
1769 2548 2067 2616 destinare,

473 2654 588 2713 quo
632 2641 895 2701 certiores
941 2641 1300 2710 elliceremur,
1346 2641 1642 2699 censeret."
1664 2639 1867 2698 Verum
1911 2639 2068 2696 nobis

473 2731 656 2789 adhuc
684 2732 740 2787 in
766 2732 979 2790 incerto
1016 2744 1201 2790 manet
1246 2748 1317 2789 an
1359 2734 1428 2789 ad
1476 2743 1528 2790 te
1573 2733 1827 2789 mandata
1879 2738 2069 2788 nostra

470 2822 683 2895 perlata
712 2824 842 2894 sint,
865 2841 933 2881 an
961 2827 1181 2898 aliquos
1203 2834 1395 2897 postea
1422 2826 1667 2892 miseris;
1694 2824 1864 2896 liquet
1884 2831 2068 2880 autem

471 2915 751 2974 neminem
789 2933 822 2973 a
865 2926 919 2975 te
956 2918 1194 2993 legatum
1241 2918 1308 2975 ad
1354 2934 1455 2977 nos
1496 2926 1621 2989 post
1658 2917 1785 2974 inde
1828 2916 2065 2972 venisse.

472 3005 657 3093 Quare
685 3009 1031 3068 decrevimus
1056 3011 1125 3067 ad
1145 3020 1198 3067 te
1220 3010 1420 3067 iterum
1448 3012 1589 3066 idem
1616 3009 1911 3082 repetendo
1940 3007 2072 3066 scri-

472 3099 625 3168 bere,
657 3102 956 3177 itidemque
978 3103 1047 3160 de
1075 3103 1394 3173 comitibus,
1440 3103 1588 3176 quod
1611 3103 1727 3174 jam
1763 3100 2069 3174 postulavi-

2170 1991 2305 2046 lium
2334 1991 2570 2060 dederis,
2600 2008 2670 2048 ne
2697 2001 2890 2049 contra
2917 2000 3156 2047 matrem
3179 1991 3429 2047 omnium
3457 1989 3772 2049 Romanam

2170 2083 2477 2140 Ecclesiam
2495 2085 2628 2155 quid
2656 2084 2920 2156 iniustum
2948 2092 3267 2155 prasumat,
3298 2099 3436 2139 neve
3460 2084 3599 2155 quid
3626 2100 3659 2140 a
3686 2101 3775 2141 re-

2169 2175 2361 2250 ligiosa
2388 2184 2657 2247 potestate
2677 2178 2918 2234 alienum
2938 2177 3246 2248 petulanter
3265 2176 3493 2243 audeat,
3516 2186 3573 2231 et
3593 2192 3777 2249 neque

2168 2278 2323 2326 tuam
2354 2285 2531 2340 neque
2552 2270 2793 2342 alicujus
2817 2270 3164 2326 devotionem
3190 2269 3260 2324 ab
3284 2269 3601 2340 apostolica
3626 2270 3777 2325 sedis

2168 2361 2484 2419 visitatione
2527 2362 2758 2419 ulterius
2798 2377 3053 2419 coercere
3092 2370 3340 2417 attentet.
3398 2360 3573 2434 lgitur
3619 2362 3774 2417 decet

2169 2454 2567 2511 fraternitatem
2590 2464 2739 2511 tuam
2761 2455 3103 2528 negligentia
3125 2469 3239 2510 sua
3263 2468 3529 2510 excessus
3553 2454 3773 2526 sapien—

2168 2555 2253 2606 ter
2287 2548 2584 2621 corrigere,
2612 2556 2776 2620 atque
2803 2547 2871 2603 ad
2909 2547 3266 2619 apostolicam
3302 2546 3489 2603 sedem
3528 2554 3771 2617 quanto-

2169 2641 2290 2698 cius
2321 2656 2635 2712 properare,
2678 2648 2841 2712 teque
2881 2640 3063 2711 ipsum
3108 2640 3313 2696 nostris
3353 2639 3661 2704 obtutibus,
3711 2654 3776 2705 ιιι

2169 2742 2442 2804 optamus,
2466 2743 2635 2806 utque
2655 2749 2797 2807 sape
2815 2732 3224 2801 mandavimus,
3253 2742 3613 2804 prasentare,
3638 2746 3772 2801 qua.

2171 2834 2331 2883 tenus
2358 2841 2462 2884 nos
2494 2827 2562 2883 de
2591 2827 2678 2882 his
2713 2834 2768 2883 et
2811 2826 2878 2882 de
2915 2826 3039 2881 aliis
3080 2826 3312 2897 negotiis
3349 2823 3773 2896 prasentialiter

2169 2918 2442 2988 conferre,
2465 2927 2630 2991 atque
2650 2919 2859 2975 utilitas
2889 2917 3150 2974 Ecclesia
3176 2918 3245 2973 de
3270 2926 3460 2974 nostro
3492 2916 3771 2987 colloquio

2170 3022 2523 3088 augmentum
2545 3013 2742 3080 valeat,
2774 3011 2886 3068 Deo
2917 3010 3157 3081 favente,
3181 3012 3485 3085 percipere.
3612 3069 3617 3072 ,

2240 3106 2374 3161 Data
2422 3104 2629 3175 Roma,
2683 3114 2878 3161 octavo
2923 3103 3151 3159 Kalend.
3196 3103 3429 3176 Aprilis,
3471 3101 3774 3162 indictione

471 3211 621 3262 mus,
652 3196 1230 3275 iterando‘inculcare;
1261 3213 1376 3268 quo
1401 3205 1457 3253 et
1480 3197 1724 3263 nuntios,
1756 3195 1803 3251 si
1826 3193 2069 3249 nondum
2099 3231 2141 3289 α
2174 3199 2436 3257 secunda.

471 3288 698 3356 misisti,
729 3306 840 3346 non
872 3289 1104 3346 ulterius
1142 3290 1356 3345 mittere
1401 3289 1666 3362 negligas,
1698 3295 1754 3343 et
1779 3286 2074 3358 praenomi-

472 3381 622 3437 natis
648 3382 907 3439 omnibus
935 3382 1174 3454 praesidii
1203 3397 1430 3437 manum
1453 3379 1780 3437 familiarius
1808 3379 2072 3450 pronius-

475 3488 585 3544 que
608 3473 664 3531 ln
693 3475 907 3533 cunctis
927 3475 1206 3546 porrigere
1230 3474 1473 3531 studeas.
1513 3471 1873 3545 Omnipotens
1896 3478 1951 3525 et
1980 3470 2076 3525 mi-

474 3565 714 3623 sericors
736 3564 903 3633 Deus,
925 3582 956 3624 a
983 3567 1259 3641 quovbona
1280 3574 1478 3623 cuncta
1499 3565 1822 3636 procedunt,
1840 3578 1939 3634 per
1959 3578 2074 3618 me-

473 3658 582 3717 rita
609 3666 666 3713 et
692 3650 1114 3716 intercessiones
1139 3659 1311 3717 beata
1337 3657 1434 3714 Dei
1454 3657 1732 3730 genitricis
1754 3670 2075 3727 semperque

474 3749 707 3823 virginis
733 3748 940 3820 Maria,
965 3759 1020 3813 et
1043 3752 1333 3812 beatorum
1363 3750 1512 3808 Petri
1543 3756 1600 3806 et
1642 3747 1819 3817 Pauli,
1851 3763 2074 3820 gressus

475 3852 606 3900 tuos
632 3858 731 3915 per
757 3843 901 3899 viam
929 3844 1205 3902 deducens
1232 3844 1481 3916 iustitia,
1521 3849 1840 3900 constanter
1876 3840 2076 3912 dirigat

476 3951 655 4009 usque
680 3935 748 3998 ad
777 3936 962 4003 finem,
1001 3944 1057 3993 et
1092 3936 1174 3993 sic
1200 3937 1366 4009 hujus
1402 3936 1528 3994 vita
1567 3934 1888 4006 temporalia
1921 3932 2075 4005 regni

476 4028 847 4100 gubernacula
875 4027 1040 4085 faciat
1066 4037 1392 4100 temperare,
1421 4036 1692 4102 quatenus
1719 4035 1922 4084 aterna
1949 4041 2075 4100 pro-

477 4120 740 4196 merendo
767 4121 951 4181 valeas
978 4121 1226 4193 adipisci.

548 4213 684 4269 Data
720 4213 932 4285 Roma,
975 4215 1303 4277 duodecimo
1347 4213 1468 4274 Kal.
1508 4212 1735 4290 Aprilis,
1777 4211 2074 4272 indictione

476 4307 737 4368 iocunda.

1004 4400 1346 4459 EPISTOLA
1381 4398 1552 4457 XXX.

564 4510 633 4550 AD
662 4510 1009 4553 l..\Nl-'RANCUII
1039 4510 1489 4551 ARCllll-ZPISCOPUM
1522 4503 1985 4548 CANTUARIENSEI.

1073 4585 1255 4658 (Anno
1291 4584 1477 4657 1079.)

475 4679 669 4751 Arguit
693 4681 831 4752 quod
859 4698 913 4736 se
936 4696 1039 4739 non
1065 4680 1361 4737 visitaverit
1379 4696 1412 4732 a
1435 4688 1662 4748 tempore
1692 4673 2068 4752 assumptionis

547 4746 869 4822 autefcujus
891 4767 1109 4810 causam
1136 4767 1257 4805 cum
1282 4767 1451 4822 regem
1472 4746 1587 4822 esse
1626 4747 1848 4812 noverit,
1889 4746 2073 4822 horta-

550 4832 639 4875 tur
669 4813 736 4877 rut
774 4813 893 4893 eum
937 4831 1164 4889 maneat,
1215 4836 1277 4875 ne
1305 4813 1438 4893 quid
1460 4819 1935 4893 iinjttstumcontra
1965 4813 2071 4869 Ro-

545 4906 764 4975 manam
790 4891 1093 4975 Ecclesium
1115 4889 1425 4964 praenatat,
1451 4892 1659 4962 ipseque
1682 4889 1750 4947 ad
1772 4905 1826 4943 se
1844 4895 2072 4960 quanto-

548 4963 665 5018 cius
688 4963 881 5018 veniat.

549 5059 862 5117 Caesonius
895 5054 1210 5127 cpiscopus,
1238 5069 1431 5111 servus
1460 5066 1745 5110 servorum
1782 5047 1899 5117 Dei,
1933 5048 2071 5135 Lm:-

475 5164 682 5212 ηιξκαο
711 5146 1137 5206 Cantuariorum
1167 5146 1582 5219 archiepiscopo
1614 5144 1847 5201 salutem
1864 5152 1920 5200 et
1946 5155 2073 5214 apo-

2687 3310 3026 3368 EPISTOLA
3063 3310 3255 3366 XXXI.

2632 3420 2701 3460 AD
2736 3419 2958 3460 INCOLAS
2983 3417 3301 3460 Ριιονωοιιε.

2766 3495 2949 3569 (Anno
2988 3495 3195 3567 1079.).

2174 3589 2433 3661 Praecipit
2452 3598 2512 3644 ut
2543 3588 2679 3643 bona
2705 3588 3019 3644 monasterii
3040 3584 3403 3661 Sancti_Petri
3422 3585 3521 3641 ωι-
3551 3601 3767 3642 cacant-

2518 3661 2893 3714 mum'cationi:
2922 3676 3076 3730 pana
3115 3658 3419 3712 restituant.

2244 3751 2551 3810 Gnaconws
2577 3752 2888 3822 episcopus,
2911 3766 3102 3807 servus
3125 3764 3411 3807 servorum
3439 3748 3562 3816 Dei,
3589 3748 3768 3805 omni-

2173 3844 2277 3902 bus
2305 3843 2752 3915 archiepiscopis,
2776 3843 3070 3914 episcopis,
3120 3841 3480 3913 principibus,
3528 3839 3765 3907 clericis,

2172 3937 2437 4008 laicisque
2465 3936 2521 3990 in
2546 3934 2835 3990 Provineia
2872 3935 3364 4000 commorantibus,
3393 3932 3642 4004 exceptis
3681 3932 3767 3988 his

2172 4030 2268 4102 qui
2294 4026 2844 4085 excommunicationi
2872 4027 3173 4098 subjacent.
3203 4026 3434 4082 salutem
3462 4033 3519 4080 et
3544 4032 3767 4096 aposte-

2172 4137 2293 4180 cam
2332 4120 2785 4177 benedictionem.

2240 4211 2441 4269 Nolunt
2470 4212 2625 4269 vobis
2655 4213 2913 4268 omnibus
2940 4227 3063 4268 esse
3090 4217 3369 4282 putamus,
3399 4207 3549 4281 quod
3572 4223 3766 4263 mona-

2172 4306 2398 4363 sterium
2429 4305 2492 4361 S.
2517 4304 2686 4372 Petri,
2722 4306 2888 4361 situm
2916 4305 2972 4360 in
3007 4304 3129 4359 loco
3155 4304 3249 4374 qui
3285 4300 3445 4356 Mons
3472 4299 3651 4372 Major
3677 4300 3764 4357 di-

2172 4398 2334 4465 citur,
2375 4407 2579 4454 sancta
2625 4396 2887 4453 Romana
2937 4396 3199 4453 Ecclesia
3250 4394 3473 4466 speciali
3523 4394 3765 4464 quodam

2166 4490 2288 4562 iure
2315 4490 2617 4562 subjectum
2648 4499 2751 4559 est,
2777 4499 2829 4546 et
2866 4489 3175 4560 apostolica
3203 4486 3349 4543 sedis
3376 4486 3680 4557 privilegiis
3698 4501 3766 4541 ex

2100 4589 2149 4646 D
2171 4592 2412 4655 tempore
2454 4583 2614 4655 longo
2642 4583 2934 4639 munitum.
2973 4579 3124 4637 Unde
3155 4579 3285 4651 quia
3316 4578 3476 4634 nobis
3517 4594 3623 4649 pro
3650 4594 3767 4634 sus-

2158 4676 2311 4750 cepti
2340 4675 2622 4750 regiminis
2666 4673 3031 4732 sollicitudine
3068 4672 3315 4729 imminet
3354 4670 3623 4727 Ecclesiis
3655 4685 3766 4725 om-

2169 4769 2333 4825 nibus
2365 4768 2668 4839 providere,
2710 4768 2821 4825 illis
2854 4765 3131 4839 pracipue
3175 4764 3435 4820 debemus
3473 4762 3765 4842 vigilanter

2168 4860 2481 4933 prospicere
2522 4876 2647 4931 qua
2689 4859 2949 4916 Romana
2990 4856 3409 4928 apostolicaque
3457 4855 3578 4910 sedi
3620 4869 3760 4924 quo-

2169 4952 2462 5009 dammodo
2507 4952 2744 5007 vicinius
2791 4951 3018 5015 harent,
3047 4956 3101 5003 et
3135 4947 3256 5018 ejus
3301 4946 3468 5001 tutela
3522 4945 3762 5001 maxime

2168 5053 2393 5118 sperant
2436 5036 2672 5101 defendi.
2716 5042 3089 5115 Quapropter,
3137 5038 3396 5110 quoniam
3449 5036 3759 5092 audivimus

2170 5140 2384 5210 aliquos
2414 5145 2656 5194 vestrum
2704 5136 2845 5192 bona
2890 5132 3177 5189 memorati
3205 5128 3523 5187 monasterii
3568 5135 3756 5184 contra

2568 5241 2682 5252 a--_-
2723 5227 2980 5252 --Α-ΖΙΑαηι
3021 5238 3185 5252 ιιι-ραν...
3229 5223 3499 5252 διιενσιιιῖιιρα
3558 5220 3755 5252 Αἴθικ..
