3982 5316
138 429 238 489 537
1195 423 1401 481 LIBER
1442 415 1734 477 SEXTUS.
1776 444 1848 455 --
1890 423 2109 482 EPIST.
2144 420 2387 480 XXXIV.
3311 416 3421 474 538‘

135 546 226 600 sim
263 530 465 613 (sicutw
481 540 687 599 dictum
735 520 1133 612 estisa'crilego
1160 555 1298 597 ausu
1329 550 1516 597 contra
1562 540 1729 596 inter-
1758 542 1804 599 Α
1831 540 1938 597 stia
1966 541 2164 607 tenuit,
2187 541 2394 595 eisdem
2423 539 2527 595 sub
2550 546 2771 612 pastore
2796 535 3073 608 religioso,
3092 532 3145 588 in
3171 530 3417 588 Romana

133 636 333 692 dictum
365 645 625 691 nostrum
652 632 891 688 detinere
932 633 1240 701 tentaverit,
1280 633 1592 689 admonitus
1638 648 1727 689 se-
1831 632 2077 688 Ecclesia
2109 633 2393 698 ordinato,
2425 631 2627 702 privari
2666 631 2874 700 absque
2914 629 3129 684 ratione
3169 642 3277 681 non
3318 626 3416 681 de-

135 728 254 792 met,
285 737 458 796 atque
476 726 699 792 iterum,
728 732 783 779 et
804 724 988 791 tertio,
1018 739 1115 794 per
1152 725 1534 781 convenientes
1564 725 1727 780 indu-

135 818 262 884 cias,
312 818 363 872 si
407 818 707 874 emendare
745 817 1150 886 contempserit,
1197 816 1334 872 iram
1386 828 1441 873 et
1485 815 1727 872 furorem

134 908 528 979 omnipotentis
556 908 648 965 Dei
675 919 862 964 contra
896 922 956 963 se
983 922 1080 978 per
1104 908 1727 965 exeommunicationem

138 1001 488 1070 apostolicam
522 1002 855 1072 provocabit.
910 997 1301 1057 Obedientibus
1340 1016 1472 1057 vero
1517 1010 1732 1073 aposto-

140 1091 234 1145 lica
255 1092 613 1159 auctoritate,
656 1102 713 1148 ct
757 1092 898 1148 beati
931 1091 1075 1147 Petri
1103 1093 1285 1160 nobis,
1317 1092 1443 1149 licet
1469 1093 1726 1165 indignis,

139 1198 391 1239 concessa
421 1194 723 1254 potestate,
751 1194 1096 1257 peccatorum
1135 1200 1361 1241 suorum
1390 1186 1603 1241 veniam
1644 1186 1729 1240 iu-

139 1273 440 1344 dirigemus.

205 1364 333 1419 Data
360 1364 557 1423 Rom
605 1367 849 1425 secundo
876 1366 995 1423 Kal.
1043 1367 1264 1439 Aprilis,
1297 1368 1592 1426 indictione
1637 1383 1726 1426 se-

141 1455 329 1513 cunda.

636 1528 969 1587 EPISTOuA
1008 1532 1225 1587 XXXII.

307 1634 377 1674 AD
416 1635 764 1678 ιεειιιειιτωι
816 1638 1104 1680 ενιεεοιιωι
1152 1638 1541 1680 PlC'l'AVENSl-ZI.

698 1732 703 1736 ·
745 1713 928 1784 (Anno
954 1714 1140 1784 1079.)

409 1801 589 1889 βψω,
719 1803 993 1875 [iugorum
1018 1806 1137 1889 ejus
1150 1822 1461 1888 germanum
1485 1815 1729 1889 spectant

204 1871 299 1930 tia.
332 1871 520 1954 abtata
576 1875 674 1928 sub
718 1871 1282 1931 excommunicationi:
1328 1894 1479 1949 perna
1512 1871 1727 1932 restitui
1763 1899 1805 1954 η

203 1941 445 1996 mandat.

202 2027 511 2089 Caesonius
537 2034 856 2107 episcopus,
885 2052 1080 2094 servus
1102 2053 1389 2095 servorum
1415 2037 1511 2106 Ιὶρί
1528 2081 1543 2105 ,
1573 2036 1727 2094 Ism-

141 2136 304 2176 ara-ro
338 2120 674 2183 Pictaviensi
706 2126 967 2200 cpiscOpo
1009 2128 1241 2187 salutem
1280 2139 1333 2186 et
1369 2130 1726 2201 apostolicam

141 2211 590 2272 benedictionem.

200 2300 454 2360 Pervenit
478 2307 547 2363 ad
571 2323 741 2365 aures
772 2318 989 2369 nostras
1018 2313 1164 2384 quod
1190 2313 1335 2370 bona
1361 2313 1633 2387 Rorgonis
1658 2316 1727 2373 de

140 2393 374 2465 Coequo,
399 2413 545 2468 quae,
576 2410 801 2457 mortuo
836 2403 976 2474 ipso,
1007 2405 1059 2459 in
1091 2416 1414 2477 potestatem
1460 2410 1726 2479 germani,

140 2484 336 2541 scilicet
363 2486 618 2561 Ilugonis
656 2493 835 2548 nostri
878 2493 1056 2552 ﬁdelis
1098 2505 1154 2552 et
1200 2497 1317 2564 filii,
1358 2497 1485 2568 jure
1531 2500 1730 2556 debent

141 2577 451 2646 concedere,
494 2579 655 2654 Hugo
687 2583 927 2641 Delczini
977 2585 1069 2660 [de
1116 2586 1437 2659 Leziniaco;
1497 2592 1581 2645 in‘
1606 2593 1723 2648 cod.

143 2666 270 2723 list.
297 2669 599 2747 Delenini]
645 2675 854 2747 injuste
896 2681 1247 2751 praesumpsit
1268 2681 1541 2739 invadere.
1575 2682 1730 2741 Unde

142 2758 261 2829 quia
298 2765 790 2834 pmnominatum,
823 2767 1106 2841 Hugouem
1148 2772 1409 2829 clericum
1451 2783 1726 2846 nostrum,

140 2858 192 2905 et
210 2865 296 2908 res
317 2851 496 2922 ipsius
524 2855 579 2911 ir.
605 2859 832 2914 tutelam
857 2862 1173 2931 apostolica
1192 2864 1338 2921 sedis
1361 2866 1725 2938 suscepimus,

140 2940 463 3003 fraternitati
499 2958 608 3004 tuae
655 2950 938 3009 inritando
973 2954 1322 3026 praecipimus
1354 2966 1416 3012 ut
1441 2974 1606 3030 super
1639 2959 1727 3016 his

142 3048 320 3091 curam
340 3038 465 3094 vice
488 3050 680 3098 nostra
707 3046 1060 3116 gerens,duci
1083 3046 1375 3106 Guilielmo
1396 3050 1514 3107 haec
1534 3052 1725 3108 eadem

141 3125 494 3198 signiﬁcando
520 3147 809 3205 suggeras,
855 3146 1127 3208 quatenus
1180 3139 1234 3195 in
1290 3142 1395 3199 hac
1438 3143 1605 3200 etiam
1664 3160 1725 3201 re

141 3228 400 3288 quantum
422 3221 586 3279 beato
620 3224 786 3283 Petro
806 3228 879 3284 sit
913 3230 1089 3286 ﬁdelis
1116 3235 1389 3290 ostendat.
1428 3234 1631 3292 Verum
1671 3238 1723 3292 in
1754 3251 1795 3309 (ς

142 3309 620 3391 primisvolumns
644 3327 707 3373 ut
731 3319 952 3378 dilectio
977 3330 1068 3379 tua
1104 3325 1322 3381 studeat
1362 3339 1726 3385 memoratum

144 3400 581 3464 Leainiaecnsem
612 3407 1162 3490 [Deleziniacensem]
1214 3432 1281 3474 ex
1326 3428 1485 3490 parte
1536 3431 1727 3477 nostra

143 3510 255 3552 cum
276 3497 398 3569 jam
430 3500 582 3556 dicto
625 3501 768 3560 duce
821 3508 1135 3576 convenire,
1187 3525 1289 3566 nec
1318 3526 1429 3567 non
1466 3512 1619 3568 illum
1659 3514 1727 3571 de

143 3590 439 3647 tenuitate
461 3608 561 3648 sua
584 3595 964 3667 redarguendo
988 3600 1055 3655 de
1077 3600 1452 3659 satisfactione
1479 3620 1721 3662 monere.

144 3678 285 3746 Quod
323 3683 374 3738 si
430 3685 750 3743 admonitus
805 3689 990 3757 semel,
1037 3690 1237 3747 iterum
1283 3709 1348 3750 ac
1392 3697 1577 3765 tertio,
1629 3714 1728 3769 per

146 3784 510 3845 competentes
537 3777 794 3835 inducias
841 3781 895 3835 in
942 3783 1242 3852 pertinacia
1292 3802 1392 3842 sua
1446 3787 1728 3846 duraverit

144 3873 193 3918 et
231 3868 512 3925 mandatis
546 3870 758 3926 nostris
783 3871 1101 3930 inobediens
1117 3876 1348 3947 iustitia:
1370 3894 1563 3949 parere
1594 3897 1727 3938 con-

144 3959 437 4026 tempserit,
451 3961 755 4030 apostolica
781 3964 1106 4021 auctoritate
1129 3969 1478 4039 praecipimus
1493 3979 1555 4026 ut
1574 3988 1722 4041 eum,

146 4061 425 4120 quousque
453 4052 790 4123 resipiscens
828 4055 1006 4111 ablata
1037 4058 1310 4127 restituat,
1344 4062 1562 4117 vinculo
1588 4079 1724 4119 ana-

144 4138 389 4197 thematis
421 4142 629 4215 illiges;
669 4146 820 4217 quod
848 4147 992 4204 idem
1021 4151 1373 4220 postmodum
1403 4169 1506 4209 nos
1536 4154 1724 4210 firma-

145 4237 284 4286 turos
314 4247 428 4289 non
449 4235 691 4293 dubites.
1166 4262 1169 4267 -

202 4319 336 4379 Data
368 4324 579 4396 Romae,
615 4328 804 4386 ldibns
833 4331 1053 4402 Aprilis,
1077 4333 1266 4392 indict.
1297 4338 1557 4394 secunda.

620 4442 965 4500 EPlSTOLA
1000 4447 1241 4504 XXXIII.

338 4548 409 4587 ΑΙ)
471 4549 724 4591 ΠιῖϐΟΧΕΗ
776 4553 1022 4594 ΔΒΒΑΤΕΜ
1086 4556 1504 4599 (τιυχιλοεδδεκ.

737 4626 918 4698 (Auno
948 4631 1132 4703 1079.)

147 4709 203 4765 L’t
224 4713 526 4800 bona,.qua:
547 4717 958 4800 Matisconensis
998 4722 1241 4800 Ecclesia
1270 4726 1442 4798 quiete
1471 4730 1723 4800 possede-

201 4794 301 4851 rat,
332 4788 401 4840 ab
437 4788 552 4857 ipso
588 4791 774 4845 ablata
797 4801 893 4846 aut
924 4796 1172 4848 restituat
1215 4788 1309 4850 au't
1340 4788 1547 4853 αινηῦἱο
1580 4806 1725 4854 com-‘-

197 4860 512 4936 pensetiain
549 4862 747 4929 minus,
773 4862 962 4918 Dienu'
982 4867 1228 4936 episeopo
1257 4877 1307 4921 et
1329 4869 1508 4924 abbati
1535 4869 1723 4927 Sancti

201 4925 362 4981 Pauli
383 4928 453 4984 lis
482 4931 623 4986 inter
640 4925 1090 4990 eos'terminan'da
1111 4925 1485 4995 committitur.

206 5015 514 5078 Caesonius
537 5023 851 5097 episcopus,
884 5042 1080 5082 servus
1107 5043 1395 5086 servorum
1445 5030 1563 5100 Dei,
1606 5031 1721 5091 Hu-

146 5118 253 5165 com
280 5109 635 5172 Cluniacensi
659 5117 870 5186 abbati,
891 5112 1127 5175 salutem
1162 5127 1218 5176 et
1241 5124 1598 5193 apostolicam
1622 5126 1721 5182 be-

149 5201 497 5238 noctium-mm

1830 725 1974 780 beat.
2008 723 2351 795 Quapropter
2370 724 2718 779 dilectionem
2745 731 2896 777 tuam
2917 734 3208 776 monemus
3239 726 3301 773 ut
3327 733 3420 775 res

1828 815 1972 881 illas,
2000 831 2166 886 super
2213 795 2414 885 quibus
2445 813 2700 884 praedicta
2728 812 3144 868 Matisconensis
3174 809 3419 867 Ecclesia

1828 909 2101 979 queritur,
2125 908 2172 965 si
2203 922 2380 977 usque
2415 906 2483 962 ad
2511 922 2676 976 supra
2706 905 2995 961 memorati
3032 903 3220 963 fratris
3242 904 3419 960 nostri

1828 1010 2049 1070 tempus
2075 1000 2333 1068 possedit,
2348 998 2605 1068 deinceps
2619 1012 2840 1068 quoque
2864 1006 2959 1053 aut
2979 998 3162 1068 quiete
3186 997 3420 1054 retinere

1827 1092 2134 1161 permittas,
2164 1099 2260 1147 aut
2282 1090 2666 1147 concambium
2702 1100 3017 1161 competens
3046 1090 3271 1145 reddere
3298 1099 3417 1145 stu-

1829 1182 1981 1239 deas.
2017 1184 2175 1250 Quod
2205 1182 2251 1239 si
2281 1184 2425 1238 inter
2451 1197 2551 1237 vos
2581 1183 2724 1236 hanc
2751 1198 2975 1237 causam
3026 1197 3136 1236 non
3190 1181 3419 1252 potestis

1832 1275 1933 1345 ipsi
1967 1290 2320 1346 componere,
2360 1276 2618 1330 volumus
2640 1272 2863 1329 fratrem
2888 1284 3137 1329 nostrum
3162 1272 3420 1329 Dienscm

1829 1367 2147 1438 episcopum
2190 1375 2247 1423 et
2291 1367 2478 1423 Sancti
2517 1366 2674 1422 Pauli
2722 1366 2972 1421 abbatem
3017 1366 3233 1438 negotio
3289 1366 3420 1423 huic

1831 1459 2118 1526 interesse,
2160 1470 2434 1531 quatenus
2457 1475 2649 1516 eorum
2679 1460 2922 1515 adhibita
2952 1459 3229 1532 diligentia
3256 1459 3419 1516 tinem

1831 1552 1898 1609 lis
1926 1552 2167 1608 invenire
2195 1563 2407 1609 rectum
2431 1562 2487 1609 et
2514 1568 2819 1625 congruum
2862 1554 3068 1620 valeat,
3095 1567 3160 1607 ae
3187 1552 3421 1608 ulterius

1832 1644 1974 1699 inter
1994 1661 2094 1701 vos
2121 1645 2396 1701 dissensio
2426 1645 2576 1700 nulla
2605 1655 2903 1701 remaneat.
2954 1644 3085 1701 Sine
3130 1645 3420 1700 concordia

1834 1753 2076 1809 namque
2116 1754 2295 1809 neque
2333 1739 2742 1811 rcligiositatem
2783 1738 3022 1813 dicimus
3062 1737 3222 1809 [forte
3259 1737 3421 1792 duci-

1836 1847 1981 1885 mus.
2008 1830 2210 1905 li.tno.]
2240 1833 2542 1903 quidquam
2567 1831 2955 1902 valere,neque
2976 1831 3122 1886 aliud
3143 1845 3302 1901 opus,
3315 1828 3421 1885 etsi

1832 1921 2038 1977 bonum
2064 1922 2337 1989 videatur,
2369 1921 2578 1994 aliquid
2612 1938 2755 1978 esse.

1906 2013 2039 2071 Data
2080 2015 2287 2086 Romae,
2318 2015 2533 2072 decimo
2562 2011 2898 2088 octavoﬂial.
2932 2013 3080 2082 Maii,
3106 2013 3295 2070 indict.
3327 2027 3419 2069 se-

1829 2110 2030 2166 cunda.
2660 2124 2663 2127 '

2314 2208 2653 2266 EPISTOLA
2699 2208 2941 2265 XXXIV.

1972 2319 2040 2359 Δί)
2075 2317 2342 2359 ῦῐίῢυυῖυὶί
2386 2317 2840 2358 Αιιοιιιειιιεοονιῐιι
2874 2316 3274 2358 ιυωυκεκεει.

2444 2395 2606 2450 Anno
2642 2394 2849 2465 1079.)'

1831 2488 2127 2561 Conﬁrmat
2150 2492 2413 2560 primatus
2445 2489 2760 2561 dignitatem
2792 2485 3134 2561 Lugdunensi
3165 2485 3423 2561 Ecclesia

1829 2597 1839 2625 λ
1900 2556 2057 2631 super
2078 2556 2306 2632 quatuor
2338 2556 2639 2630 provincias
2662 2556 3303 2632 Δεοιιεειδδὶιηι,Αάιιηιηιοάο
3332 2556 3423 2613 Si-

1898 2627 2137 2686 mouiai'e
2167 2627 2592 2702 archiepiscopus
2621 2628 2817 2685 electus
2855 2644 2957 2682 non
2987 2627 3169 2699 fuerit.
3452 2648 3459 2654 '

1900 2721 2212 2779 Guecomus
2239 2723 2560 2793 episcopus,
2585 2735 2779 2776 servus
2806 2734 3095 2774 servorum
3154 2716 3281 2787 Dei,
3312 2717 3421 2774 Ge-

1826 2829 1988 2869 BL’INO
2018 2812 2342 2887 [Genusum]
2384 2809 2737 2884 Lugdunensi
2771 2809 3205 2879 archiepiscopo.

1899 2908 2138 2979 Antiqua
2177 2915 2493 2963 sanctorum
2532 2902 2787 2969 Patrum,
2822 2901 3023 2972 quibus
3052 2900 3180 2957 licet
3209 2899 3419 2972 indigni
3500 2892 3503 2895 λ

1828 3008 1883 3054 ct
1906 2999 2066 3073 longe
2088 2999 2298 3055 meritis
2331 2997 2592 3067 impares,
2625 2994 2680 3048 in
2724 2992 3198 3048 administratione
3250 2991 3420 3062 hujus

1829 3092 1975 3148 sedis
2010 3092 2377 3157 succedimus,
2393 3088 2645 3161 vestigia,
2669 3087 2994 3157 inquautum
3023 3084 3205 3141 divina
3233 3084 3421 3157 digna-

1827 3184 1907 3240 tio
1926 3185 2211 3256 permittit,
2239 3183 2440 3239 imitari
2476 3180 2873 3257 desiderantes,
2894 3177 3008 3248 jus,
3034 3177 3180 3248 quod
3208 3174 3421 3232 unicui-L

1829 3292 1937 3349 que
1970 3277 2342 3334 Ecclesiarum
2383 3292 2484 3346 pro
2526 3272 2722 3328 merito
2763 3279 2818 3326 et
2864 3270 3127 3343 dignitate
3167 3269 3255 3325 sui
3314 3270 3419 3341 ipsi

1828 3372 2196 3439 contulerunt,
2227 3386 2328 3426 nos
2364 3385 2432 3424 ex
2457 3381 2649 3423 eorum
2701 3363 3050 3420 successibus
3098 3363 3418 3420 considera-

1831 3463 1976 3520 tione
2000 3464 2157 3521 decet
2182 3465 2413 3520 illzesum
2434 3470 2488 3517 et
2510 3457 2847 3515 immutabile
2871 3471 3216 3537 conservare,
3230 3463 3283 3511 et
3304 3472 3422 3510 mu-

1829 3557 2037 3613 nimine
2060 3558 2409 3614 decretorum
2442 3560 2759 3609 nostrorum
2798 3550 2867 3606 ad
2904 3558 3223 3621 perpetuam
3256 3550 3422 3605 stabi-

1826 3650 2035 3706 litatem
2070 3649 2448 3706 corroborarc.
2483 3644 2829 3715 Quapropter
2874 3642 3024 3714 quia,
3068 3641 3423 3698 dilectissime

1827 3743 1884 3798 in
1920 3741 2144 3798 Christo
2187 3741 2355 3797 frater
2378 3737 2643 3802 Gebuinc,
2673 3733 2963 3806 postulasti
3006 3748 3038 3788 a
3083 3732 3242 3791 nobis
3278 3734 3419 3803 qua?-

1826 3842 1991 3890 tenus
2026 3835 2343 3907 dignitatem
2385 3831 2454 3886 ah
2485 3826 2927 3884 antecessoribus
2954 3825 3159 3881 nostris
3190 3840 3421 3881 conces-

1827 3942 1947 3982 sam
1974 3926 2254 3991 Ecclesize,
2288 3923 2376 3980 cui
2405 3921 2518 3977 Deo
2542 3929 2766 3975 auctore
2797 3934 3032 3989 praeesse
3060 3918 3419 3991 dignosceris,
3462 3920 3487 3931 ”

1826 4017 2303 4083 conﬁrmaremus,
2330 4024 2383 4069 ct
2416 4027 2649 4083 qumque
2674 4027 2775 4066 sua
2795 4009 2885 4082 Eab
2921 4008 3272 4064 infestatione
3319 4010 3422 4064 hn-
3484 4022 3487 4023 '

1780 4136 1784 4143 -
1826 4109 1937 4164 stili
1961 4109 2275 4180 apostolicm
2308 4106 2456 4161 sedis
2485 4103 2805 4160 defensione
2841 4100 3149 4168 tueremur,
3174 4101 3421 4157 inclinati

1825 4200 2084 4272 precibus
2110 4200 2224 4255 tuis
2247 4197 2640 4254 conﬁrmamus
2665 4193 2961 4263 primatum
2997 4182 3163 4264 super
3185 4202 3422 4263 quatuor

1826 4291 2142 4363 provincias
2177 4285 2534 4361 Lugdunensi
2574 4282 2833 4338 Ecclesiae
2879 4292 3009 4350 tuae,
3051 4290 3105 4336 et
3148 4296 3248 4352 per
3296 4297 3421 4338 eam

1826 4384 1927 4440 tibi
1953 4383 2174 4454 tuisque
2203 4378 2646 4444 successoribus,
2668 4376 2755 4431 his
2779 4384 2994 4430 tantum
3024 4375 3119 4446 qui
3152 4375 3302 4429 nullo
3331 4376 3419 4430 in-

1826 4477 2168 4534 terveniente
2198 4487 2427 4531 munere
2453 4471 2610 4527 electi
2639 4470 2724 4524 vel
2747 4469 2985 4540 promoti
3014 4466 3246 4535 fuerint,
3265 4468 3419 4523 vide-

1826 4572 1975 4637 licet,
2006 4585 2038 4625 a
2070 4562 2259 4634 manu,
2283 4564 2353 4620 ab
2376 4561 2642 4634 obsequio
2662 4570 2717 4618 et
2745 4577 2775 4616 a
2807 4560 3016 4633 lingua.
3051 4557 3097 4613 A
3135 4575 3334 4627 manu,
3359 4569 3422 4617 ut

1826 4666 2043 4722 nullum
2066 4659 2302 4734 pretium
2324 4672 2554 4729 prorsus
2576 4672 2607 4711 a
2634 4671 2694 4712 se
2719 4655 2804 4709 vel
2825 4655 2895 4709 ab
2914 4654 3098 4722 aliquo
3114 4652 3416 4720 tribuatur;

1825 4759 1895 4813 ab
1919 4755 2214 4827 obsequio,
2241 4761 2306 4808 ut
2331 4750 2470 4807 nihil
2504 4750 2629 4805 inde
2663 4748 2874 4803 servitii
2908 4746 3099 4811 faciat,
3128 4745 3273 4799 sicut
3295 4745 3421 4817 qui;

1824 4849 1951 4905 dam
1978 4846 2281 4903 intentione
2299 4843 2547 4901 ecclesia:
2572 4841 2907 4912 praalationis
2939 4838 3253 4911 potentibus
3290 4855 3420 4910 per-

1824 4944 1978 4999 sonis
1998 4941 2177 4998 solent
2197 4938 2443 5004 deferre;
2469 4951 2509 4990 a
2526 4936 2734 5007 lingua,
2756 4942 2819 4989 ut
2840 4946 3020 5004 neque
3038 4946 3135 5002 per
3154 4946 3217 4986 se
3246 4945 3426 5004 neque

1823 5050 1923 5106 per
1943 5033 2275 5091 submissam
2300 5042 2592 5102 personam
2615 5041 2811 5098 preces
2831 5023 3095 5083 eﬂ‘undat.
3115 5021 3224 5078 Sed
3247 5033 3428 5093 neque

1823 5125 1912 5182 his
1933 5125 2027 5197 qui
2052 5138 2149 5195 per
2175 5121 2497 5176 szecularem
2528 5124 2855 5187 potestatem
2888 5115 2957 5172 ad
3004 5113 3146 5169 hanc
3192 5111 3431 5186 dignita—

2409 5209 2660 5238 -':t‘l\':nl\.
2699 5207 2846 5238 λιι-ιιι
2884 5208 2969 5238 cu“
3015 5205 3433 5238 nanﬂmnlinnﬁ

1984 5233 2012 5238 ..
2027 5221 2334 5238 -_—.A-‘Am:“
