3982 5316
561 365 677 422 ὸλυ

1208 375 1266 420 '5.
1310 366 1640 424 GREGORII
1680 369 1772 452 Vll
1807 370 2016 428 ΡΛΡίΕ-
2045 371 2130 428 0P

2233 372 2330 429 ΟΜ
2366 375 2549 434 PARS
2581 380 2622 436 Ι.
2663 383 3192 447 -η-θῐίΕϐΙΞΤΙίυΜ.

3694 401 3823 460 οδω

557 468 715 540 juxta
752 471 1092 534 Dominicam
1117 484 1447 540 sententiam
1491 501 1602 542 non
1637 502 1737 558 per
1780 488 2004 555 ostium,
2051 489 2146 544 sed
2175 489 2222 548 Α
2247 489 2550 562 distinctio,
2572 497 2698 567 quis
2741 498 3028 559 hominum
3075 504 3280 562 abnuat
3328 505 3565 566 huic-se
3601 509 3824 570 libenter

561 561 782 621 aliunde
807 576 867 623 ut
892 568 1041 628 fures
1063 581 1117 628 ct
1139 573 1380 634 latrones
1427 579 1792 648 ascenderint,
1827 597 1936 636 non
1965 583 2142 638 solum

560 655 858 732 primatum
887 663 1054 736 hujus
1075 666 1357 740 dignitatis
1393 687 1503 726 non
1551 675 1923 744 concedimus,
1951 692 2140 734 verum

561 749 727 808 etiam
750 756 900 811 omni
923 758 1130 816 honore
1160 763 1520 822 ecclesiastici
1569 767 1852 839 regiminis
1891 769 2142 842 indignos

560 852 616 901 et
647 847 856 906 alienos
877 849 994 908 fore
1018 855 1422 925 adjudicamus.
1447 857 1768 918 Provincias
1807 871 1988 918 autem
2019 863 2142 922 illas

559 954 700 1009 quas
754 945 912 1001 vobis
955 948 1378 1020 conﬁrmamus,
1409 951 1647 1008 dicimus
1695 953 2138 1027 Lugdunensem,

560 1029 1076 1111 Rothomagensem,
1103 1039 1501 1112 Turonensem,
1537 1055 1593 1100 et
1637 1043 2030 1116 Senonensem,
2081 1059 2144 1105 ut

557 1123 643 1180 hie
685 1128 935 1188 videlicet
975 1133 1270 1203 provincia
1295 1136 1618 1208 condignam
1645 1138 2007 1196 obedientiam
2037 1139 2142 1202 Lu-

556 1217 825 1290 gdunensi
871 1222 1132 1281 Ecclesia
1189 1227 1524 1296 exhibeant,
1561 1238 1618 1286 et
1671 1230 1935 1288 honorem
1975 1248 2140 1304 quem

555 1307 793 1370 Romani
839 1317 1122 1386 pontiﬁces
1177 1319 1513 1377 reddendum
1553 1337 1677 1381 esse
1725 1324 1946 1396 scriptis
2007 1342 2138 1396 pro-

554 1405 690 1476 priis
731 1409 1100 1477 pralixerunt,
1149 1412 1430 1470 humiliter
1483 1423 1538 1471 et
1583 1415 1776 1474 devote
1804 1419 2137 1488 persolvant,

553 1496 703 1551 salva
735 1497 793 1554 in
821 1501 1076 1558 omnibus
1098 1504 1412 1574 apostolica
1446 1506 1594 1564 sedis
1619 1507 1924 1567 reverentia
1949 1517 2005 1566 et
2037 1527 2139 1568 au-

552 1589 824 1647 ctoritate.
884 1591 1175 1665 Praeterea,
1219 1596 1378 1668 juxta
1443 1605 1693 1658 tenorem
1753 1602 2139 1672 postulationis

551 1687 680 1749 tua,
727 1684 974 1742 ecclesiae
1031 1696 1140 1744 tua
1184 1689 1504 1760 bujusmodi
1547 1691 1834 1765 privilegia
1883 1695 2138 1766 praesenti

2243 583 2596 655 dispositioni
2629 591 2986 650 submittere?
3028 593 3166 653 Hinc
3193 599 3394 656 etenim
3423 616 3532 672 pax
3559 611 3616 658 et
3649 605 3824 661 cbari~

2243 682 2327 732 tas
2375 687 2566 736 mutua
2609 697 2669 738 se
2702 684 2819 741 vice
2861 687 3314 760 complectuntur,
3344 701 3398 750 et
3438 704 3629 752 manet
3669 685 3824 756 ﬁrma

2242 772 2535 828 concordia
2557 773 2614 829 in
2652 776 2820 832 altera
2843 777 2954 834 Deo
2973 780 3172 850 placita
3195 783 3484 842 dilectione
3515 788 3821 847 sinceritas.

2243 859 2382 953 Quia
2405 863 2571 934 igitur
2599 872 3028 943 unumquodque
3058 881 3188 930 tunc
3207 875 3502 936 salubriter
3522 882 3824 953 completur

2242 952 2500 1024 cilicium,
2525 973 2650 1014 cum
2688 958 2853 1017 fuerit
2883 981 3026 1022 unus
3075 966 3143 1022 ad
3188 983 3354 1038 quem
3401 972 3579 1041 possit
3617 952 3822 1033 recurri

2241 1049 2588 1118 praepositus.
2617 1050 2918 1110 Provinciae
2935 1066 3118 1114 autem
3147 1061 3322 1116 multo
3345 1070 3474 1120 ante
3496 1061 3708 1122 Christi
3732 1068 3824 1122 ad-

2243 1148 2462 1196 ventum
2497 1150 2759 1216 tempore,
2785 1148 2974 1206 divisa
3012 1159 3144 1208 sunt
3177 1155 3416 1216 maxima
3450 1171 3520 1214 ex
3562 1168 3740 1227 parte,
3769 1168 3824 1216 et

2240 1239 2430 1300 postea
2459 1236 2529 1291 ab
2557 1241 2824 1310 apostolis
2845 1249 2900 1297 et
2935 1242 3098 1299 beato
3125 1243 3403 1302 Clemente
3424 1248 3822 1326 praedecessore

2241 1332 2432 1405 nostro
2461 1327 2582 1400 ipsa
2615 1331 2812 1388 divisio
2847 1343 2932 1389 est
2975 1345 3258 1408 renovata,
3287 1345 3341 1395 et
3379 1339 3438 1395 in
3471 1323 3653 1416 capite

2239 1421 2541 1481 vinciarum
2558 1467 2572 1489 ,
2598 1425 2691 1481 ubi
2724 1425 2929 1482 dudum
2960 1429 3221 1500 primates
3242 1431 3379 1504 legis
3404 1441 3586 1504 erant
3609 1435 3820 1510 saeculi,

2239 1529 2305 1571 ac
2331 1515 2508 1587 prima
2537 1516 2830 1587 iudiciaria
2853 1527 3116 1589 potestas,
3139 1523 3208 1578 ad
3233 1536 3375 1594 quos
3399 1524 3496 1595 qui
3549 1541 3651 1596 per
3695 1527 3819 1582 reli-

2239 1623 2380 1679 quas
2399 1609 2652 1666 civitates
2672 1613 3180 1682 commorabantur,
3197 1615 3423 1686 quando
3465 1616 3552 1673 eis
3597 1633 3820 1675 necesse

2239 1709 2377 1768 erat,
2401 1702 2496 1773 qui
2521 1703 2590 1758 ad
2622 1703 2802 1758 aulam
2837 1705 3232 1776 imperatorum
3261 1708 3348 1764 vel
3395 1724 3588 1780 regum
3635 1709 3818 1766 confu-

549 1775 894 1836 auctoritatis
936 1788 1141 1837 nostra
1161 1781 1382 1838 decreto
1401 1783 1768 1856 indulgemus,
1782 1787 2135 1844 concedimus
2168 1835 2209 1890 Β
2239 1811 2366 1867 gere
2387 1811 2499 1852 non
2521 1805 2798 1868 poterant,
2819 1799 2905 1855 vel
2927 1801 3134 1871 quibus
3165 1775 3498 1872 permissum
3523 1819 3638 1858 non
3684 1813 3818 1872 erat.

550 1873 710 1890 “mu
741 1867 1017 1890 η-μμηη
1242 1889 1245 1890 ν
1305 1884 1316 1890 ,
1511 1877 1544 1890 ..
1990 1888 1998 1890 Α
2350 1885 2367 1890 -
2442 1889 2450 1890 κ
2492 1889 2501 1890 κ

549 1873 714 1936 atque
740 1867 1048 1940 ﬁrmamus,
1079 1882 1384 1932 statuentes
1433 1877 1644 1936 nullum
1687 1893 1902 1950 regum,
1947 1888 1998 1935 et
2048 1897 2132 1934 re-

547 1957 694 2031 liqua
722 1977 882 2032 usque
907 1963 961 2017 in
982 1965 1164 2034 ﬁnem,
1192 1967 1332 2024 sicut
1357 1969 1413 2024 in
1443 1968 1722 2042 privilegio
1753 1980 1961 2028 constat
1992 1972 2131 2046 quod

544 2057 623 2102 est
661 2049 716 2103 in
739 2053 914 2120 capite
943 2053 1101 2124 hujus
1127 2054 1316 2114 libelli.

618 2138 754 2196 Data
786 2141 995 2211 Romae,
1041 2145 1370 2206 duodecimo
1424 2147 1698 2208 Kalendas
1741 2149 1932 2222 Maias,
1981 2153 2130 2212 indi-

545 2232 725 2291 ctione
751 2237 1010 2296 secunda.

1032 2372 1376 2430 EPISTOLA
1408 2375 1466 2445 1X
1479 2375 1643 2432 XXV.

541 2475 612 2517 an
641 2469 1120 2531 aerumnosas“,
1147 2481 1518 2536 TURONENSEM,
1544 2485 1612 2523 nr
1645 2483 2130 2542 εειιοιῐειιειιιηλιιφ

1137 2551 1532 2594 οιιιεριεεοροε.

1139 2627 1321 2696 (Anno
1358 2629 1541 2702 1079.)

547 2715 1034 2796 Utﬁarchiepiscopo
1068 2717 1433 2796 _Lugdm_wnsi
1467 2739 1622 2794 super
1665 2740 1752 2780 eos
1787 2741 1854 2780 ex
1905 2726 2128 2796 antiqua

610 2785 840 2866 Patrum
874 2785 1192 2845 auctoritate
1205 2793 1434 2866 primati
1473 2785 1598 2848 a'se
1642 2796 1956 2866 conﬁrmato
2007 2785 2128 2852 o'be-

609 2858 1164 2938 dientiaanrtestent.
1199 2859 1476 2938 Rationem
1505 2873 1557 2938 et
1587 2858 1847 2938 originem
1893 2867 2130 2926 diverso-

641 2946 732 2985 um
758 2929 814 2983 in
841 2929 1086 2986 Ecclesia
1111 2933 1374 3004 graduum
1405 2934 1666 2991 declarat.

541 3089 550 3097 .
609 3039 918 3099 Gnscomus
942 3044 1255 3117 episcopus,
1283 3062 1478 3104 servus
1521 3063 1808 3106 servorum
1861 3050 1978 3119 Dei,
2009 3051 2125 3108 fra-

538 3133 716 3190 tribus
743 3143 798 3189 et
822 3137 1166 3208 coepiscopis
1187 3137 1634 3212 Rothomagensi,
1655 3140 1963 3200 Turonensi
1985 3143 2125 3218 [Tu-

495 3227 776 3294 ~toncnsi,
838 3227 1239 3303 Bituriceusi],
1293 3239 1350 3287 et
1399 3231 1728 3302 Senonensi,
1783 3236 2016 3292 salutem
2073 3246 2128 3293 et

538 3320 896 3390 apostolicam
935 3321 1394 3379 benedictionem.

611 3409 770 3466 Sicut
800 3412 952 3467 novit
979 3412 1295 3475 fraternitas
1326 3423 1543 3484 -vestra,
1595 3418 1753 3476 sedes
1805 3420 2133 3491 apostolica,

537 3503 628 3557 cui
652 3502 781 3558 licet
815 3503 1045 3576 indigni,
1068 3505 1182 3562 Deo
1213 3517 1461 3578 auctore,
1509 3511 1887 3581 praesidemus.
1945 3514 2128 3572 divina

536 3607 711 3667 gratia
736 3596 1057 3667 inspirante,
1085 3597 1296 3670 Spiritu
1319 3611 1510 3658 sancto
1534 3603 1746 3671 edocta,
1769 3621 1866 3674 per
1885 3606 2130 3664 diversas

535 3689 851 3758 provincias
879 3698 934 3746 et
953 3706 1122 3764 regna
1156 3693 1421 3762 praesules
1451 3696 1898 3768 archicpiscopos
1935 3708 1990 3754 et
2017 3701 2132 3770 pri—

535 3788 713 3838 mates
741 3782 1052 3852 ordinavit;
1102 3785 1264 3856 cujus
1301 3787 1696 3845 constitutione
1726 3798 1780 3845 et
1804 3791 2130 3849 auctoritate

537 3870 918 3944 Lugdunensis
949 3874 1198 3934 Ecclesia
1230 3878 1529 3949 primatum
1555 3897 1721 3952 super
1743 3892 1982 3954 quatuor
1995 3899 2129 3956 pro-

533 3963 764 4034 vincias,
777 3965 1030 4024 videlicet
1041 3966 1485 4042 Lugdunensem,
1502 3971 2136 4046 Rothomagensem,Tu-

534 4071 827 4125 ponenscm
843 4067 898 4116 et
932 4058 1328 4132 Senonensem,
1355 4079 1454 4134 per
1477 4080 1750 4122 annorum
1771 4067 1932 4140 longa
1953 4070 2131 4126 curri-

532 4149 657 4216 cula
668 4151 974 4210 obtinuisse
985 4155 1358 4228 cognoscitur.
1377 4153 1705 4218 Sanctorum
1729 4158 2127 4231 igiturPatrum

533 4243 999 4316 nos,inquantum
1030 4247 1143 4304 Deo
1163 4247 1380 4305 favente
1407 4250 1948 4326 valemus,§exempla
1972 4254 2130 4325 sequi

532 4334 836 4404 cupientes,
860 4336 1119 4395 Ecclesia
1149 4348 1470 4396 memorata
1491 4343 1810 4414 primatum,
1831 4361 1994 4416 quem
2025 4345 2130 4418 ipsi

531 4423 768 4484 decretis
807 4429 924 4485 suis
954 4432 1361 4488 constituerunt
1381 4442 1548 4504 atque
1573 4445 1879 4492 sanxerunt
1896 4479 1910 4506 ,
1934 4453 2128 4494 eorum

533 4516 658 4572 freti
694 4527 965 4589 potestate
991 4523 1222 4579 subinde
1241 4525 1569 4581 conﬁrmare
1592 4527 1894 4584 studemus.
1919 4528 2002 4583 Ad
2022 4528 2128 4585 hoc

530 4611 678 4666 enim
707 4611 906 4668 divinae
953 4613 1381 4684 dispensationis
1418 4619 1663 4688 provisio
1709 4621 1910 4692 gradus
1954 4627 2008 4675 et
2049 4620 2130 4676 di-

529 4718 726 4760 versos
748 4707 1034 4762 Constituit
1055 4709 1278 4766 ordines
1297 4724 1420 4766 esse
1455 4711 1765 4780 distinctos,
1799 4721 1860 4768 ut
1883 4713 2014 4767 dum
2041 4729 2126 4768 re-

532 4797 836 4853 verentiam
857 4800 1100 4856 minores
1125 4801 1436 4871 potioribus
1456 4803 1798 4872 exhiberem,
1811 4814 1865 4860 et
1884 4805 2126 4876 potiores

533 4886 842 4946 minoribus
867 4891 1216 4949 dilectionem
1247 4894 1642 4964 impenderent,
1674 4913 1785 4952 una
1821 4898 2128 4953 concordia

532 4978 688 5033 ﬁeret
712 4995 774 5033 ex
807 4981 1125 5040 diversitate
1175 4987 1468 5053 connexio,
1525 4996 1580 5042 et
1626 4997 1777 5043 recte
1825 4988 2125 5044 ciliciorum

527 5069 852 5140 gigneretur
890 5075 1295 5133 administratio
1345 5079 1711 5150 singulorum.
1751 5079 1938 5152 Neque
1979 5081 2127 5138 cnim

533 5161 865 5208 ιιιιίνηινςίηις
891 5165 994 5208 alia
1031 5177 1240 5208 nnlnrnl
1275 5171 1484 5208 (inﬁnita
1524 5173 1822 5208 cnhciclnv-n
1885 5173 1987 5208 τιἷοῖ
2022 5174 2126 5208 l-nL-

2235 1885 2622 1961 confugiebant
2640 1905 2742 1964 pro
2782 1892 3234 1963 oppressionibus
3253 1895 3340 1963 vel
3366 1893 3660 1966 injustitiis
3689 1897 3818 1964 suis,

2236 1980 2492 2053 ipsosque
2531 1983 2892 2054 appellabant,
2929 1987 3145 2058 quoties
3198 2001 3338 2058 opus
3383 1995 3523 2056 erat,
3575 1988 3721 2044 sicut
3769 1989 3822 2048 in

2234 2073 2351 2148 lege
2378 2087 2571 2132 eorum
2595 2084 2924 2147 praceptum
2952 2086 3088 2133 erat.
3135 2075 3272 2150 Ipsis
3314 2095 3538 2150 quoque
3583 2080 3820 2136 civitati-

2231 2154 2358 2235 bus,
2388 2167 2473 2224 vel
2497 2167 2634 2226 locis
2660 2168 3430 2242 celebrioribus,patriarchas
3451 2171 3539 2228 vel
3561 2174 3823 2244 primates

2230 2261 2328 2331 qui
2352 2277 2518 2318 unam
2549 2261 2783 2318 formam
2819 2271 3023 2330 tenent,
3051 2264 3182 2320 licet
3204 2265 3423 2322 diversa
3443 2264 3558 2322 sint
3579 2266 3821 2335 nomina,

2231 2353 2377 2427 leges
2401 2354 2600 2411 divinae
2635 2365 2690 2412 et
2717 2356 3104 2418 ecclesiastica
3129 2357 3257 2429 poni
3284 2365 3340 2414 et
3363 2372 3490 2414 esse
3511 2359 3823 2430 jusserunt,

2231 2447 2300 2506 ad
2327 2463 2467 2518 quos
2489 2447 2766 2520 episcopi,
2821 2449 2870 2504 si
2929 2464 3155 2506 necesse
3199 2448 3383 2518 fuerit,
3428 2448 3822 2521 confugerent,

2229 2554 2436 2610 eosque
2456 2539 2810 2611 appellarent,
2839 2543 2901 2594 ut
2929 2539 3032 2611 ipsi
3066 2541 3290 2598 nomine
3330 2543 3637 2613 primatum
3680 2542 3823 2598 frue-

2229 2639 2444 2700 rentur,
2491 2639 2549 2688 et
2595 2647 2706 2686 non
2747 2631 2858 2686 alii.
2916 2629 3160 2704 Reliqua
3207 2649 3339 2688 vero
3385 2635 3824 2706 metropolitani

2231 2723 2504 2794 civitates,
2528 2741 2652 2798 qua
2681 2724 2923 2782 minores
2947 2725 3162 2797 judices
3207 2726 3502 2794 habebant,
3534 2727 3668 2784 licet
3711 2743 3826 2785 ma-

2223 2816 2407 2888 jorum
2431 2819 2694 2876 comitum
2717 2825 2921 2887 essent,
2951 2819 3216 2874 haberent
3235 2827 3418 2876 tamen
3440 2821 3822 2890 metropolita-

2230 2926 2331 2966 nos
2353 2926 2504 2980 suos,
2535 2912 2632 2984 qui
2651 2911 2925 2983 praedictis
2951 2911 3104 2982 juste
3142 2911 3428 2968 obedirent
3465 2913 3821 2983 primatibus,

2229 3001 2372 3058 sicut
2396 3012 2452 3059 ct
2473 3004 2527 3058 in
2550 3004 2764 3078 legibus
2793 3005 2980 3060 saculi
3011 3005 3142 3060 olim
3188 3003 3507 3062 ordinatum
3551 3014 3698 3073 erat,
3731 3003 3822 3076 qui

2228 3110 2339 3150 non
2369 3096 2687 3166 primatum,
2713 3095 2807 3151 sed
2833 3103 2929 3152 aut
2956 3097 3510 3167 metropolitanorum
3545 3097 3821 3180 archiepi-

2153 3177 2196 3236 C
2229 3202 2522 3258 scoparum
2563 3189 2785 3244 nomine
2812 3187 3144 3248 fruerentur.
3177 3187 3243 3244 Et
3269 3189 3397 3245 licet
3426 3189 3666 3262 singula
3707 3177 3821 3245 nie-

2227 3282 2468 3352 tropoles
2513 3283 2764 3340 civitates
2799 3298 2930 3338 suas
2974 3283 3286 3354 provincias
3329 3282 3590 3351 habeant,
3613 3291 3671 3338 et
3696 3297 3822 3338 suos

2228 3373 2680 3446 metropolitanos
2743 3374 2946 3430 habere
2999 3375 3234 3430 debeant
3289 3375 3580 3445 episcopos
3606 3414 3625 3442 ,
3683 3375 3824 3431 sicut

2227 3465 2383 3536 prius
2435 3466 2890 3538 mctropolitanos
2949 3466 3164 3537 judices
3223 3467 3463 3525 habeant
3505 3467 3819 3534 saeculares,

2228 3560 2491 3630 primates
2530 3569 2742 3628 tamen,
2773 3567 2836 3615 ut
2891 3560 3178 3630 praefixum
3224 3568 3330 3626 est,
3385 3569 3519 3615 tunc
3575 3569 3635 3616 et
3680 3573 3826 3616 nunc

2229 3653 2432 3710 habere
2451 3653 2622 3726 jussa
2647 3661 2796 3720 sunt,
2827 3653 2896 3708 ad
2924 3669 3064 3723 quos
3085 3661 3210 3724 post
3234 3653 3418 3710 sedem
3461 3651 3823 3724 apostolicam

2230 3762 2450 3803 summa
2473 3746 2690 3819 negotia
2711 3745 3058 3810 conveniant,
3072 3754 3133 3802 ut
3147 3744 3345 3802 ibidem
3357 3745 3565 3817 quibus
3579 3761 3820 3812 necesse,

2229 3843 2510 3900 elevantur
2536 3850 2594 3898 et
2626 3843 2777 3914 juste
2801 3841 3186 3906 restituantur,
3209 3847 3265 3896 et
3289 3839 3345 3896 hi
3366 3839 3464 3912 qui
3495 3839 3708 3912 injuste
3725 3855 3823 3912 op-

2229 3937 2546 4008 primuntur
2589 3934 2738 4006 juste
2798 3932 3167 3991 reformentur
3192 3974 3208 4000 ,
3258 3939 3426 4004 atque
3485 3930 3822 3998 fulciantnr,

2230 4029 2724 4101 episcoporumquc
2752 4041 2934 4082 causa
2977 4033 3033 4082 et
3079 4039 3424 4082 summorum
3476 4023 3824 4096 negotiorum

2225 4121 2457 4194 judicia,
2488 4121 2638 4178 salva
2665 4117 2981 4191 apostolica
3025 4117 3182 4202 sedis.
3229 4115 3582 4184 auctoritate,
3623 4116 3824 4186 justis-

2232 4215 2370 4271 sime
2403 4212 2786 4269 terminentur.
2816 4209 3161 4281 Quapropter
3194 4207 3497 4280 apostolica
3532 4207 3695 4266 vobis
3729 4223 3825 4266 au-

2233 4308 2484 4365 ctoritate
2531 4303 2886 4376 praecipimus
2947 4309 3010 4358 ut
3065 4315 3206 4371 sape
3250 4299 3410 4356 dicta
3465 4298 3823 4371 Lugdunensi

2231 4399 2489 4456 Ecclesiae
2512 4398 2778 4452 honorem
2817 4403 2874 4451 et
2903 4391 3266 4449 reverentiam
3298 4406 3331 4446 a
3361 4390 3675 4461 majoribus
3722 4405 3822 4444 no-

2233 4493 2362 4549 stris
2388 4491 2456 4546 de
2480 4488 2740 4546 Ecclesiis
2773 4486 2976 4542 vestris
3012 4485 3291 4556 prafixam
3319 4483 3395 4538 ita
3430 4497 3531 4537 vos
3564 4481 3824 4537 exhibere

2158 4564 2204 4628 D
2231 4583 2514 4641 humiliter
2538 4591 2592 4637 et
2610 4582 2801 4637 devote
2826 4577 3159 4650 procuratis,
3176 4573 3646 4646 quemadmodum
3667 4572 3822 4629 vobis

2231 4695 2263 4740 a
2300 4675 2662 4748 sull‘raganeis
2689 4673 2888 4730 vestris
2925 4670 3079 4725 reddi
3134 4669 3330 4724 debere
3377 4682 3488 4722 non
3533 4665 3816 4722 dubitatis.

2231 4770 2590 4841 Omnipotens
2614 4775 2670 4823 et
2709 4764 3030 4822 misericors
3079 4761 3224 4816 Deus
3269 4758 3422 4830 pacis
3459 4757 3816 4829 justitiaque,

2231 4879 2464 4922 serenus
2497 4863 2774 4932 inspector
2805 4857 2960 4914 cordi
2986 4866 3172 4910 vestro
3209 4853 3505 4914 clementer
3548 4851 3818 4921 inspirare

2231 4959 2502 5030 dignetur,
2527 4961 2586 5010 ut
2615 4969 2709 5023 per
2734 4952 2881 5006 viam
2901 4947 3177 5018 aquitatis
3198 4943 3614 5014 concordiaeque
3631 4942 3816 4997 ﬁrmos

2232 5053 2432 5126 gradus
2469 5051 2602 5107 mihi
2638 5049 2692 5104 in
2721 5051 2828 5104 hoc
2854 5047 3055 5104 saeculo
3078 5045 3300 5100 tendere
3329 5041 3511 5096 taliter
3553 5039 3816 5096 studeatis

2233 5155 2504 5208 quatenus
2556 5160 2657 5208 pro
2700 5139 3092 5208 temporalibus
3139 5145 3339 5192 aterna
3402 5133 3699 5204 sumpturi,
3750 5130 3814 5185 ad
