3982 5316
122 394 205 448 Sil
1155 393 1357 449 LIBER
1397 390 1692 450 SEXTUS.
1732 388 2055 460 —,EPIST.
2095 392 2385 451 XXXVIII.

3302 396 3425 451 ΜΞ

365 504 613 588 [τρῖμμα
632 505 1320 588 αςφιὶεὴιανωωὲηυοωι
1361 509 1424 588 in
1453 507 1567 588 suis
1598 523 1715 562 nta-
1743 508 1790 569 Α
1812 507 2071 577 leximus,
2104 519 2160 566 ct
2191 510 2457 566 honorem
2486 516 2643 567 tuum
2678 509 2881 573 tamin
2916 510 3169 580 praesenti
3203 514 3407 567 seacqu

180 578 354 648 nibus,
385 578 472 631 sic
509 579 569 633 hi
606 579 701 648 qui
746 577 824 633 rel
868 589 1056 632 contra
1093 580 1712 644 “communicationem,

182 646 258 702 rei
298 648 476 717 pretio
526 646 782 717 beneﬁcia
825 650 1159 705 obtinuerant
1222 651 1281 705 in
1336 651 1578 706 manibus
1632 650 1715 705 sui

185 719 583 790 archiepiscopi
608 720 926 775 renuntient.

186 811 505 869 (insontes
534 813 853 884 cpiscopus,
875 828 1071 870 servus
1095 829 1377 870 servorum
1400 811 1529 881 Dei,
1552 828 1717 868 eano-

123 904 256 961 uicis
289 904 693 977 Lugdunensis
735 904 989 964 Ecclesiae
1017 908 1253 965 salutem
1278 919 1331 963 et
1361 908 1719 978 apostolicam

127 998 591 1055 benedictionem.

187 1090 423 1159 Quidam
453 1103 729 1161 vestrum,
754 1091 825 1149 ad
859 1106 960 1149 nos
986 1107 1110 1149 cum
1154 1090 1568 1164 archiepiscopo
1618 1106 1721 1147 suo

124 1196 426 1256 vomentes,
463 1196 762 1258 postquam
798 1185 867 1242 de
923 1184 1183 1243 Ecclesiae
1221 1193 1419 1241 vestra:
1465 1191 1611 1241 statu
1666 1194 1722 1240 et

124 1277 352 1345 utilitate
380 1294 486 1337 nos
515 1278 955 1347 consuluerunt,
986 1278 1107 1334 sine
1156 1277 1457 1354 apostolica
1498 1277 1722 1334 benedi-

124 1371 297 1437 ctione
318 1381 695 1433 reccSSet'unt.
719 1370 875 1438 Quod
895 1371 1115 1443 quidem
1139 1371 1265 1427 licet
1286 1370 1482 1427 merito
1504 1369 1723 1441 indigne

122 1463 430 1532 tulerimus,
460 1473 647 1519 tamen
678 1464 978 1536 apostolica
1006 1463 1436 1519 mansuetudine
1463 1461 1723 1519 dissimu-

121 1556 320 1623 lamus,
352 1565 411 1612 et
455 1556 593 1612 dum
638 1557 893 1628 cupimus
954 1556 1117 1613 saluti
1169 1567 1366 1613 vestrm
1412 1555 1721 1622 consulere,

121 1648 343 1705 illorum
382 1662 651 1705 excessus
678 1648 987 1704 omittimus
1020 1648 1257 1719 insequi.
1314 1647 1390 1704 De
1442 1646 1557 1703 filio
1594 1662 1725 1703 vero

122 1751 311 1798 nostro
342 1750 655 1813 vestrasque
688 1742 898 1800 decano
942 1741 1205 1799 Ecclesia:
1467 1741 1725 1798 notillca-

124 1851 241 1890 mus
266 1835 553 1891 dilectioni
590 1835 950 1907 vestraequod
979 1835 1234 1907 prudenti
1256 1852 1324 1892 ac
1354 1835 1563 1893 salubri
1591 1851 1725 1892 con-
1757 1862 1800 1917 Β

124 1927 241 1991 silio
276 1929 484 1987 ductus
524 1927 867 1985 obedientias
899 1929 1177 1996 ecclesize,
1205 1937 1510 2001 caeteraque
1552 1929 1721 1985 bene-

125 2022 267 2091 ﬁcia,
292 2039 423 2095 qua:
456 2021 582 2080 sine
614 2025 897 2081 communi
922 2039 1196 2081 consensu
1247 2022 1484 2080 fratrum
1535 2022 1725 2101 acqui-

124 2116 317 2185 sient,
348 2117 410 2173 in
444 2132 647 2175 manus
693 2127 916 2175 nostras
956 2127 1152 2189 sponte
1191 2118 1528 2178 renuntiavit
1574 2125 1632 2173 et
1663 2131 1724 2173 se

123 2209 357 2267 ulterius
389 2226 504 2267 non
529 2210 982 2269 intromissurum
1015 2209 1289 2290 promisit.
1326 2211 1407 2267 Ad
1434 2210 1593 2283 cujus
1616 2208 1726 2265 for-

125 2315 264 2355 mam
288 2310 404 2357 tam
431 2302 520 2358 his
542 2302 638 2373 qui
671 2301 862 2358 furtim
885 2318 944 2360 se
966 2304 1345 2360 subduxerunt
1367 2320 1532 2374 quam
1559 2302 1722 2359 etiam

125 2394 437 2463 abbatibus,
465 2396 553 2450 vel
583 2394 966 2467 cujuscunque
992 2395 1261 2451 clericalis
1302 2395 1513 2451 ordinis
1541 2395 1723 2451 omni-

126 2484 227 2553 bus
261 2484 534 2552 Ecclesiae
583 2496 812 2555 vestrae;
876 2486 1194 2563 quicunque
1238 2486 1596 2555 obedientias,
1639 2488 1725 2545 vel

126 2576 378 2634 Ecclesia:
407 2578 854 2649 dispensationes
888 2578 1049 2649 pretii
1106 2578 1380 2654 pactione,
1410 2579 1496 2635 vel
1534 2588 1725 2636 contra

128 2666 758 2724 cxcommunicationem
805 2665 1095 2723 Landerici
1142 2666 1561 2724 Matisconensis
1610 2669 1725 2740 epi-

131 2760 297 2829 scapi,
330 2773 504 2831 quam
533 2759 590 2815 in
621 2758 866 2830 capitulo
907 2767 1094 2815 vestro
1149 2757 1299 2829 fecit,
1350 2759 1529 2832 adepti
1573 2769 1724 2829 sunt,

130 2851 431 2921 apostolica
463 2852 795 2909 auctoritate
818 2850 1190 2922 praecipimus,
1211 2860 1274 2907 ut
1302 2851 1359 2906 in
1393 2868 1594 2909 manus
1616 2851 1727 2908 fra-

130 2943 227 2999 tris
260 2943 443 2999 nostri
472 2943 705 2999 Gebuini
730 2942 1127 3014 archiepisc0pi
1153 2943 1317 2999 vestri
1348 2943 1589 3001 refutare
1609 2945 1728 3005 sine

130 3036 387 3091 dilatione
410 3044 731 3107 procurent.
760 3033 1029 3091 Volumus
1055 3035 1329 3106 siquidem
1366 3045 1430 3095 ut
1470 3036 1723 3092 nobilita-

132 3138 259 3197 tem,
285 3145 399 3200 qua
434 3130 580 3189 inter
611 3143 808 3186 omnes
858 3126 1171 3184 Gallicanae
1227 3126 1500 3184 Ecclesias
1544 3137 1727 3184 vestra

133 3222 421 3293 hucusque
468 3220 813 3294 resplenduit
858 3219 916 3275 in
968 3218 1253 3293 religionis
1282 3221 1550 3291 exemplo,
1582 3235 1730 3277 nunc
1754 3209 1798 3269 C

133 3329 349 3385 quoque
395 3313 688 3387 vigilanter
742 3311 1037 3379 custodiat,
1080 3321 1232 3367 etut
1284 3312 1510 3384 gloriam
1554 3328 1723 3383 quam

132 3406 402 3462 hactenus
434 3422 550 3478 pra:
572 3405 792 3462 caeteris
816 3404 926 3461 illis
948 3405 1143 3461 habuit
1178 3405 1234 3459 in
1265 3404 1552 3476 dignitate,
1582 3420 1731 3468 nunc

134 3514 330 3571 augere
359 3496 589 3570 incipiat
619 3499 676 3554 in
710 3496 888 3554 forma
922 3497 1223 3569 religionis.
1273 3496 1499 3554 Noverit
1546 3507 1729 3554 autem

133 3591 350 3647 dilectio
370 3601 557 3647 vestra
579 3591 869 3662 quoniam,
893 3590 941 3647 si
978 3590 1184 3647 nostris
1212 3591 1523 3649 salubribus
1558 3591 1731 3663 jussis

135 3684 575 3755 obtemperantes
634 3684 903 3739 hactenus
963 3682 1107 3737 male
1160 3668 1731 3749 habitaccnsueritis

131 3775 275 3846 iuste
306 3776 607 3842 dimittere,
640 3776 714 3831 ita
747 3774 904 3831 vobis
945 3774 1355 3845 providebimns
1397 3776 1452 3830 in
1500 3784 1738 3856 utroque

136 3877 193 3923 ut
212 3879 268 3924 et
290 3869 693 3939 temporalibus
729 3866 1037 3923 commodis
1081 3882 1191 3922 non
1236 3867 1631 3935 destituamini,
1678 3875 1735 3924 et

133 3963 336 4018 erroris
366 3961 583 4017 veniam
615 3961 683 4016 de
718 3961 903 4016 divina
942 3952 1603 4032 miscricordiaiconsequi
1632 3977 1731 4016 va-

134 4055 305 4109 leatis.
331 4054 492 4121 Quod
522 4053 571 4109 si
593 4052 721 4124 quis
752 4062 943 4118 contra
973 4052 1206 4107 salutem
1242 4053 1519 4123 propriam
1547 4053 1733 4110 animo

134 4146 410 4211 indurato,
443 4154 741 4217 postquam
780 4144 849 4200 ad
900 4143 1149 4203 notitiam
1200 4145 1323 4216 ejus
1380 4147 1499 4201 haec
1545 4153 1734 4203 nostra

132 4248 399 4311 pnecepta
432 4237 819 4308 pervenerint,
849 4236 993 4291 ultra
1022 4236 1216 4307 viginti
1252 4237 1372 4294 dics
1402 4239 1484 4294 eis
1540 4239 1734 4294 inobe-

132 4329 286 4386 diens
307 4329 500 4397 fuerit,
526 4329 606 4384 illi
625 4329 879 4384 omnium
909 4328 1270 4384 ecclesiarum
1298 4329 1608 4401 ingressum
1630 4373 1646 4399 ,
1680 4340 1736 4387 ct

133 4424 377 4495 corporis
401 4432 457 4478 et
482 4423 767 4493 sanguinis
792 4419 1014 4476 Domini
1044 4420 1508 4493 communionem,
1525 4440 1734 4495 quous—

132 4533 233 4588 que
263 4517 579 4586 resipiscat,
604 4514 908 4586 apostolica
950 4514 1335 4573 interdicimus
1385 4518 1727 4573 auctoritate.

196 4607 331 4664 Data
358 4607 569 4675 Romae,
599 4607 931 4664 duodecimo
951 4605 1225 4676 Kalendas
1255 4607 1404 4678 Maii,
1430 4610 1729 4666 indictione

134 4701 392 4757 secunda.

594 4812 940 4871 EPISTOLA
1001 4813 1268 4870 XXXVII.

416 4925 485 4963 AD
514 4923 798 4965 JORDANUM
830 4925 1116 4966 PRINCIPEM
1148 4924 1443 4967 CAPUANUM.

727 5001 935 5074 (Anno’
960 4999 1147 5066 1079.)

138 5091 500 5173 dﬁcit
544 5094 891 5178 beato.Petro
937 5094 1103 5182 ﬁdem
1159 5108 1262 5176 non
1297 5099 1602 5188 servaverit,
1634 5115 1735 5153 no-

1816 601 2087 673 adaugere
2118 618 2284 673 quam
2324 603 2377 657 in
2402 600 2592 659 futuro
2617 617 2838 657 servare
2867 601 3183 660 studuimus
3221 604 3410 661 hacte-

1819 711 1945 752 nus.
1973 694 2422 753 Existimavimus
2458 695 2607 751 enim
2637 704 2709 763 te,
2735 704 2798 751 ut
2833 695 3072 751 nobilem
3099 697 3317 753 deceret
3345 698 3411 753 fi-

1818 788 1977 856 lium,
2007 788 2169 844 fidem
2192 789 2354 845 beato
2383 787 2544 844 Petro
2565 797 2933 857 servaturum,
2953 798 3008 845 et
3039 789 3208 848 decus
3233 791 3412 861 ipsius

1818 879 1876 937 in
1899 880 2114 937 cunctis
2139 896 2240 952 pro
2260 880 2473 937 viribus
2495 881 2607 937 tuis
2628 881 3013 937 adaucturum.
3028 881 3229 939 Verum
3251 885 3411 957 longe

1819 988 1921 1030 nos
1947 972 2139 1030 fefellit
2155 973 2363 1045 opinio,
2386 982 2442 1029 et
2469 974 2565 1046 qui
2591 974 2658 1029 de
2681 982 2733 1030 te
2759 975 2898 1030 nihil
2921 975 3028 1032 tale
3054 977 3265 1047 pridem
3294 978 3413 1049 qui-

1818 1066 2000 1123 vimus
2029 1068 2273 1130 credere,
2305 1081 2454 1122 nunc
2480 1065 2816 1122 advertimus
2844 1067 2911 1124 de
2935 1068 3038 1126 hac
3064 1071 3411 1139 perfidia-tua

1820 1159 2025 1215 multos
2048 1176 2161 1216 non
2184 1158 2359 1216 fuisse
2387 1159 2664 1217 mentitos.
2704 1159 2846 1215 Ecce
2871 1160 3018 1215 enim
3071 1161 3279 1217 dudum
3307 1179 3410 1219 no-

1820 1267 2042 1309 vercam
2071 1260 2299 1309 tuamet
2337 1252 2619 1310 dominam
2654 1263 2842 1310 contra
2877 1253 2969 1325 jus
3005 1263 3059 1310 ct
3095 1254 3180 1310 fas
3229 1255 3294 1311 de
3321 1272 3412 1312 ec-

1822 1344 1989 1402 clesia
2055 1345 2274 1402 trahere
2322 1346 2552 1402 invitam
2602 1354 2658 1401 ct
2715 1346 3128 1414 reclamantem,
3182 1362 3415 1418 eamque

1824 1437 2032 1493 nubere
2058 1437 2333 1494 nolentem
2359 1438 2567 1509 nuptiis
2590 1439 2807 1494 tradere
2831 1438 3231 1495 violentissime
3270 1455 3412 1511 prte-

1825 1530 2134 1601 sumpsisti.
2162 1529 2496 1602 Episcopum
2524 1530 2591 1588 ad
2644 1531 3017 1601 apostolorum
3073 1531 3262 1591 limina
3316 1548 3413 1588 ve-

1824 1622 2067 1695 nientem
2094 1638 2271 1694 nuper
2292 1639 2462 1680 ausus
2488 1638 2550 1679 es
2588 1623 2870 1696 impedire,
2910 1633 2965 1680 ct
2990 1625 3138 1698 quod
3186 1621 3413 1693 ferebat,

1824 1732 1979 1772 more
2030 1715 2385 1787 praedonum,
2447 1714 2683 1772 auferre.
2747 1714 3054 1773 Novissime
3126 1718 3416 1775 ecclesiam

1827 1807 1979 1863 Beati
2013 1807 2294 1864 Benedicti
2332 1809 2603 1881 sacrilego
2646 1824 2787 1864 ausu
2836 1808 3061 1876 intrare,
3091 1808 3413 1880 depraedari,

1824 1909 1880 1957 et
1915 1900 2122 1957 violare
2156 1917 2268 1957 non
2308 1899 2567 1969 timuisti,
2606 1909 2661 1954 ct
2700 1900 2796 1971 qui
2852 1900 2995 1955 bona
3038 1901 3413 1971 ecclesiarum,

1824 1994 2086 2065 quoniam
2109 1992 2224 2050 fere
2249 2002 2450 2050 cuncta
2479 2008 2601 2064 quae
2625 2002 2781 2049 tenes
2810 2008 3003 2049 earum
3043 2001 3190 2060 sunt,
3230 1991 3417 2049 delen—

1823 2086 1953 2143 dere
1974 2086 2265 2157 debueras,
2296 2095 2355 2142 tu
2392 2086 2682 2158 potissime
2714 2094 3013 2142 temerator
3058 2086 3301 2156 ipsarum
3362 2093 3419 2142 et

1824 2179 2120 2235 dilianator
2142 2179 2356 2236 existis.
2396 2179 2759 2251 Quapropter,
2789 2196 2857 2235 ex
2909 2188 3062 2250 parte
3099 2179 3243 2234 beati
3270 2177 3418 2236 Petri

1825 2288 2113 2328 monemus
2136 2280 2209 2340 te,
2234 2281 2295 2330 ut
2316 2273 2363 2329 si
2387 2273 2560 2345 ipsius
2588 2273 2750 2340 iram,
2775 2282 2831 2328 ct
2856 2273 2997 2329 beati
3024 2271 3299 2328 Benedicti
3335 2272 3419 2328 in-

1825 2365 2197 2438 dignationem
2246 2382 2358 2421 non
2389 2365 2471 2422 vis
2502 2366 2812 2433 incurrere,
2840 2382 3007 2437 super
3042 2364 3129 2423 his
3164 2365 3421 2421 omnibus

1826 2458 1985 2521 nobis
2024 2457 2298 2529 justitiam
2352 2457 2543 2515 facias.
2583 2457 2743 2527 Quod
2784 2459 2832 2515 si
2890 2457 3319 2530 contempseris,
3352 2456 3421 2511 ad

1826 2549 2121 2607 Dominum
2154 2551 2583 2629 omnipotentem
2608 2567 2712 2608 nos
2739 2552 3193 2618 reclamabimus;
3234 2550 3301 2605 de
3323 2565 3422 2605 cu-

1822 2641 1916 2715 jus
1955 2643 2336 2701 misericordia
2367 2645 2699 2701 conﬁdimus
2743 2645 2891 2717 quod
2915 2644 3067 2700 dabit
3097 2644 3257 2700 nobis
3288 2659 3421 2700 eon-

1828 2736 2012 2795 silium
2039 2736 2174 2809 quid
2214 2738 2270 2793 in
2298 2745 2509 2793 tantam
2532 2738 2902 2810 arrogantiam
2930 2746 2983 2794 et
3010 2737 3421 2796 immoderatam

1829 2830 2142 2901 superbiam
2172 2838 2326 2885 tuam
2356 2828 2538 2886 facere
2558 2830 2878 2887 debeamus.

1900 2921 2107 2991 Romae,
2155 2921 2447 2979 undecimo
2495 2921 2768 2978 Kalendas
2791 2922 2939 2990 Maii,
2990 2922 3284 2978 indictione
3334 2936 3420 2976 seu

1830 3015 2029 3074 cunda.

2291 3125 2634 3183 EPISTOLA
2673 3125 2959 3185 XXXVlll.

2048 3235 2116 3276 AD
2144 3235 2414 3276 MNBICUI
2464 3235 2754 3277 EPISCOPUI
2797 3235 3205 3284 AQUlLEIENSEI,

2433 3311 2616 3385 (Anno
2641 3311 2825 3383 1079.)

1836 3402 2000 3460 Usum
2025 3403 2203 3476 pallii,
2238 3414 2436 3475 preter
2474 3403 2622 3476 galia:
2655 3403 3013 3476 solentnitates
3060 3404 3117 3458 in
3156 3403 3427 3476 Vprivittile-r

1903 3477 1989 3548 gio
2021 3473 2315 3543 contentos,
2352 3476 2409 3530 in
2446 3475 2656 3548 duabus
2718 3473 2841 3530 aliis
2879 3475 3285 3548 festivitatibus,
3316 3475 3423 3548 ipsi

1906 3546 2136 3629 tantum,
2170 3563 2273 3601 non
2341 3546 2765 3613 successoribus,
2792 3546 3028 3609 concedit
3072 3563 3166 3618 pro
3225 3546 3424 3600 meritis

1902 3633 2036 3687 ejus.
2568 3638 2571 3643 ·

1904 3730 2217 3789 Gaccomcs
2244 3733 2557 3804 episcopus,
2597 3747 2791 3789 servus
2822 3748 3105 3789 servorum
3136 3729 3255 3798 Dei,
3282 3729 3427 3796 Heu-

1832 3840 1954 3888 mco
1975 3826 2304 3882 charissimo
2329 3825 2382 3881 in
2402 3826 2625 3881 Christo
2650 3825 2807 3882 fratri
2831 3834 2884 3881 et
2911 3824 3233 3896 coepiscopo
3255 3823 3428 3895 Aqui-

1832 3917 2025 3975 leiensi
2052 3920 2286 3974 salutem
2314 3929 2369 3975 et
2405 3920 2758 3990 apostolicam
2788 3917 3245 3973 benedictionem.

1907 4010 2039 4068 Tute
2068 4012 2288 4068 dilectio
2332 4010 2698 4069 fraternitatis
2723 4029 2821 4085 per
2844 4012 3085 4086 legatum
3127 4027 3289 4066 suum
3323 4012 3433 4074 hu:

1836 4105 2041 4167 mililer
2063 4106 2312 4161 exoravit
2343 4114 2616 4176 quatenus
2661 4105 2787 4173 sibi,
2817 4114 3017 4176 praater
3055 4120 3151 4159 eas
3194 4103 3427 4159 solenni-

1836 4205 1979 4253 tates
2004 4214 2126 4268 quae
2161 4197 2215 4252 in
2243 4197 2528 4271 privilegio
2556 4197 2814 4253 Ecclesia:
2841 4205 3038 4252 vestrm
3057 4195 3424 4262 continentur,

1835 4292 1891 4346 in
1916 4291 2060 4347 beati
2088 4290 2330 4347 Udalrici
2362 4289 2914 4346 confessorisChristi
2944 4299 3109 4360 atque
3132 4287 3425 4359 pontiﬁcis,

1836 4385 1930 4441 sed
1961 4393 2016 4439 et
2050 4384 2105 4438 in
2153 4384 2324 4439 beaue
2366 4383 2511 4440 Afrre
2550 4383 2807 4455 martyris
2838 4382 3225 4438 festivitatibus
3264 4395 3428 4437 nsum

1835 4477 1983 4548 pallii
2015 4478 2468 4543 concederemus;
2496 4476 2654 4547 cujus
2677 4475 3041 4532 ecclesiastici
3073 4474 3300 4530 honoris
3331 4490 3428 4529 cx-

1763 4577 1808 4632 D
1833 4571 2104 4639 cellentia,
2130 4570 2274 4626 sicut
2308 4569 2491 4640 pravis
2510 4578 2563 4623 et
2593 4568 3035 4625 inobedicntibus
3066 4567 3217 4637 justo
3260 4567 3429 4622 dene-

1836 4676 2016 4739 gatur,
2044 4663 2295 4721 itabonis
2321 4672 2375 4717 et
2399 4679 2615 4718 morum
2663 4663 2951 4717 honestate
3004 4660 3249 4731 prteditis
3299 4674 3431 4731 apo-

1836 4760 2026 4829 stolica
2046 4755 2420 4813 moderatione
2434 4771 2532 4827 pro
2556 4755 2765 4811 meritis
2788 4754 3116 4828 quandoque
3138 4767 3429 4823 superem—

1839 4852 2014 4924 ganda
2067 4849 2183 4905 fore.
2226 4848 2463 4904 videtur.
2496 4846 2732 4903 Proinde
2764 4848 2894 4919 quia
2926 4856 2981 4901 te
3038 4846 3267 4901 sincer-.1:
3305 4845 3437 4901 dileo

1838 4942 2037 4999 ctionis
2070 4958 2198 5013 erga
2227 4958 2329 4995 nos
2381 4942 2632 4996 allectum
2680 4941 2885 4997 habere
2934 4938 3282 5011 conﬁdimus,
3306 4939 3435 5012 quia

1839 5036 2045 5109 legatos
2074 5042 2314 5101 nostros,
2343 5034 2707 5091 Albanensem
2741 5035 2998 5093 videlicet
3023 5034 3344 5107 episcopum
3383 5040 3439 5093 et

1839 5125 2213 5190 Paduenscm,
2259 5124 2495 5194 benigne
2545 5133 2841 5194 tractasse,
2886 5135 2941 5183 et
2999 5124 3252 5194 ﬁdeliter,
3297 5126 3444 5183 sicut
