3972 5390
580 392 688 450 543

1223 394 1280 452 S.
1321 396 1652 456 GREGORII
1689 399 1780 455 νη
1815 400 2017 458 ΡΑΡᾹΞ
2055 402 2338 460 OPERUM
2375 405 2558 465 PARS
2589 399 2747 466 If:-
2781 389 3204 470 REGISTRUM:

3740 409 3852 468 5η

580 509 716 564 tiam
738 509 960 567 habeas.
988 509 1145 579 Quod
1166 519 1348 571 tamen
1371 515 1472 570 tibi
1493 514 1552 571 in
1588 524 1684 573 tua
1721 517 1854 586 vita,
1879 533 1989 576 non
2042 519 2164 576 loco
2179 519 2239 580 Ἀ
2263 530 2474 578 remota
2497 524 2650 578 omni
2671 524 2978 594 Occasione,
3007 525 3154 598 quod
3171 521 3384 596 iustitia
3411 521 3704 584 dictaverit
3729 545 3851 584 mo-

581 609 698 670 tuo,
713 617 1038 660 concessum
1058 619 1181 660 esse
1194 619 1515 678 cognoscas.

601 731 608 736 .
654 691 788 749 Data
814 692 1023 760 Romaa,
1049 694 1265 751 decimo
1313 704 1472 751 sexto
1520 696 1794 755 Kalendas
1837 698 1988 768 Julii,
2019 687 2163 757 indi.-

581 782 762 838 ctione
784 784 1044 840 secunda.
1605 823 1608 828 -

1037 877 1375 935 EPISTOLA
1457 879 1702 938 XXXIX.

830 985 896 1025 AD
941 987 1247 1027 RMNALDUI
1304 987 1595 1028 EPISCOPUI
1632 989 1904 1029 CCIANC-M.

1167 1061 1350 1134 (Anno
1390 1062 1577 1134 4079.)

579 1148 658 1205 De
687 1151 1052 1224 Pergameam
1078 1155 1330 1211 Ecclesia:
1350 1156 1512 1211 electo
1537 1155 1706 1220 multa
1735 1156 1806 1210 ad
1845 1173 1900 1210 sc
1933 1156 2170 1212 crnnina

654 1223 855 1298 feriata
889 1225 1068 1298 refert,
1105 1243 1223 1298 qua:
1253 1229 1431 1298 omnia
1468 1228 1582 1298 ipso
1626 1227 1943 1298 adhortante
1985 1244 2162 1281 emen-

649 1294 769 1368 dari
811 1294 954 1368 vult:
983 1297 1066 1350 ain
1117 1294 1314 1363 minus,
1343 1294 1498 1352 illum
1519 1297 1808 1368 apostolica
1843 1298 2162 1368 auctoritate

652 1363 716 1417 ab
746 1381 805 1438 eo
835 1365 1120 1438 diligenter
1147 1369 1211 1422 de
1241 1369 1460 1438 objectis
1486 1363 1816 1435 examinari,
1849 1368 2050 1423 absolri
2082 1367 2160 1422 vel

648 1435 1017 1510 condemnari.
1053 1437 1130 1492 De
1181 1439 1264 1494 his
1300 1435 1402 1510 'qui
1446 1457 1478 1492 a
1504 1438 1822 1495 Simoniaris
1871 1441 2162 1494 ncscientcr

649 1514 697 1626 ft
717 1506 830 1628 stinc
850 1509 1129 1564 venalitatc
1149 1506 1385 1564 ordinati
1405 1521 1527 1565 sunt
1549 1511 1676 1581 quid
1697 1511 2026 1564 sentiendum
2047 1519 2160 1566 sta-

673 1592 727 1628 m
759 1617 772 1628 .
1469 1594 1476 1599 ’

673 1592 772 1629 τιιι.
1469 1594 1476 1599 ’

593 1669 600 1680 ⁸
648 1667 960 1726 Gneconu's
990 1673 1300 1743 episcopus,
1325 1689 1518 1729 servus
1563 1689 1845 1728 servorum
1878 1671 1996 1740 Dei,
2021 1672 2157 1729 Rar-

574 1776 747 1818 lutno
775 1760 1024 1821 Cumano
1050 1765 1326 1838 episcopo,
1351 1767 1583 1822 salutem
1609 1775 1664 1822 et
1689 1766 1898 1836 apostol
1921 1782 2041 1822 cam
2064 1766 2161 1821 bc-

574 1854 961 1914 nedictionem.
2129 1921 2132 1925 ,

654 1947 764 2006 I‘ua
792 1951 972 2021 nobis,
1002 1949 1173 2009 frater
1211 1953 1558 2022 charissime,
1588 1953 1775 2010 missis
1812 1953 2010 2010 litteris
2055 1969 2157 2009 cu-

572 2043 716 2100 ravit
735 2044 989 2102 intimare
1029 2046 1248 2102 dilectio
1274 2047 1620 2120 Arnulphum
1649 2047 2030 2119 Pergamensis
2051 2045 2158 2102 Ec-

574 2136 757 2192 clesiae
770 2138 1002 2194 electum
1020 2151 1210 2196 nostro
1239 2140 1470 2197 libenter
1492 2149 1546 2196 et
1587 2141 1821 2197 consilio
1848 2141 2072 2198 credere
2106 2148 2160 2195 et

571 2238 848 2302 praecepto
876 2225 1118 2287 obedire.
1147 2231 1260 2289 Nos
1303 2233 1556 2304 equidem
1613 2241 1811 2290 vestrm
1849 2234 2156 2302 charitatis,

572 2320 716 2378 sicut
742 2323 938 2390 nostis,
966 2325 1312 2394 experientia:
1338 2325 1709 2381 indubitanter
1728 2327 2022 2383 credimus.
2053 2326 2160 2383 Vc-

573 2422 883 2470 rumtamen
933 2417 1104 2470 multa
1141 2417 1208 2472 de
1236 2417 1495 2488 praedicto
1524 2416 1642 2474 viro
1690 2417 1758 2473 ad
1794 2427 2041 2474 nostram
2090 2435 2158 2476 ex

569 2507 938 2578 quorumdam
981 2509 1244 2564 relatione
1288 2525 1583 2580 pervenere
1633 2509 1906 2578 notitiam,
1939 2527 2062 2582 quae
2111 2511 2160 2568 si

568 2614 722 2668 vera,
751 2600 901 2671 quod
930 2600 1093 2667 absit,
1111 2617 1234 2657 esse
1256 2601 1584 2670 constiterit,
1615 2617 1716 2657 nos
1750 2602 1906 2658 valde
1947 2603 2157 2659 contri-

569 2700 738 2758 stant,
767 2699 822 2748 et
848 2691 903 2747 in
925 2707 992 2747 eo
1021 2707 1132 2747 non
1158 2693 1264 2749 levi
1295 2701 1424 2749 sunt
1451 2693 1658 2749 ultione
1671 2693 1974 2765 plectenda.
2013 2695 2160 2750 Con—

569 2785 819 2854 queritur
843 2783 990 2840 enim
1021 2783 1200 2840 Gorzo
1225 2785 1382 2842 miles
1408 2786 1530 2856 ejus
1551 2795 1605 2841 ct
1625 2785 1849 2858 signifer
1869 2802 1996 2842 cum
2027 2787 2160 2843 duo-

567 2877 674 2933 bus
685 2877 949 2933 fratribus
969 2885 1134 2949 atque
1155 2878 1530 2935 colueredibus
1551 2879 1688 2946 suis,
1710 2879 1993 2935 castellum
2009 2881 2158 2952 quod

567 2970 772 3026 dicitur
805 2968 994 3025 Bocha
1033 2969 1101 3026 de
1149 2969 1426 3038 Glizione,
1471 2970 1618 3041 quod
1659 2970 1926 3027 hactenus
1970 2979 2158 3042 utpote

568 3061 778 3132 proprii
813 3062 957 3132 juris
1011 3062 1131 3119 sine
1184 3063 1338 3118 omni
1389 3063 1823 3120 contradictione
1861 3071 2158 3119 tenuerunt

569 3161 733 3223 atque
752 3153 1135 3224 possederunt,
1159 3169 1308 3210 nunc
1334 3162 1448 3210 tam
1479 3153 1585 3210 sibi
1613 3170 1780 3225 quam
1807 3154 2156 3211 consortibus

569 3244 684 3300 suis
701 3260 733 3300 a
759 3245 1074 3316 supradicto
1097 3245 1384 3318 Arnulpho
1408 3247 1695 3314 violenter,
1723 3255 1800 3314 et,
1829 3247 1977 3318 quod
2003 3247 2155 3303 dictu

569 3335 726 3392 nefas
765 3345 870 3404 est,
903 3336 1274 3394 fraudulenter
1307 3353 1430 3395 esse
1464 3339 1816 3409 subreptum;
1846 3339 1936 3396 cui
1973 3347 2156 3396 tamen

569 3428 732 3482 militi
763 3429 918 3499 prius
944 3431 1230 3502 cujusdam
1283 3431 1444 3501 quasi
1477 3431 1790 3488 securitatis
1815 3439 1871 3486 et
1912 3429 2152 3500 foederis,

570 3527 833 3590 tanquam
863 3521 928 3576 ad
961 3523 1260 3578 tollendum
1291 3523 1624 3594 suspicionis
1645 3532 1873 3590 metum,
1903 3523 2155 3594 quaedam

571 3609 748 3666 fertur
799 3613 990 3668 callide
1021 3624 1365 3671 sacramenta
1395 3615 1715 3686 praebuisse,
1743 3623 1818 3682 et,
1849 3616 2154 3686 postposito

570 3701 668 3758 Dei
698 3703 912 3770 timore,
941 3706 1254 3776 cupiditatis
1282 3707 1564 3778 perfidiam
1586 3708 1905 3765 incurrisse.
1931 3707 2040 3764 Nec
2058 3709 2154 3764 tali

569 3802 860 3852 contentus
881 3795 1123 3854 facinore
1331 3801 1709 3872 presbyterum
1755 3800 1968 3872 praefati
1988 3801 2153 3857 ϐιοηί

570 3885 884 3961 [Gorzonis]
924 3890 1183 3946 clericum
1227 3893 1546 3963 dcpnedari,
1576 3901 1632 3948 et
1654 3893 1792 3961 suis,
1819 3901 1881 3948 ut
1933 3893 2150 3960 asserit,

569 3979 825 4036 omnibus
852 3982 1088 4052 spoliare
1122 3999 1233 4040 non
1284 3986 1498 4041 metuit.
1539 3984 1811 4042 Praeterea
1862 3985 2152 4057 pestiferas

571 4068 894 4128 Simoniacze
919 4074 1143 4132 hazresis
1173 4077 1448 4134 nundinas
1486 4093 1762 4145 exercere,
1792 4085 1847 4134 et
1873 4078 2016 4141 inter
2041 4093 2150 4136 ca:-

568 4169 682 4218 tera
725 4165 1226 4225 archidiaconatum
1267 4169 1650 4243 Pergamensis
1689 4169 1946 4228 Ecclesia:
1988 4170 2153 4242 quin-

566 4255 824 4326 quaginta
853 4257 1114 4316 librarum
1145 4263 1319 4332 pretio
1337 4262 1646 4319 vendidisse
1672 4263 2007 4334 perhibetur.
2033 4262 2152 4320 Huc

567 4347 775 4402 accedit
811 4351 960 4421 quod
1007 4368 1194 4410 servos
1223 4353 1339 4422 Dei,
1370 4370 1511 4426 quos
1538 4363 1599 4410 ut
1627 4355 1940 4427 religiosum
1967 4356 2149 4412 virum

565 4439 720 4497 decet
740 4443 900 4511 tueri,
935 4453 990 4500 et
1035 4447 1088 4501 in
1115 4449 1328 4504 cunctis
1356 4450 1616 4520 adjuvare
1641 4450 1880 4516 deberet,
1905 4459 2152 4508 econtra-

2177 628 2182 636 ·
2263 613 2350 670 dis
2371 615 2628 672 omnibus
2653 618 2996 688 exsequaris.
3027 617 3182 686 Quod
3208 627 3391 674 autem
3623 621 3852 693 presby-

2261 714 2347 762 ter
2375 707 2522 764 ﬁlius
2541 717 2730 764 noster
2749 708 3086 782 interrogare
3122 713 3356 778 curavit,
3385 711 3520 783 quid
3545 712 3617 768 de
3640 713 3728 769 his
3751 715 3852 785 qui

2263 815 2293 853 a
2316 798 2642 857 Simoniacis
2669 802 2974 860 nescientes
3006 813 3062 860 et
3088 805 3204 862 sine
3244 806 3420 876 pretio
3445 805 3688 861 ordinati
3721 817 3853 863 sunt
3925 841 3937 858 .

2262 892 2576 961 apostolica:
2605 893 2750 950 sedis
2795 895 3109 952 misericors
3142 913 3376 954 censura
3426 897 3710 964 decernat,
3747 899 3852 956 hoc

2262 983 2554 1041 observare
2586 993 2640 1041 te
2666 987 2940 1053 volumus,
2969 983 3064 1044 eos
3097 989 3192 1059 qui
3235 997 3362 1044 ante
3396 998 3615 1060 tempus
3641 989 3851 1046 Nicolai

2261 1090 2416 1146 papae
2443 1077 2563 1134 sine
2588 1079 2877 1134 venalitate
2897 1095 2930 1134 a
2959 1079 3288 1156 Simoniacis
3318 1081 3388 1136 ad
3436 1082 3678 1153 aliquem
3726 1099 3850 1154 gra-

2261 1167 2393 1222 dum
2422 1170 2658 1241 promoti
2689 1178 2838 1236 sunt,
2869 1170 2917 1225 si
2947 1179 3127 1226 tamen
3149 1172 3260 1247 vita
3289 1187 3483 1229 eorum
3513 1173 3854 1244 irreprehcn-

2263 1259 2440 1318 sibilis
2461 1277 2583 1318 esse
2609 1262 2894 1333 probatur,
2925 1279 3022 1334 per
3053 1281 3252 1321 manus
3273 1265 3681 1338 impositionem
3711 1283 3848 1322 con-

2261 1351 2509 1409 ﬁrmatos
2537 1353 2593 1408 in
2617 1354 2735 1411 suis
2764 1355 3050 1412 ordinibus
3075 1371 3395 1428 permanere
3431 1367 3487 1414 et
3535 1358 3851 1414 ministrare

2260 1458 2441 1514 posse.

2283 1609 2289 1614 ι
2335 1535 2471 1591 Data
2503 1535 2708 1607 Bomze,
2745 1539 3035 1596 undecimo
3063 1539 3332 1598 Kalendas
3357 1539 3849 1613 Julii,:indictione

2259 1627 2520 1683 secunda.

2791 1762 3129 1820 EPISTULA
3199 1764 3313 1821 XL.

2859 1873 2927 1912 AD
2990 1873 3247 1913 BOSONEII.

2851 1948 3030 2020 (Anno
3058 1948 3242 2020 1079.)

2264 2060 2334 2117 Ut
2356 2054 2634 2144 ecclesiam
2659 2039 2846 2144 εἳᾳῆέὲ
2861 2039 3559 2144 δεξιῇξεῖἶῖῖιῗξᾶἶᾙῖιῃοηί.
3577 2079 3846 2144 regemunt

2329 2134 2636 2199 committit,
2661 2133 2882 2188 liberam
2909 2133 3177 2188 dimittat.
3200 2133 3354 2204 Quod
3383 2133 3432 2186 si
3465 2134 3598 2204 quid
3626 2133 3762 2204 iuris
3793 2136 3848 2187 in

2333 2219 2397 2258 ca
2430 2219 2484 2257 se
2508 2213 2655 2274 patet
2683 2204 2893 2271 habere,
2923 2221 2978 2260 sc
3003 2220 3184 2258 coram
3217 2203 3391 2274 legato
3413 2203 3734 2258 in’conrilio
3765 2221 3848 2258 ra-

2329 2275 2528 2328 tionem
2576 2274 2819 2358 dicturus
2853 2283 3189 2358 praesentem.
3217 2274 3479 2358 alioquin,
3539 2276 3848 2358 sententiam

2328 2343 2891 2400 excommunicationi;
2921 2362 2953 2400 a
2975 2344 3146 2418 legato
3170 2345 3225 2400 in
3247 2343 3364 2398 eum
3387 2343 3558 2398 latam
3585 2362 3642 2400 se
3661 2346 3847 2398 conﬁr-

2329 2423 2618 2470 maturum.
2799 2419 2803 2427 '

2258 2489 2644 2577 E-Gnnconms
2679 2508 2990 2579 episcopus,
3029 2522 3221 2564 servus
3268 2521 3561 2564 servorum
3601 2504 3723 2574 Dei,
3751 2505 3848 2561 Bo-

2258 2615 2375 2655 soul
2405 2597 2694 2672 [Bntzoul].

2329 2689 2629 2746 Ecelesiam
2662 2688 2850 2746 Sancti
2882 2689 3128 2761 Sepulcri
3155 2690 3223 2746 de
3249 2689 3402 2746 Novo
3427 2689 3585 2756 Vico,
3617 2704 3742 2760 qua
3762 2689 3847 2759 ju-

2257 2783 2336 2840 ris
2363 2783 2608 2840 ecclesia:
2635 2782 3145 2857 Hierosolymitanae
3171 2792 3227 2840 et
3251 2783 3531 2840 censualis
3565 2782 3690 2852 ejus
3731 2797 3846 2838 esse

2257 2875 2478 2944 dicitur,
2509 2875 2638 2932 huic
2662 2883 2854 2933 nostro
2881 2876 3083 2932 clerico
3115 2875 3326 2930 Simoni
3363 2875 3658 2947 regendam
3701 2889 3847 2931 com-

2257 2969 2664 3037 mendavimus;
2698 2985 2865 3040 quam
2913 2969 2984 3024 ab
3011 2968 3160 3024 omni
3215 2967 3469 3024 molestia
3525 2976 3582 3024 et
3641 2967 3847 3023 calum-

2256 3059 2414 3116 niosa
2443 3061 2690 3116 omnium
2737 3061 3023 3115 hominum
3053 3059 3404 3116 infestatione
3449 3060 3680 3116 liberam
3729 3075 3846 3115 esse

2255 3153 2526 3220 volentes,
2551 3153 2656 3209 sub
2679 3155 2844 3209 tutela
2883 3160 3074 3209 nostra
3133 3167 3256 3209 esse
3305 3153 3678 3209 decernimus.
3703 3151 3846 3220 Qua-

2258 3254 2480 3316 propter
2505 3245 2766 3318 quoniam
2801 3253 2855 3302 te
2881 3245 3028 3301 illam
3048 3233 3330 3318 tyrannice
3375 3245 3651 3301 invasisse
3689 3245 3845 3300 audi-

2257 3337 2458 3406 vimus,
2510 3343 2566 3394 te
2613 3339 2869 3410 praesenti
2910 3338 3107 3410 pagina
3163 3352 3602 3404 commonemus,
3661 3345 3743 3402 ut,
3799 3337 3844 3392 si

2258 3429 2427 3486 Deum
2461 3439 2516 3486 et
2543 3439 2762 3487 sanctos
2789 3432 3062 3502 apostolos
3089 3430 3182 3486 tibi
3211 3430 3295 3485 vis
3325 3429 3529 3484 habere
3557 3429 3840 3500 propitios,

2257 3523 2324 3579 ad
2362 3524 2644 3581 invasione
2671 3525 2943 3596 praedictae
2981 3524 3231 3580 ecclesia:
3269 3522 3338 3578 de
3387 3532 3590 3578 caetero
3625 3535 3842 3577 cessare

2256 3616 2478 3686 penitus
2529 3618 2752 3685 debeas,
2784 3617 3102 3687 nullamque
3164 3615 3398 3670 ulterius
3459 3613 3698 3686 praafato
3755 3613 3841 3668 Si—

2256 3709 2404 3764 moni
2427 3710 2752 3776 molestiam,
2775 3711 2859 3766 vel
2875 3709 3088 3765 clericis
3115 3707 3190 3763 ibi
3225 3706 3336 3762 Deo
3351 3707 3736 3762 servientibus
3756 3707 3840 3761 in-

2255 3799 2407 3858 ferre
2450 3819 2784 3874 praesumus;
2816 3803 2910 3859 sed
2933 3805 3016 3874 (ut
3042 3802 3248 3858 dictum
3270 3799 3374 3872 est)
3401 3799 3574 3856 libera
3605 3799 3676 3855 ab
3697 3801 3840 3856 omni

2254 3895 2662 3966 perturbatione
2701 3911 2894 3952 secura
2941 3903 3144 3951 sanctae
3198 3890 3710 3964 Hierosolymitana:
3745 3891 3842 3945 Ec-

2253 3988 2455 4055 cles’aa,
2484 3989 2574 4044 cui
2604 3986 2840 4043 ﬁdelium
2865 3987 3013 4042 illam
3049 3985 3267 4042 devovit
3295 3984 3550 4052 intentio,
3581 3982 3698 4039 Deo
3719 3998 3841 4054 pro-

2253 4082 2406 4152 pitio,
2435 4098 2502 4137 ex
2535 4089 2720 4137 nostra
2750 4079 3074 4136 auctoritate
3103 4079 3159 4133 in
3189 4085 3514 4148 perpetuum
3543 4091 3838 4132 conserve-

2253 4182 2363 4229 tur.
2397 4172 2554 4242 Quod
2578 4174 2625 4230 si
2650 4171 2853 4244 aliquid
2883 4171 3112 4243 iustitiae
3147 4169 3204 4224 in
3253 4168 3568 4239 supradicta
3615 4166 3838 4224 ecclesia

2251 4266 2526 4322 tehabere
2565 4265 2814 4332 conﬁdis,
2841 4271 2966 4319 ante
3012 4263 3251 4334 legatum
3306 4267 3559 4316 nostrum
3588 4258 3837 4313 Diensem

2251 4358 2568 4430 episcopum
2595 4359 2650 4413 in
2683 4356 2938 4423 consilio,
2964 4354 3114 4427 quod
3161 4351 3412 4424 proxime
3467 4351 3838 4407 celebraturus

2250 4459 2355 4517 est,
2373 4460 2427 4506 te
2455 4457 2784 4522 prmsentare
2813 4448 3057 4516 debebis,
3083 4445 3265 4504 sciens
3289 4445 3398 4500 hoc
3422 4441 3573 4514 quod
3604 4443 3662 4497 in
3695 4441 3837 4496 nullo

565 4532 649 4586 rio
679 4532 938 4591 infestare
962 4545 1017 4596 et
1037 4539 1328 4595 molestare
1363 4549 1610 4596 conatur.
1643 4539 1776 4597 Tute
1822 4541 1990 4612 igitur
2033 4540 2148 4597 fra-
2183 4565 2227 4624 ι)
2253 4552 2442 4600 contra
2467 4542 2738 4616 justitiam
2785 4550 2836 4596 te
2863 4539 3125 4594 volumus
3166 4551 3530 4608 pmgravare.
3563 4533 3624 4588 Si
3658 4541 3833 4588 autem

565 4625 840 4682 ternitatis
886 4625 1196 4687 sollicitudo
1252 4633 1597 4704 corripiendo
1633 4633 1749 4688 sive
1807 4633 2148 4691 exhortando

567 4715 781 4772 studeat
808 4727 973 4790 atque
994 4723 1274 4791 provideat
1301 4733 1572 4794 quatenus
1600 4725 1922 4796 saepedictus
1944 4727 2150 4783 electus

568 4806 682 4862 lucc
709 4811 889 4865 omnia
922 4814 1213 4869 emendare
1259 4815 1500 4884 festinet,
1529 4825 1586 4873 et
1631 4825 1745 4872 tam
1797 4833 1985 4874 coram
2036 4817 2149 4875 Deo

565 4913 729 4969 quam
760 4917 945 4958 coram
975 4905 1306 4976 hominibus,
1326 4909 1529 4968 bonum
1557 4911 1932 4967 testimonium
1948 4910 2149 4968 habere

565 5001 836 5036 nmnnrpt,
876 4994 930 5036 Si
979 5013 1110 5038 vorn
1137 5000 1218 5038 vol
1259 5002 1440 5040 nmnin
1472 5001 1588 5040 haru-
1654 5002 1736 5042 vn]
1765 5003 2012 5044 (viamviam
2035 5001 2149 5044 fni-

2253 4637 2457 4691 monita
2499 4644 2706 4700 nostra,
2737 4634 2850 4688 imo
2871 4631 2968 4686 Dei
3017 4630 3182 4686 verba
3211 4628 3380 4700 (quod
3427 4625 3624 4698 absit!)
3653 4624 3835 4680 audire

2219 4715 2222 4718 ’
2252 4739 2626 4794 contemnens,
2651 4725 2720 4781 ab
2747 4725 2932 4780 illicita
2959 4731 3013 4779 et
3035 4721 3319 4777 interdicta
3344 4718 3632 4774 invasione
3655 4727 3835 4786 supra-

2251 4821 2410 4878 dictae
2440 4817 2685 4876 ecclesise
2714 4825 2765 4872 te
2796 4811 3361 4878 cohibere'nolueris,
3391 4807 3831 4866 excommunica-

2249 4914 2477 4979 tionem,
2503 4926 2669 4982 quam
2696 4909 2750 4966 in
2773 4916 2826 4966 te
2845 4921 2947 4978 pro
2967 4905 3084 4976 ipsa
3113 4903 3346 4962 ecclesia
3391 4902 3606 4972 legatus
3651 4907 3828 4954 noster

2251 5003 2408 5044 "Itan
2427 5002 2643 5044 Πίρηςῐα
2669 5000 2960 5044 Mlier-nmis
3000 4997 3054 5044 in
3085 4995 3320 5044 concilio
3344 4991 3654 5044 Pimvensi
3685 4990 3829 5044 iacn-
