  <div class='ocr_page' id='page_1' title='image "/cluster/home/n/w/nwhite01/storage/ocr_20150623/148/hvd.32044015471840/276.png"; bbox 0 0 3972 5390; ppageno 0'>
   <div class='ocr_carea' id='block_1_1' title="bbox 186 308 296 369">
    <p class='ocr_par' dir='ltr' id='par_1_1' title="bbox 186 308 296 369">
     <span class='ocr_line' id='line_1_1' title="bbox 186 308 296 369; baseline 0 0"><span class='ocrx_word' id='word_1_1' title='bbox 186 308 296 369; x_wconf 66' lang='lat'><strong><em>545</em></strong></span> 
     </span>
    </p>
   </div>
   <div class='ocr_carea' id='block_1_2' title="bbox 1267 300 2336 361">
    <p class='ocr_par' dir='ltr' id='par_1_2' title="bbox 1267 300 2336 361">
     <span class='ocr_line' id='line_1_2' title="bbox 1267 300 2336 361; baseline 0.001 -1"><span class='ocrx_word' id='word_1_2' title='bbox 1267 302 1465 360; x_wconf 79' lang='lat' dir='ltr'><strong>LIBER</strong></span> <span class='ocrx_word' id='word_1_3' title='bbox 1503 300 1867 359; x_wconf 70' lang='lat' dir='ltr'><strong><em>SEPTIMUS.</em></strong></span> <span class='ocrx_word' id='word_1_4' title='bbox 1904 332 1977 344; x_wconf 95' lang='lat'><strong><em>—</em></strong></span> <span class='ocrx_word' id='word_1_5' title='bbox 2012 301 2231 361; x_wconf 79' lang='lat' dir='ltr'><strong><em>EPIST.</em></strong></span> <span class='ocrx_word' id='word_1_6' title='bbox 2273 304 2336 361; x_wconf 60' lang='lat' dir='ltr'><strong><em>Il’.</em></strong></span> 
     </span>
    </p>
   </div>
   <div class='ocr_carea' id='block_1_3' title="bbox 968 463 2650 581">
    <p class='ocr_par' dir='ltr' id='par_1_3' title="bbox 968 463 2650 581">
     <span class='ocr_line' id='line_1_3' title="bbox 968 463 2650 581; baseline -0.002 -25"><span class='ocrx_word' id='word_1_7' title='bbox 968 468 1324 557; x_wconf 77' lang='lat' dir='ltr'><strong>LIBER</strong></span> <span class='ocrx_word' id='word_1_8' title='bbox 1395 467 1982 557; x_wconf 89' lang='lat' dir='ltr'><strong><em>SEPTIMUS</em></strong></span> <span class='ocrx_word' id='word_1_9' title='bbox 2054 463 2650 557; x_wconf 81' lang='lat' dir='ltr'><strong><em>REGISTRI.</em></strong></span> 
     </span>
    </p>
   </div>
   <div class='ocr_carea' id='block_1_4' title="bbox 192 611 3447 755">
    <p class='ocr_par' dir='ltr' id='par_1_4' title="bbox 192 611 3447 755">
     <span class='ocr_line' id='line_1_4' title="bbox 192 611 3447 755; baseline 0 -85"><span class='ocrx_word' id='word_1_10' title='bbox 192 616 342 671; x_wconf 74' lang='lat' dir='ltr'><strong><em>Anno</em></strong></span> <span class='ocrx_word' id='word_1_11' title='bbox 381 612 681 673; x_wconf 71' lang='lat' dir='ltr'><strong><em>Dominicc</em></strong></span> <span class='ocrx_word' id='word_1_12' title='bbox 706 614 1101 670; x_wconf 67' lang='lat' dir='ltr'><strong><em>[incarnationis</em></strong></span> <span class='ocrx_word' id='word_1_13' title='bbox 1133 614 1418 669; x_wconf 82' lang='lat' dir='ltr'><strong><em>millesimo</em></strong></span> <span class='ocrx_word' id='word_1_14' title='bbox 1445 614 1830 737; x_wconf 42' lang='lat' dir='ltr'><strong><em>sepltuzgesimo</em></strong></span> <span class='ocrx_word' id='word_1_15' title='bbox 1862 613 2377 755; x_wconf 55' lang='lat' dir='ltr'><strong><em>n30,(§o9gt)iﬁcatus</em></strong></span> <span class='ocrx_word' id='word_1_16' title='bbox 2405 630 2523 668; x_wconf 77' lang='lat' dir='ltr'><strong><em>vero</em></strong></span> <span class='ocrx_word' id='word_1_17' title='bbox 2544 613 2748 668; x_wconf 78' lang='lat' dir='ltr'><strong><em>domini</em></strong></span> <span class='ocrx_word' id='word_1_18' title='bbox 2772 611 3010 684; x_wconf 75' lang='lat' dir='ltr'><strong><em>Gregorii</em></strong></span> <span class='ocrx_word' id='word_1_19' title='bbox 3040 628 3178 666; x_wconf 83' lang='lat' dir='ltr'><strong><em>anno</em></strong></span> <span class='ocrx_word' id='word_1_20' title='bbox 3204 613 3447 683; x_wconf 80' lang='lat' dir='ltr'><strong><em>septimo,</em></strong></span> 
     </span>
     <span class='ocr_line' id='line_1_5' title="bbox 1451 700 2187 738; baseline 0.001 -1"><span class='ocrx_word' id='word_1_21' title='bbox 1451 700 1506 738; x_wconf 76' lang='lat' dir='ltr'><strong><em>in</em></strong></span> <span class='ocrx_word' id='word_1_22' title='bbox 1546 701 1594 737; x_wconf 76' lang='grc' dir='ltr'><strong><em>ιε</em></strong></span> <span class='ocrx_word' id='word_1_23' title='bbox 1621 701 1738 738; x_wconf 72' lang='lat' dir='ltr'><strong><em>ioue</em></strong></span> <span class='ocrx_word' id='word_1_24' title='bbox 1766 701 1883 738; x_wconf 83' lang='lat' dir='ltr'><strong><em>secn</em></strong></span> <span class='ocrx_word' id='word_1_25' title='bbox 1964 702 1996 737; x_wconf 81' lang='grc' dir='ltr'><em>α</em></span> <span class='ocrx_word' id='word_1_26' title='bbox 2173 723 2187 738; x_wconf 94' lang='grc'><strong>.</strong></span> 
     </span>
    </p>
   </div>
   <div class='ocr_carea' id='block_1_5' title="bbox 1451 700 2187 738">
    <p class='ocr_par' dir='ltr' id='par_1_5' title="bbox 1451 700 2187 738">
     <span class='ocr_line' id='line_1_6' title="bbox 1451 700 2187 738; baseline 0.001 -1"><span class='ocrx_word' id='word_1_27' title='bbox 1451 700 1738 738; x_wconf 74' lang='grc' dir='ltr'><strong><em>ιηαιειιοηε</em></strong></span> <span class='ocrx_word' id='word_1_28' title='bbox 1766 700 1996 738; x_wconf 80' lang='lat' dir='ltr'><strong><em>secunda</em></strong></span> <span class='ocrx_word' id='word_1_29' title='bbox 2018 700 2187 738; x_wconf 71' lang='grc' dir='ltr'><strong><em>(ουν).</em></strong></span> 
     </span>
    </p>
   </div>
   <div class='ocr_carea' id='block_1_6' title="bbox 675 791 1299 862">
    <p class='ocr_par' dir='ltr' id='par_1_6' title="bbox 675 791 1299 862">
     <span class='ocr_line' id='line_1_7' title="bbox 675 791 1299 862; baseline -0.002 -12"><span class='ocrx_word' id='word_1_30' title='bbox 675 792 1043 862; x_wconf 69' lang='lat' dir='ltr'><strong><em>EPISTOLA}</em></strong></span> <span class='ocrx_word' id='word_1_31' title='bbox 1063 791 1299 849; x_wconf 72' lang='lat' dir='ltr'><strong><em>PRIMA.</em></strong></span> 
     </span>
    </p>
   </div>
   <div class='ocr_carea' id='block_1_7' title="bbox 586 900 1387 943">
    <p class='ocr_par' dir='ltr' id='par_1_7' title="bbox 586 900 1387 943">
     <span class='ocr_line' id='line_1_8' title="bbox 586 900 1387 943; baseline -0.002 0"><span class='ocrx_word' id='word_1_32' title='bbox 586 905 653 943; x_wconf 73' lang='lat' dir='ltr'><strong><em>AD</em></strong></span> <span class='ocrx_word' id='word_1_33' title='bbox 692 905 977 943; x_wconf 72' lang='lat' dir='ltr'><strong><em>HUBERTUI</em></strong></span> <span class='ocrx_word' id='word_1_34' title='bbox 1006 900 1387 943; x_wconf 72' lang='lat' dir='ltr'><strong><em>SUBDIACONUI.</em></strong></span> 
     </span>
    </p>
   </div>
   <div class='ocr_carea' id='block_1_8' title="bbox 194 974 1781 1060">
    <p class='ocr_par' dir='ltr' id='par_1_8' title="bbox 194 974 1781 1060">
     <span class='ocr_line' id='line_1_9' title="bbox 194 974 1781 1060; baseline -0.003 -26"><span class='ocrx_word' id='word_1_35' title='bbox 194 976 489 1060; x_wconf 66' lang='lat' dir='ltr'><strong><em>Inc-reports</em></strong></span> <span class='ocrx_word' id='word_1_36' title='bbox 522 980 639 1060; x_wconf 61' lang='lat' dir='ltr'><strong><em>ejus</em></strong></span> <span class='ocrx_word' id='word_1_37' title='bbox 676 996 905 1060; x_wconf 42' lang='lat' dir='ltr'><strong><em>morum;</em></strong></span> <span class='ocrx_word' id='word_1_38' title='bbox 928 980 1155 1060; x_wconf 41' lang='lat' dir='ltr'><strong><em>reditu‘m</em></strong></span> <span class='ocrx_word' id='word_1_39' title='bbox 1186 994 1466 1060; x_wconf 70' lang='lat' dir='ltr'><strong><em>properare</em></strong></span> <span class='ocrx_word' id='word_1_40' title='bbox 1486 976 1660 1060; x_wconf 59' lang='lat' dir='ltr'><strong><em>jubet.</em></strong></span> <span class='ocrx_word' id='word_1_41' title='bbox 1690 974 1781 1060; x_wconf 57' lang='lat' dir='ltr'><strong><em>St-</em></strong></span> 
     </span>
    </p>
   </div>
   <div class='ocr_carea' id='block_1_9' title="bbox 261 1047 1781 1123">
    <p class='ocr_par' dir='ltr' id='par_1_9' title="bbox 261 1047 1781 1123">
     <span class='ocr_line' id='line_1_10' title="bbox 261 1047 1781 1123; baseline -0.003 -19"><span class='ocrx_word' id='word_1_42' title='bbox 261 1047 560 1123; x_wconf 74' lang='lat' dir='ltr'><strong><em>gniﬁcatsc</em></strong></span> <span class='ocrx_word' id='word_1_43' title='bbox 581 1049 812 1123; x_wconf 58' lang='lat' dir='ltr'><strong><em>Zenoni</em></strong></span> <span class='ocrx_word' id='word_1_44' title='bbox 836 1047 1114 1123; x_wconf 48' lang='lat' dir='ltr'><strong><em>[Teutoni]</em></strong></span> <span class='ocrx_word' id='word_1_45' title='bbox 1137 1047 1237 1101; x_wconf 74' lang='lat' dir='ltr'><strong><em>nan</em></strong></span> <span class='ocrx_word' id='word_1_46' title='bbox 1264 1047 1585 1123; x_wconf 66' lang='lat' dir='ltr'><strong><em>commisisse</em></strong></span> <span class='ocrx_word' id='word_1_47' title='bbox 1604 1055 1660 1100; x_wconf 83' lang='lat' dir='ltr'><strong><em>ut</em></strong></span> <span class='ocrx_word' id='word_1_48' title='bbox 1682 1047 1781 1100; x_wconf 85' lang='lat' dir='ltr'><strong><em>ad-</em></strong></span> 
     </span>
    </p>
   </div>
   <div class='ocr_carea' id='block_1_10' title="bbox 265 1116 1782 1191">
    <p class='ocr_par' dir='ltr' id='par_1_10' title="bbox 265 1116 1782 1191">
     <span class='ocr_line' id='line_1_11' title="bbox 265 1116 1782 1191; baseline -0.004 -16"><span class='ocrx_word' id='word_1_49' title='bbox 265 1116 449 1175; x_wconf 54' lang='lat' dir='ltr'><strong><em>sensus</em></strong></span> <span class='ocrx_word' id='word_1_50' title='bbox 467 1120 680 1191; x_wconf 75' lang='lat' dir='ltr'><strong><em>Anglice</em></strong></span> <span class='ocrx_word' id='word_1_51' title='bbox 708 1116 873 1191; x_wconf 76' lang='lat' dir='ltr'><strong><em>regem</em></strong></span> <span class='ocrx_word' id='word_1_52' title='bbox 897 1120 1050 1173; x_wconf 77' lang='lat' dir='ltr'><strong><em>verba</em></strong></span> <span class='ocrx_word' id='word_1_53' title='bbox 1076 1116 1295 1191; x_wconf 59' lang='lat' dir='ltr'><strong><em>Iaceret.</em></strong></span> <span class='ocrx_word' id='word_1_54' title='bbox 1331 1116 1647 1191; x_wconf 24' lang='lat' dir='ltr'><strong><em>Vult‘regeln</em></strong></span> <span class='ocrx_word' id='word_1_55' title='bbox 1669 1132 1782 1191; x_wconf 80' lang='lat' dir='ltr'><strong><em>mo—</em></strong></span> 
     </span>
    </p>
   </div>
   <div class='ocr_carea' id='block_1_11' title="bbox 266 1185 1780 1257">
    <p class='ocr_par' dir='ltr' id='par_1_11' title="bbox 266 1185 1780 1257">
     <span class='ocr_line' id='line_1_12' title="bbox 266 1185 1780 1257; baseline -0.005 -12"><span class='ocrx_word' id='word_1_56' title='bbox 266 1200 411 1257; x_wconf 76' lang='lat' dir='ltr'><strong><em>neat,</em></strong></span> <span class='ocrx_word' id='word_1_57' title='bbox 451 1200 511 1243; x_wconf 80' lang='lat' dir='ltr'><strong><em>ut</em></strong></span> <span class='ocrx_word' id='word_1_58' title='bbox 530 1185 1034 1243; x_wconf 39' lang='lat' dir='ltr'><strong><em>debitum—honorem</em></strong></span> <span class='ocrx_word' id='word_1_59' title='bbox 1064 1185 1318 1243; x_wconf 80' lang='lat' dir='ltr'><strong><em>Ecclesia:</em></strong></span> <span class='ocrx_word' id='word_1_60' title='bbox 1351 1185 1558 1241; x_wconf 63' lang='lat' dir='ltr'><strong><em>reddat.</em></strong></span> <span class='ocrx_word' id='word_1_61' title='bbox 1579 1185 1780 1239; x_wconf 83' lang='lat' dir='ltr'><strong><em>Rat/to-</em></strong></span> 
     </span>
    </p>
   </div>
   <div class='ocr_carea' id='block_1_12' title="bbox 275 1257 1782 1331">
    <p class='ocr_par' dir='ltr' id='par_1_12' title="bbox 275 1257 1782 1331">
     <span class='ocr_line' id='line_1_13' title="bbox 275 1257 1782 1331; baseline -0.003 -18"><span class='ocrx_word' id='word_1_62' title='bbox 275 1261 542 1331; x_wconf 77' lang='lat' dir='ltr'><strong><em>mogensis</em></strong></span> <span class='ocrx_word' id='word_1_63' title='bbox 570 1260 949 1330; x_wconf 73' lang='lat' dir='ltr'><strong><em>archiepiscopi</em></strong></span> <span class='ocrx_word' id='word_1_64' title='bbox 969 1259 1257 1331; x_wconf 56' lang='lat' dir='ltr'><strong><em>sacerdotis</em></strong></span> <span class='ocrx_word' id='word_1_65' title='bbox 1277 1257 1380 1328; x_wconf 79' lang='lat' dir='ltr'><strong><em>ﬁlii</em></strong></span> <span class='ocrx_word' id='word_1_66' title='bbox 1401 1257 1782 1331; x_wconf 68' lang='lat' dir='ltr'><strong><em>promotionem</em></strong></span> 
     </span>
    </p>
   </div>
   <div class='ocr_carea' id='block_1_13' title="bbox 268 1326 1785 1401">
    <p class='ocr_par' dir='ltr' id='par_1_13' title="bbox 268 1326 1785 1401">
     <span class='ocr_line' id='line_1_14' title="bbox 268 1326 1785 1401; baseline -0.004 -17"><span class='ocrx_word' id='word_1_67' title='bbox 268 1326 674 1401; x_wconf 45' lang='lat' dir='ltr'><strong><em>non—approbat,</em></strong></span> <span class='ocrx_word' id='word_1_68' title='bbox 700 1326 790 1383; x_wconf 76' lang='lat' dir='ltr'><strong><em>nec</em></strong></span> <span class='ocrx_word' id='word_1_69' title='bbox 810 1326 926 1401; x_wconf 70' lang='lat' dir='ltr'><strong><em>quae</em></strong></span> <span class='ocrx_word' id='word_1_70' title='bbox 965 1330 1075 1399; x_wconf 83' lang='lat' dir='ltr'><strong><em>ipse</em></strong></span> <span class='ocrx_word' id='word_1_71' title='bbox 1111 1326 1410 1401; x_wconf 28' lang='lat' dir='ltr'><strong><em>gubertus&quot;</em></strong></span> <span class='ocrx_word' id='word_1_72' title='bbox 1426 1344 1546 1381; x_wconf 85' lang='lat' dir='ltr'><strong><em>cum</em></strong></span> <span class='ocrx_word' id='word_1_73' title='bbox 1588 1326 1785 1401; x_wconf 79' lang='lat' dir='ltr'><strong><em>Lingo-</em></strong></span> 
     </span>
    </p>
   </div>
   <div class='ocr_carea' id='block_1_14' title="bbox 268 1397 1786 1470">
    <p class='ocr_par' dir='ltr' id='par_1_14' title="bbox 268 1397 1786 1470">
     <span class='ocr_line' id='line_1_15' title="bbox 268 1397 1786 1470; baseline -0.003 -16"><span class='ocrx_word' id='word_1_74' title='bbox 268 1397 692 1470; x_wconf 52' lang='lat' dir='ltr'><strong><em>nensi&#39;episcopo</em></strong></span> <span class='ocrx_word' id='word_1_75' title='bbox 710 1397 926 1470; x_wconf 72' lang='lat' dir='ltr'><strong><em>egerat;</em></strong></span> <span class='ocrx_word' id='word_1_76' title='bbox 951 1397 1069 1470; x_wconf 55' lang='grc' dir='ltr'><strong><em>σάω</em></strong></span> <span class='ocrx_word' id='word_1_77' title='bbox 1102 1398 1287 1470; x_wconf 78' lang='lat' dir='ltr'><strong><em>Dicnsi</em></strong></span> <span class='ocrx_word' id='word_1_78' title='bbox 1314 1397 1556 1470; x_wconf 80' lang='lat' dir='ltr'><strong><em>episcopo</em></strong></span> <span class='ocrx_word' id='word_1_79' title='bbox 1604 1397 1786 1470; x_wconf 54' lang='lat' dir='ltr'><strong><em>termi-</em></strong></span> 
     </span>
    </p>
   </div>
   <div class='ocr_carea' id='block_1_15' title="bbox 272 1465 1783 1539">
    <p class='ocr_par' dir='ltr' id='par_1_15' title="bbox 272 1465 1783 1539">
     <span class='ocr_line' id='line_1_16' title="bbox 272 1465 1783 1539; baseline -0.004 -14"><span class='ocrx_word' id='word_1_80' title='bbox 272 1470 452 1525; x_wconf 77' lang='lat' dir='ltr'><strong><em>nauda</em></strong></span> <span class='ocrx_word' id='word_1_81' title='bbox 478 1465 782 1525; x_wconf 64' lang='lat' dir='ltr'><strong><em>committit.</em></strong></span> <span class='ocrx_word' id='word_1_82' title='bbox 808 1465 982 1524; x_wconf 69' lang='lat' dir='ltr'><strong><em>Horret</em></strong></span> <span class='ocrx_word' id='word_1_83' title='bbox 1002 1480 1059 1523; x_wconf 83' lang='lat' dir='ltr'><strong><em>ut</em></strong></span> <span class='ocrx_word' id='word_1_84' title='bbox 1077 1468 1210 1523; x_wconf 84' lang='lat' dir='ltr'><strong><em>duos</em></strong></span> <span class='ocrx_word' id='word_1_85' title='bbox 1245 1485 1312 1523; x_wconf 77' lang='lat' dir='ltr'><strong><em>ea:</em></strong></span> <span class='ocrx_word' id='word_1_86' title='bbox 1329 1465 1539 1539; x_wconf 71' lang='lat' dir='ltr'><strong><em>Anglice</em></strong></span> <span class='ocrx_word' id='word_1_87' title='bbox 1559 1477 1609 1522; x_wconf 87' lang='lat' dir='ltr'><strong><em>et</em></strong></span> <span class='ocrx_word' id='word_1_88' title='bbox 1636 1465 1783 1539; x_wconf 81' lang='lat' dir='ltr'><strong><em>Nor-</em></strong></span> 
     </span>
    </p>
   </div>
   <div class='ocr_carea' id='block_1_16' title="bbox 273 1537 1786 1611">
    <p class='ocr_par' dir='ltr' id='par_1_16' title="bbox 273 1537 1786 1611">
     <span class='ocr_line' id='line_1_17' title="bbox 273 1537 1786 1611; baseline -0.003 -17"><span class='ocrx_word' id='word_1_89' title='bbox 273 1542 508 1596; x_wconf 76' lang='lat' dir='ltr'><strong><em>munia:</em></strong></span> <span class='ocrx_word' id='word_1_90' title='bbox 546 1541 829 1595; x_wconf 82' lang='lat' dir='ltr'><strong><em>orovinciis</em></strong></span> <span class='ocrx_word' id='word_1_91' title='bbox 867 1543 1134 1611; x_wconf 83' lang='lat' dir='ltr'><strong><em>episcopos</em></strong></span> <span class='ocrx_word' id='word_1_92' title='bbox 1177 1538 1247 1593; x_wconf 82' lang='lat' dir='ltr'><strong><em>ad</em></strong></span> <span class='ocrx_word' id='word_1_93' title='bbox 1296 1537 1554 1593; x_wconf 79' lang='lat' dir='ltr'><strong><em>sunodum</em></strong></span> <span class='ocrx_word' id='word_1_94' title='bbox 1614 1537 1786 1592; x_wconf 80' lang='lat' dir='ltr'><strong><em>venire</em></strong></span> 
     </span>
    </p>
   </div>
   <div class='ocr_carea' id='block_1_17' title="bbox 273 1619 439 1666">
    <p class='ocr_par' dir='ltr' id='par_1_17' title="bbox 273 1619 439 1666">
     <span class='ocr_line' id='line_1_18' title="bbox 273 1619 439 1666; baseline 0.012 -2"><span class='ocrx_word' id='word_1_95' title='bbox 273 1619 439 1666; x_wconf 79' lang='lat' dir='ltr'><strong><em>curet.</em></strong></span> 
     </span>
    </p>
   </div>
   <div class='ocr_carea' id='block_1_18' title="bbox 273 1694 1786 1770">
    <p class='ocr_par' dir='ltr' id='par_1_18' title="bbox 273 1694 1786 1770">
     <span class='ocr_line' id='line_1_19' title="bbox 273 1694 1786 1770; baseline -0.003 -16"><span class='ocrx_word' id='word_1_96' title='bbox 273 1699 588 1755; x_wconf 74' lang='lat' dir='ltr'><strong><em>GBEGOBIUS</em></strong></span> <span class='ocrx_word' id='word_1_97' title='bbox 598 1699 906 1770; x_wconf 86' lang='lat' dir='ltr'><strong><em>episcopus,</em></strong></span> <span class='ocrx_word' id='word_1_98' title='bbox 939 1714 1132 1754; x_wconf 89' lang='lat' dir='ltr'><strong><em>servus</em></strong></span> <span class='ocrx_word' id='word_1_99' title='bbox 1152 1712 1434 1753; x_wconf 88' lang='lat' dir='ltr'><strong><em>servorum</em></strong></span> <span class='ocrx_word' id='word_1_100' title='bbox 1449 1694 1565 1763; x_wconf 91' lang='lat' dir='ltr'><strong><em>Dei,</em></strong></span> <span class='ocrx_word' id='word_1_101' title='bbox 1589 1695 1786 1750; x_wconf 89' lang='lat' dir='ltr'><strong><em>dilecto</em></strong></span> 
     </span>
    </p>
   </div>
   <div class='ocr_carea' id='block_1_19' title="bbox 205 1787 1789 1849">
    <p class='ocr_par' dir='ltr' id='par_1_19' title="bbox 205 1787 1789 1849">
     <span class='ocr_line' id='line_1_20' title="bbox 205 1787 1789 1849; baseline -0.003 -1"><span class='ocrx_word' id='word_1_102' title='bbox 205 1794 260 1848; x_wconf 86' lang='lat' dir='ltr'><strong><em>in</em></strong></span> <span class='ocrx_word' id='word_1_103' title='bbox 289 1792 514 1849; x_wconf 83' lang='lat' dir='ltr'><strong><em>Christo</em></strong></span> <span class='ocrx_word' id='word_1_104' title='bbox 565 1791 680 1848; x_wconf 88' lang='lat' dir='ltr'><strong><em>ﬁlio</em></strong></span> <span class='ocrx_word' id='word_1_105' title='bbox 722 1790 979 1847; x_wconf 71' lang='lat' dir='ltr'><strong><em>[iussn-ro</em></strong></span> <span class='ocrx_word' id='word_1_106' title='bbox 1028 1799 1231 1846; x_wconf 65' lang='lat' dir='ltr'><strong><em>sancte</em></strong></span> <span class='ocrx_word' id='word_1_107' title='bbox 1252 1788 1513 1845; x_wconf 69' lang='lat' dir='ltr'><strong><em>Romamn</em></strong></span> <span class='ocrx_word' id='word_1_108' title='bbox 1531 1787 1789 1843; x_wconf 54' lang='lat' dir='ltr'><strong><em>Ecclesiae</em></strong></span> 
     </span>
    </p>
   </div>
   <div class='ocr_carea' id='block_1_20' title="bbox 205 1881 1784 1955">
    <p class='ocr_par' dir='ltr' id='par_1_20' title="bbox 205 1881 1784 1955">
     <span class='ocr_line' id='line_1_21' title="bbox 205 1881 1784 1955; baseline -0.004 -15"><span class='ocrx_word' id='word_1_109' title='bbox 205 1885 543 1941; x_wconf 86' lang='lat' dir='ltr'><strong><em>subdiacono</em></strong></span> <span class='ocrx_word' id='word_1_110' title='bbox 576 1885 806 1941; x_wconf 87' lang='lat' dir='ltr'><strong><em>salutem</em></strong></span> <span class='ocrx_word' id='word_1_111' title='bbox 842 1892 897 1940; x_wconf 91' lang='lat' dir='ltr'><strong><em>et</em></strong></span> <span class='ocrx_word' id='word_1_112' title='bbox 943 1883 1295 1955; x_wconf 77' lang='lat' dir='ltr'><strong><em>apostolicam</em></strong></span> <span class='ocrx_word' id='word_1_113' title='bbox 1332 1881 1784 1938; x_wconf 77' lang='lat' dir='ltr'><strong><em>benedictionem.</em></strong></span> 
     </span>
    </p>
   </div>
   <div class='ocr_carea' id='block_1_21' title="bbox 267 1973 1789 2045">
    <p class='ocr_par' dir='ltr' id='par_1_21' title="bbox 267 1973 1789 2045">
     <span class='ocr_line' id='line_1_22' title="bbox 267 1973 1789 2045; baseline -0.003 -13"><span class='ocrx_word' id='word_1_114' title='bbox 267 1978 540 2033; x_wconf 80' lang='lat' dir='ltr'><strong><em>Miramur</em></strong></span> <span class='ocrx_word' id='word_1_115' title='bbox 570 1978 824 2045; x_wconf 88' lang='lat' dir='ltr'><strong><em>nimium,</em></strong></span> <span class='ocrx_word' id='word_1_116' title='bbox 870 1986 925 2033; x_wconf 91' lang='lat' dir='ltr'><strong><em>et</em></strong></span> <span class='ocrx_word' id='word_1_117' title='bbox 965 1977 1123 2033; x_wconf 91' lang='lat' dir='ltr'><strong><em>nobis</em></strong></span> <span class='ocrx_word' id='word_1_118' title='bbox 1183 1975 1476 2031; x_wconf 85' lang='lat' dir='ltr'><strong><em>admodum</em></strong></span> <span class='ocrx_word' id='word_1_119' title='bbox 1503 1973 1789 2043; x_wconf 87' lang='lat' dir='ltr'><strong><em>displicere</em></strong></span> 
     </span>
    </p>
   </div>
   <div class='ocr_carea' id='block_1_22' title="bbox 206 2066 1790 2141">
    <p class='ocr_par' dir='ltr' id='par_1_22' title="bbox 206 2066 1790 2141">
     <span class='ocr_line' id='line_1_23' title="bbox 206 2066 1790 2141; baseline -0.003 -16"><span class='ocrx_word' id='word_1_120' title='bbox 206 2070 546 2141; x_wconf 75' lang='lat' dir='ltr'><strong><em>cognoveris,</em></strong></span> <span class='ocrx_word' id='word_1_121' title='bbox 576 2079 631 2126; x_wconf 89' lang='lat' dir='ltr'><strong><em>te</em></strong></span> <span class='ocrx_word' id='word_1_122' title='bbox 678 2080 860 2127; x_wconf 88' lang='lat' dir='ltr'><strong><em>tantas</em></strong></span> <span class='ocrx_word' id='word_1_123' title='bbox 902 2086 1085 2127; x_wconf 90' lang='lat' dir='ltr'><strong><em>moras</em></strong></span> <span class='ocrx_word' id='word_1_124' title='bbox 1127 2070 1392 2124; x_wconf 87' lang='lat' dir='ltr'><strong><em>hactenus</em></strong></span> <span class='ocrx_word' id='word_1_125' title='bbox 1427 2066 1704 2133; x_wconf 84' lang='lat' dir='ltr'><strong><em>habuisse,</em></strong></span> <span class='ocrx_word' id='word_1_126' title='bbox 1735 2074 1790 2120; x_wconf 92' lang='lat' dir='ltr'><strong><em>et</em></strong></span> 
     </span>
    </p>
   </div>
   <div class='ocr_carea' id='block_1_23' title="bbox 158 2138 1865 2234">
    <p class='ocr_par' dir='ltr' id='par_1_23' title="bbox 158 2138 1865 2234">
     <span class='ocr_line' id='line_1_24' title="bbox 158 2138 1865 2234; baseline -0.001 -18"><span class='ocrx_word' id='word_1_127' title='bbox 158 2153 186 2175; x_wconf 77' lang='grc'><strong><em>“’</em></strong></span> <span class='ocrx_word' id='word_1_128' title='bbox 207 2138 292 2217; x_wconf 46' lang='lat' dir='ltr'><strong><em>ad_</em></strong></span> <span class='ocrx_word' id='word_1_129' title='bbox 328 2163 697 2234; x_wconf 73' lang='lat' dir='ltr'><strong><em>apostolicam</em></strong></span> <span class='ocrx_word' id='word_1_130' title='bbox 755 2164 938 2218; x_wconf 88' lang='lat' dir='ltr'><strong><em>sedem</em></strong></span> <span class='ocrx_word' id='word_1_131' title='bbox 994 2161 1185 2217; x_wconf 90' lang='lat' dir='ltr'><strong><em>tandiu</em></strong></span> <span class='ocrx_word' id='word_1_132' title='bbox 1238 2159 1518 2216; x_wconf 73' lang='lat' dir='ltr'><strong><em>distulisse</em></strong></span> <span class='ocrx_word' id='word_1_133' title='bbox 1571 2159 1786 2214; x_wconf 86' lang='lat' dir='ltr'><strong><em>reverti.</em></strong></span> <span class='ocrx_word' id='word_1_134' title='bbox 1824 2138 1865 2193; x_wconf 78' lang='grc' dir='ltr'><strong><em>Β</em></strong></span> 
     </span>
    </p>
   </div>
   <div class='ocr_carea' id='block_1_24' title="bbox 204 2251 1847 2327">
    <p class='ocr_par' dir='ltr' id='par_1_24' title="bbox 204 2251 1847 2327">
     <span class='ocr_line' id='line_1_25' title="bbox 204 2251 1847 2327; baseline -0.001 -17"><span class='ocrx_word' id='word_1_135' title='bbox 204 2254 388 2327; x_wconf 82' lang='lat' dir='ltr'><strong><em>Neque</em></strong></span> <span class='ocrx_word' id='word_1_136' title='bbox 417 2273 555 2313; x_wconf 82' lang='lat' dir='ltr'><strong><em>vero</em></strong></span> <span class='ocrx_word' id='word_1_137' title='bbox 583 2256 815 2327; x_wconf 86' lang='lat' dir='ltr'><strong><em>alicujus</em></strong></span> <span class='ocrx_word' id='word_1_138' title='bbox 844 2254 921 2310; x_wconf 86' lang='lat' dir='ltr'><strong><em>rei</em></strong></span> <span class='ocrx_word' id='word_1_139' title='bbox 974 2253 1258 2310; x_wconf 76' lang='lat' dir='ltr'><strong><em>excusatio</em></strong></span> <span class='ocrx_word' id='word_1_140' title='bbox 1303 2261 1357 2307; x_wconf 89' lang='lat' dir='ltr'><strong><em>te</em></strong></span> <span class='ocrx_word' id='word_1_141' title='bbox 1383 2251 1519 2308; x_wconf 84' lang='lat' dir='ltr'><strong><em>satis</em></strong></span> <span class='ocrx_word' id='word_1_142' title='bbox 1574 2252 1799 2308; x_wconf 86' lang='lat' dir='ltr'><strong><em>reddere</em></strong></span> <span class='ocrx_word' id='word_1_143' title='bbox 1844 2252 1847 2255; x_wconf 73' lang='grc'><em>’</em></span> 
     </span>
    </p>
   </div>
   <div class='ocr_carea' id='block_1_25' title="bbox 207 2344 1795 2421">
    <p class='ocr_par' dir='ltr' id='par_1_25' title="bbox 207 2344 1795 2421">
     <span class='ocr_line' id='line_1_26' title="bbox 207 2344 1795 2421; baseline -0.003 -15"><span class='ocrx_word' id='word_1_144' title='bbox 207 2358 381 2421; x_wconf 82' lang='lat' dir='ltr'><strong><em>potest</em></strong></span> <span class='ocrx_word' id='word_1_145' title='bbox 399 2357 735 2421; x_wconf 85' lang='lat' dir='ltr'><strong><em>purgatum,</em></strong></span> <span class='ocrx_word' id='word_1_146' title='bbox 770 2357 995 2420; x_wconf 78' lang='lat' dir='ltr'><strong><em>excepto</em></strong></span> <span class='ocrx_word' id='word_1_147' title='bbox 1032 2348 1079 2405; x_wconf 89' lang='lat' dir='ltr'><strong><em>si</em></strong></span> <span class='ocrx_word' id='word_1_148' title='bbox 1115 2348 1202 2403; x_wconf 88' lang='lat' dir='ltr'><strong><em>vel</em></strong></span> <span class='ocrx_word' id='word_1_149' title='bbox 1239 2362 1407 2403; x_wconf 87' lang='lat' dir='ltr'><strong><em>causa</em></strong></span> <span class='ocrx_word' id='word_1_150' title='bbox 1443 2344 1795 2414; x_wconf 82' lang='lat' dir='ltr'><strong><em>inﬁrmitatis,</em></strong></span> 
     </span>
    </p>
   </div>
   <div class='ocr_carea' id='block_1_26' title="bbox 207 2438 1795 2513">
    <p class='ocr_par' dir='ltr' id='par_1_26' title="bbox 207 2438 1795 2513">
     <span class='ocr_line' id='line_1_27' title="bbox 207 2438 1795 2513; baseline -0.003 -15"><span class='ocrx_word' id='word_1_151' title='bbox 207 2442 292 2498; x_wconf 86' lang='lat' dir='ltr'><strong><em>vel</em></strong></span> <span class='ocrx_word' id='word_1_152' title='bbox 316 2442 469 2513; x_wconf 90' lang='lat' dir='ltr'><strong><em>quod</em></strong></span> <span class='ocrx_word' id='word_1_153' title='bbox 498 2458 611 2498; x_wconf 89' lang='lat' dir='ltr'><strong><em>non</em></strong></span> <span class='ocrx_word' id='word_1_154' title='bbox 671 2441 913 2511; x_wconf 87' lang='lat' dir='ltr'><strong><em>patuerit</em></strong></span> <span class='ocrx_word' id='word_1_155' title='bbox 967 2440 1147 2497; x_wconf 85' lang='lat' dir='ltr'><strong><em>aditus</em></strong></span> <span class='ocrx_word' id='word_1_156' title='bbox 1189 2438 1473 2505; x_wconf 86' lang='lat' dir='ltr'><strong><em>redeundi,</em></strong></span> <span class='ocrx_word' id='word_1_157' title='bbox 1502 2438 1795 2494; x_wconf 86' lang='lat' dir='ltr'><strong><em>dimiseris.</em></strong></span> 
     </span>
    </p>
   </div>
   <div class='ocr_carea' id='block_1_27' title="bbox 208 2530 1803 2606">
    <p class='ocr_par' dir='ltr' id='par_1_27' title="bbox 208 2530 1803 2606">
     <span class='ocr_line' id='line_1_28' title="bbox 208 2530 1803 2606; baseline -0.002 -18"><span class='ocrx_word' id='word_1_158' title='bbox 208 2532 341 2589; x_wconf 76' lang='lat' dir='ltr'><strong><em>Nam</em></strong></span> <span class='ocrx_word' id='word_1_159' title='bbox 370 2535 638 2606; x_wconf 84' lang='lat' dir='ltr'><strong><em>pecunias</em></strong></span> <span class='ocrx_word' id='word_1_160' title='bbox 669 2534 790 2589; x_wconf 87' lang='lat' dir='ltr'><strong><em>sine</em></strong></span> <span class='ocrx_word' id='word_1_161' title='bbox 812 2534 1019 2588; x_wconf 83' lang='lat' dir='ltr'><strong><em>honore</em></strong></span> <span class='ocrx_word' id='word_1_162' title='bbox 1042 2532 1277 2588; x_wconf 88' lang='lat' dir='ltr'><strong><em>tributas</em></strong></span> <span class='ocrx_word' id='word_1_163' title='bbox 1305 2531 1495 2602; x_wconf 87' lang='lat' dir='ltr'><strong><em>quanti</em></strong></span> <span class='ocrx_word' id='word_1_164' title='bbox 1524 2531 1682 2602; x_wconf 83' lang='lat' dir='ltr'><strong><em>pretii</em></strong></span> <span class='ocrx_word' id='word_1_165' title='bbox 1708 2530 1803 2585; x_wconf 80' lang='lat' dir='ltr'><strong><em>lia-</em></strong></span> 
     </span>
    </p>
   </div>
   <div class='ocr_carea' id='block_1_28' title="bbox 208 2622 1796 2697">
    <p class='ocr_par' dir='ltr' id='par_1_28' title="bbox 208 2622 1796 2697">
     <span class='ocr_line' id='line_1_29' title="bbox 208 2622 1796 2697; baseline -0.004 -14"><span class='ocrx_word' id='word_1_166' title='bbox 208 2627 390 2695; x_wconf 86' lang='lat' dir='ltr'><strong><em>beam,</em></strong></span> <span class='ocrx_word' id='word_1_167' title='bbox 434 2635 498 2682; x_wconf 87' lang='lat' dir='ltr'><strong><em>tu</em></strong></span> <span class='ocrx_word' id='word_1_168' title='bbox 552 2627 671 2697; x_wconf 90' lang='lat' dir='ltr'><strong><em>ipse</em></strong></span> <span class='ocrx_word' id='word_1_169' title='bbox 720 2625 922 2697; x_wconf 89' lang='lat' dir='ltr'><strong><em>optime</em></strong></span> <span class='ocrx_word' id='word_1_170' title='bbox 951 2623 1179 2697; x_wconf 87' lang='lat' dir='ltr'><strong><em>potuisti</em></strong></span> <span class='ocrx_word' id='word_1_171' title='bbox 1207 2623 1413 2680; x_wconf 91' lang='lat' dir='ltr'><strong><em>dudum</em></strong></span> <span class='ocrx_word' id='word_1_172' title='bbox 1445 2622 1796 2694; x_wconf 84' lang='lat' dir='ltr'><strong><em>perpendere.</em></strong></span> 
     </span>
    </p>
   </div>
   <div class='ocr_carea' id='block_1_29' title="bbox 209 2716 1799 2790">
    <p class='ocr_par' dir='ltr' id='par_1_29' title="bbox 209 2716 1799 2790">
     <span class='ocr_line' id='line_1_30' title="bbox 209 2716 1799 2790; baseline -0.002 -18"><span class='ocrx_word' id='word_1_173' title='bbox 209 2716 555 2790; x_wconf 83' lang='lat' dir='ltr'><strong><em>Quapropter</em></strong></span> <span class='ocrx_word' id='word_1_174' title='bbox 586 2719 769 2775; x_wconf 85' lang='lat' dir='ltr'><strong><em>sciens</em></strong></span> <span class='ocrx_word' id='word_1_175' title='bbox 786 2717 915 2788; x_wconf 88' lang='lat' dir='ltr'><strong><em>quia</em></strong></span> <span class='ocrx_word' id='word_1_176' title='bbox 941 2726 1161 2788; x_wconf 90' lang='lat' dir='ltr'><strong><em>propter</em></strong></span> <span class='ocrx_word' id='word_1_177' title='bbox 1182 2716 1352 2771; x_wconf 90' lang='lat' dir='ltr'><strong><em>multa</em></strong></span> <span class='ocrx_word' id='word_1_178' title='bbox 1378 2716 1629 2771; x_wconf 89' lang='lat' dir='ltr'><strong><em>volumus</em></strong></span> <span class='ocrx_word' id='word_1_179' title='bbox 1649 2724 1799 2770; x_wconf 90' lang='lat' dir='ltr'><strong><em>tuam</em></strong></span> 
     </span>
    </p>
   </div>
   <div class='ocr_carea' id='block_1_30' title="bbox 211 2811 1802 2881">
    <p class='ocr_par' dir='ltr' id='par_1_30' title="bbox 211 2811 1802 2881">
     <span class='ocr_line' id='line_1_31' title="bbox 211 2811 1802 2881; baseline -0.004 -13"><span class='ocrx_word' id='word_1_180' title='bbox 211 2812 581 2881; x_wconf 69' lang='lat' dir='ltr'><strong><em>praesentiam,</em></strong></span> <span class='ocrx_word' id='word_1_181' title='bbox 614 2811 849 2867; x_wconf 88' lang='lat' dir='ltr'><strong><em>reditum</em></strong></span> <span class='ocrx_word' id='word_1_182' title='bbox 877 2819 1031 2865; x_wconf 89' lang='lat' dir='ltr'><strong><em>tuum</em></strong></span> <span class='ocrx_word' id='word_1_183' title='bbox 1060 2819 1324 2879; x_wconf 90' lang='lat' dir='ltr'><strong><em>quantum</em></strong></span> <span class='ocrx_word' id='word_1_184' title='bbox 1349 2816 1503 2878; x_wconf 86' lang='lat' dir='ltr'><strong><em>potes</em></strong></span> <span class='ocrx_word' id='word_1_185' title='bbox 1527 2815 1802 2862; x_wconf 90' lang='lat' dir='ltr'><strong><em>maturare</em></strong></span> 
     </span>
    </p>
   </div>
   <div class='ocr_carea' id='block_1_31' title="bbox 209 2889 1805 2977">
    <p class='ocr_par' dir='ltr' id='par_1_31' title="bbox 209 2889 1805 2977">
     <span class='ocr_line' id='line_1_32' title="bbox 209 2889 1805 2977; baseline -0.003 -17"><span class='ocrx_word' id='word_1_186' title='bbox 209 2889 468 2974; x_wconf 64' lang='lat' dir='ltr'><strong><em>procura.</em></strong></span> <span class='ocrx_word' id='word_1_187' title='bbox 499 2904 835 2977; x_wconf 81' lang='lat' dir='ltr'><strong><em>Signiﬁcasti</em></strong></span> <span class='ocrx_word' id='word_1_188' title='bbox 862 2912 1044 2959; x_wconf 90' lang='lat' dir='ltr'><strong><em>autem</em></strong></span> <span class='ocrx_word' id='word_1_189' title='bbox 1074 2902 1231 2958; x_wconf 90' lang='lat' dir='ltr'><strong><em>nobis</em></strong></span> <span class='ocrx_word' id='word_1_190' title='bbox 1256 2900 1558 2956; x_wconf 86' lang='lat' dir='ltr'><strong><em>Zeuzoncm</em></strong></span> <span class='ocrx_word' id='word_1_191' title='bbox 1573 2900 1805 2973; x_wconf 81' lang='lat' dir='ltr'><strong><em>[Teuzo—</em></strong></span> 
     </span>
    </p>
   </div>
   <div class='ocr_carea' id='block_1_32' title="bbox 148 2993 1800 3074">
    <p class='ocr_par' dir='ltr' id='par_1_32' title="bbox 148 2993 1800 3074">
     <span class='ocr_line' id='line_1_33' title="bbox 148 2993 1800 3074; baseline -0.002 -23"><span class='ocrx_word' id='word_1_192' title='bbox 148 3014 153 3020; x_wconf 74' lang='grc'><strong>’</strong></span> <span class='ocrx_word' id='word_1_193' title='bbox 210 2997 449 3051; x_wconf 72' lang='grc' dir='ltr'><strong><em>ειεωέἱσ</em></strong></span> <span class='ocrx_word' id='word_1_194' title='bbox 473 3005 524 3051; x_wconf 83' lang='lat' dir='ltr'><strong><em>et</em></strong></span> <span class='ocrx_word' id='word_1_195' title='bbox 548 2998 606 3051; x_wconf 80' lang='lat' dir='ltr'><strong><em>in</em></strong></span> <span class='ocrx_word' id='word_1_196' title='bbox 634 2996 752 3051; x_wconf 84' lang='lat' dir='ltr'><strong><em>eod.</em></strong></span> <span class='ocrx_word' id='word_1_197' title='bbox 782 2994 947 3074; x_wconf 58' lang='lat' dir='ltr'><strong><em>Mat]</em></strong></span> <span class='ocrx_word' id='word_1_198' title='bbox 973 2994 1132 3067; x_wconf 89' lang='lat' dir='ltr'><strong><em>quasi</em></strong></span> <span class='ocrx_word' id='word_1_199' title='bbox 1157 3010 1225 3050; x_wconf 90' lang='lat' dir='ltr'><strong><em>ex</em></strong></span> <span class='ocrx_word' id='word_1_200' title='bbox 1256 3002 1409 3065; x_wconf 91' lang='lat' dir='ltr'><strong><em>parte</em></strong></span> <span class='ocrx_word' id='word_1_201' title='bbox 1436 3001 1620 3049; x_wconf 86' lang='lat' dir='ltr'><strong><em>nostra</em></strong></span> <span class='ocrx_word' id='word_1_202' title='bbox 1650 2993 1800 3064; x_wconf 85' lang='lat' dir='ltr'><strong><em>lega-</em></strong></span> 
     </span>
    </p>
   </div>
   <div class='ocr_carea' id='block_1_33' title="bbox 214 3084 1803 3160">
    <p class='ocr_par' dir='ltr' id='par_1_33' title="bbox 214 3084 1803 3160">
     <span class='ocr_line' id='line_1_34' title="bbox 214 3084 1803 3160; baseline -0.001 -19"><span class='ocrx_word' id='word_1_203' title='bbox 214 3096 332 3143; x_wconf 89' lang='lat' dir='ltr'><strong><em>tum</em></strong></span> <span class='ocrx_word' id='word_1_204' title='bbox 361 3089 632 3144; x_wconf 88' lang='lat' dir='ltr'><strong><em>adversus</em></strong></span> <span class='ocrx_word' id='word_1_205' title='bbox 679 3087 969 3160; x_wconf 75' lang='lat' dir='ltr'><strong><em>Anglicum</em></strong></span> <span class='ocrx_word' id='word_1_206' title='bbox 997 3101 1178 3158; x_wconf 88' lang='lat' dir='ltr'><strong><em>regem</em></strong></span> <span class='ocrx_word' id='word_1_207' title='bbox 1215 3085 1381 3140; x_wconf 85' lang='lat' dir='ltr'><strong><em>verba</em></strong></span> <span class='ocrx_word' id='word_1_208' title='bbox 1426 3084 1647 3152; x_wconf 79' lang='lat' dir='ltr'><strong><em>fecisse;</em></strong></span> <span class='ocrx_word' id='word_1_209' title='bbox 1679 3098 1803 3153; x_wconf 65' lang='lat' dir='ltr'><strong><em>quae</em></strong></span> 
     </span>
    </p>
   </div>
   <div class='ocr_carea' id='block_1_34' title="bbox 210 3174 1801 3237">
    <p class='ocr_par' dir='ltr' id='par_1_34' title="bbox 210 3174 1801 3237">
     <span class='ocr_line' id='line_1_35' title="bbox 210 3174 1801 3237; baseline -0.003 -2"><span class='ocrx_word' id='word_1_210' title='bbox 210 3181 436 3237; x_wconf 77' lang='lat' dir='ltr'><strong><em>noveris</em></strong></span> <span class='ocrx_word' id='word_1_211' title='bbox 473 3197 541 3235; x_wconf 87' lang='lat' dir='ltr'><strong><em>ex</em></strong></span> <span class='ocrx_word' id='word_1_212' title='bbox 574 3180 735 3235; x_wconf 88' lang='lat' dir='ltr'><strong><em>nobis</em></strong></span> <span class='ocrx_word' id='word_1_213' title='bbox 768 3179 1025 3234; x_wconf 87' lang='lat' dir='ltr'><strong><em>mandata</em></strong></span> <span class='ocrx_word' id='word_1_214' title='bbox 1063 3193 1173 3232; x_wconf 91' lang='lat' dir='ltr'><strong><em>non</em></strong></span> <span class='ocrx_word' id='word_1_215' title='bbox 1208 3192 1349 3233; x_wconf 90' lang='lat' dir='ltr'><strong><em>esse.</em></strong></span> <span class='ocrx_word' id='word_1_216' title='bbox 1382 3174 1584 3231; x_wconf 84' lang='lat' dir='ltr'><strong><em>Verum</em></strong></span> <span class='ocrx_word' id='word_1_217' title='bbox 1631 3176 1801 3231; x_wconf 78' lang='lat' dir='ltr'><strong><em>multa</em></strong></span> 
     </span>
    </p>
   </div>
   <div class='ocr_carea' id='block_1_35' title="bbox 214 3268 1802 3329">
    <p class='ocr_par' dir='ltr' id='par_1_35' title="bbox 214 3268 1802 3329">
     <span class='ocr_line' id='line_1_36' title="bbox 214 3268 1802 3329; baseline -0.005 0"><span class='ocrx_word' id='word_1_218' title='bbox 214 3280 350 3329; x_wconf 83' lang='lat' dir='ltr'><strong><em>sunt</em></strong></span> <span class='ocrx_word' id='word_1_219' title='bbox 385 3273 532 3328; x_wconf 89' lang='lat' dir='ltr'><strong><em>unde</em></strong></span> <span class='ocrx_word' id='word_1_220' title='bbox 578 3281 776 3328; x_wconf 82' lang='lat' dir='ltr'><strong><em>sancta</em></strong></span> <span class='ocrx_word' id='word_1_221' title='bbox 816 3270 1061 3326; x_wconf 82' lang='lat' dir='ltr'><strong><em>Romana</em></strong></span> <span class='ocrx_word' id='word_1_222' title='bbox 1083 3269 1324 3325; x_wconf 86' lang='lat' dir='ltr'><strong><em>Ecclesia</em></strong></span> <span class='ocrx_word' id='word_1_223' title='bbox 1370 3268 1633 3324; x_wconf 89' lang='lat' dir='ltr'><strong><em>adversus</em></strong></span> <span class='ocrx_word' id='word_1_224' title='bbox 1676 3283 1802 3324; x_wconf 91' lang='lat' dir='ltr'><strong><em>eum</em></strong></span> 
     </span>
    </p>
   </div>
   <div class='ocr_carea' id='block_1_36' title="bbox 213 3360 1804 3435">
    <p class='ocr_par' dir='ltr' id='par_1_36' title="bbox 213 3360 1804 3435">
     <span class='ocr_line' id='line_1_37' title="bbox 213 3360 1804 3435; baseline -0.003 -16"><span class='ocrx_word' id='word_1_225' title='bbox 213 3364 379 3435; x_wconf 88' lang='lat' dir='ltr'><strong><em>queri</em></strong></span> <span class='ocrx_word' id='word_1_226' title='bbox 405 3371 606 3435; x_wconf 85' lang='lat' dir='ltr'><strong><em>potest.</em></strong></span> <span class='ocrx_word' id='word_1_227' title='bbox 637 3361 810 3418; x_wconf 83' lang='lat' dir='ltr'><strong><em>Nemo</em></strong></span> <span class='ocrx_word' id='word_1_228' title='bbox 836 3363 981 3418; x_wconf 88' lang='lat' dir='ltr'><strong><em>enim</em></strong></span> <span class='ocrx_word' id='word_1_229' title='bbox 1007 3360 1254 3418; x_wconf 90' lang='lat' dir='ltr'><strong><em>omnium</em></strong></span> <span class='ocrx_word' id='word_1_230' title='bbox 1274 3375 1466 3432; x_wconf 87' lang='lat' dir='ltr'><strong><em>regum</em></strong></span> <span class='ocrx_word' id='word_1_231' title='bbox 1487 3360 1650 3416; x_wconf 91' lang='lat' dir='ltr'><strong><em>etiam</em></strong></span> <span class='ocrx_word' id='word_1_232' title='bbox 1708 3376 1804 3431; x_wconf 89' lang='lat' dir='ltr'><strong><em>pa-</em></strong></span> 
     </span>
    </p>
   </div>
   <div class='ocr_carea' id='block_1_37' title="bbox 215 3452 1803 3529">
    <p class='ocr_par' dir='ltr' id='par_1_37' title="bbox 215 3452 1803 3529">
     <span class='ocr_line' id='line_1_38' title="bbox 215 3452 1803 3529; baseline -0.003 -17"><span class='ocrx_word' id='word_1_233' title='bbox 215 3472 491 3529; x_wconf 85' lang='lat' dir='ltr'><strong><em>ganorum</em></strong></span> <span class='ocrx_word' id='word_1_234' title='bbox 517 3464 709 3512; x_wconf 90' lang='lat' dir='ltr'><strong><em>contra</em></strong></span> <span class='ocrx_word' id='word_1_235' title='bbox 738 3455 1091 3526; x_wconf 83' lang='lat' dir='ltr'><strong><em>apostolicam</em></strong></span> <span class='ocrx_word' id='word_1_236' title='bbox 1113 3453 1297 3510; x_wconf 87' lang='lat' dir='ltr'><strong><em>sedem</em></strong></span> <span class='ocrx_word' id='word_1_237' title='bbox 1323 3452 1429 3508; x_wconf 91' lang='lat' dir='ltr'><strong><em>hoc</em></strong></span> <span class='ocrx_word' id='word_1_238' title='bbox 1455 3454 1803 3524; x_wconf 60' lang='lat' dir='ltr'><strong><em>praesumpsit</em></strong></span> 
     </span>
    </p>
   </div>
   <div class='ocr_carea' id='block_1_38' title="bbox 215 3545 1800 3620">
    <p class='ocr_par' dir='ltr' id='par_1_38' title="bbox 215 3545 1800 3620">
     <span class='ocr_line' id='line_1_39' title="bbox 215 3545 1800 3620; baseline -0.003 -16"><span class='ocrx_word' id='word_1_239' title='bbox 215 3559 436 3605; x_wconf 86' lang='lat' dir='ltr'><strong><em>tentare</em></strong></span> <span class='ocrx_word' id='word_1_240' title='bbox 467 3548 616 3620; x_wconf 89' lang='lat' dir='ltr'><strong><em>quod</em></strong></span> <span class='ocrx_word' id='word_1_241' title='bbox 646 3549 696 3604; x_wconf 90' lang='lat' dir='ltr'><strong><em>is</em></strong></span> <span class='ocrx_word' id='word_1_242' title='bbox 730 3564 839 3603; x_wconf 90' lang='lat' dir='ltr'><strong><em>non</em></strong></span> <span class='ocrx_word' id='word_1_243' title='bbox 876 3547 1096 3604; x_wconf 89' lang='lat' dir='ltr'><strong><em>erubuit</em></strong></span> <span class='ocrx_word' id='word_1_244' title='bbox 1121 3545 1329 3612; x_wconf 80' lang='lat' dir='ltr'><strong><em>facere,</em></strong></span> <span class='ocrx_word' id='word_1_245' title='bbox 1360 3545 1567 3601; x_wconf 83' lang='lat' dir='ltr'><strong><em>scilicet</em></strong></span> <span class='ocrx_word' id='word_1_246' title='bbox 1598 3554 1657 3601; x_wconf 91' lang='lat' dir='ltr'><strong><em>ut</em></strong></span> <span class='ocrx_word' id='word_1_247' title='bbox 1684 3546 1800 3617; x_wconf 89' lang='lat' dir='ltr'><strong><em>epi-</em></strong></span> 
     </span>
    </p>
   </div>
   <div class='ocr_carea' id='block_1_39' title="bbox 219 3637 1800 3712">
    <p class='ocr_par' dir='ltr' id='par_1_39' title="bbox 219 3637 1800 3712">
     <span class='ocr_line' id='line_1_40' title="bbox 219 3637 1800 3712; baseline -0.001 -16"><span class='ocrx_word' id='word_1_248' title='bbox 219 3657 438 3712; x_wconf 51' lang='lat' dir='ltr'><strong><em>scopos,</em></strong></span> <span class='ocrx_word' id='word_1_249' title='bbox 476 3640 936 3711; x_wconf 77' lang='lat' dir='ltr'><strong><em>archiepiscopus,</em></strong></span> <span class='ocrx_word' id='word_1_250' title='bbox 978 3641 1048 3695; x_wconf 88' lang='lat' dir='ltr'><strong><em>ab</em></strong></span> <span class='ocrx_word' id='word_1_251' title='bbox 1094 3637 1467 3709; x_wconf 88' lang='lat' dir='ltr'><strong><em>apostolorum</em></strong></span> <span class='ocrx_word' id='word_1_252' title='bbox 1519 3638 1800 3695; x_wconf 90' lang='lat' dir='ltr'><strong><em>liminibus</em></strong></span> 
     </span>
    </p>
   </div>
   <div class='ocr_carea' id='block_1_40' title="bbox 218 3730 1801 3802">
    <p class='ocr_par' dir='ltr' id='par_1_40' title="bbox 218 3730 1801 3802">
     <span class='ocr_line' id='line_1_41' title="bbox 218 3730 1801 3802; baseline -0.003 -12"><span class='ocrx_word' id='word_1_253' title='bbox 218 3735 370 3790; x_wconf 83' lang='lat' dir='ltr'><strong><em>ullus</em></strong></span> <span class='ocrx_word' id='word_1_254' title='bbox 406 3743 524 3790; x_wconf 89' lang='lat' dir='ltr'><strong><em>tam</em></strong></span> <span class='ocrx_word' id='word_1_255' title='bbox 580 3733 928 3789; x_wconf 85' lang='lat' dir='ltr'><strong><em>irreverentis</em></strong></span> <span class='ocrx_word' id='word_1_256' title='bbox 968 3742 1019 3789; x_wconf 92' lang='lat' dir='ltr'><strong><em>ct</em></strong></span> <span class='ocrx_word' id='word_1_257' title='bbox 1067 3730 1398 3802; x_wconf 87' lang='lat' dir='ltr'><strong><em>impudentis</em></strong></span> <span class='ocrx_word' id='word_1_258' title='bbox 1450 3731 1619 3787; x_wconf 90' lang='lat' dir='ltr'><strong><em>animi</em></strong></span> <span class='ocrx_word' id='word_1_259' title='bbox 1674 3748 1801 3801; x_wconf 90' lang='lat' dir='ltr'><strong><em>pro-</em></strong></span> 
     </span>
    </p>
   </div>
   <div class='ocr_carea' id='block_1_41' title="bbox 219 3821 1800 3893">
    <p class='ocr_par' dir='ltr' id='par_1_41' title="bbox 219 3821 1800 3893">
     <span class='ocr_line' id='line_1_42' title="bbox 219 3821 1800 3893; baseline -0.002 -12"><span class='ocrx_word' id='word_1_260' title='bbox 219 3827 458 3883; x_wconf 87' lang='lat' dir='ltr'><strong><em>hiberet.</em></strong></span> <span class='ocrx_word' id='word_1_261' title='bbox 482 3824 637 3882; x_wconf 78' lang='lat' dir='ltr'><strong><em>Unde</em></strong></span> <span class='ocrx_word' id='word_1_262' title='bbox 655 3826 908 3882; x_wconf 90' lang='lat' dir='ltr'><strong><em>volumus</em></strong></span> <span class='ocrx_word' id='word_1_263' title='bbox 930 3833 990 3880; x_wconf 87' lang='lat' dir='ltr'><strong><em>ut</em></strong></span> <span class='ocrx_word' id='word_1_264' title='bbox 1010 3840 1135 3880; x_wconf 90' lang='lat' dir='ltr'><strong><em>eum</em></strong></span> <span class='ocrx_word' id='word_1_265' title='bbox 1165 3829 1353 3877; x_wconf 90' lang='lat' dir='ltr'><strong><em>nostra</em></strong></span> <span class='ocrx_word' id='word_1_266' title='bbox 1374 3821 1490 3878; x_wconf 86' lang='lat' dir='ltr'><strong><em>vice</em></strong></span> <span class='ocrx_word' id='word_1_267' title='bbox 1516 3823 1800 3893; x_wconf 86' lang='lat' dir='ltr'><strong><em>prudentia</em></strong></span> 
     </span>
    </p>
   </div>
   <div class='ocr_carea' id='block_1_42' title="bbox 219 3914 1801 3987">
    <p class='ocr_par' dir='ltr' id='par_1_42' title="bbox 219 3914 1801 3987">
     <span class='ocr_line' id='line_1_43' title="bbox 219 3914 1801 3987; baseline -0.001 -14"><span class='ocrx_word' id='word_1_268' title='bbox 219 3927 319 3974; x_wconf 85' lang='lat' dir='ltr'><strong><em>tua</em></strong></span> <span class='ocrx_word' id='word_1_269' title='bbox 369 3918 584 3975; x_wconf 83' lang='lat' dir='ltr'><strong><em>studeat</em></strong></span> <span class='ocrx_word' id='word_1_270' title='bbox 645 3918 956 3984; x_wconf 90' lang='lat' dir='ltr'><strong><em>admonere,</em></strong></span> <span class='ocrx_word' id='word_1_271' title='bbox 987 3924 1258 3987; x_wconf 85' lang='lat' dir='ltr'><strong><em>quatenus</em></strong></span> <span class='ocrx_word' id='word_1_272' title='bbox 1308 3914 1592 3981; x_wconf 89' lang='lat' dir='ltr'><strong><em>honorem,</em></strong></span> <span class='ocrx_word' id='word_1_273' title='bbox 1637 3932 1801 3986; x_wconf 88' lang='lat' dir='ltr'><strong><em>quem</em></strong></span> 
     </span>
    </p>
   </div>
   <div class='ocr_carea' id='block_1_43' title="bbox 221 4007 1799 4081">
    <p class='ocr_par' dir='ltr' id='par_1_43' title="bbox 221 4007 1799 4081">
     <span class='ocr_line' id='line_1_44' title="bbox 221 4007 1799 4081; baseline -0.003 -14"><span class='ocrx_word' id='word_1_274' title='bbox 221 4012 331 4067; x_wconf 86' lang='lat' dir='ltr'><strong><em>sibi</em></strong></span> <span class='ocrx_word' id='word_1_275' title='bbox 386 4027 420 4067; x_wconf 88' lang='lat' dir='ltr'><strong><em>a</em></strong></span> <span class='ocrx_word' id='word_1_276' title='bbox 474 4011 707 4067; x_wconf 88' lang='lat' dir='ltr'><strong><em>subditis</em></strong></span> <span class='ocrx_word' id='word_1_277' title='bbox 762 4010 880 4067; x_wconf 89' lang='lat' dir='ltr'><strong><em>suis</em></strong></span> <span class='ocrx_word' id='word_1_278' title='bbox 908 4010 1144 4081; x_wconf 78' lang='lat' dir='ltr'><strong><em>graviter</em></strong></span> <span class='ocrx_word' id='word_1_279' title='bbox 1172 4007 1339 4062; x_wconf 83' lang='lat' dir='ltr'><strong><em>ferret</em></strong></span> <span class='ocrx_word' id='word_1_280' title='bbox 1380 4023 1489 4061; x_wconf 91' lang='lat' dir='ltr'><strong><em>non</em></strong></span> <span class='ocrx_word' id='word_1_281' title='bbox 1533 4009 1799 4077; x_wconf 79' lang='lat' dir='ltr'><strong><em>exhiberi,</em></strong></span> 
     </span>
    </p>
   </div>
   <div class='ocr_carea' id='block_1_44' title="bbox 223 4099 1801 4170">
    <p class='ocr_par' dir='ltr' id='par_1_44' title="bbox 223 4099 1801 4170">
     <span class='ocr_line' id='line_1_45' title="bbox 223 4099 1801 4170; baseline -0.004 -9"><span class='ocrx_word' id='word_1_282' title='bbox 223 4114 434 4161; x_wconf 66' lang='lat' dir='ltr'><strong><em>sancte</em></strong></span> <span class='ocrx_word' id='word_1_283' title='bbox 452 4105 713 4159; x_wconf 73' lang='lat' dir='ltr'><strong><em>Romana:</em></strong></span> <span class='ocrx_word' id='word_1_284' title='bbox 740 4103 999 4159; x_wconf 62' lang='lat' dir='ltr'><strong><em>Ecclesiae</em></strong></span> <span class='ocrx_word' id='word_1_285' title='bbox 1025 4118 1133 4156; x_wconf 87' lang='lat' dir='ltr'><strong><em>non</em></strong></span> <span class='ocrx_word' id='word_1_286' title='bbox 1163 4110 1444 4170; x_wconf 86' lang='lat' dir='ltr'><strong><em>tantopere</em></strong></span> <span class='ocrx_word' id='word_1_287' title='bbox 1465 4099 1673 4155; x_wconf 83' lang='lat' dir='ltr'><strong><em>laboret</em></strong></span> <span class='ocrx_word' id='word_1_288' title='bbox 1694 4101 1801 4155; x_wconf 91' lang='lat' dir='ltr'><strong><em>im-</em></strong></span> 
     </span>
    </p>
   </div>
   <div class='ocr_carea' id='block_1_45' title="bbox 154 4190 1802 4268">
    <p class='ocr_par' dir='ltr' id='par_1_45' title="bbox 154 4190 1802 4268">
     <span class='ocr_line' id='line_1_46' title="bbox 154 4190 1802 4268; baseline -0.004 -14"><span class='ocrx_word' id='word_1_289' title='bbox 154 4226 161 4235; x_wconf 68' lang='grc' dir='ltr'><strong>ι</strong></span> <span class='ocrx_word' id='word_1_290' title='bbox 221 4200 497 4265; x_wconf 86' lang='lat' dir='ltr'><strong><em>minuere,</em></strong></span> <span class='ocrx_word' id='word_1_291' title='bbox 525 4206 580 4252; x_wconf 89' lang='lat' dir='ltr'><strong><em>et</em></strong></span> <span class='ocrx_word' id='word_1_292' title='bbox 600 4196 833 4268; x_wconf 67' lang='lat' dir='ltr'><strong><em>debitas</em></strong></span> <span class='ocrx_word' id='word_1_293' title='bbox 860 4196 1064 4268; x_wconf 79' lang='lat' dir='ltr'><strong><em>gratias</em></strong></span> <span class='ocrx_word' id='word_1_294' title='bbox 1111 4194 1319 4265; x_wconf 82' lang='lat' dir='ltr'><strong><em>agendo</em></strong></span> <span class='ocrx_word' id='word_1_295' title='bbox 1348 4193 1578 4264; x_wconf 80' lang='lat' dir='ltr'><strong><em>gratiam</em></strong></span> <span class='ocrx_word' id='word_1_296' title='bbox 1605 4191 1665 4246; x_wconf 87' lang='lat' dir='ltr'><strong><em>B.</em></strong></span> <span class='ocrx_word' id='word_1_297' title='bbox 1700 4190 1802 4248; x_wconf 85' lang='lat' dir='ltr'><strong><em>Pe-</em></strong></span> 
     </span>
    </p>
   </div>
   <div class='ocr_carea' id='block_1_46' title="bbox 224 4284 1807 4361">
    <p class='ocr_par' dir='ltr' id='par_1_46' title="bbox 224 4284 1807 4361">
     <span class='ocr_line' id='line_1_47' title="bbox 224 4284 1807 4361; baseline -0.003 -16"><span class='ocrx_word' id='word_1_298' title='bbox 224 4291 299 4345; x_wconf 89' lang='lat' dir='ltr'><strong><em>tri</em></strong></span> <span class='ocrx_word' id='word_1_299' title='bbox 328 4299 581 4361; x_wconf 87' lang='lat' dir='ltr'><strong><em>procuret</em></strong></span> <span class='ocrx_word' id='word_1_300' title='bbox 637 4288 947 4359; x_wconf 88' lang='lat' dir='ltr'><strong><em>acquirere.</em></strong></span> <span class='ocrx_word' id='word_1_301' title='bbox 974 4285 1088 4343; x_wconf 89' lang='lat' dir='ltr'><strong><em>Nos</em></strong></span> <span class='ocrx_word' id='word_1_302' title='bbox 1141 4285 1286 4342; x_wconf 91' lang='lat' dir='ltr'><strong><em>enim</em></strong></span> <span class='ocrx_word' id='word_1_303' title='bbox 1316 4284 1570 4339; x_wconf 77' lang='lat' dir='ltr'><strong><em>amicitia:</em></strong></span> <span class='ocrx_word' id='word_1_304' title='bbox 1606 4294 1807 4341; x_wconf 66' lang='lat' dir='ltr'><strong><em>nostra:</em></strong></span> 
     </span>
    </p>
   </div>
   <div class='ocr_carea' id='block_1_47' title="bbox 224 4377 1807 4455">
    <p class='ocr_par' dir='ltr' id='par_1_47' title="bbox 224 4377 1807 4455">
     <span class='ocr_line' id='line_1_48' title="bbox 224 4377 1807 4455; baseline -0.004 -15"><span class='ocrx_word' id='word_1_305' title='bbox 224 4384 477 4455; x_wconf 67' lang='lat' dir='ltr'><strong><em>pristinae</em></strong></span> <span class='ocrx_word' id='word_1_306' title='bbox 501 4382 651 4438; x_wconf 89' lang='lat' dir='ltr'><strong><em>circa</em></strong></span> <span class='ocrx_word' id='word_1_307' title='bbox 680 4397 806 4437; x_wconf 90' lang='lat' dir='ltr'><strong><em>eum</em></strong></span> <span class='ocrx_word' id='word_1_308' title='bbox 842 4395 1135 4447; x_wconf 88' lang='lat' dir='ltr'><strong><em>memores,</em></strong></span> <span class='ocrx_word' id='word_1_309' title='bbox 1158 4387 1214 4434; x_wconf 90' lang='lat' dir='ltr'><strong><em>et</em></strong></span> <span class='ocrx_word' id='word_1_310' title='bbox 1263 4377 1612 4448; x_wconf 89' lang='lat' dir='ltr'><strong><em>apostolicam</em></strong></span> <span class='ocrx_word' id='word_1_311' title='bbox 1651 4395 1807 4433; x_wconf 91' lang='lat' dir='ltr'><strong><em>man-</em></strong></span> 
     </span>
    </p>
   </div>
   <div class='ocr_carea' id='block_1_48' title="bbox 226 4462 1806 4546">
    <p class='ocr_par' dir='ltr' id='par_1_48' title="bbox 226 4462 1806 4546">
     <span class='ocr_line' id='line_1_49' title="bbox 226 4462 1806 4546; baseline -0.004 -14"><span class='ocrx_word' id='word_1_312' title='bbox 226 4475 599 4543; x_wconf 77' lang='lat' dir='ltr'><strong><em>suetudinem,</em></strong></span> <span class='ocrx_word' id='word_1_313' title='bbox 626 4462 898 4546; x_wconf 88' lang='lat' dir='ltr'><strong><em>quantum</em></strong></span> <span class='ocrx_word' id='word_1_314' title='bbox 924 4472 1037 4529; x_wconf 88' lang='lat' dir='ltr'><strong><em>Deo</em></strong></span> <span class='ocrx_word' id='word_1_315' title='bbox 1071 4480 1295 4528; x_wconf 89' lang='lat' dir='ltr'><strong><em>auctore</em></strong></span> <span class='ocrx_word' id='word_1_316' title='bbox 1331 4486 1647 4542; x_wconf 88' lang='lat' dir='ltr'><strong><em>possumus,</em></strong></span> <span class='ocrx_word' id='word_1_317' title='bbox 1678 4471 1806 4525; x_wconf 91' lang='lat' dir='ltr'><strong><em>imi-</em></strong></span> 
     </span>
    </p>
   </div>
   <div class='ocr_carea' id='block_1_49' title="bbox 226 4561 1808 4640">
    <p class='ocr_par' dir='ltr' id='par_1_49' title="bbox 226 4561 1808 4640">
     <span class='ocr_line' id='line_1_50' title="bbox 226 4561 1808 4640; baseline -0.005 -14"><span class='ocrx_word' id='word_1_318' title='bbox 226 4579 431 4637; x_wconf 81' lang='lat' dir='ltr'><strong><em>tantes,</em></strong></span> <span class='ocrx_word' id='word_1_319' title='bbox 459 4570 747 4640; x_wconf 89' lang='lat' dir='ltr'><strong><em>hucusque</em></strong></span> <span class='ocrx_word' id='word_1_320' title='bbox 794 4561 942 4624; x_wconf 86' lang='lat' dir='ltr'><strong><em>illius</em></strong></span> <span class='ocrx_word' id='word_1_321' title='bbox 991 4567 1162 4637; x_wconf 82' lang='lat' dir='ltr'><strong><em>culpae</em></strong></span> <span class='ocrx_word' id='word_1_322' title='bbox 1189 4564 1563 4636; x_wconf 87' lang='lat' dir='ltr'><strong><em>pepercimus;</em></strong></span> <span class='ocrx_word' id='word_1_323' title='bbox 1610 4564 1706 4635; x_wconf 89' lang='lat' dir='ltr'><strong><em>qui</em></strong></span> <span class='ocrx_word' id='word_1_324' title='bbox 1760 4564 1808 4620; x_wconf 90' lang='lat' dir='ltr'><strong><em>si</em></strong></span> 
     </span>
    </p>
   </div>
   <div class='ocr_carea' id='block_1_50' title="bbox 232 4657 1809 4733">
    <p class='ocr_par' dir='ltr' id='par_1_50' title="bbox 232 4657 1809 4733">
     <span class='ocr_line' id='line_1_51' title="bbox 232 4657 1809 4733; baseline -0.004 -15"><span class='ocrx_word' id='word_1_325' title='bbox 232 4665 341 4730; x_wconf 88' lang='lat' dir='ltr'><strong><em>his,</em></strong></span> <span class='ocrx_word' id='word_1_326' title='bbox 369 4672 426 4719; x_wconf 90' lang='lat' dir='ltr'><strong><em>et</em></strong></span> <span class='ocrx_word' id='word_1_327' title='bbox 451 4662 723 4719; x_wconf 89' lang='lat' dir='ltr'><strong><em>similibus</em></strong></span> <span class='ocrx_word' id='word_1_328' title='bbox 750 4676 875 4733; x_wconf 83' lang='lat' dir='ltr'><strong><em>quae</em></strong></span> <span class='ocrx_word' id='word_1_329' title='bbox 921 4660 1020 4714; x_wconf 89' lang='lat' dir='ltr'><strong><em>tibi</em></strong></span> <span class='ocrx_word' id='word_1_330' title='bbox 1067 4667 1197 4714; x_wconf 90' lang='lat' dir='ltr'><strong><em>nota</em></strong></span> <span class='ocrx_word' id='word_1_331' title='bbox 1242 4663 1390 4723; x_wconf 89' lang='lat' dir='ltr'><strong><em>sunt,</em></strong></span> <span class='ocrx_word' id='word_1_332' title='bbox 1418 4657 1643 4713; x_wconf 90' lang='lat' dir='ltr'><strong><em>modum</em></strong></span> <span class='ocrx_word' id='word_1_333' title='bbox 1699 4673 1809 4713; x_wconf 91' lang='lat' dir='ltr'><strong><em>non</em></strong></span> 
     </span>
    </p>
   </div>
   <div class='ocr_carea' id='block_1_51' title="bbox 1806 794 3454 865">
    <p class='ocr_par' dir='ltr' id='par_1_51' title="bbox 1806 794 3454 865">
     <span class='ocr_line' id='line_1_52' title="bbox 1806 794 3454 865; baseline -0.001 -12"><span class='ocrx_word' id='word_1_334' title='bbox 1806 796 1855 854; x_wconf 84' lang='lat' dir='ltr'><strong>A</strong></span> <span class='ocrx_word' id='word_1_335' title='bbox 1882 810 1996 849; x_wconf 88' lang='lat' dir='ltr'><strong><em>rem</em></strong></span> <span class='ocrx_word' id='word_1_336' title='bbox 2032 809 2322 849; x_wconf 90' lang='lat' dir='ltr'><strong><em>monemus</em></strong></span> <span class='ocrx_word' id='word_1_337' title='bbox 2348 801 2409 848; x_wconf 91' lang='lat' dir='ltr'><strong><em>ut</em></strong></span> <span class='ocrx_word' id='word_1_338' title='bbox 2436 794 2616 864; x_wconf 79' lang='lat' dir='ltr'><strong><em>ipsum</em></strong></span> <span class='ocrx_word' id='word_1_339' title='bbox 2655 794 2983 865; x_wconf 86' lang='lat' dir='ltr'><strong><em>quantocius</em></strong></span> <span class='ocrx_word' id='word_1_340' title='bbox 3010 808 3272 864; x_wconf 84' lang='lat' dir='ltr'><strong><em>procures</em></strong></span> <span class='ocrx_word' id='word_1_341' title='bbox 3302 794 3454 851; x_wconf 86' lang='lat' dir='ltr'><strong><em>adire</em></strong></span> 
     </span>
    </p>
   </div>
   <div class='ocr_carea' id='block_1_52' title="bbox 1878 885 3456 956">
    <p class='ocr_par' dir='ltr' id='par_1_52' title="bbox 1878 885 3456 956">
     <span class='ocr_line' id='line_1_53' title="bbox 1878 885 3456 956; baseline 0 -14"><span class='ocrx_word' id='word_1_342' title='bbox 1878 896 2075 943; x_wconf 90' lang='lat' dir='ltr'><strong><em>etcum</em></strong></span> <span class='ocrx_word' id='word_1_343' title='bbox 2104 902 2170 942; x_wconf 90' lang='lat' dir='ltr'><strong><em>eo</em></strong></span> <span class='ocrx_word' id='word_1_344' title='bbox 2199 888 2463 941; x_wconf 89' lang='lat' dir='ltr'><strong><em>rationem</em></strong></span> <span class='ocrx_word' id='word_1_345' title='bbox 2495 885 2623 941; x_wconf 80' lang='lat' dir='ltr'><strong><em>facti</em></strong></span> <span class='ocrx_word' id='word_1_346' title='bbox 2655 903 2874 956; x_wconf 90' lang='lat' dir='ltr'><strong><em>ponere,</em></strong></span> <span class='ocrx_word' id='word_1_347' title='bbox 2904 895 3179 956; x_wconf 84' lang='lat' dir='ltr'><strong><em>quatenus</em></strong></span> <span class='ocrx_word' id='word_1_348' title='bbox 3212 887 3267 940; x_wconf 89' lang='lat' dir='ltr'><strong><em>iu</em></strong></span> <span class='ocrx_word' id='word_1_349' title='bbox 3294 902 3359 941; x_wconf 89' lang='lat' dir='ltr'><strong><em>ea</em></strong></span> <span class='ocrx_word' id='word_1_350' title='bbox 3396 904 3456 943; x_wconf 90' lang='lat' dir='ltr'><strong><em>re</em></strong></span> 
     </span>
    </p>
   </div>
   <div class='ocr_carea' id='block_1_53' title="bbox 1879 979 3458 1051">
    <p class='ocr_par' dir='ltr' id='par_1_53' title="bbox 1879 979 3458 1051">
     <span class='ocr_line' id='line_1_54' title="bbox 1879 979 3458 1051; baseline 0.001 -18"><span class='ocrx_word' id='word_1_351' title='bbox 1879 979 1996 1050; x_wconf 86' lang='lat' dir='ltr'><strong><em>ipse</em></strong></span> <span class='ocrx_word' id='word_1_352' title='bbox 2016 980 2161 1051; x_wconf 86' lang='lat' dir='ltr'><strong><em>quod</em></strong></span> <span class='ocrx_word' id='word_1_353' title='bbox 2184 979 2561 1049; x_wconf 81' lang='lat' dir='ltr'><strong><em>corrigendum</em></strong></span> <span class='ocrx_word' id='word_1_354' title='bbox 2595 979 2757 1034; x_wconf 80' lang='lat' dir='ltr'><strong><em>fuerit</em></strong></span> <span class='ocrx_word' id='word_1_355' title='bbox 2784 980 3041 1050; x_wconf 76' lang='lat' dir='ltr'><strong><em>corrigat,</em></strong></span> <span class='ocrx_word' id='word_1_356' title='bbox 3070 987 3123 1033; x_wconf 90' lang='lat' dir='ltr'><strong><em>et</em></strong></span> <span class='ocrx_word' id='word_1_357' title='bbox 3151 979 3297 1048; x_wconf 87' lang='lat' dir='ltr'><strong><em>quod</em></strong></span> <span class='ocrx_word' id='word_1_358' title='bbox 3326 996 3458 1034; x_wconf 80' lang='lat' dir='ltr'><strong><em>cmi-</em></strong></span> 
     </span>
    </p>
   </div>
   <div class='ocr_carea' id='block_1_54' title="bbox 1878 1070 3458 1139">
    <p class='ocr_par' dir='ltr' id='par_1_54' title="bbox 1878 1070 3458 1139">
     <span class='ocr_line' id='line_1_55' title="bbox 1878 1070 3458 1139; baseline 0 -11"><span class='ocrx_word' id='word_1_359' title='bbox 1878 1073 2204 1128; x_wconf 82' lang='lat' dir='ltr'><strong><em>ﬁrmandnm</em></strong></span> <span class='ocrx_word' id='word_1_360' title='bbox 2233 1072 2565 1127; x_wconf 89' lang='lat' dir='ltr'><strong><em>corroboret.</em></strong></span> <span class='ocrx_word' id='word_1_361' title='bbox 2596 1070 2864 1126; x_wconf 61' lang='lat' dir='ltr'><strong><em>Praeterea</em></strong></span> <span class='ocrx_word' id='word_1_362' title='bbox 2894 1086 3179 1126; x_wconf 91' lang='lat' dir='ltr'><strong><em>monemus</em></strong></span> <span class='ocrx_word' id='word_1_363' title='bbox 3206 1079 3280 1139; x_wconf 90' lang='lat' dir='ltr'><strong><em>te,</em></strong></span> <span class='ocrx_word' id='word_1_364' title='bbox 3307 1080 3366 1126; x_wconf 92' lang='lat' dir='ltr'><strong><em>ut</em></strong></span> <span class='ocrx_word' id='word_1_365' title='bbox 3389 1088 3458 1128; x_wconf 79' lang='lat' dir='ltr'><strong><em>ex</em></strong></span> 
     </span>
    </p>
   </div>
   <div class='ocr_carea' id='block_1_55' title="bbox 1881 1162 3459 1236">
    <p class='ocr_par' dir='ltr' id='par_1_55' title="bbox 1881 1162 3459 1236">
     <span class='ocr_line' id='line_1_56' title="bbox 1881 1162 3459 1236; baseline -0.001 -16"><span class='ocrx_word' id='word_1_366' title='bbox 1881 1162 2036 1236; x_wconf 81' lang='lat' dir='ltr'><strong><em>parte</em></strong></span> <span class='ocrx_word' id='word_1_367' title='bbox 2062 1165 2206 1220; x_wconf 86' lang='lat' dir='ltr'><strong><em>beati</em></strong></span> <span class='ocrx_word' id='word_1_368' title='bbox 2234 1164 2379 1220; x_wconf 92' lang='lat' dir='ltr'><strong><em>Petri</em></strong></span> <span class='ocrx_word' id='word_1_369' title='bbox 2401 1163 2710 1235; x_wconf 79' lang='lat' dir='ltr'><strong><em>praecipias,</em></strong></span> <span class='ocrx_word' id='word_1_370' title='bbox 2752 1172 2806 1218; x_wconf 91' lang='lat' dir='ltr'><strong><em>et</em></strong></span> <span class='ocrx_word' id='word_1_371' title='bbox 2832 1163 3030 1219; x_wconf 86' lang='lat' dir='ltr'><strong><em>invites</em></strong></span> <span class='ocrx_word' id='word_1_372' title='bbox 3059 1170 3169 1218; x_wconf 91' lang='lat' dir='ltr'><strong><em>tam</em></strong></span> <span class='ocrx_word' id='word_1_373' title='bbox 3203 1162 3459 1235; x_wconf 76' lang='lat' dir='ltr'><strong><em>Anglicus</em></strong></span> 
     </span>
    </p>
   </div>
   <div class='ocr_carea' id='block_1_56' title="bbox 1881 1256 3457 1328">
    <p class='ocr_par' dir='ltr' id='par_1_56' title="bbox 1881 1256 3457 1328">
     <span class='ocr_line' id='line_1_57' title="bbox 1881 1256 3457 1328; baseline 0 -16"><span class='ocrx_word' id='word_1_374' title='bbox 1881 1273 2050 1328; x_wconf 86' lang='lat' dir='ltr'><strong><em>quam</em></strong></span> <span class='ocrx_word' id='word_1_375' title='bbox 2077 1256 2495 1324; x_wconf 83' lang='lat' dir='ltr'><strong><em>Normaunicos,</em></strong></span> <span class='ocrx_word' id='word_1_376' title='bbox 2524 1273 2594 1312; x_wconf 86' lang='lat' dir='ltr'><strong><em>ex</em></strong></span> <span class='ocrx_word' id='word_1_377' title='bbox 2616 1272 2947 1326; x_wconf 86' lang='lat' dir='ltr'><strong><em>unoquoque</em></strong></span> <span class='ocrx_word' id='word_1_378' title='bbox 2965 1257 3457 1328; x_wconf 89' lang='lat' dir='ltr'><strong><em>archiepiscopatu,</em></strong></span> 
     </span>
    </p>
   </div>
   <div class='ocr_carea' id='block_1_57' title="bbox 1882 1349 3462 1421">
    <p class='ocr_par' dir='ltr' id='par_1_57' title="bbox 1882 1349 3462 1421">
     <span class='ocr_line' id='line_1_58' title="bbox 1882 1349 3462 1421; baseline 0.001 -17"><span class='ocrx_word' id='word_1_379' title='bbox 1882 1351 1968 1404; x_wconf 89' lang='lat' dir='ltr'><strong><em>vel</em></strong></span> <span class='ocrx_word' id='word_1_380' title='bbox 1997 1351 2136 1407; x_wconf 87' lang='lat' dir='ltr'><strong><em>duos</em></strong></span> <span class='ocrx_word' id='word_1_381' title='bbox 2162 1351 2448 1421; x_wconf 87' lang='lat' dir='ltr'><strong><em>episcopos</em></strong></span> <span class='ocrx_word' id='word_1_382' title='bbox 2477 1351 2541 1405; x_wconf 87' lang='lat' dir='ltr'><strong><em>ad</em></strong></span> <span class='ocrx_word' id='word_1_383' title='bbox 2566 1349 2868 1405; x_wconf 80' lang='lat' dir='ltr'><strong><em>Romanam</em></strong></span> <span class='ocrx_word' id='word_1_384' title='bbox 2898 1350 3187 1420; x_wconf 79' lang='lat' dir='ltr'><strong><em>synodum,</em></strong></span> <span class='ocrx_word' id='word_1_385' title='bbox 3217 1367 3382 1420; x_wconf 89' lang='lat' dir='ltr'><strong><em>quam</em></strong></span> <span class='ocrx_word' id='word_1_386' title='bbox 3404 1353 3462 1406; x_wconf 89' lang='lat' dir='ltr'><strong><em>in</em></strong></span> 
     </span>
    </p>
   </div>
   <div class='ocr_carea' id='block_1_58' title="bbox 1885 1441 3464 1515">
    <p class='ocr_par' dir='ltr' id='par_1_58' title="bbox 1885 1441 3464 1515">
     <span class='ocr_line' id='line_1_59' title="bbox 1885 1441 3464 1515; baseline 0.001 -18"><span class='ocrx_word' id='word_1_387' title='bbox 1885 1441 2331 1515; x_wconf 84' lang='lat' dir='ltr'><strong><em>Quadragesima,</em></strong></span> <span class='ocrx_word' id='word_1_388' title='bbox 2364 1443 2475 1499; x_wconf 91' lang='lat' dir='ltr'><strong><em>Deo</em></strong></span> <span class='ocrx_word' id='word_1_389' title='bbox 2496 1453 2738 1510; x_wconf 88' lang='lat' dir='ltr'><strong><em>auctore,</em></strong></span> <span class='ocrx_word' id='word_1_390' title='bbox 2765 1458 2957 1497; x_wconf 83' lang='lat' dir='ltr'><strong><em>sumus</em></strong></span> <span class='ocrx_word' id='word_1_391' title='bbox 2985 1443 3331 1511; x_wconf 86' lang='lat' dir='ltr'><strong><em>celebraturi,</em></strong></span> <span class='ocrx_word' id='word_1_392' title='bbox 3368 1460 3464 1499; x_wconf 88' lang='lat' dir='ltr'><strong><em>ve-</em></strong></span> 
     </span>
    </p>
   </div>
   <div class='ocr_carea' id='block_1_59' title="bbox 1860 1534 3464 1602">
    <p class='ocr_par' dir='ltr' id='par_1_59' title="bbox 1860 1534 3464 1602">
     <span class='ocr_line' id='line_1_60' title="bbox 1860 1534 3464 1602; baseline -0.001 -11"><span class='ocrx_word' id='word_1_393' title='bbox 1860 1536 2023 1591; x_wconf 81' lang='lat' dir='ltr'><strong><em>‘nire.</em></strong></span> <span class='ocrx_word' id='word_1_394' title='bbox 2054 1534 2158 1602; x_wconf 85' lang='lat' dir='ltr'><strong><em>Qui</em></strong></span> <span class='ocrx_word' id='word_1_395' title='bbox 2187 1535 2235 1591; x_wconf 90' lang='lat' dir='ltr'><strong><em>si</em></strong></span> <span class='ocrx_word' id='word_1_396' title='bbox 2261 1534 2401 1590; x_wconf 80' lang='lat' dir='ltr'><strong><em>forte</em></strong></span> <span class='ocrx_word' id='word_1_397' title='bbox 2426 1535 2910 1601; x_wconf 86' lang='lat' dir='ltr'><strong><em>murmuravcrint,</em></strong></span> <span class='ocrx_word' id='word_1_398' title='bbox 2941 1544 2995 1590; x_wconf 91' lang='lat' dir='ltr'><strong><em>et</em></strong></span> <span class='ocrx_word' id='word_1_399' title='bbox 3022 1535 3089 1590; x_wconf 88' lang='lat' dir='ltr'><strong><em>ad</em></strong></span> <span class='ocrx_word' id='word_1_400' title='bbox 3118 1552 3245 1591; x_wconf 87' lang='lat' dir='ltr'><strong><em>eum</em></strong></span> <span class='ocrx_word' id='word_1_401' title='bbox 3274 1536 3464 1592; x_wconf 89' lang='lat' dir='ltr'><strong><em>termi-</em></strong></span> 
     </span>
    </p>
   </div>
   <div class='ocr_carea' id='block_1_60' title="bbox 1888 1628 3468 1699">
    <p class='ocr_par' dir='ltr' id='par_1_60' title="bbox 1888 1628 3468 1699">
     <span class='ocr_line' id='line_1_61' title="bbox 1888 1628 3468 1699; baseline -0.001 -14"><span class='ocrx_word' id='word_1_402' title='bbox 1888 1645 2020 1685; x_wconf 90' lang='lat' dir='ltr'><strong><em>num</em></strong></span> <span class='ocrx_word' id='word_1_403' title='bbox 2054 1644 2115 1686; x_wconf 88' lang='lat' dir='ltr'><strong><em>se</em></strong></span> <span class='ocrx_word' id='word_1_404' title='bbox 2143 1628 2381 1683; x_wconf 83' lang='lat' dir='ltr'><strong><em>dixerint</em></strong></span> <span class='ocrx_word' id='word_1_405' title='bbox 2416 1629 2681 1684; x_wconf 88' lang='lat' dir='ltr'><strong><em>interesse</em></strong></span> <span class='ocrx_word' id='word_1_406' title='bbox 2710 1644 2820 1684; x_wconf 87' lang='lat' dir='ltr'><strong><em>non</em></strong></span> <span class='ocrx_word' id='word_1_407' title='bbox 2848 1643 3030 1699; x_wconf 89' lang='lat' dir='ltr'><strong><em>posse,</em></strong></span> <span class='ocrx_word' id='word_1_408' title='bbox 3060 1629 3146 1683; x_wconf 91' lang='lat' dir='ltr'><strong><em>vel</em></strong></span> <span class='ocrx_word' id='word_1_409' title='bbox 3195 1641 3319 1699; x_wconf 87' lang='lat' dir='ltr'><strong><em>post</em></strong></span> <span class='ocrx_word' id='word_1_410' title='bbox 3364 1629 3468 1684; x_wconf 85' lang='lat' dir='ltr'><strong><em>Pa-</em></strong></span> 
     </span>
    </p>
   </div>
   <div class='ocr_carea' id='block_1_61' title="bbox 1887 1722 3241 1793">
    <p class='ocr_par' dir='ltr' id='par_1_61' title="bbox 1887 1722 3241 1793">
     <span class='ocr_line' id='line_1_62' title="bbox 1887 1722 3241 1793; baseline 0 -16"><span class='ocrx_word' id='word_1_411' title='bbox 1887 1724 2018 1778; x_wconf 83' lang='lat' dir='ltr'><strong><em>scha</em></strong></span> <span class='ocrx_word' id='word_1_412' title='bbox 2045 1723 2299 1778; x_wconf 88' lang='lat' dir='ltr'><strong><em>studeant</em></strong></span> <span class='ocrx_word' id='word_1_413' title='bbox 2327 1723 2638 1793; x_wconf 65' lang='lat' dir='ltr'><strong><em>apostolicae</em></strong></span> <span class='ocrx_word' id='word_1_414' title='bbox 2663 1722 2779 1777; x_wconf 89' lang='lat' dir='ltr'><strong><em>sedi</em></strong></span> <span class='ocrx_word' id='word_1_415' title='bbox 2807 1737 2867 1778; x_wconf 90' lang='lat' dir='ltr'><strong><em>se</em></strong></span> <span class='ocrx_word' id='word_1_416' title='bbox 2893 1730 3241 1791; x_wconf 54' lang='lat' dir='ltr'><strong><em>praesentare.</em></strong></span> 
     </span>
    </p>
   </div>
   <div class='ocr_carea' id='block_1_62' title="bbox 1958 1814 3468 1887">
    <p class='ocr_par' dir='ltr' id='par_1_62' title="bbox 1958 1814 3468 1887">
     <span class='ocr_line' id='line_1_63' title="bbox 1958 1814 3468 1887; baseline 0.001 -19"><span class='ocrx_word' id='word_1_417' title='bbox 1958 1815 2093 1871; x_wconf 89' lang='lat' dir='ltr'><strong><em>Data</em></strong></span> <span class='ocrx_word' id='word_1_418' title='bbox 2119 1814 2325 1883; x_wconf 67' lang='lat' dir='ltr'><strong><em>Romaz,</em></strong></span> <span class='ocrx_word' id='word_1_419' title='bbox 2355 1831 2502 1871; x_wconf 88' lang='lat' dir='ltr'><strong><em>nouo</em></strong></span> <span class='ocrx_word' id='word_1_420' title='bbox 2532 1815 2817 1887; x_wconf 80' lang='lat' dir='ltr'><strong><em>_kalendas</em></strong></span> <span class='ocrx_word' id='word_1_421' title='bbox 2865 1814 3140 1883; x_wconf 85' lang='lat' dir='ltr'><strong><em>Octobris,</em></strong></span> <span class='ocrx_word' id='word_1_422' title='bbox 3170 1816 3468 1871; x_wconf 87' lang='lat' dir='ltr'><strong><em>indictione</em></strong></span> 
     </span>
    </p>
   </div>
   <div class='ocr_carea' id='block_1_63' title="bbox 1886 1910 2068 1966">
    <p class='ocr_par' dir='ltr' id='par_1_63' title="bbox 1886 1910 2068 1966">
     <span class='ocr_line' id='line_1_64' title="bbox 1886 1910 2068 1966; baseline -0.011 0"><span class='ocrx_word' id='word_1_423' title='bbox 1886 1910 2068 1966; x_wconf 87' lang='lat' dir='ltr'><strong><em>tertia.</em></strong></span> 
     </span>
    </p>
   </div>
   <div class='ocr_carea' id='block_1_64' title="bbox 2452 2042 2899 2098">
    <p class='ocr_par' dir='ltr' id='par_1_64' title="bbox 2452 2042 2899 2098">
     <span class='ocr_line' id='line_1_65' title="bbox 2452 2042 2899 2098; baseline 0.002 -1"><span class='ocrx_word' id='word_1_424' title='bbox 2452 2043 2789 2098; x_wconf 79' lang='lat' dir='ltr'><strong><em>EPISTOLA</em></strong></span> <span class='ocrx_word' id='word_1_425' title='bbox 2836 2042 2899 2098; x_wconf 89' lang='lat' dir='ltr'><strong>II.</strong></span> 
     </span>
    </p>
   </div>
   <div class='ocr_carea' id='block_1_65' title="bbox 2484 2153 2879 2193">
    <p class='ocr_par' dir='ltr' id='par_1_65' title="bbox 2484 2153 2879 2193">
     <span class='ocr_line' id='line_1_66' title="bbox 2484 2153 2879 2193; baseline 0 -2"><span class='ocrx_word' id='word_1_426' title='bbox 2484 2153 2552 2192; x_wconf 76' lang='lat' dir='ltr'><strong><em>AD</em></strong></span> <span class='ocrx_word' id='word_1_427' title='bbox 2601 2153 2879 2193; x_wconf 72' lang='lat' dir='ltr'><strong><em>LUCENSES.</em></strong></span> 
     </span>
    </p>
   </div>
   <div class='ocr_carea' id='block_1_66' title="bbox 2454 2225 2860 2308">
    <p class='ocr_par' dir='ltr' id='par_1_66' title="bbox 2454 2225 2860 2308">
     <span class='ocr_line' id='line_1_67' title="bbox 2454 2225 2860 2308; baseline 0.002 -18"><span class='ocrx_word' id='word_1_428' title='bbox 2454 2225 2461 2233; x_wconf 66' lang='grc'><strong>’</strong></span> <span class='ocrx_word' id='word_1_429' title='bbox 2484 2236 2663 2308; x_wconf 81' lang='lat' dir='ltr'><strong><em>(Anno</em></strong></span> <span class='ocrx_word' id='word_1_430' title='bbox 2702 2236 2860 2292; x_wconf 78' lang='grc'><strong><em>1079.</em></strong></span> 
     </span>
    </p>
   </div>
   <div class='ocr_carea' id='block_1_67' title="bbox 1899 2346 3473 2422">
    <p class='ocr_par' dir='ltr' id='par_1_67' title="bbox 1899 2346 3473 2422">
     <span class='ocr_line' id='line_1_68' title="bbox 1899 2346 3473 2422; baseline -0.001 -16"><span class='ocrx_word' id='word_1_431' title='bbox 1899 2348 2098 2407; x_wconf 79' lang='lat' dir='ltr'><strong><em>Contra</em></strong></span> <span class='ocrx_word' id='word_1_432' title='bbox 2131 2346 2347 2403; x_wconf 77' lang='lat' dir='ltr'><strong><em>clericos</em></strong></span> <span class='ocrx_word' id='word_1_433' title='bbox 2369 2347 2588 2418; x_wconf 80' lang='lat' dir='ltr'><strong><em>infestos</em></strong></span> <span class='ocrx_word' id='word_1_434' title='bbox 2610 2350 2721 2422; x_wconf 69' lang='lat' dir='ltr'><strong><em>suis</em></strong></span> <span class='ocrx_word' id='word_1_435' title='bbox 2757 2350 3016 2422; x_wconf 74' lang='lat' dir='ltr'><strong><em>episcopis</em></strong></span> <span class='ocrx_word' id='word_1_436' title='bbox 3058 2352 3337 2422; x_wconf 78' lang='lat' dir='ltr'><strong><em>conﬁrmat</em></strong></span> <span class='ocrx_word' id='word_1_437' title='bbox 3377 2352 3473 2405; x_wconf 89' lang='lat' dir='ltr'><strong><em>de-</em></strong></span> 
     </span>
    </p>
   </div>
   <div class='ocr_carea' id='block_1_68' title="bbox 1967 2420 3476 2492">
    <p class='ocr_par' dir='ltr' id='par_1_68' title="bbox 1967 2420 3476 2492">
     <span class='ocr_line' id='line_1_69' title="bbox 1967 2420 3476 2492; baseline 0.001 -18"><span class='ocrx_word' id='word_1_438' title='bbox 1967 2428 2117 2492; x_wconf 4' lang='lat' dir='ltr'><strong><em>creto,</em></strong></span> <span class='ocrx_word' id='word_1_439' title='bbox 2142 2435 2464 2492; x_wconf 78' lang='lat' dir='ltr'><strong><em>summorum</em></strong></span> <span class='ocrx_word' id='word_1_440' title='bbox 2494 2420 2823 2492; x_wconf 82' lang='lat' dir='ltr'><strong><em>pontiﬁcum,</em></strong></span> <span class='ocrx_word' id='word_1_441' title='bbox 2857 2421 2920 2473; x_wconf 83' lang='lat' dir='ltr'><strong><em>ab</em></strong></span> <span class='ocrx_word' id='word_1_442' title='bbox 2945 2420 3218 2475; x_wconf 73' lang='lat' dir='ltr'><strong><em>ordinibus</em></strong></span> <span class='ocrx_word' id='word_1_443' title='bbox 3256 2440 3317 2475; x_wconf 87' lang='lat' dir='ltr'><strong><em>ac</em></strong></span> <span class='ocrx_word' id='word_1_444' title='bbox 3338 2432 3476 2492; x_wconf 76' lang='lat' dir='ltr'><strong><em>pr’w-</em></strong></span> 
     </span>
    </p>
   </div>
   <div class='ocr_carea' id='block_1_69' title="bbox 1900 2490 3470 2558">
    <p class='ocr_par' dir='ltr' id='par_1_69' title="bbox 1900 2490 3470 2558">
     <span class='ocr_line' id='line_1_70' title="bbox 1900 2490 3470 2558; baseline 0.002 -16"><span class='ocrx_word' id='word_1_445' title='bbox 1900 2501 1920 2551; x_wconf 72' lang='grc' dir='ltr'><em>ῖ.</em></span> <span class='ocrx_word' id='word_1_446' title='bbox 1970 2491 2148 2544; x_wconf 84' lang='lat' dir='ltr'><strong><em>bendis</em></strong></span> <span class='ocrx_word' id='word_1_447' title='bbox 2168 2505 2254 2543; x_wconf 86' lang='lat' dir='ltr'><strong><em>eos</em></strong></span> <span class='ocrx_word' id='word_1_448' title='bbox 2278 2490 2336 2543; x_wconf 86' lang='lat' dir='ltr'><strong><em>in</em></strong></span> <span class='ocrx_word' id='word_1_449' title='bbox 2373 2499 2676 2558; x_wconf 81' lang='lat' dir='ltr'><strong><em>perpetuum</em></strong></span> <span class='ocrx_word' id='word_1_450' title='bbox 2706 2490 3031 2555; x_wconf 77' lang='lat' dir='ltr'><strong><em>submovens,</em></strong></span> <span class='ocrx_word' id='word_1_451' title='bbox 3060 2501 3111 2544; x_wconf 84' lang='lat' dir='ltr'><strong><em>et</em></strong></span> <span class='ocrx_word' id='word_1_452' title='bbox 3134 2490 3345 2546; x_wconf 74' lang='lat' dir='ltr'><strong><em>monens</em></strong></span> <span class='ocrx_word' id='word_1_453' title='bbox 3371 2493 3470 2545; x_wconf 81' lang='lat' dir='ltr'><strong><em>cle-</em></strong></span> 
     </span>
    </p>
   </div>
   <div class='ocr_carea' id='block_1_70' title="bbox 1970 2559 3477 2629">
    <p class='ocr_par' dir='ltr' id='par_1_70' title="bbox 1970 2559 3477 2629">
     <span class='ocr_line' id='line_1_71' title="bbox 1970 2559 3477 2629; baseline 0.001 -15"><span class='ocrx_word' id='word_1_454' title='bbox 1970 2576 2088 2614; x_wconf 85' lang='lat' dir='ltr'><strong><em>rum</em></strong></span> <span class='ocrx_word' id='word_1_455' title='bbox 2118 2577 2181 2613; x_wconf 84' lang='lat' dir='ltr'><strong><em>ac</em></strong></span> <span class='ocrx_word' id='word_1_456' title='bbox 2214 2559 2465 2629; x_wconf 79' lang='lat' dir='ltr'><strong><em>populum</em></strong></span> <span class='ocrx_word' id='word_1_457' title='bbox 2486 2576 2549 2618; x_wconf 80' lang='lat' dir='ltr'><strong><em>ne</em></strong></span> <span class='ocrx_word' id='word_1_458' title='bbox 2577 2559 2689 2613; x_wconf 88' lang='lat' dir='ltr'><strong><em>illis</em></strong></span> <span class='ocrx_word' id='word_1_459' title='bbox 2729 2563 3113 2616; x_wconf 83' lang='lat' dir='ltr'><strong><em>communicent</em></strong></span> <span class='ocrx_word' id='word_1_460' title='bbox 3156 2579 3278 2617; x_wconf 78' lang='lat' dir='ltr'><strong><em>neve</em></strong></span> <span class='ocrx_word' id='word_1_461' title='bbox 3321 2564 3477 2616; x_wconf 73' lang='lat' dir='ltr'><strong><em>auxi-</em></strong></span> 
     </span>
    </p>
   </div>
   <div class='ocr_carea' id='block_1_71' title="bbox 1968 2630 2595 2701">
    <p class='ocr_par' dir='ltr' id='par_1_71' title="bbox 1968 2630 2595 2701">
     <span class='ocr_line' id='line_1_72' title="bbox 1968 2630 2595 2701; baseline -0.002 -18"><span class='ocrx_word' id='word_1_462' title='bbox 1968 2630 2100 2684; x_wconf 76' lang='lat' dir='ltr'><strong><em>lium</em></strong></span> <span class='ocrx_word' id='word_1_463' title='bbox 2121 2630 2406 2701; x_wconf 59' lang='lat' dir='ltr'><strong><em>praebeant.</em></strong></span> <span class='ocrx_word' id='word_1_464' title='bbox 2594 2698 2595 2701; x_wconf 15' lang='grc' dir='ltr'><strong>η</strong></span> 
     </span>
    </p>
   </div>
   <div class='ocr_carea' id='block_1_72' title="bbox 1972 2742 3475 2813">
    <p class='ocr_par' dir='ltr' id='par_1_72' title="bbox 1972 2742 3475 2813">
     <span class='ocr_line' id='line_1_73' title="bbox 1972 2742 3475 2813; baseline 0.001 -14"><span class='ocrx_word' id='word_1_465' title='bbox 1972 2742 2279 2799; x_wconf 71' lang='lat' dir='ltr'><strong><em>Caesonius</em></strong></span> <span class='ocrx_word' id='word_1_466' title='bbox 2313 2743 2622 2813; x_wconf 85' lang='lat' dir='ltr'><strong><em>episcopus,</em></strong></span> <span class='ocrx_word' id='word_1_467' title='bbox 2653 2759 2845 2800; x_wconf 88' lang='lat' dir='ltr'><strong><em>servus</em></strong></span> <span class='ocrx_word' id='word_1_468' title='bbox 2890 2760 3175 2800; x_wconf 88' lang='lat' dir='ltr'><strong><em>servorum</em></strong></span> <span class='ocrx_word' id='word_1_469' title='bbox 3214 2746 3330 2812; x_wconf 90' lang='lat' dir='ltr'><strong><em>Dei,</em></strong></span> <span class='ocrx_word' id='word_1_470' title='bbox 3363 2746 3475 2801; x_wconf 90' lang='lat' dir='ltr'><strong><em>Lu-</em></strong></span> 
     </span>
    </p>
   </div>
   <div class='ocr_carea' id='block_1_73' title="bbox 1901 2835 3476 2907">
    <p class='ocr_par' dir='ltr' id='par_1_73' title="bbox 1901 2835 3476 2907">
     <span class='ocr_line' id='line_1_74' title="bbox 1901 2835 3476 2907; baseline 0.001 -17"><span class='ocrx_word' id='word_1_471' title='bbox 1901 2835 2052 2891; x_wconf 91' lang='lat' dir='ltr'><strong><em>censi</em></strong></span> <span class='ocrx_word' id='word_1_472' title='bbox 2070 2835 2219 2891; x_wconf 90' lang='lat' dir='ltr'><strong><em>clero</em></strong></span> <span class='ocrx_word' id='word_1_473' title='bbox 2241 2842 2296 2890; x_wconf 92' lang='lat' dir='ltr'><strong><em>et</em></strong></span> <span class='ocrx_word' id='word_1_474' title='bbox 2321 2835 2545 2904; x_wconf 88' lang='lat' dir='ltr'><strong><em>populo,</em></strong></span> <span class='ocrx_word' id='word_1_475' title='bbox 2574 2836 2815 2905; x_wconf 83' lang='lat' dir='ltr'><strong><em>exceptis</em></strong></span> <span class='ocrx_word' id='word_1_476' title='bbox 2843 2837 2930 2892; x_wconf 89' lang='lat' dir='ltr'><strong><em>his</em></strong></span> <span class='ocrx_word' id='word_1_477' title='bbox 2954 2837 3049 2907; x_wconf 91' lang='lat' dir='ltr'><strong><em>qui</em></strong></span> <span class='ocrx_word' id='word_1_478' title='bbox 3070 2839 3476 2892; x_wconf 88' lang='lat' dir='ltr'><strong><em>communicant</em></strong></span> 
     </span>
    </p>
   </div>
   <div class='ocr_carea' id='block_1_74' title="bbox 1844 2926 3477 2999">
    <p class='ocr_par' dir='ltr' id='par_1_74' title="bbox 1844 2926 3477 2999">
     <span class='ocr_line' id='line_1_75' title="bbox 1844 2926 3477 2999; baseline 0.001 -17"><span class='ocrx_word' id='word_1_479' title='bbox 1844 2987 1853 2993; x_wconf 51' lang='grc'>,</span> <span class='ocrx_word' id='word_1_480' title='bbox 1901 2936 2065 2997; x_wconf 82' lang='lat' dir='ltr'><strong><em>atque</em></strong></span> <span class='ocrx_word' id='word_1_481' title='bbox 2087 2926 2437 2983; x_wconf 88' lang='lat' dir='ltr'><strong><em>consentiunt</em></strong></span> <span class='ocrx_word' id='word_1_482' title='bbox 2462 2928 2971 2995; x_wconf 85' lang='lat' dir='ltr'><strong><em>excommunicatis,</em></strong></span> <span class='ocrx_word' id='word_1_483' title='bbox 3001 2928 3232 2983; x_wconf 87' lang='lat' dir='ltr'><strong><em>salutem</em></strong></span> <span class='ocrx_word' id='word_1_484' title='bbox 3266 2938 3321 2983; x_wconf 89' lang='lat' dir='ltr'><strong><em>et</em></strong></span> <span class='ocrx_word' id='word_1_485' title='bbox 3346 2945 3477 2999; x_wconf 80' lang='lat' dir='ltr'><strong><em>apo—</em></strong></span> 
     </span>
    </p>
   </div>
   <div class='ocr_carea' id='block_1_75' title="bbox 1852 3017 3277 3076">
    <p class='ocr_par' dir='ltr' id='par_1_75' title="bbox 1852 3017 3277 3076">
     <span class='ocr_line' id='line_1_76' title="bbox 1852 3017 3277 3076; baseline -0.003 -5"><span class='ocrx_word' id='word_1_486' title='bbox 1852 3070 1855 3071; x_wconf 30' lang='grc' dir='ltr'><em>ν</em></span> <span class='ocrx_word' id='word_1_487' title='bbox 1901 3019 2151 3076; x_wconf 89' lang='lat' dir='ltr'><strong><em>stolicam</em></strong></span> <span class='ocrx_word' id='word_1_488' title='bbox 2176 3017 2627 3075; x_wconf 87' lang='lat' dir='ltr'><strong><em>benedictionem.</em></strong></span> <span class='ocrx_word' id='word_1_489' title='bbox 3260 3028 3277 3063; x_wconf 92' lang='grc'><strong><em>.·</em></strong></span> 
     </span>
    </p>
   </div>
   <div class='ocr_carea' id='block_1_76' title="bbox 1968 3110 3477 3182">
    <p class='ocr_par' dir='ltr' id='par_1_76' title="bbox 1968 3110 3477 3182">
     <span class='ocr_line' id='line_1_77' title="bbox 1968 3110 3477 3182; baseline 0.001 -16"><span class='ocrx_word' id='word_1_490' title='bbox 1968 3110 2303 3167; x_wconf 89' lang='lat' dir='ltr'><strong><em>Clericorum</em></strong></span> <span class='ocrx_word' id='word_1_491' title='bbox 2359 3117 2552 3165; x_wconf 62' lang='lat' dir='ltr'><strong><em>vestrae</em></strong></span> <span class='ocrx_word' id='word_1_492' title='bbox 2617 3110 2862 3165; x_wconf 69' lang='lat' dir='ltr'><strong><em>ecclesiae</em></strong></span> <span class='ocrx_word' id='word_1_493' title='bbox 2914 3110 3201 3182; x_wconf 82' lang='lat' dir='ltr'><strong><em>diligenter</em></strong></span> <span class='ocrx_word' id='word_1_494' title='bbox 3252 3128 3477 3168; x_wconf 77' lang='lat' dir='ltr'><strong><em>causam</em></strong></span> 
     </span>
    </p>
   </div>
   <div class='ocr_carea' id='block_1_77' title="bbox 1901 3200 3477 3271">
    <p class='ocr_par' dir='ltr' id='par_1_77' title="bbox 1901 3200 3477 3271">
     <span class='ocr_line' id='line_1_78' title="bbox 1901 3200 3477 3271; baseline 0.001 -12"><span class='ocrx_word' id='word_1_495' title='bbox 1901 3203 2294 3268; x_wconf 82' lang='lat' dir='ltr'><strong><em>examinantes,</em></strong></span> <span class='ocrx_word' id='word_1_496' title='bbox 2322 3201 2527 3271; x_wconf 88' lang='lat' dir='ltr'><strong><em>diuque</em></strong></span> <span class='ocrx_word' id='word_1_497' title='bbox 2552 3200 2609 3256; x_wconf 91' lang='lat' dir='ltr'><strong><em>in</em></strong></span> <span class='ocrx_word' id='word_1_498' title='bbox 2630 3217 2694 3256; x_wconf 89' lang='lat' dir='ltr'><strong><em>ea</em></strong></span> <span class='ocrx_word' id='word_1_499' title='bbox 2719 3202 3049 3269; x_wconf 83' lang='lat' dir='ltr'><strong><em>laborantes,</em></strong></span> <span class='ocrx_word' id='word_1_500' title='bbox 3085 3204 3287 3260; x_wconf 87' lang='lat' dir='ltr'><strong><em>nullam</em></strong></span> <span class='ocrx_word' id='word_1_501' title='bbox 3317 3205 3373 3259; x_wconf 91' lang='lat' dir='ltr'><strong><em>in</em></strong></span> <span class='ocrx_word' id='word_1_502' title='bbox 3397 3206 3477 3261; x_wconf 68' lang='lat' dir='ltr'><strong><em>eis</em></strong></span> 
     </span>
    </p>
   </div>
   <div class='ocr_carea' id='block_1_78' title="bbox 1903 3293 3477 3364">
    <p class='ocr_par' dir='ltr' id='par_1_78' title="bbox 1903 3293 3477 3364">
     <span class='ocr_line' id='line_1_79' title="bbox 1903 3293 3477 3364; baseline 0.001 -14"><span class='ocrx_word' id='word_1_503' title='bbox 1903 3295 2170 3357; x_wconf 85' lang='lat' dir='ltr'><strong><em>rationem</em></strong></span> <span class='ocrx_word' id='word_1_504' title='bbox 2196 3303 2359 3364; x_wconf 89' lang='lat' dir='ltr'><strong><em>atque</em></strong></span> <span class='ocrx_word' id='word_1_505' title='bbox 2393 3293 2703 3358; x_wconf 89' lang='lat' dir='ltr'><strong><em>veritatem,</em></strong></span> <span class='ocrx_word' id='word_1_506' title='bbox 2739 3295 2881 3349; x_wconf 88' lang='lat' dir='ltr'><strong><em>sicut</em></strong></span> <span class='ocrx_word' id='word_1_507' title='bbox 2928 3295 3084 3351; x_wconf 87' lang='lat' dir='ltr'><strong><em>decet</em></strong></span> <span class='ocrx_word' id='word_1_508' title='bbox 3112 3297 3477 3363; x_wconf 82' lang='lat' dir='ltr'><strong><em>Christianos,</em></strong></span> 
     </span>
    </p>
   </div>
   <div class='ocr_carea' id='block_1_79' title="bbox 1903 3385 3477 3459">
    <p class='ocr_par' dir='ltr' id='par_1_79' title="bbox 1903 3385 3477 3459">
     <span class='ocr_line' id='line_1_80' title="bbox 1903 3385 3477 3459; baseline 0.003 -18"><span class='ocrx_word' id='word_1_509' title='bbox 1903 3386 2232 3443; x_wconf 78' lang='lat' dir='ltr'><strong><em>invenimus.</em></strong></span> <span class='ocrx_word' id='word_1_510' title='bbox 2260 3388 2508 3453; x_wconf 85' lang='lat' dir='ltr'><strong><em>Quorum</em></strong></span> <span class='ocrx_word' id='word_1_511' title='bbox 2538 3385 2842 3440; x_wconf 89' lang='lat' dir='ltr'><strong><em>mirabilem</em></strong></span> <span class='ocrx_word' id='word_1_512' title='bbox 2867 3395 2923 3441; x_wconf 90' lang='lat' dir='ltr'><strong><em>et</em></strong></span> <span class='ocrx_word' id='word_1_513' title='bbox 2952 3387 3257 3443; x_wconf 89' lang='lat' dir='ltr'><strong><em>inauditam</em></strong></span> <span class='ocrx_word' id='word_1_514' title='bbox 3285 3405 3477 3459; x_wconf 86' lang='lat' dir='ltr'><strong><em>super-</em></strong></span> 
     </span>
    </p>
   </div>
   <div class='ocr_carea' id='block_1_80' title="bbox 1829 3477 3483 3552">
    <p class='ocr_par' dir='ltr' id='par_1_80' title="bbox 1829 3477 3483 3552">
     <span class='ocr_line' id='line_1_81' title="bbox 1829 3477 3483 3552; baseline 0.001 -18"><span class='ocrx_word' id='word_1_515' title='bbox 1829 3494 1872 3551; x_wconf 78' lang='lat' dir='ltr'><strong>c</strong></span> <span class='ocrx_word' id='word_1_516' title='bbox 1902 3480 2070 3546; x_wconf 90' lang='lat' dir='ltr'><strong><em>biam,</em></strong></span> <span class='ocrx_word' id='word_1_517' title='bbox 2097 3479 2226 3535; x_wconf 90' lang='lat' dir='ltr'><strong><em>licet</em></strong></span> <span class='ocrx_word' id='word_1_518' title='bbox 2251 3479 2370 3534; x_wconf 90' lang='lat' dir='ltr'><strong><em>sine</em></strong></span> <span class='ocrx_word' id='word_1_519' title='bbox 2395 3477 2671 3534; x_wconf 84' lang='lat' dir='ltr'><strong><em>audientia</em></strong></span> <span class='ocrx_word' id='word_1_520' title='bbox 2704 3479 3005 3535; x_wconf 89' lang='lat' dir='ltr'><strong><em>secundum</em></strong></span> <span class='ocrx_word' id='word_1_521' title='bbox 3024 3483 3337 3552; x_wconf 83' lang='lat' dir='ltr'><strong><em>synodalem</em></strong></span> <span class='ocrx_word' id='word_1_522' title='bbox 3363 3497 3483 3539; x_wconf 89' lang='lat' dir='ltr'><strong><em>seu-</em></strong></span> 
     </span>
    </p>
   </div>
   <div class='ocr_carea' id='block_1_81' title="bbox 1900 3570 3484 3643">
    <p class='ocr_par' dir='ltr' id='par_1_81' title="bbox 1900 3570 3484 3643">
     <span class='ocr_line' id='line_1_82' title="bbox 1900 3570 3484 3643; baseline 0.001 -16"><span class='ocrx_word' id='word_1_523' title='bbox 1900 3572 2125 3627; x_wconf 89' lang='lat' dir='ltr'><strong><em>tentiam</em></strong></span> <span class='ocrx_word' id='word_1_524' title='bbox 2152 3586 2319 3642; x_wconf 89' lang='lat' dir='ltr'><strong><em>quam</em></strong></span> <span class='ocrx_word' id='word_1_525' title='bbox 2353 3570 2410 3626; x_wconf 92' lang='lat' dir='ltr'><strong><em>in</em></strong></span> <span class='ocrx_word' id='word_1_526' title='bbox 2442 3586 2502 3627; x_wconf 87' lang='lat' dir='ltr'><strong><em>se</em></strong></span> <span class='ocrx_word' id='word_1_527' title='bbox 2542 3581 2973 3640; x_wconf 90' lang='lat' dir='ltr'><strong><em>provocaverant</em></strong></span> <span class='ocrx_word' id='word_1_528' title='bbox 3012 3574 3208 3643; x_wconf 87' lang='lat' dir='ltr'><strong><em>punire</em></strong></span> <span class='ocrx_word' id='word_1_529' title='bbox 3235 3574 3484 3635; x_wconf 81' lang='lat' dir='ltr'><strong><em>debueri-</em></strong></span> 
     </span>
    </p>
   </div>
   <div class='ocr_carea' id='block_1_82' title="bbox 1900 3648 3552 3733">
    <p class='ocr_par' dir='ltr' id='par_1_82' title="bbox 1900 3648 3552 3733">
     <span class='ocr_line' id='line_1_83' title="bbox 1900 3648 3552 3733; baseline 0 -13"><span class='ocrx_word' id='word_1_530' title='bbox 1900 3680 2046 3730; x_wconf 89' lang='lat' dir='ltr'><strong><em>mus,</em></strong></span> <span class='ocrx_word' id='word_1_531' title='bbox 2090 3662 2528 3719; x_wconf 89' lang='lat' dir='ltr'><strong><em>mansuetudinis</em></strong></span> <span class='ocrx_word' id='word_1_532' title='bbox 2561 3671 2742 3718; x_wconf 90' lang='lat' dir='ltr'><strong><em>tamen</em></strong></span> <span class='ocrx_word' id='word_1_533' title='bbox 2776 3664 2971 3733; x_wconf 88' lang='lat' dir='ltr'><strong><em>spiritu</em></strong></span> <span class='ocrx_word' id='word_1_534' title='bbox 3015 3681 3103 3720; x_wconf 92' lang='lat' dir='ltr'><strong><em>res</em></strong></span> <span class='ocrx_word' id='word_1_535' title='bbox 3145 3680 3337 3719; x_wconf 91' lang='lat' dir='ltr'><strong><em>eorum</em></strong></span> <span class='ocrx_word' id='word_1_536' title='bbox 3385 3682 3484 3721; x_wconf 91' lang='lat' dir='ltr'><strong><em>au-</em></strong></span> <span class='ocrx_word' id='word_1_537' title='bbox 3546 3648 3552 3654; x_wconf 56' lang='grc'><em>’</em></span> 
     </span>
    </p>
   </div>
   <div class='ocr_carea' id='block_1_83' title="bbox 1899 3754 3483 3825">
    <p class='ocr_par' dir='ltr' id='par_1_83' title="bbox 1899 3754 3483 3825">
     <span class='ocr_line' id='line_1_84' title="bbox 1899 3754 3483 3825; baseline 0.001 -14"><span class='ocrx_word' id='word_1_538' title='bbox 1899 3756 2130 3811; x_wconf 78' lang='lat' dir='ltr'><strong><em>diendas</em></strong></span> <span class='ocrx_word' id='word_1_539' title='bbox 2168 3770 2294 3811; x_wconf 88' lang='lat' dir='ltr'><strong><em>esse</em></strong></span> <span class='ocrx_word' id='word_1_540' title='bbox 2319 3755 2544 3825; x_wconf 88' lang='lat' dir='ltr'><strong><em>dignum</em></strong></span> <span class='ocrx_word' id='word_1_541' title='bbox 2582 3754 2864 3821; x_wconf 88' lang='lat' dir='ltr'><strong><em>duximus,</em></strong></span> <span class='ocrx_word' id='word_1_542' title='bbox 2900 3762 2963 3809; x_wconf 90' lang='lat' dir='ltr'><strong><em>ut</em></strong></span> <span class='ocrx_word' id='word_1_543' title='bbox 3001 3757 3195 3810; x_wconf 88' lang='lat' dir='ltr'><strong><em>saltem</em></strong></span> <span class='ocrx_word' id='word_1_544' title='bbox 3220 3756 3483 3813; x_wconf 86' lang='lat' dir='ltr'><strong><em>confusos</em></strong></span> 
     </span>
    </p>
   </div>
   <div class='ocr_carea' id='block_1_84' title="bbox 1900 3846 3487 3919">
    <p class='ocr_par' dir='ltr' id='par_1_84' title="bbox 1900 3846 3487 3919">
     <span class='ocr_line' id='line_1_85' title="bbox 1900 3846 3487 3919; baseline 0.001 -17"><span class='ocrx_word' id='word_1_545' title='bbox 1900 3854 1955 3902; x_wconf 93' lang='lat' dir='ltr'><strong><em>et</em></strong></span> <span class='ocrx_word' id='word_1_546' title='bbox 1988 3847 2268 3903; x_wconf 91' lang='lat' dir='ltr'><strong><em>convictos</em></strong></span> <span class='ocrx_word' id='word_1_547' title='bbox 2293 3846 2362 3900; x_wconf 90' lang='lat' dir='ltr'><strong><em>ad</em></strong></span> <span class='ocrx_word' id='word_1_548' title='bbox 2389 3861 2585 3900; x_wconf 91' lang='lat' dir='ltr'><strong><em>sanum</em></strong></span> <span class='ocrx_word' id='word_1_549' title='bbox 2618 3846 2910 3901; x_wconf 90' lang='lat' dir='ltr'><strong><em>consilium</em></strong></span> <span class='ocrx_word' id='word_1_550' title='bbox 2947 3862 3280 3919; x_wconf 90' lang='lat' dir='ltr'><strong><em>sensumque</em></strong></span> <span class='ocrx_word' id='word_1_551' title='bbox 3307 3849 3487 3903; x_wconf 88' lang='lat' dir='ltr'><strong><em>humi-</em></strong></span> 
     </span>
    </p>
   </div>
   <div class='ocr_carea' id='block_1_85' title="bbox 1900 3935 3483 4010">
    <p class='ocr_par' dir='ltr' id='par_1_85' title="bbox 1900 3935 3483 4010">
     <span class='ocr_line' id='line_1_86' title="bbox 1900 3935 3483 4010; baseline 0.002 -18"><span class='ocrx_word' id='word_1_552' title='bbox 1900 3938 2072 3994; x_wconf 88' lang='lat' dir='ltr'><strong><em>litatis</em></strong></span> <span class='ocrx_word' id='word_1_553' title='bbox 2095 3953 2499 3993; x_wconf 89' lang='lat' dir='ltr'><strong><em>revocaremus.</em></strong></span> <span class='ocrx_word' id='word_1_554' title='bbox 2533 3935 2671 3992; x_wconf 87' lang='lat' dir='ltr'><strong><em>Nam</em></strong></span> <span class='ocrx_word' id='word_1_555' title='bbox 2721 3937 2768 3992; x_wconf 90' lang='lat' dir='ltr'><strong><em>si</em></strong></span> <span class='ocrx_word' id='word_1_556' title='bbox 2798 3938 2853 3992; x_wconf 89' lang='lat' dir='ltr'><strong><em>in</em></strong></span> <span class='ocrx_word' id='word_1_557' title='bbox 2888 3938 2969 3993; x_wconf 91' lang='lat' dir='ltr'><strong><em>eis</em></strong></span> <span class='ocrx_word' id='word_1_558' title='bbox 2999 3938 3220 4010; x_wconf 90' lang='lat' dir='ltr'><strong><em>aliquod</em></strong></span> <span class='ocrx_word' id='word_1_559' title='bbox 3258 3941 3483 3995; x_wconf 87' lang='lat' dir='ltr'><strong><em>humili-</em></strong></span> 
     </span>
    </p>
   </div>
   <div class='ocr_carea' id='block_1_86' title="bbox 1901 4026 3485 4103">
    <p class='ocr_par' dir='ltr' id='par_1_86' title="bbox 1901 4026 3485 4103">
     <span class='ocr_line' id='line_1_87' title="bbox 1901 4026 3485 4103; baseline 0.002 -19"><span class='ocrx_word' id='word_1_560' title='bbox 1901 4029 2030 4085; x_wconf 88' lang='lat' dir='ltr'><strong><em>tatis</em></strong></span> <span class='ocrx_word' id='word_1_561' title='bbox 2058 4029 2275 4099; x_wconf 86' lang='lat' dir='ltr'><strong><em>signum</em></strong></span> <span class='ocrx_word' id='word_1_562' title='bbox 2304 4026 2461 4083; x_wconf 87' lang='lat' dir='ltr'><strong><em>mens</em></strong></span> <span class='ocrx_word' id='word_1_563' title='bbox 2492 4037 2683 4083; x_wconf 86' lang='lat' dir='ltr'><strong><em>nostra</em></strong></span> <span class='ocrx_word' id='word_1_564' title='bbox 2731 4030 3131 4099; x_wconf 89' lang='lat' dir='ltr'><strong><em>perpendisset,</em></strong></span> <span class='ocrx_word' id='word_1_565' title='bbox 3160 4032 3277 4087; x_wconf 89' lang='lat' dir='ltr'><strong><em>sine</em></strong></span> <span class='ocrx_word' id='word_1_566' title='bbox 3304 4033 3485 4103; x_wconf 88' lang='lat' dir='ltr'><strong><em>aliqua</em></strong></span> 
     </span>
    </p>
   </div>
   <div class='ocr_carea' id='block_1_87' title="bbox 1904 4118 3485 4187">
    <p class='ocr_par' dir='ltr' id='par_1_87' title="bbox 1904 4118 3485 4187">
     <span class='ocr_line' id='line_1_88' title="bbox 1904 4118 3485 4187; baseline 0.001 -11"><span class='ocrx_word' id='word_1_567' title='bbox 1904 4136 1936 4176; x_wconf 91' lang='lat' dir='ltr'><strong><em>a</em></strong></span> <span class='ocrx_word' id='word_1_568' title='bbox 1964 4121 2123 4175; x_wconf 86' lang='lat' dir='ltr'><strong><em>nobis</em></strong></span> <span class='ocrx_word' id='word_1_569' title='bbox 2163 4118 2540 4174; x_wconf 88' lang='lat' dir='ltr'><strong><em>misericordia</em></strong></span> <span class='ocrx_word' id='word_1_570' title='bbox 2586 4133 2700 4173; x_wconf 91' lang='lat' dir='ltr'><strong><em>non</em></strong></span> <span class='ocrx_word' id='word_1_571' title='bbox 2750 4120 3127 4175; x_wconf 88' lang='lat' dir='ltr'><strong><em>recessissent.</em></strong></span> <span class='ocrx_word' id='word_1_572' title='bbox 3163 4121 3373 4187; x_wconf 85' lang='lat' dir='ltr'><strong><em>Quibus</em></strong></span> <span class='ocrx_word' id='word_1_573' title='bbox 3429 4124 3485 4177; x_wconf 91' lang='lat' dir='ltr'><strong><em>in</em></strong></span> 
     </span>
    </p>
   </div>
   <div class='ocr_carea' id='block_1_88' title="bbox 1905 4209 3483 4282">
    <p class='ocr_par' dir='ltr' id='par_1_88' title="bbox 1905 4209 3483 4282">
     <span class='ocr_line' id='line_1_89' title="bbox 1905 4209 3483 4282; baseline -0.001 -15"><span class='ocrx_word' id='word_1_574' title='bbox 1905 4212 2161 4282; x_wconf 89' lang='lat' dir='ltr'><strong><em>superbia</em></strong></span> <span class='ocrx_word' id='word_1_575' title='bbox 2223 4226 2323 4266; x_wconf 89' lang='lat' dir='ltr'><strong><em>sua</em></strong></span> <span class='ocrx_word' id='word_1_576' title='bbox 2368 4209 2815 4280; x_wconf 89' lang='lat' dir='ltr'><strong><em>perdurantibus,</em></strong></span> <span class='ocrx_word' id='word_1_577' title='bbox 2855 4211 3153 4265; x_wconf 89' lang='lat' dir='ltr'><strong><em>auctoritas</em></strong></span> <span class='ocrx_word' id='word_1_578' title='bbox 3198 4211 3483 4266; x_wconf 80' lang='lat' dir='ltr'><strong><em>beatorum</em></strong></span> 
     </span>
    </p>
   </div>
   <div class='ocr_carea' id='block_1_89' title="bbox 1850 4294 3486 4376">
    <p class='ocr_par' dir='ltr' id='par_1_89' title="bbox 1850 4294 3486 4376">
     <span class='ocr_line' id='line_1_90' title="bbox 1850 4294 3486 4376; baseline -0.002 -16"><span class='ocrx_word' id='word_1_579' title='bbox 1850 4347 1856 4351; x_wconf 82' lang='lat'><strong><em>.</em></strong></span> <span class='ocrx_word' id='word_1_580' title='bbox 1905 4308 2227 4376; x_wconf 71' lang='lat' dir='ltr'><strong><em>martyrum”</em></strong></span> <span class='ocrx_word' id='word_1_581' title='bbox 2255 4309 2419 4373; x_wconf 87' lang='lat' dir='ltr'><strong><em>atque</em></strong></span> <span class='ocrx_word' id='word_1_582' title='bbox 2475 4294 2794 4372; x_wconf 79' lang='lat' dir='ltr'><strong><em>pontiﬁcum</em></strong></span> <span class='ocrx_word' id='word_1_583' title='bbox 2840 4301 3064 4356; x_wconf 88' lang='lat' dir='ltr'><strong><em>Fabiani</em></strong></span> <span class='ocrx_word' id='word_1_584' title='bbox 3116 4308 3171 4356; x_wconf 90' lang='lat' dir='ltr'><strong><em>et</em></strong></span> <span class='ocrx_word' id='word_1_585' title='bbox 3226 4300 3486 4371; x_wconf 87' lang='lat' dir='ltr'><strong><em>Stephani</em></strong></span> 
     </span>
    </p>
   </div>
   <div class='ocr_carea' id='block_1_90' title="bbox 1906 4393 3487 4463">
    <p class='ocr_par' dir='ltr' id='par_1_90' title="bbox 1906 4393 3487 4463">
     <span class='ocr_line' id='line_1_91' title="bbox 1906 4393 3487 4463; baseline -0.002 -11"><span class='ocrx_word' id='word_1_586' title='bbox 1906 4412 2093 4453; x_wconf 90' lang='lat' dir='ltr'><strong><em>coram</em></strong></span> <span class='ocrx_word' id='word_1_587' title='bbox 2121 4394 2283 4451; x_wconf 89' lang='lat' dir='ltr'><strong><em>nobis</em></strong></span> <span class='ocrx_word' id='word_1_588' title='bbox 2309 4395 2473 4450; x_wconf 89' lang='lat' dir='ltr'><strong><em>allata</em></strong></span> <span class='ocrx_word' id='word_1_589' title='bbox 2503 4401 2623 4462; x_wconf 88' lang='lat' dir='ltr'><strong><em>est;</em></strong></span> <span class='ocrx_word' id='word_1_590' title='bbox 2667 4408 2835 4463; x_wconf 88' lang='lat' dir='ltr'><strong><em>quam</em></strong></span> <span class='ocrx_word' id='word_1_591' title='bbox 2863 4407 2966 4448; x_wconf 90' lang='lat' dir='ltr'><strong><em>nos</em></strong></span> <span class='ocrx_word' id='word_1_592' title='bbox 3010 4407 3108 4463; x_wconf 90' lang='lat' dir='ltr'><strong><em>per</em></strong></span> <span class='ocrx_word' id='word_1_593' title='bbox 3134 4393 3320 4448; x_wconf 89' lang='lat' dir='ltr'><strong><em>omnia</em></strong></span> <span class='ocrx_word' id='word_1_594' title='bbox 3358 4393 3487 4449; x_wconf 90' lang='lat' dir='ltr'><strong><em>huic</em></strong></span> 
     </span>
    </p>
   </div>
   <div class='ocr_carea' id='block_1_91' title="bbox 1906 4484 3486 4561">
    <p class='ocr_par' dir='ltr' id='par_1_91' title="bbox 1906 4484 3486 4561">
     <span class='ocr_line' id='line_1_92' title="bbox 1906 4484 3486 4561; baseline -0.003 -16"><span class='ocrx_word' id='word_1_595' title='bbox 1906 4489 2126 4561; x_wconf 85' lang='lat' dir='ltr'><strong><em>negotio</em></strong></span> <span class='ocrx_word' id='word_1_596' title='bbox 2157 4487 2450 4544; x_wconf 88' lang='lat' dir='ltr'><strong><em>convenire</em></strong></span> <span class='ocrx_word' id='word_1_597' title='bbox 2474 4493 2792 4552; x_wconf 87' lang='lat' dir='ltr'><strong><em>cernentes,</em></strong></span> <span class='ocrx_word' id='word_1_598' title='bbox 2830 4500 2928 4541; x_wconf 90' lang='lat' dir='ltr'><strong><em>eos</em></strong></span> <span class='ocrx_word' id='word_1_599' title='bbox 2960 4492 3023 4539; x_wconf 90' lang='lat' dir='ltr'><strong><em>ut</em></strong></span> <span class='ocrx_word' id='word_1_600' title='bbox 3050 4484 3278 4541; x_wconf 89' lang='lat' dir='ltr'><strong><em>rebelles</em></strong></span> <span class='ocrx_word' id='word_1_601' title='bbox 3314 4492 3370 4541; x_wconf 92' lang='lat' dir='ltr'><strong><em>et</em></strong></span> <span class='ocrx_word' id='word_1_602' title='bbox 3396 4486 3486 4541; x_wconf 89' lang='lat' dir='ltr'><strong><em>in-</em></strong></span> 
     </span>
    </p>
   </div>
   <div class='ocr_carea' id='block_1_92' title="bbox 1875 4576 3491 4649">
    <p class='ocr_par' dir='ltr' id='par_1_92' title="bbox 1875 4576 3491 4649">
     <span class='ocr_line' id='line_1_93' title="bbox 1875 4576 3491 4649; baseline -0.004 -11"><span class='ocrx_word' id='word_1_603' title='bbox 1875 4635 1878 4638; x_wconf 82' lang='lat'><strong><em>.</em></strong></span> <span class='ocrx_word' id='word_1_604' title='bbox 1908 4581 2222 4638; x_wconf 86' lang='lat' dir='ltr'><strong><em>obedientes</em></strong></span> <span class='ocrx_word' id='word_1_605' title='bbox 2244 4578 2491 4649; x_wconf 83' lang='lat' dir='ltr'><strong><em>ejusdem</em></strong></span> <span class='ocrx_word' id='word_1_606' title='bbox 2516 4576 2861 4634; x_wconf 86' lang='lat' dir='ltr'><strong><em>auctoritatis</em></strong></span> <span class='ocrx_word' id='word_1_607' title='bbox 2897 4578 3165 4633; x_wconf 89' lang='lat' dir='ltr'><strong><em>sententia</em></strong></span> <span class='ocrx_word' id='word_1_608' title='bbox 3205 4578 3491 4634; x_wconf 81' lang='lat' dir='ltr'><strong><em>damnavi-</em></strong></span> 
     </span>
    </p>
   </div>
   <div class='ocr_carea' id='block_1_93' title="bbox 1910 4668 3489 4744">
    <p class='ocr_par' dir='ltr' id='par_1_93' title="bbox 1910 4668 3489 4744">
     <span class='ocr_line' id='line_1_94' title="bbox 1910 4668 3489 4744; baseline -0.003 -14"><span class='ocrx_word' id='word_1_609' title='bbox 1910 4691 2056 4741; x_wconf 89' lang='lat' dir='ltr'><strong><em>mus,</em></strong></span> <span class='ocrx_word' id='word_1_610' title='bbox 2085 4687 2254 4744; x_wconf 88' lang='lat' dir='ltr'><strong><em>quam</em></strong></span> <span class='ocrx_word' id='word_1_611' title='bbox 2284 4670 2481 4727; x_wconf 87' lang='lat' dir='ltr'><strong><em>litteris</em></strong></span> <span class='ocrx_word' id='word_1_612' title='bbox 2509 4670 2735 4727; x_wconf 80' lang='lat' dir='ltr'><strong><em>nostris</em></strong></span> <span class='ocrx_word' id='word_1_613' title='bbox 2760 4668 3104 4726; x_wconf 87' lang='lat' dir='ltr'><strong><em>inserendam</em></strong></span> <span class='ocrx_word' id='word_1_614' title='bbox 3133 4684 3255 4725; x_wconf 89' lang='lat' dir='ltr'><strong><em>esse</em></strong></span> <span class='ocrx_word' id='word_1_615' title='bbox 3295 4669 3489 4726; x_wconf 87' lang='lat' dir='ltr'><strong><em>existi-</em></strong></span> 
     </span>
    </p>
   </div>
   <div class='ocr_carea' id='block_1_94' title="bbox 232 4748 1799 4835">
    <p class='ocr_par' dir='ltr' id='par_1_94' title="bbox 232 4748 1799 4827">
     <span class='ocr_line' id='line_1_95' title="bbox 232 4748 1799 4827; baseline -0.004 -15"><span class='ocrx_word' id='word_1_616' title='bbox 232 4755 571 4827; x_wconf 87' lang='lat' dir='ltr'><strong><em>imposuerit,</em></strong></span> <span class='ocrx_word' id='word_1_617' title='bbox 602 4755 833 4811; x_wconf 88' lang='lat' dir='ltr'><strong><em>omnino</em></strong></span> <span class='ocrx_word' id='word_1_618' title='bbox 861 4753 1075 4809; x_wconf 89' lang='lat' dir='ltr'><strong><em>sciatse</em></strong></span> <span class='ocrx_word' id='word_1_619' title='bbox 1103 4751 1244 4805; x_wconf 92' lang='lat' dir='ltr'><strong><em>iram</em></strong></span> <span class='ocrx_word' id='word_1_620' title='bbox 1284 4749 1428 4804; x_wconf 91' lang='lat' dir='ltr'><strong><em>beati</em></strong></span> <span class='ocrx_word' id='word_1_621' title='bbox 1455 4748 1603 4805; x_wconf 90' lang='lat' dir='ltr'><strong><em>Petri</em></strong></span> <span class='ocrx_word' id='word_1_622' title='bbox 1653 4749 1708 4804; x_wconf 91' lang='lat' dir='ltr'><strong><em>in</em></strong></span> <span class='ocrx_word' id='word_1_623' title='bbox 1752 4766 1799 4806; x_wconf 77' lang='lat' dir='ltr'><strong><em>se</em></strong></span> 
     </span>
    </p>
   </div>
   <div class='ocr_carea' id='block_1_95' title="bbox 1902 4748 3489 4835">
    <p class='ocr_par' dir='ltr' id='par_1_95' title="bbox 1912 4750 3489 4835">
     <span class='ocr_line' id='line_1_96' title="bbox 1912 4750 3489 4835; baseline -0.003 -13"><span class='ocrx_word' id='word_1_624' title='bbox 1912 4766 2216 4831; x_wconf 88' lang='lat' dir='ltr'><strong><em>mavimus,</em></strong></span> <span class='ocrx_word' id='word_1_625' title='bbox 2273 4772 2335 4819; x_wconf 91' lang='lat' dir='ltr'><strong><em>ut</em></strong></span> <span class='ocrx_word' id='word_1_626' title='bbox 2379 4763 2602 4835; x_wconf 88' lang='lat' dir='ltr'><strong><em>quantis</em></strong></span> <span class='ocrx_word' id='word_1_627' title='bbox 2677 4760 2790 4817; x_wconf 88' lang='lat' dir='ltr'><strong><em>sint</em></strong></span> <span class='ocrx_word' id='word_1_628' title='bbox 2859 4760 3197 4817; x_wconf 76' lang='lat' dir='ltr'><strong><em>facinoribus</em></strong></span> <span class='ocrx_word' id='word_1_629' title='bbox 3250 4750 3489 4831; x_wconf 41' lang='lat' dir='ltr'><strong><em>‘irretiti,</em></strong></span> 
     </span>
    </p>
   </div>
   <div class='ocr_carea' id='block_1_96' title="bbox 237 4832 1799 4931">
    <p class='ocr_par' dir='ltr' id='par_1_96' title="bbox 237 4841 1799 4929">
     <span class='ocr_line' id='line_1_97' title="bbox 237 4841 1799 4929; baseline -0.004 -25"><span class='ocrx_word' id='word_1_630' title='bbox 237 4850 471 4922; x_wconf 84' lang='lat' dir='ltr'><strong><em>graviter</em></strong></span> <span class='ocrx_word' id='word_1_631' title='bbox 497 4857 945 4929; x_wconf 70' lang='lat' dir='ltr'><strong><em>provocaturum.</em></strong></span> <span class='ocrx_word' id='word_1_632' title='bbox 973 4843 1297 4900; x_wconf 85' lang='lat' dir='ltr'><strong><em>Audivimus</em></strong></span> <span class='ocrx_word' id='word_1_633' title='bbox 1323 4843 1485 4897; x_wconf 89' lang='lat' dir='ltr'><strong><em>etiam</em></strong></span> <span class='ocrx_word' id='word_1_634' title='bbox 1514 4841 1799 4897; x_wconf 83' lang='lat' dir='ltr'><strong><em>Rothoma-</em></strong></span> 
     </span>
    </p>
   </div>
   <div class='ocr_carea' id='block_1_97' title="bbox 1902 4832 3495 4931">
    <p class='ocr_par' dir='ltr' id='par_1_97' title="bbox 1916 4832 3495 4931">
     <span class='ocr_line' id='line_1_98' title="bbox 1916 4832 3495 4931; baseline -0.004 -16"><span class='ocrx_word' id='word_1_635' title='bbox 1916 4857 2205 4931; x_wconf 89' lang='lat' dir='ltr'><strong><em>quantisve</em></strong></span> <span class='ocrx_word' id='word_1_636' title='bbox 2232 4832 2579 4911; x_wconf 77' lang='lat' dir='ltr'><strong><em>contumeliis</em></strong></span> <span class='ocrx_word' id='word_1_637' title='bbox 2603 4852 2773 4924; x_wconf 80' lang='lat' dir='ltr'><strong><em>digni,</em></strong></span> <span class='ocrx_word' id='word_1_638' title='bbox 2816 4853 3026 4925; x_wconf 88' lang='lat' dir='ltr'><strong><em>liquido</em></strong></span> <span class='ocrx_word' id='word_1_639' title='bbox 3051 4861 3254 4925; x_wconf 88' lang='lat' dir='ltr'><strong><em>pateat.</em></strong></span> <span class='ocrx_word' id='word_1_640' title='bbox 3288 4854 3495 4910; x_wconf 80' lang='lat' dir='ltr'><strong><em>Fabia-</em></strong></span> 
     </span>
    </p>
   </div>
   <div class='ocr_carea' id='block_1_98' title="bbox 239 4933 1816 5013">
    <p class='ocr_par' dir='ltr' id='par_1_98' title="bbox 239 4933 1816 5013">
     <span class='ocr_line' id='line_1_99' title="bbox 239 4933 1816 5013; baseline -0.003 -16"><span class='ocrx_word' id='word_1_641' title='bbox 239 4958 458 5013; x_wconf 88' lang='lat' dir='ltr'><strong><em>gensem</em></strong></span> <span class='ocrx_word' id='word_1_642' title='bbox 479 4942 953 5013; x_wconf 88' lang='lat' dir='ltr'><strong><em>archiepiscopum</em></strong></span> <span class='ocrx_word' id='word_1_643' title='bbox 973 4935 1271 4994; x_wconf 88' lang='lat' dir='ltr'><strong><em>sacerdotis</em></strong></span> <span class='ocrx_word' id='word_1_644' title='bbox 1299 4934 1470 4989; x_wconf 86' lang='lat' dir='ltr'><strong><em>tilium</em></strong></span> <span class='ocrx_word' id='word_1_645' title='bbox 1495 4950 1636 4992; x_wconf 89' lang='lat' dir='ltr'><strong><em>esse.</em></strong></span> <span class='ocrx_word' id='word_1_646' title='bbox 1659 4933 1816 5002; x_wconf 88' lang='lat' dir='ltr'><strong><em>Quod</em></strong></span> 
     </span>
    </p>
   </div>
   <div class='ocr_carea' id='block_1_99' title="bbox 241 5028 1817 5109">
    <p class='ocr_par' dir='ltr' id='par_1_99' title="bbox 241 5028 1817 5109">
     <span class='ocr_line' id='line_1_100' title="bbox 241 5028 1817 5109; baseline -0.003 -18"><span class='ocrx_word' id='word_1_647' title='bbox 241 5036 288 5091; x_wconf 89' lang='lat' dir='ltr'><strong><em>si</em></strong></span> <span class='ocrx_word' id='word_1_648' title='bbox 307 5052 495 5092; x_wconf 84' lang='lat' dir='ltr'><strong><em>verum</em></strong></span> <span class='ocrx_word' id='word_1_649' title='bbox 509 5035 957 5109; x_wconf 87' lang='lat' dir='ltr'><strong><em>deprehenditur,</em></strong></span> <span class='ocrx_word' id='word_1_650' title='bbox 969 5030 1191 5089; x_wconf 88' lang='lat' dir='ltr'><strong><em>noveris</em></strong></span> <span class='ocrx_word' id='word_1_651' title='bbox 1209 5028 1537 5100; x_wconf 91' lang='lat' dir='ltr'><strong><em>promotioni</em></strong></span> <span class='ocrx_word' id='word_1_652' title='bbox 1560 5028 1706 5085; x_wconf 90' lang='lat' dir='ltr'><strong><em>illius</em></strong></span> <span class='ocrx_word' id='word_1_653' title='bbox 1716 5045 1817 5087; x_wconf 90' lang='lat' dir='ltr'><strong><em>nos</em></strong></span> 
     </span>
    </p>
   </div>
   <div class='ocr_carea' id='block_1_100' title="bbox 242 5122 1817 5207">
    <p class='ocr_par' dir='ltr' id='par_1_100' title="bbox 242 5122 1817 5207">
     <span class='ocr_line' id='line_1_101' title="bbox 242 5122 1817 5207; baseline -0.004 -21"><span class='ocrx_word' id='word_1_654' title='bbox 242 5145 523 5187; x_wconf 86' lang='lat' dir='ltr'><strong><em>assensum</em></strong></span> <span class='ocrx_word' id='word_1_655' title='bbox 548 5145 901 5202; x_wconf 88' lang='lat' dir='ltr'><strong><em>nequaquam</em></strong></span> <span class='ocrx_word' id='word_1_656' title='bbox 924 5130 1187 5186; x_wconf 90' lang='lat' dir='ltr'><strong><em>tribuere.</em></strong></span> <span class='ocrx_word' id='word_1_657' title='bbox 1218 5122 1295 5178; x_wconf 88' lang='lat' dir='ltr'><strong><em>De</em></strong></span> <span class='ocrx_word' id='word_1_658' title='bbox 1331 5138 1398 5180; x_wconf 92' lang='lat' dir='ltr'><strong><em>eo</em></strong></span> <span class='ocrx_word' id='word_1_659' title='bbox 1443 5131 1629 5207; x_wconf 78' lang='lat' dir='ltr'><strong><em>autem</em></strong></span> <span class='ocrx_word' id='word_1_660' title='bbox 1670 5125 1817 5194; x_wconf 90' lang='lat' dir='ltr'><strong><em>quod</em></strong></span> 
     </span>
    </p>
   </div>
   <div class='ocr_carea' id='block_1_101' title="bbox 246 5215 1818 5297">
    <p class='ocr_par' dir='ltr' id='par_1_101' title="bbox 246 5215 1818 5297">
     <span class='ocr_line' id='line_1_102' title="bbox 246 5215 1818 5297; baseline -0.002 -20"><span class='ocrx_word' id='word_1_661' title='bbox 246 5223 303 5277; x_wconf 89' lang='lat' dir='ltr'><strong><em>in</em></strong></span> <span class='ocrx_word' id='word_1_662' title='bbox 332 5224 577 5281; x_wconf 78' lang='lat' dir='ltr'><strong><em>Flandria</em></strong></span> <span class='ocrx_word' id='word_1_663' title='bbox 600 5242 730 5283; x_wconf 89' lang='lat' dir='ltr'><strong><em>cum</em></strong></span> <span class='ocrx_word' id='word_1_664' title='bbox 754 5220 1086 5297; x_wconf 88' lang='lat' dir='ltr'><strong><em>Lingonensi</em></strong></span> <span class='ocrx_word' id='word_1_665' title='bbox 1113 5218 1367 5289; x_wconf 89' lang='lat' dir='ltr'><strong><em>episcopo</em></strong></span> <span class='ocrx_word' id='word_1_666' title='bbox 1394 5233 1504 5272; x_wconf 87' lang='lat' dir='ltr'><strong><em>non</em></strong></span> <span class='ocrx_word' id='word_1_667' title='bbox 1539 5215 1608 5271; x_wconf 80' lang='lat' dir='ltr'><strong><em>ex</em></strong></span> <span class='ocrx_word' id='word_1_668' title='bbox 1639 5221 1818 5274; x_wconf 81' lang='lat' dir='ltr'><strong><em>moni-</em></strong></span> 
     </span>
    </p>
   </div>
   <div class='ocr_carea' id='block_1_102' title="bbox 248 5311 1817 5390">
    <p class='ocr_par' dir='ltr' id='par_1_102' title="bbox 248 5311 1817 5390">
     <span class='ocr_line' id='line_1_103' title="bbox 248 5311 1817 5390; baseline -0.002 -18"><span class='ocrx_word' id='word_1_669' title='bbox 248 5319 321 5374; x_wconf 90' lang='lat' dir='ltr'><strong><em>tis</em></strong></span> <span class='ocrx_word' id='word_1_670' title='bbox 346 5320 540 5376; x_wconf 88' lang='lat' dir='ltr'><strong><em>nostris</em></strong></span> <span class='ocrx_word' id='word_1_671' title='bbox 595 5318 963 5377; x_wconf 80' lang='lat' dir='ltr'><strong><em>intelleximus</em></strong></span> <span class='ocrx_word' id='word_1_672' title='bbox 991 5328 1046 5375; x_wconf 87' lang='lat' dir='ltr'><strong><em>te</em></strong></span> <span class='ocrx_word' id='word_1_673' title='bbox 1080 5311 1297 5376; x_wconf 81' lang='lat' dir='ltr'><strong><em>fecisse,</em></strong></span> <span class='ocrx_word' id='word_1_674' title='bbox 1321 5312 1465 5390; x_wconf 85' lang='lat' dir='ltr'><strong><em>scias</em></strong></span> <span class='ocrx_word' id='word_1_675' title='bbox 1518 5316 1576 5365; x_wconf 91' lang='lat' dir='ltr'><strong><em>et</em></strong></span> <span class='ocrx_word' id='word_1_676' title='bbox 1626 5321 1817 5369; x_wconf 90' lang='lat' dir='ltr'><strong><em>contra</em></strong></span> 
     </span>
    </p>
   </div>
   <div class='ocr_carea' id='block_1_103' title="bbox 1852 4945 3496 5017">
    <p class='ocr_par' dir='ltr' id='par_1_103' title="bbox 1852 4945 3496 5017">
     <span class='ocr_line' id='line_1_104' title="bbox 1852 4945 3496 5017; baseline 0 -16"><span class='ocrx_word' id='word_1_677' title='bbox 1852 4997 1856 5001; x_wconf 32' lang='grc' dir='ltr'><em>ι</em></span> <span class='ocrx_word' id='word_1_678' title='bbox 1916 4968 2015 5007; x_wconf 82' lang='lat' dir='ltr'><strong><em>nus</em></strong></span> <span class='ocrx_word' id='word_1_679' title='bbox 2037 4965 2057 5004; x_wconf 91' lang='lat'><strong><em>:</em></strong></span> <span class='ocrx_word' id='word_1_680' title='bbox 2100 4948 2405 5005; x_wconf 87' lang='lat' dir='ltr'><strong><em>Statuimus</em></strong></span> <span class='ocrx_word' id='word_1_681' title='bbox 2440 4955 2502 5002; x_wconf 94' lang='lat' dir='ltr'><strong><em>ut</em></strong></span> <span class='ocrx_word' id='word_1_682' title='bbox 2539 4946 2587 5003; x_wconf 89' lang='lat' dir='ltr'><strong><em>si</em></strong></span> <span class='ocrx_word' id='word_1_683' title='bbox 2633 4945 2836 5015; x_wconf 87' lang='lat' dir='ltr'><strong><em>aliquis</em></strong></span> <span class='ocrx_word' id='word_1_684' title='bbox 2863 4945 3189 5002; x_wconf 89' lang='lat' dir='ltr'><strong><em>clericorum</em></strong></span> <span class='ocrx_word' id='word_1_685' title='bbox 3233 4948 3349 5004; x_wconf 88' lang='lat' dir='ltr'><strong><em>suis</em></strong></span> <span class='ocrx_word' id='word_1_686' title='bbox 3375 4947 3496 5017; x_wconf 83' lang='lat' dir='ltr'><strong><em>epi—</em></strong></span> 
     </span>
    </p>
   </div>
   <div class='ocr_carea' id='block_1_104' title="bbox 1915 5036 3497 5113">
    <p class='ocr_par' dir='ltr' id='par_1_104' title="bbox 1915 5036 3497 5113">
     <span class='ocr_line' id='line_1_105' title="bbox 1915 5036 3497 5113; baseline -0.007 -10"><span class='ocrx_word' id='word_1_687' title='bbox 1915 5041 2099 5113; x_wconf 86' lang='lat' dir='ltr'><strong><em>scopis</em></strong></span> <span class='ocrx_word' id='word_1_688' title='bbox 2125 5040 2357 5096; x_wconf 79' lang='lat' dir='ltr'><strong><em>infestus</em></strong></span> <span class='ocrx_word' id='word_1_689' title='bbox 2389 5047 2485 5095; x_wconf 88' lang='lat' dir='ltr'><strong><em>aut</em></strong></span> <span class='ocrx_word' id='word_1_690' title='bbox 2509 5037 2794 5093; x_wconf 88' lang='lat' dir='ltr'><strong><em>insidiator</em></strong></span> <span class='ocrx_word' id='word_1_691' title='bbox 2822 5036 3011 5105; x_wconf 82' lang='lat' dir='ltr'><strong><em>fuerit,</em></strong></span> <span class='ocrx_word' id='word_1_692' title='bbox 3037 5052 3104 5094; x_wconf 88' lang='lat' dir='ltr'><strong><em>eo</em></strong></span> <span class='ocrx_word' id='word_1_693' title='bbox 3131 5041 3283 5110; x_wconf 90' lang='lat' dir='ltr'><strong><em>quod</em></strong></span> <span class='ocrx_word' id='word_1_694' title='bbox 3306 5039 3497 5097; x_wconf 88' lang='lat' dir='ltr'><strong><em>crimi-</em></strong></span> 
     </span>
    </p>
   </div>
   <div class='ocr_carea' id='block_1_105' title="bbox 1916 5127 3501 5198">
    <p class='ocr_par' dir='ltr' id='par_1_105' title="bbox 1916 5127 3501 5198">
     <span class='ocr_line' id='line_1_106' title="bbox 1916 5127 3501 5198; baseline -0.004 -7"><span class='ocrx_word' id='word_1_695' title='bbox 1916 5134 2037 5193; x_wconf 90' lang='lat' dir='ltr'><strong><em>nari</em></strong></span> <span class='ocrx_word' id='word_1_696' title='bbox 2063 5133 2373 5198; x_wconf 86' lang='lat' dir='ltr'><strong><em>tentaverit,</em></strong></span> <span class='ocrx_word' id='word_1_697' title='bbox 2401 5138 2497 5185; x_wconf 87' lang='lat' dir='ltr'><strong><em>aut</em></strong></span> <span class='ocrx_word' id='word_1_698' title='bbox 2520 5127 2867 5198; x_wconf 88' lang='lat' dir='ltr'><strong><em>conspirator</em></strong></span> <span class='ocrx_word' id='word_1_699' title='bbox 2897 5128 3083 5198; x_wconf 83' lang='lat' dir='ltr'><strong><em>fuerit,</em></strong></span> <span class='ocrx_word' id='word_1_700' title='bbox 3108 5139 3172 5185; x_wconf 91' lang='lat' dir='ltr'><strong><em>ut</em></strong></span> <span class='ocrx_word' id='word_1_701' title='bbox 3217 5149 3347 5188; x_wconf 90' lang='lat' dir='ltr'><strong><em>mox</em></strong></span> <span class='ocrx_word' id='word_1_702' title='bbox 3374 5139 3501 5186; x_wconf 90' lang='lat' dir='ltr'><strong><em>ante</em></strong></span> 
     </span>
    </p>
   </div>
   <div class='ocr_carea' id='block_1_106' title="bbox 1915 5220 3502 5293">
    <p class='ocr_par' dir='ltr' id='par_1_106' title="bbox 1915 5220 3502 5293">
     <span class='ocr_line' id='line_1_107' title="bbox 1915 5220 3502 5293; baseline -0.006 -8"><span class='ocrx_word' id='word_1_703' title='bbox 1915 5225 2289 5286; x_wconf 88' lang='lat' dir='ltr'><strong><em>examinatum</em></strong></span> <span class='ocrx_word' id='word_1_704' title='bbox 2323 5221 2593 5293; x_wconf 83' lang='lat' dir='ltr'><strong><em>judicium</em></strong></span> <span class='ocrx_word' id='word_1_705' title='bbox 2618 5220 2909 5279; x_wconf 89' lang='lat' dir='ltr'><strong><em>submotus</em></strong></span> <span class='ocrx_word' id='word_1_706' title='bbox 2938 5238 2973 5280; x_wconf 93' lang='lat' dir='ltr'><strong><em>a</em></strong></span> <span class='ocrx_word' id='word_1_707' title='bbox 3015 5222 3164 5280; x_wconf 88' lang='lat' dir='ltr'><strong><em>clero</em></strong></span> <span class='ocrx_word' id='word_1_708' title='bbox 3191 5224 3361 5281; x_wconf 74' lang='lat' dir='ltr'><strong><em>curia:</em></strong></span> <span class='ocrx_word' id='word_1_709' title='bbox 3386 5230 3502 5277; x_wconf 83' lang='lat' dir='ltr'><strong><em>tra-</em></strong></span> 
     </span>
    </p>
   </div>
   <div class='ocr_carea' id='block_1_107' title="bbox 1925 5311 3505 5383">
    <p class='ocr_par' dir='ltr' id='par_1_107' title="bbox 1925 5311 3505 5383">
     <span class='ocr_line' id='line_1_108' title="bbox 1925 5311 3505 5383; baseline -0.008 -6"><span class='ocrx_word' id='word_1_710' title='bbox 1925 5320 2106 5383; x_wconf 88' lang='lat' dir='ltr'><strong><em>datur,</em></strong></span> <span class='ocrx_word' id='word_1_711' title='bbox 2141 5314 2231 5369; x_wconf 90' lang='lat' dir='ltr'><strong><em>cui</em></strong></span> <span class='ocrx_word' id='word_1_712' title='bbox 2284 5314 2476 5371; x_wconf 87' lang='lat' dir='ltr'><strong><em>diebus</em></strong></span> <span class='ocrx_word' id='word_1_713' title='bbox 2510 5312 2637 5367; x_wconf 66' lang='lat' dir='ltr'><strong><em>vitae</em></strong></span> <span class='ocrx_word' id='word_1_714' title='bbox 2677 5326 2793 5370; x_wconf 67' lang='lat' dir='ltr'><strong><em>sua:</em></strong></span> <span class='ocrx_word' id='word_1_715' title='bbox 2842 5314 3132 5381; x_wconf 88' lang='lat' dir='ltr'><strong><em>deserviat,</em></strong></span> <span class='ocrx_word' id='word_1_716' title='bbox 3190 5326 3248 5372; x_wconf 85' lang='lat' dir='ltr'><strong><em>et</em></strong></span> <span class='ocrx_word' id='word_1_717' title='bbox 3285 5311 3505 5370; x_wconf 78' lang='lat' dir='ltr'><strong><em>infamis</em></strong></span> 
     </span>
    </p>
   </div>
  </div>
