  <div class='ocr_page' id='page_1' title='image "/cluster/home/n/w/nwhite01/storage/ocr_20150623/148/hvd.32044015471840/277.png"; bbox 0 0 3972 5390; ppageno 0'>
   <div class='ocr_carea' id='block_1_1' title="bbox 475 203 584 265">
    <p class='ocr_par' dir='ltr' id='par_1_1' title="bbox 475 203 584 265">
     <span class='ocr_line' id='line_1_1' title="bbox 475 203 584 265; baseline -0.018 0"><span class='ocrx_word' id='word_1_1' title='bbox 475 203 584 265; x_wconf 61' lang='grc'><strong>547</strong></span> 
     </span>
    </p>
   </div>
   <div class='ocr_carea' id='block_1_2' title="bbox 1121 156 2088 267">
    <p class='ocr_par' dir='ltr' id='par_1_2' title="bbox 1121 207 2088 267">
     <span class='ocr_line' id='line_1_2' title="bbox 1121 207 2088 267; baseline -0.001 -2"><span class='ocrx_word' id='word_1_2' title='bbox 1121 209 1177 266; x_wconf 92' lang='lat' dir='ltr'><strong>S.</strong></span> <span class='ocrx_word' id='word_1_3' title='bbox 1217 209 1543 267; x_wconf 77' lang='lat' dir='ltr'><strong>GREGORII</strong></span> <span class='ocrx_word' id='word_1_4' title='bbox 1581 207 1672 264; x_wconf 66' lang='grc' dir='ltr'><strong>νει</strong></span> <span class='ocrx_word' id='word_1_5' title='bbox 1706 209 1908 265; x_wconf 59' lang='lat' dir='ltr'><strong>DARE</strong></span> <span class='ocrx_word' id='word_1_6' title='bbox 1943 208 2088 266; x_wconf 74' lang='lat' dir='ltr'><strong>OPEl</strong></span> 
     </span>
    </p>
   </div>
   <div class='ocr_carea' id='block_1_3' title="bbox 2196 156 3092 267">
    <p class='ocr_par' dir='ltr' id='par_1_3' title="bbox 2196 156 3092 264">
     <span class='ocr_line' id='line_1_3' title="bbox 2196 156 3092 264; baseline 0 0"><span class='ocrx_word' id='word_1_7' title='bbox 2196 156 2238 264; x_wconf 71' lang='grc' dir='ltr'><strong>ἱί</strong></span> <span class='ocrx_word' id='word_1_8' title='bbox 2272 207 2452 264; x_wconf 65' lang='lat' dir='ltr'><strong>rans</strong></span> <span class='ocrx_word' id='word_1_9' title='bbox 2481 209 2522 263; x_wconf 88' lang='grc' dir='ltr'><strong>ι.</strong></span> <span class='ocrx_word' id='word_1_10' title='bbox 2564 241 2634 249; x_wconf 86' lang='grc'><strong><em>-</em></strong></span> <span class='ocrx_word' id='word_1_11' title='bbox 2668 206 3092 264; x_wconf 73' lang='lat' dir='ltr'><strong>LEGISTRUM.</strong></span> 
     </span>
    </p>
   </div>
   <div class='ocr_carea' id='block_1_4' title="bbox 3644 211 3740 270">
    <p class='ocr_par' dir='ltr' id='par_1_4' title="bbox 3644 211 3740 270">
     <span class='ocr_line' id='line_1_4' title="bbox 3644 211 3740 270; baseline 0.021 -2"><span class='ocrx_word' id='word_1_12' title='bbox 3644 211 3740 270; x_wconf 61' lang='grc'><strong>548</strong></span> 
     </span>
    </p>
   </div>
   <div class='ocr_carea' id='block_1_5' title="bbox 478 321 3746 397">
    <p class='ocr_par' dir='ltr' id='par_1_5' title="bbox 478 321 3746 397">
     <span class='ocr_line' id='line_1_5' title="bbox 478 321 3746 397; baseline 0.001 -18"><span class='ocrx_word' id='word_1_13' title='bbox 478 323 698 381; x_wconf 84' lang='lat' dir='ltr'><strong>infamis</strong></span> <span class='ocrx_word' id='word_1_14' title='bbox 728 325 952 380; x_wconf 81' lang='lat' dir='ltr'><strong>eﬁ‘ectus</strong></span> <span class='ocrx_word' id='word_1_15' title='bbox 973 333 1077 393; x_wconf 91' lang='lat' dir='ltr'><strong>est,</strong></span> <span class='ocrx_word' id='word_1_16' title='bbox 1129 333 1238 380; x_wconf 90' lang='lat' dir='ltr'><strong>eta</strong></span> <span class='ocrx_word' id='word_1_17' title='bbox 1289 326 1460 397; x_wconf 87' lang='lat' dir='ltr'><strong>gradu</strong></span> <span class='ocrx_word' id='word_1_18' title='bbox 1512 326 1673 380; x_wconf 87' lang='lat' dir='ltr'><strong>debet</strong></span> <span class='ocrx_word' id='word_1_19' title='bbox 1697 326 1970 393; x_wconf 88' lang='lat' dir='ltr'><strong>recedere,</strong></span> <span class='ocrx_word' id='word_1_20' title='bbox 2000 341 2064 380; x_wconf 91' lang='lat' dir='ltr'><strong>ac</strong></span> <span class='ocrx_word' id='word_1_21' title='bbox 2093 328 2137 385; x_wconf 79' lang='grc' dir='ltr'><strong>Α</strong></span> <span class='ocrx_word' id='word_1_22' title='bbox 2165 333 2284 396; x_wconf 85' lang='lat' dir='ltr'><strong>pter</strong></span> <span class='ocrx_word' id='word_1_23' title='bbox 2327 324 2726 380; x_wconf 71' lang='lat' dir='ltr'><strong>discutiendam</strong></span> <span class='ocrx_word' id='word_1_24' title='bbox 2785 339 3011 380; x_wconf 81' lang='lat' dir='ltr'><strong>causam</strong></span> <span class='ocrx_word' id='word_1_25' title='bbox 3064 331 3306 378; x_wconf 76' lang='lat' dir='ltr'><strong>vestram</strong></span> <span class='ocrx_word' id='word_1_26' title='bbox 3365 321 3746 394; x_wconf 78' lang='lat' dir='ltr'><strong>dirigeremus,</strong></span> 
     </span>
    </p>
   </div>
   <div class='ocr_carea' id='block_1_6' title="bbox 477 415 2066 489">
    <p class='ocr_par' dir='ltr' id='par_1_6' title="bbox 477 415 2066 489">
     <span class='ocr_line' id='line_1_6' title="bbox 477 415 2066 489; baseline -0.001 -16"><span class='ocrx_word' id='word_1_27' title='bbox 477 417 647 473; x_wconf 72' lang='lat' dir='ltr'><strong>curize</strong></span> <span class='ocrx_word' id='word_1_28' title='bbox 673 417 814 472; x_wconf 79' lang='lat' dir='ltr'><strong>tradi</strong></span> <span class='ocrx_word' id='word_1_29' title='bbox 841 417 1180 473; x_wconf 87' lang='lat' dir='ltr'><strong>serviendus.</strong></span> <span class='ocrx_word' id='word_1_30' title='bbox 1197 415 1370 473; x_wconf 82' lang='lat' dir='ltr'><strong>‘Ilanc</strong></span> <span class='ocrx_word' id='word_1_31' title='bbox 1408 417 1590 488; x_wconf 89' lang='lat' dir='ltr'><strong>itaque</strong></span> <span class='ocrx_word' id='word_1_32' title='bbox 1611 418 1666 472; x_wconf 92' lang='lat' dir='ltr'><strong>in</strong></span> <span class='ocrx_word' id='word_1_33' title='bbox 1701 433 1796 473; x_wconf 90' lang='lat' dir='ltr'><strong>eos</strong></span> <span class='ocrx_word' id='word_1_34' title='bbox 1819 419 2066 489; x_wconf 86' lang='lat' dir='ltr'><strong>promul-</strong></span> 
     </span>
    </p>
   </div>
   <div class='ocr_carea' id='block_1_7' title="bbox 479 509 2069 578">
    <p class='ocr_par' dir='ltr' id='par_1_7' title="bbox 479 509 2069 578">
     <span class='ocr_line' id='line_1_7' title="bbox 479 509 2069 578; baseline 0.003 -16"><span class='ocrx_word' id='word_1_35' title='bbox 479 517 670 578; x_wconf 74' lang='lat' dir='ltr'><strong>gantes</strong></span> <span class='ocrx_word' id='word_1_36' title='bbox 699 509 1050 575; x_wconf 82' lang='lat' dir='ltr'><strong>sententiam,</strong></span> <span class='ocrx_word' id='word_1_37' title='bbox 1081 509 1519 566; x_wconf 78' lang='lat' dir='ltr'><strong>existimavimus</strong></span> <span class='ocrx_word' id='word_1_38' title='bbox 1550 517 1610 564; x_wconf 94' lang='lat' dir='ltr'><strong>ut</strong></span> <span class='ocrx_word' id='word_1_39' title='bbox 1637 510 1829 566; x_wconf 81' lang='lat' dir='ltr'><strong>saltem</strong></span> <span class='ocrx_word' id='word_1_40' title='bbox 1859 519 2069 566; x_wconf 90' lang='lat' dir='ltr'><strong>terrore</strong></span> 
     </span>
    </p>
   </div>
   <div class='ocr_carea' id='block_1_8' title="bbox 479 602 2064 658">
    <p class='ocr_par' dir='ltr' id='par_1_8' title="bbox 479 602 2064 658">
     <span class='ocr_line' id='line_1_8' title="bbox 479 602 2064 658; baseline 0.001 -1"><span class='ocrx_word' id='word_1_41' title='bbox 479 611 644 658; x_wconf 70' lang='lat' dir='ltr'><strong>tanta:</strong></span> <span class='ocrx_word' id='word_1_42' title='bbox 672 602 1016 658; x_wconf 76' lang='lat' dir='ltr'><strong>auctoritatis</strong></span> <span class='ocrx_word' id='word_1_43' title='bbox 1063 602 1132 656; x_wconf 87' lang='lat' dir='ltr'><strong>ad</strong></span> <span class='ocrx_word' id='word_1_44' title='bbox 1191 603 1553 658; x_wconf 86' lang='lat' dir='ltr'><strong>humilitatem</strong></span> <span class='ocrx_word' id='word_1_45' title='bbox 1596 611 2064 658; x_wconf 79' lang='lat' dir='ltr'><strong>converterentur.</strong></span> 
     </span>
    </p>
   </div>
   <div class='ocr_carea' id='block_1_9' title="bbox 483 694 2070 766">
    <p class='ocr_par' dir='ltr' id='par_1_9' title="bbox 483 694 2070 766">
     <span class='ocr_line' id='line_1_9' title="bbox 483 694 2070 766; baseline 0 -16"><span class='ocrx_word' id='word_1_46' title='bbox 483 695 590 750; x_wconf 88' lang='lat' dir='ltr'><strong>Sed</strong></span> <span class='ocrx_word' id='word_1_47' title='bbox 621 695 724 766; x_wconf 91' lang='lat' dir='ltr'><strong>ipsi</strong></span> <span class='ocrx_word' id='word_1_48' title='bbox 773 696 882 749; x_wconf 92' lang='lat' dir='ltr'><strong>dati</strong></span> <span class='ocrx_word' id='word_1_49' title='bbox 927 694 982 750; x_wconf 90' lang='lat' dir='ltr'><strong>in</strong></span> <span class='ocrx_word' id='word_1_50' title='bbox 1045 695 1339 765; x_wconf 87' lang='lat' dir='ltr'><strong>reprobum</strong></span> <span class='ocrx_word' id='word_1_51' title='bbox 1390 711 1634 760; x_wconf 86' lang='lat' dir='ltr'><strong>sensum,</strong></span> <span class='ocrx_word' id='word_1_52' title='bbox 1666 703 1720 750; x_wconf 91' lang='lat' dir='ltr'><strong>et</strong></span> <span class='ocrx_word' id='word_1_53' title='bbox 1749 694 1985 750; x_wconf 83' lang='lat' dir='ltr'><strong>demersi</strong></span> <span class='ocrx_word' id='word_1_54' title='bbox 2015 695 2070 750; x_wconf 92' lang='lat' dir='ltr'><strong>in</strong></span> 
     </span>
    </p>
   </div>
   <div class='ocr_carea' id='block_1_10' title="bbox 480 784 2073 854">
    <p class='ocr_par' dir='ltr' id='par_1_10' title="bbox 480 784 2073 854">
     <span class='ocr_line' id='line_1_10' title="bbox 480 784 2073 854; baseline -0.001 -14"><span class='ocrx_word' id='word_1_55' title='bbox 480 785 764 840; x_wconf 63' lang='lat' dir='ltr'><strong>diabolica</strong></span> <span class='ocrx_word' id='word_1_56' title='bbox 806 784 1070 839; x_wconf 70' lang='lat' dir='ltr'><strong>cmcitatis</strong></span> <span class='ocrx_word' id='word_1_57' title='bbox 1105 793 1352 854; x_wconf 84' lang='lat' dir='ltr'><strong>puteum,</strong></span> <span class='ocrx_word' id='word_1_58' title='bbox 1383 799 1412 838; x_wconf 91' lang='lat' dir='ltr'><strong>a</strong></span> <span class='ocrx_word' id='word_1_59' title='bbox 1441 785 1830 839; x_wconf 88' lang='lat' dir='ltr'><strong>communione</strong></span> <span class='ocrx_word' id='word_1_60' title='bbox 1871 792 2073 839; x_wconf 64' lang='lat' dir='ltr'><strong>sanctm</strong></span> 
     </span>
    </p>
   </div>
   <div class='ocr_carea' id='block_1_11' title="bbox 481 867 2068 944">
    <p class='ocr_par' dir='ltr' id='par_1_11' title="bbox 481 867 2068 944">
     <span class='ocr_line' id='line_1_11' title="bbox 481 867 2068 944; baseline -0.001 -14"><span class='ocrx_word' id='word_1_61' title='bbox 481 867 726 930; x_wconf 66' lang='lat' dir='ltr'><strong>ecclesia:</strong></span> <span class='ocrx_word' id='word_1_62' title='bbox 781 875 1019 944; x_wconf 78' lang='lat' dir='ltr'><strong>separati</strong></span> <span class='ocrx_word' id='word_1_63' title='bbox 1064 882 1119 929; x_wconf 91' lang='lat' dir='ltr'><strong>et</strong></span> <span class='ocrx_word' id='word_1_64' title='bbox 1190 874 1648 929; x_wconf 80' lang='lat' dir='ltr'><strong>excommunicati</strong></span> <span class='ocrx_word' id='word_1_65' title='bbox 1703 883 2068 930; x_wconf 70' lang='lat' dir='ltr'><strong>recesserunt.</strong></span> 
     </span>
    </p>
   </div>
   <div class='ocr_carea' id='block_1_12' title="bbox 483 963 2070 1036">
    <p class='ocr_par' dir='ltr' id='par_1_12' title="bbox 483 963 2070 1036">
     <span class='ocr_line' id='line_1_12' title="bbox 483 963 2070 1036; baseline 0 -15"><span class='ocrx_word' id='word_1_66' title='bbox 483 963 636 1021; x_wconf 87' lang='lat' dir='ltr'><strong>Unde</strong></span> <span class='ocrx_word' id='word_1_67' title='bbox 665 981 769 1020; x_wconf 87' lang='lat' dir='ltr'><strong>nos</strong></span> <span class='ocrx_word' id='word_1_68' title='bbox 797 966 1180 1036; x_wconf 83' lang='lat' dir='ltr'><strong>praedictorum</strong></span> <span class='ocrx_word' id='word_1_69' title='bbox 1207 973 1522 1020; x_wconf 84' lang='lat' dir='ltr'><strong>sanctorum</strong></span> <span class='ocrx_word' id='word_1_70' title='bbox 1539 973 1740 1020; x_wconf 87' lang='lat' dir='ltr'><strong>statuta</strong></span> <span class='ocrx_word' id='word_1_71' title='bbox 1770 966 2070 1033; x_wconf 78' lang='lat' dir='ltr'><strong>firmantes,</strong></span> 
     </span>
    </p>
   </div>
   <div class='ocr_carea' id='block_1_13' title="bbox 481 1055 2075 1126">
    <p class='ocr_par' dir='ltr' id='par_1_13' title="bbox 481 1055 2075 1126">
     <span class='ocr_line' id='line_1_13' title="bbox 481 1055 2075 1126; baseline 0 -14"><span class='ocrx_word' id='word_1_72' title='bbox 481 1073 546 1112; x_wconf 85' lang='lat' dir='ltr'><strong>ex</strong></span> <span class='ocrx_word' id='word_1_73' title='bbox 575 1059 899 1113; x_wconf 85' lang='lat' dir='ltr'><strong>auctoritate</strong></span> <span class='ocrx_word' id='word_1_74' title='bbox 935 1057 1078 1112; x_wconf 86' lang='lat' dir='ltr'><strong>beati</strong></span> <span class='ocrx_word' id='word_1_75' title='bbox 1102 1056 1247 1111; x_wconf 83' lang='lat' dir='ltr'><strong>Petri</strong></span> <span class='ocrx_word' id='word_1_76' title='bbox 1282 1072 1377 1112; x_wconf 92' lang='lat' dir='ltr'><strong>eos</strong></span> <span class='ocrx_word' id='word_1_77' title='bbox 1405 1057 1475 1111; x_wconf 92' lang='lat' dir='ltr'><strong>ab</strong></span> <span class='ocrx_word' id='word_1_78' title='bbox 1521 1055 1810 1111; x_wconf 86' lang='lat' dir='ltr'><strong>ordinibus</strong></span> <span class='ocrx_word' id='word_1_79' title='bbox 1854 1065 1908 1111; x_wconf 96' lang='lat' dir='ltr'><strong>et</strong></span> <span class='ocrx_word' id='word_1_80' title='bbox 1935 1073 2075 1126; x_wconf 75' lang='lat' dir='ltr'><strong>prte-</strong></span> 
     </span>
    </p>
   </div>
   <div class='ocr_carea' id='block_1_14' title="bbox 482 1147 2076 1218">
    <p class='ocr_par' dir='ltr' id='par_1_14' title="bbox 482 1147 2076 1218">
     <span class='ocr_line' id='line_1_14' title="bbox 482 1147 2076 1218; baseline 0 -14"><span class='ocrx_word' id='word_1_81' title='bbox 482 1150 678 1205; x_wconf 88' lang='lat' dir='ltr'><strong>bendis</strong></span> <span class='ocrx_word' id='word_1_82' title='bbox 693 1149 935 1204; x_wconf 70' lang='lat' dir='ltr'><strong>ecclesia&quot;:</strong></span> <span class='ocrx_word' id='word_1_83' title='bbox 963 1149 1136 1204; x_wconf 89' lang='lat' dir='ltr'><strong>sancti</strong></span> <span class='ocrx_word' id='word_1_84' title='bbox 1167 1147 1384 1204; x_wconf 79' lang='lat' dir='ltr'><strong>Martini</strong></span> <span class='ocrx_word' id='word_1_85' title='bbox 1419 1149 1472 1203; x_wconf 91' lang='lat' dir='ltr'><strong>in</strong></span> <span class='ocrx_word' id='word_1_86' title='bbox 1499 1157 1822 1218; x_wconf 88' lang='lat' dir='ltr'><strong>perpetuum</strong></span> <span class='ocrx_word' id='word_1_87' title='bbox 1852 1150 2076 1204; x_wconf 87' lang='lat' dir='ltr'><strong>submo-</strong></span> 
     </span>
    </p>
   </div>
   <div class='ocr_carea' id='block_1_15' title="bbox 483 1239 2077 1309">
    <p class='ocr_par' dir='ltr' id='par_1_15' title="bbox 483 1239 2077 1309">
     <span class='ocr_line' id='line_1_15' title="bbox 483 1239 2077 1309; baseline -0.002 -14"><span class='ocrx_word' id='word_1_88' title='bbox 483 1256 697 1306; x_wconf 88' lang='lat' dir='ltr'><strong>vemus,</strong></span> <span class='ocrx_word' id='word_1_89' title='bbox 726 1250 779 1295; x_wconf 92' lang='lat' dir='ltr'><strong>et</strong></span> <span class='ocrx_word' id='word_1_90' title='bbox 806 1239 1171 1307; x_wconf 79' lang='lat' dir='ltr'><strong>decernimus,</strong></span> <span class='ocrx_word' id='word_1_91' title='bbox 1200 1240 1272 1294; x_wconf 86' lang='lat' dir='ltr'><strong>ita</strong></span> <span class='ocrx_word' id='word_1_92' title='bbox 1301 1248 1361 1294; x_wconf 89' lang='lat' dir='ltr'><strong>ut</strong></span> <span class='ocrx_word' id='word_1_93' title='bbox 1389 1240 1602 1294; x_wconf 89' lang='lat' dir='ltr'><strong>nullum</strong></span> <span class='ocrx_word' id='word_1_94' title='bbox 1632 1239 1887 1309; x_wconf 90' lang='lat' dir='ltr'><strong>deinceps</strong></span> <span class='ocrx_word' id='word_1_95' title='bbox 1935 1240 2077 1294; x_wconf 92' lang='lat' dir='ltr'><strong>inter</strong></span> 
     </span>
    </p>
   </div>
   <div class='ocr_carea' id='block_1_16' title="bbox 485 1329 2078 1401">
    <p class='ocr_par' dir='ltr' id='par_1_16' title="bbox 485 1329 2078 1401">
     <span class='ocr_line' id='line_1_16' title="bbox 485 1329 2078 1401; baseline -0.001 -15"><span class='ocrx_word' id='word_1_96' title='bbox 485 1330 783 1388; x_wconf 85' lang='lat' dir='ltr'><strong>canonicos</strong></span> <span class='ocrx_word' id='word_1_97' title='bbox 838 1331 1083 1401; x_wconf 87' lang='lat' dir='ltr'><strong>ejusdem</strong></span> <span class='ocrx_word' id='word_1_98' title='bbox 1139 1329 1387 1385; x_wconf 71' lang='lat' dir='ltr'><strong>ecclesia:</strong></span> <span class='ocrx_word' id='word_1_99' title='bbox 1437 1330 1619 1385; x_wconf 91' lang='lat' dir='ltr'><strong>locum</strong></span> <span class='ocrx_word' id='word_1_100' title='bbox 1675 1338 1930 1396; x_wconf 88' lang='lat' dir='ltr'><strong>teneant,</strong></span> <span class='ocrx_word' id='word_1_101' title='bbox 1982 1338 2078 1385; x_wconf 90' lang='lat' dir='ltr'><strong>aut</strong></span> 
     </span>
    </p>
   </div>
   <div class='ocr_carea' id='block_1_17' title="bbox 486 1422 2079 1494">
    <p class='ocr_par' dir='ltr' id='par_1_17' title="bbox 486 1422 2079 1494">
     <span class='ocr_line' id='line_1_17' title="bbox 486 1422 2079 1494; baseline 0 -16"><span class='ocrx_word' id='word_1_102' title='bbox 486 1423 904 1492; x_wconf 63' lang='lat' dir='ltr'><strong>praebendarum</strong></span> <span class='ocrx_word' id='word_1_103' title='bbox 943 1422 1168 1494; x_wconf 81' lang='lat' dir='ltr'><strong>aliquod</strong></span> <span class='ocrx_word' id='word_1_104' title='bbox 1221 1423 1477 1478; x_wconf 87' lang='lat' dir='ltr'><strong>solatium</strong></span> <span class='ocrx_word' id='word_1_105' title='bbox 1507 1438 1604 1480; x_wconf 88' lang='lat' dir='ltr'><strong>seu</strong></span> <span class='ocrx_word' id='word_1_106' title='bbox 1631 1439 1780 1494; x_wconf 88' lang='lat' dir='ltr'><strong>spem</strong></span> <span class='ocrx_word' id='word_1_107' title='bbox 1811 1422 1868 1478; x_wconf 91' lang='lat' dir='ltr'><strong>in</strong></span> <span class='ocrx_word' id='word_1_108' title='bbox 1897 1431 2079 1493; x_wconf 90' lang='lat' dir='ltr'><strong>poste-</strong></span> 
     </span>
    </p>
   </div>
   <div class='ocr_carea' id='block_1_18' title="bbox 487 1514 2078 1587">
    <p class='ocr_par' dir='ltr' id='par_1_18' title="bbox 487 1514 2078 1587">
     <span class='ocr_line' id='line_1_18' title="bbox 487 1514 2078 1587; baseline 0.001 -17"><span class='ocrx_word' id='word_1_109' title='bbox 487 1529 612 1570; x_wconf 89' lang='lat' dir='ltr'><strong>rum</strong></span> <span class='ocrx_word' id='word_1_110' title='bbox 643 1514 899 1571; x_wconf 79' lang='lat' dir='ltr'><strong>habeant.</strong></span> <span class='ocrx_word' id='word_1_111' title='bbox 934 1514 1042 1572; x_wconf 84' lang='lat' dir='ltr'><strong>Vos</strong></span> <span class='ocrx_word' id='word_1_112' title='bbox 1087 1516 1293 1587; x_wconf 87' lang='lat' dir='ltr'><strong>itaque,</strong></span> <span class='ocrx_word' id='word_1_113' title='bbox 1339 1515 1682 1572; x_wconf 82' lang='lat' dir='ltr'><strong>dilectissimi</strong></span> <span class='ocrx_word' id='word_1_114' title='bbox 1736 1515 1854 1584; x_wconf 83' lang='lat' dir='ltr'><strong>ﬁlii,</strong></span> <span class='ocrx_word' id='word_1_115' title='bbox 1886 1515 2078 1573; x_wconf 91' lang='lat' dir='ltr'><strong>admo-</strong></span> 
     </span>
    </p>
   </div>
   <div class='ocr_carea' id='block_1_19' title="bbox 487 1608 2079 1680">
    <p class='ocr_par' dir='ltr' id='par_1_19' title="bbox 487 1608 2079 1680">
     <span class='ocr_line' id='line_1_19' title="bbox 487 1608 2079 1680; baseline 0.003 -19"><span class='ocrx_word' id='word_1_116' title='bbox 487 1614 704 1674; x_wconf 81' lang='lat' dir='ltr'><strong>nemus,</strong></span> <span class='ocrx_word' id='word_1_117' title='bbox 735 1608 848 1664; x_wconf 91' lang='lat' dir='ltr'><strong>imo</strong></span> <span class='ocrx_word' id='word_1_118' title='bbox 894 1609 1191 1680; x_wconf 90' lang='lat' dir='ltr'><strong>apostolica</strong></span> <span class='ocrx_word' id='word_1_119' title='bbox 1239 1609 1563 1665; x_wconf 86' lang='lat' dir='ltr'><strong>auctoritate</strong></span> <span class='ocrx_word' id='word_1_120' title='bbox 1590 1608 1988 1678; x_wconf 87' lang='lat' dir='ltr'><strong>interdicimus,</strong></span> <span class='ocrx_word' id='word_1_121' title='bbox 2016 1620 2079 1666; x_wconf 91' lang='lat' dir='ltr'><strong>ut</strong></span> 
     </span>
    </p>
   </div>
   <div class='ocr_carea' id='block_1_20' title="bbox 488 1699 2081 1760">
    <p class='ocr_par' dir='ltr' id='par_1_20' title="bbox 488 1699 2081 1760">
     <span class='ocr_line' id='line_1_20' title="bbox 488 1699 2081 1760; baseline 0.003 -6"><span class='ocrx_word' id='word_1_122' title='bbox 488 1699 779 1758; x_wconf 89' lang='lat' dir='ltr'><strong>scelerosis</strong></span> <span class='ocrx_word' id='word_1_123' title='bbox 807 1701 1169 1758; x_wconf 66' lang='lat' dir='ltr'><strong>contumaciae</strong></span> <span class='ocrx_word' id='word_1_124' title='bbox 1211 1701 1426 1758; x_wconf 88' lang='lat' dir='ltr'><strong>actibus</strong></span> <span class='ocrx_word' id='word_1_125' title='bbox 1454 1717 1647 1758; x_wconf 89' lang='lat' dir='ltr'><strong>eorum</strong></span> <span class='ocrx_word' id='word_1_126' title='bbox 1685 1717 1794 1758; x_wconf 90' lang='lat' dir='ltr'><strong>non</strong></span> <span class='ocrx_word' id='word_1_127' title='bbox 1829 1718 2081 1760; x_wconf 90' lang='lat' dir='ltr'><strong>commu-</strong></span> 
     </span>
    </p>
   </div>
   <div class='ocr_carea' id='block_1_21' title="bbox 489 1792 2080 1864">
    <p class='ocr_par' dir='ltr' id='par_1_21' title="bbox 489 1792 2080 1864">
     <span class='ocr_line' id='line_1_21' title="bbox 489 1792 2080 1864; baseline 0.004 -18"><span class='ocrx_word' id='word_1_128' title='bbox 489 1792 704 1860; x_wconf 82' lang='lat' dir='ltr'><strong>nicetis,</strong></span> <span class='ocrx_word' id='word_1_129' title='bbox 746 1809 925 1864; x_wconf 86' lang='lat' dir='ltr'><strong>neque</strong></span> <span class='ocrx_word' id='word_1_130' title='bbox 971 1793 1262 1849; x_wconf 89' lang='lat' dir='ltr'><strong>consilium</strong></span> <span class='ocrx_word' id='word_1_131' title='bbox 1307 1803 1404 1848; x_wconf 90' lang='lat' dir='ltr'><strong>aut</strong></span> <span class='ocrx_word' id='word_1_132' title='bbox 1457 1793 1725 1849; x_wconf 82' lang='lat' dir='ltr'><strong>auxilium</strong></span> <span class='ocrx_word' id='word_1_133' title='bbox 1753 1803 1942 1851; x_wconf 88' lang='lat' dir='ltr'><strong>contra</strong></span> <span class='ocrx_word' id='word_1_134' title='bbox 1971 1795 2080 1853; x_wconf 92' lang='lat' dir='ltr'><strong>Do-</strong></span> 
     </span>
    </p>
   </div>
   <div class='ocr_carea' id='block_1_22' title="bbox 491 1885 2084 1956">
    <p class='ocr_par' dir='ltr' id='par_1_22' title="bbox 491 1885 2084 1956">
     <span class='ocr_line' id='line_1_22' title="bbox 491 1885 2084 1956; baseline 0.006 -18"><span class='ocrx_word' id='word_1_135' title='bbox 491 1885 702 1939; x_wconf 89' lang='lat' dir='ltr'><strong>minum</strong></span> <span class='ocrx_word' id='word_1_136' title='bbox 733 1885 1084 1956; x_wconf 81' lang='lat' dir='ltr'><strong>impendatis,</strong></span> <span class='ocrx_word' id='word_1_137' title='bbox 1123 1886 1218 1941; x_wconf 86' lang='lat' dir='ltr'><strong>sed</strong></span> <span class='ocrx_word' id='word_1_138' title='bbox 1273 1893 1333 1941; x_wconf 91' lang='lat' dir='ltr'><strong>ut</strong></span> <span class='ocrx_word' id='word_1_139' title='bbox 1357 1886 1462 1956; x_wconf 85' lang='lat' dir='ltr'><strong>ipsi</strong></span> <span class='ocrx_word' id='word_1_140' title='bbox 1491 1886 1644 1943; x_wconf 73' lang='lat' dir='ltr'><strong>illzesi</strong></span> <span class='ocrx_word' id='word_1_141' title='bbox 1673 1896 1729 1942; x_wconf 91' lang='lat' dir='ltr'><strong>et</strong></span> <span class='ocrx_word' id='word_1_142' title='bbox 1753 1890 2028 1946; x_wconf 91' lang='lat' dir='ltr'><strong>immunes</strong></span> <span class='ocrx_word' id='word_1_143' title='bbox 2052 1905 2084 1947; x_wconf 86' lang='lat' dir='ltr'><strong>a</strong></span> 
     </span>
    </p>
   </div>
   <div class='ocr_carea' id='block_1_23' title="bbox 491 1977 2086 2051">
    <p class='ocr_par' dir='ltr' id='par_1_23' title="bbox 491 1977 2086 2051">
     <span class='ocr_line' id='line_1_23' title="bbox 491 1977 2086 2051; baseline 0.007 -24"><span class='ocrx_word' id='word_1_144' title='bbox 491 1977 844 2032; x_wconf 82' lang='lat' dir='ltr'><strong>damnatione</strong></span> <span class='ocrx_word' id='word_1_145' title='bbox 872 1993 1063 2032; x_wconf 91' lang='lat' dir='ltr'><strong>eorum</strong></span> <span class='ocrx_word' id='word_1_146' title='bbox 1102 1979 1469 2048; x_wconf 89' lang='lat' dir='ltr'><strong>permaneatis</strong></span> <span class='ocrx_word' id='word_1_147' title='bbox 1504 1980 1690 2051; x_wconf 90' lang='lat' dir='ltr'><strong>illique</strong></span> <span class='ocrx_word' id='word_1_148' title='bbox 1721 1981 1788 2036; x_wconf 90' lang='lat' dir='ltr'><strong>ad</strong></span> <span class='ocrx_word' id='word_1_149' title='bbox 1815 1982 2086 2051; x_wconf 57' lang='lat' dir='ltr'><strong>paeniten-</strong></span> 
     </span>
    </p>
   </div>
   <div class='ocr_carea' id='block_1_24' title="bbox 494 2069 2088 2136">
    <p class='ocr_par' dir='ltr' id='par_1_24' title="bbox 494 2069 2088 2136">
     <span class='ocr_line' id='line_1_24' title="bbox 494 2069 2088 2136; baseline 0.006 -15"><span class='ocrx_word' id='word_1_150' title='bbox 494 2069 623 2124; x_wconf 89' lang='lat' dir='ltr'><strong>tiam</strong></span> <span class='ocrx_word' id='word_1_151' title='bbox 642 2069 1071 2136; x_wconf 84' lang='lat' dir='ltr'><strong>confundantur,</strong></span> <span class='ocrx_word' id='word_1_152' title='bbox 1125 2069 1266 2124; x_wconf 87' lang='lat' dir='ltr'><strong>infra</strong></span> <span class='ocrx_word' id='word_1_153' title='bbox 1319 2071 1587 2127; x_wconf 90' lang='lat' dir='ltr'><strong>ambitum</strong></span> <span class='ocrx_word' id='word_1_154' title='bbox 1627 2072 1865 2130; x_wconf 76' lang='lat' dir='ltr'><strong>civitatis</strong></span> <span class='ocrx_word' id='word_1_155' title='bbox 1892 2084 2088 2131; x_wconf 71' lang='lat' dir='ltr'><strong>vestrae</strong></span> 
     </span>
    </p>
   </div>
   <div class='ocr_carea' id='block_1_25' title="bbox 492 2161 2086 2237">
    <p class='ocr_par' dir='ltr' id='par_1_25' title="bbox 492 2161 2086 2237">
     <span class='ocr_line' id='line_1_25' title="bbox 492 2161 2086 2237; baseline 0.005 -23"><span class='ocrx_word' id='word_1_156' title='bbox 492 2175 588 2215; x_wconf 91' lang='lat' dir='ltr'><strong>eos</strong></span> <span class='ocrx_word' id='word_1_157' title='bbox 611 2161 928 2216; x_wconf 84' lang='lat' dir='ltr'><strong>cohabitare</strong></span> <span class='ocrx_word' id='word_1_158' title='bbox 959 2177 1067 2215; x_wconf 89' lang='lat' dir='ltr'><strong>non</strong></span> <span class='ocrx_word' id='word_1_159' title='bbox 1107 2161 1464 2231; x_wconf 90' lang='lat' dir='ltr'><strong>permittatis;</strong></span> <span class='ocrx_word' id='word_1_160' title='bbox 1497 2173 1552 2219; x_wconf 91' lang='lat' dir='ltr'><strong>et</strong></span> <span class='ocrx_word' id='word_1_161' title='bbox 1580 2173 1640 2220; x_wconf 89' lang='lat' dir='ltr'><strong>ut</strong></span> <span class='ocrx_word' id='word_1_162' title='bbox 1668 2173 1779 2221; x_wconf 90' lang='lat' dir='ltr'><strong>tota</strong></span> <span class='ocrx_word' id='word_1_163' title='bbox 1808 2166 2086 2237; x_wconf 75' lang='lat' dir='ltr'><strong>provincia</strong></span> 
     </span>
    </p>
   </div>
   <div class='ocr_carea' id='block_1_26' title="bbox 493 2254 2088 2330">
    <p class='ocr_par' dir='ltr' id='par_1_26' title="bbox 493 2254 2088 2330">
     <span class='ocr_line' id='line_1_26' title="bbox 493 2254 2088 2330; baseline 0.005 -23"><span class='ocrx_word' id='word_1_164' title='bbox 493 2268 685 2308; x_wconf 90' lang='lat' dir='ltr'><strong>eorum</strong></span> <span class='ocrx_word' id='word_1_165' title='bbox 737 2254 1026 2324; x_wconf 67' lang='lat' dir='ltr'><strong>prsesentia</strong></span> <span class='ocrx_word' id='word_1_166' title='bbox 1073 2263 1127 2309; x_wconf 91' lang='lat' dir='ltr'><strong>et</strong></span> <span class='ocrx_word' id='word_1_167' title='bbox 1172 2256 1496 2328; x_wconf 83' lang='lat' dir='ltr'><strong>contagione</strong></span> <span class='ocrx_word' id='word_1_168' title='bbox 1524 2257 1835 2327; x_wconf 71' lang='lat' dir='ltr'><strong>mandetur,</strong></span> <span class='ocrx_word' id='word_1_169' title='bbox 1867 2275 2088 2330; x_wconf 87' lang='lat' dir='ltr'><strong>operam</strong></span> 
     </span>
    </p>
   </div>
   <div class='ocr_carea' id='block_1_27' title="bbox 495 2343 2082 2423">
    <p class='ocr_par' dir='ltr' id='par_1_27' title="bbox 495 2343 2082 2423">
     <span class='ocr_line' id='line_1_27' title="bbox 495 2343 2082 2423; baseline 0.004 -24"><span class='ocrx_word' id='word_1_170' title='bbox 495 2345 652 2399; x_wconf 80' lang='lat' dir='ltr'><strong>detis.</strong></span> <span class='ocrx_word' id='word_1_171' title='bbox 687 2343 844 2412; x_wconf 77' lang='lat' dir='ltr'><strong>Quod</strong></span> <span class='ocrx_word' id='word_1_172' title='bbox 875 2345 982 2401; x_wconf 89' lang='lat' dir='ltr'><strong>nisi</strong></span> <span class='ocrx_word' id='word_1_173' title='bbox 1021 2345 1285 2413; x_wconf 81' lang='lat' dir='ltr'><strong>feceritis,</strong></span> <span class='ocrx_word' id='word_1_174' title='bbox 1309 2357 1363 2403; x_wconf 89' lang='lat' dir='ltr'><strong>et</strong></span> <span class='ocrx_word' id='word_1_175' title='bbox 1405 2364 1502 2404; x_wconf 84' lang='lat' dir='ltr'><strong>eos</strong></span> <span class='ocrx_word' id='word_1_176' title='bbox 1531 2350 1706 2422; x_wconf 84' lang='lat' dir='ltr'><strong>magis</strong></span> <span class='ocrx_word' id='word_1_177' title='bbox 1733 2367 1900 2422; x_wconf 89' lang='lat' dir='ltr'><strong>quam</strong></span> <span class='ocrx_word' id='word_1_178' title='bbox 1924 2352 2082 2423; x_wconf 90' lang='lat' dir='ltr'><strong>justi-</strong></span> 
     </span>
    </p>
   </div>
   <div class='ocr_carea' id='block_1_28' title="bbox 497 2439 2088 2512">
    <p class='ocr_par' dir='ltr' id='par_1_28' title="bbox 497 2439 2088 2512">
     <span class='ocr_line' id='line_1_28' title="bbox 497 2439 2088 2512; baseline 0.006 -21"><span class='ocrx_word' id='word_1_179' title='bbox 497 2439 631 2496; x_wconf 85' lang='lat' dir='ltr'><strong>tiam</strong></span> <span class='ocrx_word' id='word_1_180' title='bbox 685 2448 741 2494; x_wconf 92' lang='lat' dir='ltr'><strong>et</strong></span> <span class='ocrx_word' id='word_1_181' title='bbox 788 2439 1019 2495; x_wconf 86' lang='lat' dir='ltr'><strong>salutem</strong></span> <span class='ocrx_word' id='word_1_182' title='bbox 1051 2439 1360 2496; x_wconf 88' lang='lat' dir='ltr'><strong>animarum</strong></span> <span class='ocrx_word' id='word_1_183' title='bbox 1402 2452 1710 2498; x_wconf 88' lang='lat' dir='ltr'><strong>vestrarum</strong></span> <span class='ocrx_word' id='word_1_184' title='bbox 1766 2444 2088 2512; x_wconf 80' lang='lat' dir='ltr'><strong>dilexeritis,</strong></span> 
     </span>
    </p>
   </div>
   <div class='ocr_carea' id='block_1_29' title="bbox 498 2531 2088 2607">
    <p class='ocr_par' dir='ltr' id='par_1_29' title="bbox 498 2531 2088 2607">
     <span class='ocr_line' id='line_1_29' title="bbox 498 2531 2088 2607; baseline 0.004 -22"><span class='ocrx_word' id='word_1_185' title='bbox 498 2531 665 2586; x_wconf 84' lang='lat' dir='ltr'><strong>totius</strong></span> <span class='ocrx_word' id='word_1_186' title='bbox 691 2531 1276 2590; x_wconf 80' lang='lat' dir='ltr'><strong>exeommunicationis</strong></span> <span class='ocrx_word' id='word_1_187' title='bbox 1324 2549 1516 2590; x_wconf 90' lang='lat' dir='ltr'><strong>eorum</strong></span> <span class='ocrx_word' id='word_1_188' title='bbox 1559 2535 1617 2590; x_wconf 90' lang='lat' dir='ltr'><strong>in</strong></span> <span class='ocrx_word' id='word_1_189' title='bbox 1645 2551 1742 2592; x_wconf 86' lang='lat' dir='ltr'><strong>vos</strong></span> <span class='ocrx_word' id='word_1_190' title='bbox 1786 2537 2088 2607; x_wconf 87' lang='lat' dir='ltr'><strong>periculum</strong></span> 
     </span>
    </p>
   </div>
   <div class='ocr_carea' id='block_1_30' title="bbox 497 2623 2091 2697">
    <p class='ocr_par' dir='ltr' id='par_1_30' title="bbox 497 2623 2091 2697">
     <span class='ocr_line' id='line_1_30' title="bbox 497 2623 2091 2697; baseline 0.006 -21"><span class='ocrx_word' id='word_1_191' title='bbox 497 2623 792 2690; x_wconf 86' lang='lat' dir='ltr'><strong>inducetis,</strong></span> <span class='ocrx_word' id='word_1_192' title='bbox 825 2633 880 2679; x_wconf 89' lang='lat' dir='ltr'><strong>et</strong></span> <span class='ocrx_word' id='word_1_193' title='bbox 907 2625 1044 2679; x_wconf 90' lang='lat' dir='ltr'><strong>iram</strong></span> <span class='ocrx_word' id='word_1_194' title='bbox 1075 2623 1172 2680; x_wconf 94' lang='lat' dir='ltr'><strong>Dei</strong></span> <span class='ocrx_word' id='word_1_195' title='bbox 1201 2625 1258 2681; x_wconf 91' lang='lat' dir='ltr'><strong>in</strong></span> <span class='ocrx_word' id='word_1_196' title='bbox 1312 2629 1570 2697; x_wconf 64' lang='lat' dir='ltr'><strong>praesenti</strong></span> <span class='ocrx_word' id='word_1_197' title='bbox 1601 2638 1656 2684; x_wconf 89' lang='lat' dir='ltr'><strong>et</strong></span> <span class='ocrx_word' id='word_1_198' title='bbox 1683 2630 1738 2684; x_wconf 92' lang='lat' dir='ltr'><strong>in</strong></span> <span class='ocrx_word' id='word_1_199' title='bbox 1767 2628 1952 2684; x_wconf 87' lang='lat' dir='ltr'><strong>futura</strong></span> <span class='ocrx_word' id='word_1_200' title='bbox 1977 2629 2091 2686; x_wconf 87' lang='lat' dir='ltr'><strong>vita</strong></span> 
     </span>
    </p>
   </div>
   <div class='ocr_carea' id='block_1_31' title="bbox 498 2715 2092 2793">
    <p class='ocr_par' dir='ltr' id='par_1_31' title="bbox 498 2715 2092 2793">
     <span class='ocr_line' id='line_1_31' title="bbox 498 2715 2092 2793; baseline 0.003 -21"><span class='ocrx_word' id='word_1_201' title='bbox 498 2715 619 2772; x_wconf 87' lang='lat' dir='ltr'><strong>sine</strong></span> <span class='ocrx_word' id='word_1_202' title='bbox 645 2716 813 2772; x_wconf 82' lang='lat' dir='ltr'><strong>dubio</strong></span> <span class='ocrx_word' id='word_1_203' title='bbox 841 2717 1109 2785; x_wconf 87' lang='lat' dir='ltr'><strong>sentietis,</strong></span> <span class='ocrx_word' id='word_1_204' title='bbox 1140 2733 1237 2775; x_wconf 89' lang='lat' dir='ltr'><strong>eos</strong></span> <span class='ocrx_word' id='word_1_205' title='bbox 1264 2735 1394 2775; x_wconf 85' lang='lat' dir='ltr'><strong>vero</strong></span> <span class='ocrx_word' id='word_1_206' title='bbox 1421 2721 1519 2792; x_wconf 90' lang='lat' dir='ltr'><strong>qui</strong></span> <span class='ocrx_word' id='word_1_207' title='bbox 1550 2721 1679 2790; x_wconf 91' lang='lat' dir='ltr'><strong>illis,</strong></span> <span class='ocrx_word' id='word_1_208' title='bbox 1715 2737 1782 2778; x_wconf 93' lang='lat' dir='ltr'><strong>ne</strong></span> <span class='ocrx_word' id='word_1_209' title='bbox 1811 2721 1866 2776; x_wconf 93' lang='lat' dir='ltr'><strong>in</strong></span> <span class='ocrx_word' id='word_1_210' title='bbox 1894 2737 2092 2793; x_wconf 78' lang='lat' dir='ltr'><strong>super-</strong></span> 
     </span>
    </p>
   </div>
   <div class='ocr_carea' id='block_1_32' title="bbox 495 2808 2091 2881">
    <p class='ocr_par' dir='ltr' id='par_1_32' title="bbox 495 2808 2091 2881">
     <span class='ocr_line' id='line_1_32' title="bbox 495 2808 2091 2881; baseline 0.004 -18"><span class='ocrx_word' id='word_1_211' title='bbox 495 2808 584 2863; x_wconf 83' lang='lat' dir='ltr'><strong>hia</strong></span> <span class='ocrx_word' id='word_1_212' title='bbox 641 2824 739 2864; x_wconf 89' lang='lat' dir='ltr'><strong>sua</strong></span> <span class='ocrx_word' id='word_1_213' title='bbox 781 2822 1140 2880; x_wconf 86' lang='lat' dir='ltr'><strong>permaneant</strong></span> <span class='ocrx_word' id='word_1_214' title='bbox 1188 2821 1245 2867; x_wconf 90' lang='lat' dir='ltr'><strong>et</strong></span> <span class='ocrx_word' id='word_1_215' title='bbox 1283 2811 1718 2881; x_wconf 81' lang='lat' dir='ltr'><strong>confundantur,</strong></span> <span class='ocrx_word' id='word_1_216' title='bbox 1768 2813 2091 2881; x_wconf 82' lang='lat' dir='ltr'><strong>restiterim,</strong></span> 
     </span>
    </p>
   </div>
   <div class='ocr_carea' id='block_1_33' title="bbox 500 2901 2093 2978">
    <p class='ocr_par' dir='ltr' id='par_1_33' title="bbox 500 2901 2093 2978">
     <span class='ocr_line' id='line_1_33' title="bbox 500 2901 2093 2978; baseline 0.005 -24"><span class='ocrx_word' id='word_1_217' title='bbox 500 2901 672 2971; x_wconf 87' lang='lat' dir='ltr'><strong>gratia</strong></span> <span class='ocrx_word' id='word_1_218' title='bbox 709 2902 853 2957; x_wconf 84' lang='lat' dir='ltr'><strong>beati</strong></span> <span class='ocrx_word' id='word_1_219' title='bbox 882 2901 1029 2958; x_wconf 85' lang='lat' dir='ltr'><strong>Petri</strong></span> <span class='ocrx_word' id='word_1_220' title='bbox 1072 2905 1507 2962; x_wconf 88' lang='lat' dir='ltr'><strong>remunerandos</strong></span> <span class='ocrx_word' id='word_1_221' title='bbox 1553 2921 1844 2964; x_wconf 89' lang='lat' dir='ltr'><strong>censemus</strong></span> <span class='ocrx_word' id='word_1_222' title='bbox 1877 2916 1933 2964; x_wconf 88' lang='lat' dir='ltr'><strong>et</strong></span> <span class='ocrx_word' id='word_1_223' title='bbox 1962 2922 2093 2978; x_wconf 88' lang='lat' dir='ltr'><strong>pro-</strong></span> 
     </span>
    </p>
   </div>
   <div class='ocr_carea' id='block_1_34' title="bbox 501 2992 792 3050">
    <p class='ocr_par' dir='ltr' id='par_1_34' title="bbox 501 2992 792 3050">
     <span class='ocr_line' id='line_1_34' title="bbox 501 2992 792 3050; baseline 0.014 -4"><span class='ocrx_word' id='word_1_224' title='bbox 501 2992 792 3050; x_wconf 87' lang='lat' dir='ltr'><strong>mittimus.</strong></span> 
     </span>
    </p>
   </div>
   <div class='ocr_carea' id='block_1_35' title="bbox 574 3083 2088 3154">
    <p class='ocr_par' dir='ltr' id='par_1_35' title="bbox 574 3083 2088 3154">
     <span class='ocr_line' id='line_1_35' title="bbox 574 3083 2088 3154; baseline 0.007 -17"><span class='ocrx_word' id='word_1_225' title='bbox 574 3083 710 3142; x_wconf 87' lang='lat' dir='ltr'><strong>Data</strong></span> <span class='ocrx_word' id='word_1_226' title='bbox 740 3083 928 3144; x_wconf 68' lang='lat' dir='ltr'><strong>Romae</strong></span> <span class='ocrx_word' id='word_1_227' title='bbox 980 3087 1237 3145; x_wconf 80' lang='lat' dir='ltr'><strong>Kalendis</strong></span> <span class='ocrx_word' id='word_1_228' title='bbox 1265 3087 1538 3154; x_wconf 84' lang='lat' dir='ltr'><strong>Octobris,</strong></span> <span class='ocrx_word' id='word_1_229' title='bbox 1563 3091 1858 3149; x_wconf 88' lang='lat' dir='ltr'><strong>indictione</strong></span> <span class='ocrx_word' id='word_1_230' title='bbox 1910 3091 2088 3148; x_wconf 84' lang='lat' dir='ltr'><strong>tertia.</strong></span> 
     </span>
    </p>
   </div>
   <div class='ocr_carea' id='block_1_36' title="bbox 1069 3199 1525 3258">
    <p class='ocr_par' dir='ltr' id='par_1_36' title="bbox 1069 3199 1525 3258">
     <span class='ocr_line' id='line_1_36' title="bbox 1069 3199 1525 3258; baseline 0.007 -4"><span class='ocrx_word' id='word_1_231' title='bbox 1069 3199 1410 3256; x_wconf 83' lang='lat' dir='ltr'><strong>EPISTOLA</strong></span> <span class='ocrx_word' id='word_1_232' title='bbox 1437 3201 1525 3258; x_wconf 85' lang='grc'><strong>111.</strong></span> 
     </span>
    </p>
   </div>
   <div class='ocr_carea' id='block_1_37' title="bbox 1106 3309 1498 3350">
    <p class='ocr_par' dir='ltr' id='par_1_37' title="bbox 1106 3309 1498 3350">
     <span class='ocr_line' id='line_1_37' title="bbox 1106 3309 1498 3350; baseline 0.008 -3"><span class='ocrx_word' id='word_1_233' title='bbox 1106 3309 1174 3347; x_wconf 77' lang='grc' dir='ltr'><strong>ΔΙ)</strong></span> <span class='ocrx_word' id='word_1_234' title='bbox 1203 3309 1498 3350; x_wconf 58' lang='grc' dir='ltr'><strong>οειωλιηοε.</strong></span> 
     </span>
    </p>
   </div>
   <div class='ocr_carea' id='block_1_38' title="bbox 1108 3383 1501 3458">
    <p class='ocr_par' dir='ltr' id='par_1_38' title="bbox 1108 3383 1501 3458">
     <span class='ocr_line' id='line_1_38' title="bbox 1108 3383 1501 3458; baseline 0.008 -21"><span class='ocrx_word' id='word_1_235' title='bbox 1108 3383 1288 3456; x_wconf 79' lang='lat' dir='ltr'><strong>(Anno</strong></span> <span class='ocrx_word' id='word_1_236' title='bbox 1318 3385 1501 3458; x_wconf 82' lang='grc'><strong>1079.)</strong></span> 
     </span>
    </p>
   </div>
   <div class='ocr_carea' id='block_1_39' title="bbox 509 3464 2094 3554">
    <p class='ocr_par' dir='ltr' id='par_1_39' title="bbox 509 3464 2094 3554">
     <span class='ocr_line' id='line_1_39' title="bbox 509 3464 2094 3554; baseline 0.009 -29"><span class='ocrx_word' id='word_1_237' title='bbox 509 3464 744 3527; x_wconf 69' lang='lat' dir='ltr'><strong>Excusat</strong></span> <span class='ocrx_word' id='word_1_238' title='bbox 767 3489 827 3554; x_wconf 61' lang='lat' dir='ltr'><strong>se</strong></span> <span class='ocrx_word' id='word_1_239' title='bbox 841 3473 905 3554; x_wconf 72' lang='lat' dir='ltr'><strong>de</strong></span> <span class='ocrx_word' id='word_1_240' title='bbox 924 3475 1372 3554; x_wconf 61' lang='lat' dir='ltr'><strong>quibusdamsibi</strong></span> <span class='ocrx_word' id='word_1_241' title='bbox 1397 3478 1632 3548; x_wconf 73' lang='lat' dir='ltr'><strong>objectis,</strong></span> <span class='ocrx_word' id='word_1_242' title='bbox 1665 3481 1946 3554; x_wconf 12' lang='lat' dir='ltr'><strong>iuilegatos</strong></span> <span class='ocrx_word' id='word_1_243' title='bbox 1977 3485 2094 3540; x_wconf 59' lang='grc' dir='ltr'><strong>συιδ</strong></span> 
     </span>
    </p>
   </div>
   <div class='ocr_carea' id='block_1_40' title="bbox 576 3545 2093 3620">
    <p class='ocr_par' dir='ltr' id='par_1_40' title="bbox 576 3545 2093 3620">
     <span class='ocr_line' id='line_1_40' title="bbox 576 3545 2093 3620; baseline 0.009 -24"><span class='ocrx_word' id='word_1_244' title='bbox 576 3560 699 3614; x_wconf 84' lang='lat' dir='ltr'><strong>pom</strong></span> <span class='ocrx_word' id='word_1_245' title='bbox 729 3545 993 3620; x_wconf 69' lang='lat' dir='ltr'><strong>reﬁciens,</strong></span> <span class='ocrx_word' id='word_1_246' title='bbox 1040 3548 1088 3600; x_wconf 75' lang='lat' dir='ltr'><strong>si</strong></span> <span class='ocrx_word' id='word_1_247' title='bbox 1133 3548 1262 3620; x_wconf 77' lang='lat' dir='ltr'><strong>quid</strong></span> <span class='ocrx_word' id='word_1_248' title='bbox 1299 3545 1486 3602; x_wconf 67' lang='lat' dir='ltr'><strong>contra</strong></span> <span class='ocrx_word' id='word_1_249' title='bbox 1513 3545 1818 3620; x_wconf 54' lang='lat' dir='ltr'><strong>apostolici</strong></span> <span class='ocrx_word' id='word_1_250' title='bbox 1837 3555 2093 3610; x_wconf 84' lang='lat' dir='ltr'><strong>mandata</strong></span> 
     </span>
    </p>
   </div>
   <div class='ocr_carea' id='block_1_41' title="bbox 579 3615 2096 3693">
    <p class='ocr_par' dir='ltr' id='par_1_41' title="bbox 579 3615 2096 3693">
     <span class='ocr_line' id='line_1_41' title="bbox 579 3615 2096 3693; baseline 0.009 -26"><span class='ocrx_word' id='word_1_251' title='bbox 579 3623 672 3693; x_wconf 68' lang='lat' dir='ltr'><strong>qut</strong></span> <span class='ocrx_word' id='word_1_252' title='bbox 703 3615 750 3669; x_wconf 85' lang='lat' dir='ltr'><strong>vi</strong></span> <span class='ocrx_word' id='word_1_253' title='bbox 775 3626 866 3670; x_wconf 82' lang='lat' dir='ltr'><strong>aut</strong></span> <span class='ocrx_word' id='word_1_254' title='bbox 895 3617 1017 3671; x_wconf 87' lang='lat' dir='ltr'><strong>dolo</strong></span> <span class='ocrx_word' id='word_1_255' title='bbox 1043 3615 1266 3690; x_wconf 75' lang='lat' dir='ltr'><strong>egerint,</strong></span> <span class='ocrx_word' id='word_1_256' title='bbox 1305 3635 1492 3691; x_wconf 77' lang='lat' dir='ltr'><strong>eosque</strong></span> <span class='ocrx_word' id='word_1_257' title='bbox 1535 3615 1606 3675; x_wconf 68' lang='lat' dir='ltr'><strong>ad</strong></span> <span class='ocrx_word' id='word_1_258' title='bbox 1651 3627 2096 3693; x_wconf 77' lang='lat' dir='ltr'><strong>perseverantiam</strong></span> 
     </span>
    </p>
   </div>
   <div class='ocr_carea' id='block_1_42' title="bbox 579 3684 844 3740">
    <p class='ocr_par' dir='ltr' id='par_1_42' title="bbox 579 3684 844 3740">
     <span class='ocr_line' id='line_1_42' title="bbox 579 3684 844 3740; baseline 0.008 -3"><span class='ocrx_word' id='word_1_259' title='bbox 579 3684 844 3740; x_wconf 75' lang='lat' dir='ltr'><strong>hortatur.</strong></span> 
     </span>
    </p>
   </div>
   <div class='ocr_carea' id='block_1_43' title="bbox 579 3797 2098 3878">
    <p class='ocr_par' dir='ltr' id='par_1_43' title="bbox 579 3797 2098 3878">
     <span class='ocr_line' id='line_1_43' title="bbox 579 3797 2098 3878; baseline 0.011 -26"><span class='ocrx_word' id='word_1_260' title='bbox 579 3797 888 3857; x_wconf 73' lang='lat' dir='ltr'><strong>GREGORIUS</strong></span> <span class='ocrx_word' id='word_1_261' title='bbox 912 3802 1224 3875; x_wconf 88' lang='lat' dir='ltr'><strong>episcopus,</strong></span> <span class='ocrx_word' id='word_1_262' title='bbox 1255 3820 1449 3862; x_wconf 83' lang='lat' dir='ltr'><strong>servus</strong></span> <span class='ocrx_word' id='word_1_263' title='bbox 1477 3822 1764 3865; x_wconf 85' lang='lat' dir='ltr'><strong>servorum</strong></span> <span class='ocrx_word' id='word_1_264' title='bbox 1811 3811 1930 3878; x_wconf 88' lang='lat' dir='ltr'><strong>Dei,</strong></span> <span class='ocrx_word' id='word_1_265' title='bbox 1979 3829 2098 3869; x_wconf 90' lang='lat' dir='ltr'><strong>om-</strong></span> 
     </span>
    </p>
   </div>
   <div class='ocr_carea' id='block_1_44' title="bbox 511 3889 2100 3978">
    <p class='ocr_par' dir='ltr' id='par_1_44' title="bbox 511 3889 2100 3978">
     <span class='ocr_line' id='line_1_44' title="bbox 511 3889 2100 3978; baseline 0.011 -34"><span class='ocrx_word' id='word_1_266' title='bbox 511 3889 676 3948; x_wconf 88' lang='lat' dir='ltr'><strong>nibus</strong></span> <span class='ocrx_word' id='word_1_267' title='bbox 733 3891 989 3951; x_wconf 84' lang='lat' dir='ltr'><strong>tidelibus</strong></span> <span class='ocrx_word' id='word_1_268' title='bbox 1043 3897 1218 3953; x_wconf 84' lang='lat' dir='ltr'><strong>sancti</strong></span> <span class='ocrx_word' id='word_1_269' title='bbox 1261 3897 1408 3954; x_wconf 87' lang='lat' dir='ltr'><strong>Petri</strong></span> <span class='ocrx_word' id='word_1_270' title='bbox 1468 3899 1524 3955; x_wconf 91' lang='lat' dir='ltr'><strong>in</strong></span> <span class='ocrx_word' id='word_1_271' title='bbox 1579 3899 1878 3960; x_wconf 86' lang='lat' dir='ltr'><strong>Teutonico</strong></span> <span class='ocrx_word' id='word_1_272' title='bbox 1930 3919 2100 3978; x_wconf 82' lang='lat' dir='ltr'><strong>regno</strong></span> 
     </span>
    </p>
   </div>
   <div class='ocr_carea' id='block_1_45' title="bbox 510 3986 2098 4063">
    <p class='ocr_par' dir='ltr' id='par_1_45' title="bbox 510 3986 2098 4063">
     <span class='ocr_line' id='line_1_45' title="bbox 510 3986 2098 4063; baseline 0.012 -26"><span class='ocrx_word' id='word_1_273' title='bbox 510 3986 982 4045; x_wconf 87' lang='lat' dir='ltr'><strong>commorantibus</strong></span> <span class='ocrx_word' id='word_1_274' title='bbox 1008 3991 1260 4062; x_wconf 46' lang='lat' dir='ltr'><strong>.salutem</strong></span> <span class='ocrx_word' id='word_1_275' title='bbox 1289 3999 1344 4048; x_wconf 90' lang='lat' dir='ltr'><strong>et</strong></span> <span class='ocrx_word' id='word_1_276' title='bbox 1379 3993 1732 4063; x_wconf 81' lang='lat' dir='ltr'><strong>apostolicam</strong></span> <span class='ocrx_word' id='word_1_277' title='bbox 1761 3995 2098 4056; x_wconf 80' lang='lat' dir='ltr'><strong>benedictio-</strong></span> 
     </span>
    </p>
   </div>
   <div class='ocr_carea' id='block_1_46' title="bbox 512 4091 662 4132">
    <p class='ocr_par' dir='ltr' id='par_1_46' title="bbox 512 4091 662 4132">
     <span class='ocr_line' id='line_1_46' title="bbox 512 4091 662 4132; baseline 0 0"><span class='ocrx_word' id='word_1_278' title='bbox 512 4091 662 4132; x_wconf 87' lang='lat' dir='ltr'><strong>nem.</strong></span> 
     </span>
    </p>
   </div>
   <div class='ocr_carea' id='block_1_47' title="bbox 585 4168 2101 4247">
    <p class='ocr_par' dir='ltr' id='par_1_47' title="bbox 585 4168 2101 4247">
     <span class='ocr_line' id='line_1_47' title="bbox 585 4168 2101 4247; baseline 0.012 -24"><span class='ocrx_word' id='word_1_279' title='bbox 585 4168 838 4228; x_wconf 78' lang='lat' dir='ltr'><strong>Pervenit</strong></span> <span class='ocrx_word' id='word_1_280' title='bbox 859 4173 928 4228; x_wconf 90' lang='lat' dir='ltr'><strong>ad</strong></span> <span class='ocrx_word' id='word_1_281' title='bbox 953 4189 1058 4232; x_wconf 88' lang='lat' dir='ltr'><strong>nos</strong></span> <span class='ocrx_word' id='word_1_282' title='bbox 1081 4175 1229 4245; x_wconf 85' lang='lat' dir='ltr'><strong>quod</strong></span> <span class='ocrx_word' id='word_1_283' title='bbox 1259 4177 1482 4247; x_wconf 88' lang='lat' dir='ltr'><strong>quidam</strong></span> <span class='ocrx_word' id='word_1_284' title='bbox 1511 4193 1579 4234; x_wconf 80' lang='lat' dir='ltr'><strong>ex</strong></span> <span class='ocrx_word' id='word_1_285' title='bbox 1606 4181 1762 4237; x_wconf 78' lang='lat' dir='ltr'><strong>vobis</strong></span> <span class='ocrx_word' id='word_1_286' title='bbox 1787 4182 1857 4238; x_wconf 91' lang='lat' dir='ltr'><strong>de</strong></span> <span class='ocrx_word' id='word_1_287' title='bbox 1882 4197 1971 4240; x_wconf 89' lang='lat' dir='ltr'><strong>me</strong></span> <span class='ocrx_word' id='word_1_288' title='bbox 1997 4184 2101 4240; x_wconf 78' lang='lat' dir='ltr'><strong>du-</strong></span> 
     </span>
    </p>
   </div>
   <div class='ocr_carea' id='block_1_48' title="bbox 514 4259 2102 4334">
    <p class='ocr_par' dir='ltr' id='par_1_48' title="bbox 514 4259 2102 4334">
     <span class='ocr_line' id='line_1_48' title="bbox 514 4259 2102 4334; baseline 0.011 -20"><span class='ocrx_word' id='word_1_289' title='bbox 514 4259 710 4329; x_wconf 90' lang='lat' dir='ltr'><strong>bitant,</strong></span> <span class='ocrx_word' id='word_1_290' title='bbox 739 4272 1000 4334; x_wconf 88' lang='lat' dir='ltr'><strong>tanquam</strong></span> <span class='ocrx_word' id='word_1_291' title='bbox 1040 4265 1098 4322; x_wconf 87' lang='lat' dir='ltr'><strong>iu</strong></span> <span class='ocrx_word' id='word_1_292' title='bbox 1138 4267 1366 4322; x_wconf 86' lang='lat' dir='ltr'><strong>instanti</strong></span> <span class='ocrx_word' id='word_1_293' title='bbox 1421 4271 1586 4326; x_wconf 87' lang='lat' dir='ltr'><strong>modo</strong></span> <span class='ocrx_word' id='word_1_294' title='bbox 1614 4274 1940 4330; x_wconf 86' lang='lat' dir='ltr'><strong>necessitate</strong></span> <span class='ocrx_word' id='word_1_295' title='bbox 1965 4289 2102 4332; x_wconf 87' lang='lat' dir='ltr'><strong>usus</strong></span> 
     </span>
    </p>
   </div>
   <div class='ocr_carea' id='block_1_49' title="bbox 517 4355 1359 4427">
    <p class='ocr_par' dir='ltr' id='par_1_49' title="bbox 517 4355 1359 4427">
     <span class='ocr_line' id='line_1_49' title="bbox 517 4355 1359 4427; baseline 0.01 -18"><span class='ocrx_word' id='word_1_296' title='bbox 517 4355 620 4411; x_wconf 88' lang='lat' dir='ltr'><strong>sim</strong></span> <span class='ocrx_word' id='word_1_297' title='bbox 661 4357 912 4412; x_wconf 67' lang='lat' dir='ltr'><strong>saeculari</strong></span> <span class='ocrx_word' id='word_1_298' title='bbox 958 4357 1195 4414; x_wconf 83' lang='lat' dir='ltr'><strong>levitate.</strong></span> <span class='ocrx_word' id='word_1_299' title='bbox 1237 4359 1359 4427; x_wconf 87' lang='lat' dir='ltr'><strong>Qua</strong></span> 
     </span>
    </p>
   </div>
   <div class='ocr_carea' id='block_1_50' title="bbox 516 4451 2102 4532">
    <p class='ocr_par' dir='ltr' id='par_1_50' title="bbox 516 4451 2102 4532">
     <span class='ocr_line' id='line_1_50' title="bbox 516 4451 2102 4532; baseline 0.011 -29"><span class='ocrx_word' id='word_1_300' title='bbox 516 4454 762 4504; x_wconf 68' lang='lat' dir='ltr'><strong>Vestrum</strong></span> <span class='ocrx_word' id='word_1_301' title='bbox 793 4459 988 4520; x_wconf 67' lang='lat' dir='ltr'><strong>prater</strong></span> <span class='ocrx_word' id='word_1_302' title='bbox 1016 4451 1332 4508; x_wconf 87' lang='lat' dir='ltr'><strong>instantiam</strong></span> <span class='ocrx_word' id='word_1_303' title='bbox 1362 4456 1673 4524; x_wconf 69' lang='lat' dir='ltr'><strong>praaliorum</strong></span> <span class='ocrx_word' id='word_1_304' title='bbox 1721 4461 1960 4532; x_wconf 87' lang='lat' dir='ltr'><strong>majores</strong></span> <span class='ocrx_word' id='word_1_305' title='bbox 2011 4475 2102 4520; x_wconf 89' lang='lat' dir='ltr'><strong>me</strong></span> 
     </span>
    </p>
   </div>
   <div class='ocr_carea' id='block_1_51' title="bbox 518 4541 2105 4625">
    <p class='ocr_par' dir='ltr' id='par_1_51' title="bbox 518 4541 2105 4625">
     <span class='ocr_line' id='line_1_51' title="bbox 518 4541 2105 4625; baseline 0.011 -32"><span class='ocrx_word' id='word_1_306' title='bbox 518 4548 576 4593; x_wconf 87' lang='lat' dir='ltr'><strong>et</strong></span> <span class='ocrx_word' id='word_1_307' title='bbox 598 4541 802 4609; x_wconf 89' lang='lat' dir='ltr'><strong>patitur</strong></span> <span class='ocrx_word' id='word_1_308' title='bbox 847 4541 1131 4614; x_wconf 76' lang='lat' dir='ltr'><strong>angustias</strong></span> <span class='ocrx_word' id='word_1_309' title='bbox 1180 4552 1236 4598; x_wconf 87' lang='lat' dir='ltr'><strong>ct</strong></span> <span class='ocrx_word' id='word_1_310' title='bbox 1275 4544 1469 4601; x_wconf 78' lang='lat' dir='ltr'><strong>sutfert</strong></span> <span class='ocrx_word' id='word_1_311' title='bbox 1521 4547 1774 4618; x_wconf 46' lang='lat' dir='ltr'><strong>injurias.</strong></span> <span class='ocrx_word' id='word_1_312' title='bbox 1821 4550 2105 4625; x_wconf 83' lang='lat' dir='ltr'><strong>Quotquot</strong></span> 
     </span>
    </p>
   </div>
   <div class='ocr_carea' id='block_1_52' title="bbox 519 4630 2106 4714">
    <p class='ocr_par' dir='ltr' id='par_1_52' title="bbox 519 4630 2106 4714">
     <span class='ocr_line' id='line_1_52' title="bbox 519 4630 2106 4714; baseline 0.011 -30"><span class='ocrx_word' id='word_1_313' title='bbox 519 4630 667 4686; x_wconf 90' lang='lat' dir='ltr'><strong>enim</strong></span> <span class='ocrx_word' id='word_1_314' title='bbox 685 4630 874 4688; x_wconf 80' lang='lat' dir='ltr'><strong>Latini</strong></span> <span class='ocrx_word' id='word_1_315' title='bbox 899 4641 1048 4702; x_wconf 88' lang='lat' dir='ltr'><strong>sunt,</strong></span> <span class='ocrx_word' id='word_1_316' title='bbox 1076 4649 1270 4692; x_wconf 88' lang='lat' dir='ltr'><strong>omnes</strong></span> <span class='ocrx_word' id='word_1_317' title='bbox 1285 4652 1510 4694; x_wconf 87' lang='lat' dir='ltr'><strong>causam</strong></span> <span class='ocrx_word' id='word_1_318' title='bbox 1533 4637 1754 4698; x_wconf 87' lang='lat' dir='ltr'><strong>Henrici</strong></span> <span class='ocrx_word' id='word_1_319' title='bbox 1787 4653 1987 4714; x_wconf 62' lang='lat' dir='ltr'><strong>praeter</strong></span> <span class='ocrx_word' id='word_1_320' title='bbox 2012 4646 2106 4702; x_wconf 81' lang='lat' dir='ltr'><strong>ad-</strong></span> 
     </span>
    </p>
   </div>
   <div class='ocr_carea' id='block_1_53' title="bbox 521 4723 2105 4807">
    <p class='ocr_par' dir='ltr' id='par_1_53' title="bbox 521 4723 2105 4807">
     <span class='ocr_line' id='line_1_53' title="bbox 521 4723 2105 4807; baseline 0.012 -31"><span class='ocrx_word' id='word_1_321' title='bbox 521 4723 748 4778; x_wconf 85' lang='lat' dir='ltr'><strong>modum</strong></span> <span class='ocrx_word' id='word_1_322' title='bbox 781 4740 986 4794; x_wconf 89' lang='lat' dir='ltr'><strong>paucos</strong></span> <span class='ocrx_word' id='word_1_323' title='bbox 1033 4727 1262 4784; x_wconf 89' lang='lat' dir='ltr'><strong>laudant</strong></span> <span class='ocrx_word' id='word_1_324' title='bbox 1287 4745 1353 4785; x_wconf 87' lang='lat' dir='ltr'><strong>ac</strong></span> <span class='ocrx_word' id='word_1_325' title='bbox 1389 4728 1708 4803; x_wconf 81' lang='lat' dir='ltr'><strong>defendunt,</strong></span> <span class='ocrx_word' id='word_1_326' title='bbox 1737 4743 1796 4792; x_wconf 84' lang='lat' dir='ltr'><strong>et</strong></span> <span class='ocrx_word' id='word_1_327' title='bbox 1821 4738 2105 4807; x_wconf 74' lang='lat' dir='ltr'><strong>pet-nimia:</strong></span> 
     </span>
    </p>
   </div>
   <div class='ocr_carea' id='block_1_54' title="bbox 521 4813 2108 4899">
    <p class='ocr_par' dir='ltr' id='par_1_54' title="bbox 521 4813 2108 4899">
     <span class='ocr_line' id='line_1_54' title="bbox 521 4813 2108 4899; baseline 0.013 -31"><span class='ocrx_word' id='word_1_328' title='bbox 521 4813 735 4870; x_wconf 73' lang='lat' dir='ltr'><strong>duritia:</strong></span> <span class='ocrx_word' id='word_1_329' title='bbox 755 4830 819 4870; x_wconf 90' lang='lat' dir='ltr'><strong>ac</strong></span> <span class='ocrx_word' id='word_1_330' title='bbox 843 4816 1136 4886; x_wconf 84' lang='lat' dir='ltr'><strong>impietatis</strong></span> <span class='ocrx_word' id='word_1_331' title='bbox 1162 4820 1308 4878; x_wconf 89' lang='lat' dir='ltr'><strong>circa</strong></span> <span class='ocrx_word' id='word_1_332' title='bbox 1332 4838 1458 4879; x_wconf 90' lang='lat' dir='ltr'><strong>eum</strong></span> <span class='ocrx_word' id='word_1_333' title='bbox 1487 4841 1576 4880; x_wconf 90' lang='lat' dir='ltr'><strong>me</strong></span> <span class='ocrx_word' id='word_1_334' title='bbox 1591 4827 1940 4899; x_wconf 71' lang='lat' dir='ltr'><strong>redarguunt.</strong></span> <span class='ocrx_word' id='word_1_335' title='bbox 1973 4831 2108 4898; x_wconf 83' lang='lat' dir='ltr'><strong>Qui-</strong></span> 
     </span>
    </p>
   </div>
   <div class='ocr_carea' id='block_1_55' title="bbox 524 4904 2107 4991">
    <p class='ocr_par' dir='ltr' id='par_1_55' title="bbox 524 4904 2107 4991">
     <span class='ocr_line' id='line_1_55' title="bbox 524 4904 2107 4991; baseline 0.013 -31"><span class='ocrx_word' id='word_1_336' title='bbox 524 4905 628 4962; x_wconf 90' lang='lat' dir='ltr'><strong>bus</strong></span> <span class='ocrx_word' id='word_1_337' title='bbox 655 4904 750 4962; x_wconf 89' lang='lat' dir='ltr'><strong>Dei</strong></span> <span class='ocrx_word' id='word_1_338' title='bbox 773 4907 956 4978; x_wconf 42' lang='lat' dir='ltr'><strong>gratia.</strong></span> <span class='ocrx_word' id='word_1_339' title='bbox 969 4911 1225 4969; x_wconf 89' lang='lat' dir='ltr'><strong>omnibus</strong></span> <span class='ocrx_word' id='word_1_340' title='bbox 1251 4914 1332 4971; x_wconf 90' lang='lat' dir='ltr'><strong>sic</strong></span> <span class='ocrx_word' id='word_1_341' title='bbox 1359 4917 1666 4976; x_wconf 86' lang='lat' dir='ltr'><strong>restitimus</strong></span> <span class='ocrx_word' id='word_1_342' title='bbox 1714 4921 2000 4991; x_wconf 84' lang='lat' dir='ltr'><strong>hactenus,</strong></span> <span class='ocrx_word' id='word_1_343' title='bbox 2047 4933 2107 4982; x_wconf 90' lang='lat' dir='ltr'><strong>ut</strong></span> 
     </span>
    </p>
   </div>
   <div class='ocr_carea' id='block_1_56' title="bbox 524 4997 2106 5085">
    <p class='ocr_par' dir='ltr' id='par_1_56' title="bbox 524 4997 2106 5085">
     <span class='ocr_line' id='line_1_56' title="bbox 524 4997 2106 5085; baseline 0.013 -33"><span class='ocrx_word' id='word_1_344' title='bbox 524 4997 580 5052; x_wconf 90' lang='lat' dir='ltr'><strong>in</strong></span> <span class='ocrx_word' id='word_1_345' title='bbox 617 5006 867 5054; x_wconf 86' lang='lat' dir='ltr'><strong>neutram</strong></span> <span class='ocrx_word' id='word_1_346' title='bbox 898 5001 1076 5058; x_wconf 84' lang='lat' dir='ltr'><strong>adhuc</strong></span> <span class='ocrx_word' id='word_1_347' title='bbox 1100 5014 1332 5074; x_wconf 84' lang='lat' dir='ltr'><strong>partem,</strong></span> <span class='ocrx_word' id='word_1_348' title='bbox 1357 5010 1462 5066; x_wconf 90' lang='lat' dir='ltr'><strong>nisi</strong></span> <span class='ocrx_word' id='word_1_349' title='bbox 1492 5013 1797 5069; x_wconf 85' lang='lat' dir='ltr'><strong>secundum</strong></span> <span class='ocrx_word' id='word_1_350' title='bbox 1831 5015 2106 5085; x_wconf 84' lang='lat' dir='ltr'><strong>justitiam</strong></span> 
     </span>
    </p>
   </div>
   <div class='ocr_carea' id='block_1_57' title="bbox 523 5091 2102 5166">
    <p class='ocr_par' dir='ltr' id='par_1_57' title="bbox 523 5091 2102 5166">
     <span class='ocr_line' id='line_1_57' title="bbox 523 5091 2102 5166; baseline 0.017 -26"><span class='ocrx_word' id='word_1_351' title='bbox 523 5098 580 5146; x_wconf 82' lang='lat' dir='ltr'><strong>et</strong></span> <span class='ocrx_word' id='word_1_352' title='bbox 606 5091 944 5160; x_wconf 75' lang='lat' dir='ltr'><strong>aequitatem,</strong></span> <span class='ocrx_word' id='word_1_353' title='bbox 995 5097 1294 5154; x_wconf 66' lang='lat' dir='ltr'><strong>secundum</strong></span> <span class='ocrx_word' id='word_1_354' title='bbox 1331 5111 1582 5160; x_wconf 87' lang='lat' dir='ltr'><strong>nostrum</strong></span> <span class='ocrx_word' id='word_1_355' title='bbox 1641 5106 1975 5164; x_wconf 79' lang='lat' dir='ltr'><strong>intellectum</strong></span> <span class='ocrx_word' id='word_1_356' title='bbox 2005 5109 2102 5166; x_wconf 87' lang='lat' dir='ltr'><strong>de-</strong></span> 
     </span>
    </p>
   </div>
   <div class='ocr_carea' id='block_1_58' title="bbox 524 5181 2104 5274">
    <p class='ocr_par' dir='ltr' id='par_1_58' title="bbox 524 5181 2104 5274">
     <span class='ocr_line' id='line_1_58' title="bbox 524 5181 2104 5274; baseline 0.014 -36"><span class='ocrx_word' id='word_1_357' title='bbox 524 5181 1033 5274; x_wconf 76' lang='lat' dir='ltr'><strong>clinaremus.Nam</strong></span> <span class='ocrx_word' id='word_1_358' title='bbox 1065 5187 1111 5240; x_wconf 90' lang='lat' dir='ltr'><strong>si</strong></span> <span class='ocrx_word' id='word_1_359' title='bbox 1132 5187 1291 5260; x_wconf 78' lang='lat' dir='ltr'><strong>legati</strong></span> <span class='ocrx_word' id='word_1_360' title='bbox 1311 5196 1484 5250; x_wconf 87' lang='lat' dir='ltr'><strong>nostri</strong></span> <span class='ocrx_word' id='word_1_361' title='bbox 1513 5198 1718 5269; x_wconf 81' lang='lat' dir='ltr'><strong>aliquid</strong></span> <span class='ocrx_word' id='word_1_362' title='bbox 1742 5209 1932 5257; x_wconf 75' lang='lat' dir='ltr'><strong>contra</strong></span> <span class='ocrx_word' id='word_1_363' title='bbox 1959 5203 2104 5274; x_wconf 83' lang='lat' dir='ltr'><strong>quod</strong></span> 
     </span>
    </p>
   </div>
   <div class='ocr_carea' id='block_1_59' title="bbox 528 5277 2104 5364">
    <p class='ocr_par' dir='ltr' id='par_1_59' title="bbox 528 5277 2104 5364">
     <span class='ocr_line' id='line_1_59' title="bbox 528 5277 2104 5364; baseline 0.015 -35"><span class='ocrx_word' id='word_1_364' title='bbox 528 5277 636 5334; x_wconf 86' lang='lat' dir='ltr'><strong>illis</strong></span> <span class='ocrx_word' id='word_1_365' title='bbox 658 5277 1026 5345; x_wconf 82' lang='lat' dir='ltr'><strong>imposuimus</strong></span> <span class='ocrx_word' id='word_1_366' title='bbox 1056 5290 1310 5348; x_wconf 80' lang='lat' dir='ltr'><strong>egerunt,</strong></span> <span class='ocrx_word' id='word_1_367' title='bbox 1337 5284 1586 5346; x_wconf 89' lang='lat' dir='ltr'><strong>dolemus</strong></span> <span class='ocrx_word' id='word_1_368' title='bbox 1611 5309 1625 5346; x_wconf 90' lang='lat'><strong>:</strong></span> <span class='ocrx_word' id='word_1_369' title='bbox 1651 5294 2104 5364; x_wconf 76' lang='lat' dir='ltr'><strong>quodipsitam‘en</strong></span> 
     </span>
    </p>
   </div>
   <div class='ocr_carea' id='block_1_60' title="bbox 533 5368 1219 5390">
    <p class='ocr_par' dir='ltr' id='par_1_60' title="bbox 533 5368 1219 5390">
     <span class='ocr_line' id='line_1_60' title="bbox 533 5368 1219 5390; baseline 0 0"><span class='ocrx_word' id='word_1_370' title='bbox 533 5369 692 5390; x_wconf 62' lang='lat'><strong>1-2-“:</strong></span> <span class='ocrx_word' id='word_1_371' title='bbox 741 5368 1126 5390; x_wconf 58' lang='grc' dir='ltr'><strong>,Α......-..ζ..--.-κ</strong></span> <span class='ocrx_word' id='word_1_372' title='bbox 1167 5377 1219 5390; x_wconf 73' lang='grc' dir='ltr'><strong>ι--</strong></span> 
     </span>
    </p>
   </div>
   <div class='ocr_carea' id='block_1_61' title="bbox 2113 415 3748 502">
    <p class='ocr_par' dir='ltr' id='par_1_61' title="bbox 2113 415 3748 502">
     <span class='ocr_line' id='line_1_61' title="bbox 2113 415 3748 502; baseline 0.001 -33"><span class='ocrx_word' id='word_1_373' title='bbox 2113 489 2128 502; x_wconf 73' lang='lat'><em>_</em></span> <span class='ocrx_word' id='word_1_374' title='bbox 2171 425 2336 486; x_wconf 86' lang='lat' dir='ltr'><strong>atque</strong></span> <span class='ocrx_word' id='word_1_375' title='bbox 2359 415 2682 486; x_wconf 66' lang='lat' dir='ltr'><strong>ut;in:sedes</strong></span> <span class='ocrx_word' id='word_1_376' title='bbox 2706 431 2834 470; x_wconf 88' lang='lat' dir='ltr'><strong>suas</strong></span> <span class='ocrx_word' id='word_1_377' title='bbox 2853 415 3140 485; x_wconf 89' lang='lat' dir='ltr'><strong>episcopos</strong></span> <span class='ocrx_word' id='word_1_378' title='bbox 3157 415 3535 482; x_wconf 79' lang='lat' dir='ltr'><strong>restituerent,</strong></span> <span class='ocrx_word' id='word_1_379' title='bbox 3555 422 3611 470; x_wconf 89' lang='lat' dir='ltr'><strong>et</strong></span> <span class='ocrx_word' id='word_1_380' title='bbox 3631 416 3748 471; x_wconf 82' lang='lat' dir='ltr'><strong>abs-</strong></span> 
     </span>
    </p>
   </div>
   <div class='ocr_carea' id='block_1_62' title="bbox 2171 505 3750 578">
    <p class='ocr_par' dir='ltr' id='par_1_62' title="bbox 2171 505 3750 578">
     <span class='ocr_line' id='line_1_62' title="bbox 2171 505 3750 578; baseline 0.001 -17"><span class='ocrx_word' id='word_1_381' title='bbox 2171 507 2345 562; x_wconf 89' lang='lat' dir='ltr'><strong>tinere</strong></span> <span class='ocrx_word' id='word_1_382' title='bbox 2371 507 2440 561; x_wconf 92' lang='lat' dir='ltr'><strong>ab</strong></span> <span class='ocrx_word' id='word_1_383' title='bbox 2467 507 2954 563; x_wconf 77' lang='lat' dir='ltr'><strong>excommunicatis</strong></span> <span class='ocrx_word' id='word_1_384' title='bbox 2986 508 3263 562; x_wconf 87' lang='lat' dir='ltr'><strong>docerent.</strong></span> <span class='ocrx_word' id='word_1_385' title='bbox 3307 505 3363 562; x_wconf 92' lang='lat' dir='ltr'><strong>Si</strong></span> <span class='ocrx_word' id='word_1_386' title='bbox 3402 507 3540 578; x_wconf 87' lang='lat' dir='ltr'><strong>quid</strong></span> <span class='ocrx_word' id='word_1_387' title='bbox 3567 513 3750 563; x_wconf 83' lang='lat' dir='ltr'><strong>contra</strong></span> 
     </span>
    </p>
   </div>
   <div class='ocr_carea' id='block_1_63' title="bbox 2172 597 3755 668">
    <p class='ocr_par' dir='ltr' id='par_1_63' title="bbox 2172 597 3755 668">
     <span class='ocr_line' id='line_1_63' title="bbox 2172 597 3755 668; baseline 0.001 -16"><span class='ocrx_word' id='word_1_388' title='bbox 2172 598 2289 654; x_wconf 62' lang='lat' dir='ltr'><strong>haec</strong></span> <span class='ocrx_word' id='word_1_389' title='bbox 2313 597 2397 653; x_wconf 88' lang='lat' dir='ltr'><strong>vel</strong></span> <span class='ocrx_word' id='word_1_390' title='bbox 2426 597 2635 668; x_wconf 91' lang='lat' dir='ltr'><strong>decepti</strong></span> <span class='ocrx_word' id='word_1_391' title='bbox 2659 599 2743 652; x_wconf 91' lang='lat' dir='ltr'><strong>vel</strong></span> <span class='ocrx_word' id='word_1_392' title='bbox 2764 600 2938 654; x_wconf 89' lang='lat' dir='ltr'><strong>coacti</strong></span> <span class='ocrx_word' id='word_1_393' title='bbox 2959 597 3224 665; x_wconf 86' lang='lat' dir='ltr'><strong>fecerunt,</strong></span> <span class='ocrx_word' id='word_1_394' title='bbox 3249 615 3358 654; x_wconf 89' lang='lat' dir='ltr'><strong>non</strong></span> <span class='ocrx_word' id='word_1_395' title='bbox 3393 599 3582 654; x_wconf 86' lang='lat' dir='ltr'><strong>laudo.</strong></span> <span class='ocrx_word' id='word_1_396' title='bbox 3611 597 3755 654; x_wconf 59' lang='lat' dir='ltr'><strong>Scia.</strong></span> 
     </span>
    </p>
   </div>
   <div class='ocr_carea' id='block_1_64' title="bbox 2173 689 3754 762">
    <p class='ocr_par' dir='ltr' id='par_1_64' title="bbox 2173 689 3754 762">
     <span class='ocr_line' id='line_1_64' title="bbox 2173 689 3754 762; baseline 0 -18"><span class='ocrx_word' id='word_1_397' title='bbox 2173 689 2245 746; x_wconf 90' lang='lat' dir='ltr'><strong>tis</strong></span> <span class='ocrx_word' id='word_1_398' title='bbox 2295 689 2664 745; x_wconf 85' lang='lat' dir='ltr'><strong>indubitanter</strong></span> <span class='ocrx_word' id='word_1_399' title='bbox 2708 691 2990 760; x_wconf 90' lang='lat' dir='ltr'><strong>quoniam,</strong></span> <span class='ocrx_word' id='word_1_400' title='bbox 3049 689 3161 745; x_wconf 90' lang='lat' dir='ltr'><strong>Deo</strong></span> <span class='ocrx_word' id='word_1_401' title='bbox 3189 689 3555 762; x_wconf 86' lang='lat' dir='ltr'><strong>gubernante,</strong></span> <span class='ocrx_word' id='word_1_402' title='bbox 3602 705 3754 745; x_wconf 74' lang='lat' dir='ltr'><strong>neruo</strong></span> 
     </span>
    </p>
   </div>
   <div class='ocr_carea' id='block_1_65' title="bbox 2174 780 3757 850">
    <p class='ocr_par' dir='ltr' id='par_1_65' title="bbox 2174 780 3757 850">
     <span class='ocr_line' id='line_1_65' title="bbox 2174 780 3757 850; baseline -0.001 -14"><span class='ocrx_word' id='word_1_403' title='bbox 2174 781 2480 847; x_wconf 81' lang='lat' dir='ltr'><strong>hominum,</strong></span> <span class='ocrx_word' id='word_1_404' title='bbox 2507 780 2621 836; x_wconf 89' lang='lat' dir='ltr'><strong>sive</strong></span> <span class='ocrx_word' id='word_1_405' title='bbox 2651 797 2860 848; x_wconf 89' lang='lat' dir='ltr'><strong>amore,</strong></span> <span class='ocrx_word' id='word_1_406' title='bbox 2889 781 3003 837; x_wconf 82' lang='lat' dir='ltr'><strong>sive</strong></span> <span class='ocrx_word' id='word_1_407' title='bbox 3033 781 3250 847; x_wconf 90' lang='lat' dir='ltr'><strong>timore,</strong></span> <span class='ocrx_word' id='word_1_408' title='bbox 3279 789 3376 835; x_wconf 87' lang='lat' dir='ltr'><strong>aut</strong></span> <span class='ocrx_word' id='word_1_409' title='bbox 3403 796 3504 850; x_wconf 88' lang='lat' dir='ltr'><strong>per</strong></span> <span class='ocrx_word' id='word_1_410' title='bbox 3523 781 3757 850; x_wconf 83' lang='lat' dir='ltr'><strong>aliquam</strong></span> 
     </span>
    </p>
   </div>
   <div class='ocr_carea' id='block_1_66' title="bbox 2175 871 3762 944">
    <p class='ocr_par' dir='ltr' id='par_1_66' title="bbox 2175 871 3762 944">
     <span class='ocr_line' id='line_1_66' title="bbox 2175 871 3762 944; baseline -0.001 -16"><span class='ocrx_word' id='word_1_411' title='bbox 2175 873 2526 944; x_wconf 89' lang='lat' dir='ltr'><strong>cupiditatem</strong></span> <span class='ocrx_word' id='word_1_412' title='bbox 2553 873 2731 944; x_wconf 91' lang='lat' dir='ltr'><strong>potuit</strong></span> <span class='ocrx_word' id='word_1_413' title='bbox 2772 889 2860 928; x_wconf 93' lang='lat' dir='ltr'><strong>me</strong></span> <span class='ocrx_word' id='word_1_414' title='bbox 2895 889 3158 944; x_wconf 87' lang='lat' dir='ltr'><strong>unquam,</strong></span> <span class='ocrx_word' id='word_1_415' title='bbox 3203 881 3300 927; x_wconf 90' lang='lat' dir='ltr'><strong>aut</strong></span> <span class='ocrx_word' id='word_1_416' title='bbox 3325 873 3532 928; x_wconf 90' lang='lat' dir='ltr'><strong>amodo</strong></span> <span class='ocrx_word' id='word_1_417' title='bbox 3566 871 3762 942; x_wconf 85' lang='lat' dir='ltr'><strong>poterit</strong></span> 
     </span>
    </p>
   </div>
   <div class='ocr_carea' id='block_1_67' title="bbox 2175 964 3762 1036">
    <p class='ocr_par' dir='ltr' id='par_1_67' title="bbox 2175 964 3762 1036">
     <span class='ocr_line' id='line_1_67' title="bbox 2175 964 3762 1036; baseline 0 -15"><span class='ocrx_word' id='word_1_418' title='bbox 2175 965 2434 1021; x_wconf 88' lang='lat' dir='ltr'><strong>seducere</strong></span> <span class='ocrx_word' id='word_1_419' title='bbox 2464 980 2494 1018; x_wconf 92' lang='lat' dir='ltr'><strong>a</strong></span> <span class='ocrx_word' id='word_1_420' title='bbox 2518 973 2667 1020; x_wconf 89' lang='lat' dir='ltr'><strong>recta</strong></span> <span class='ocrx_word' id='word_1_421' title='bbox 2709 965 2904 1020; x_wconf 87' lang='lat' dir='ltr'><strong>semita</strong></span> <span class='ocrx_word' id='word_1_422' title='bbox 2939 965 3185 1036; x_wconf 63' lang='lat' dir='ltr'><strong>justitim.</strong></span> <span class='ocrx_word' id='word_1_423' title='bbox 3218 964 3332 1021; x_wconf 74' lang='lat' dir='ltr'><strong>Vos</strong></span> <span class='ocrx_word' id='word_1_424' title='bbox 3365 966 3560 1036; x_wconf 83' lang='lat' dir='ltr'><strong>itaque</strong></span> <span class='ocrx_word' id='word_1_425' title='bbox 3603 965 3653 1020; x_wconf 87' lang='lat' dir='ltr'><strong>si</strong></span> <span class='ocrx_word' id='word_1_426' title='bbox 3679 981 3762 1021; x_wconf 86' lang='lat' dir='ltr'><strong>re—</strong></span> 
     </span>
    </p>
   </div>
   <div class='ocr_carea' id='block_1_68' title="bbox 2175 1056 3763 1126">
    <p class='ocr_par' dir='ltr' id='par_1_68' title="bbox 2175 1056 3763 1126">
     <span class='ocr_line' id='line_1_68' title="bbox 2175 1056 3763 1126; baseline 0 -14"><span class='ocrx_word' id='word_1_427' title='bbox 2175 1071 2304 1112; x_wconf 83' lang='lat' dir='ltr'><strong>vera</strong></span> <span class='ocrx_word' id='word_1_428' title='bbox 2333 1065 2388 1112; x_wconf 89' lang='lat' dir='ltr'><strong>et</strong></span> <span class='ocrx_word' id='word_1_429' title='bbox 2408 1057 2463 1112; x_wconf 93' lang='lat' dir='ltr'><strong>in</strong></span> <span class='ocrx_word' id='word_1_430' title='bbox 2491 1057 2758 1112; x_wconf 86' lang='lat' dir='ltr'><strong>charitate</strong></span> <span class='ocrx_word' id='word_1_431' title='bbox 2798 1072 2908 1112; x_wconf 90' lang='lat' dir='ltr'><strong>non</strong></span> <span class='ocrx_word' id='word_1_432' title='bbox 2944 1057 3072 1112; x_wconf 82' lang='lat' dir='ltr'><strong>ﬂeta</strong></span> <span class='ocrx_word' id='word_1_433' title='bbox 3099 1057 3288 1112; x_wconf 82' lang='lat' dir='ltr'><strong>ﬁdeles</strong></span> <span class='ocrx_word' id='word_1_434' title='bbox 3315 1056 3412 1111; x_wconf 90' lang='lat' dir='ltr'><strong>Dei</strong></span> <span class='ocrx_word' id='word_1_435' title='bbox 3441 1064 3612 1126; x_wconf 86' lang='lat' dir='ltr'><strong>atque</strong></span> <span class='ocrx_word' id='word_1_436' title='bbox 3637 1072 3763 1112; x_wconf 84' lang='lat' dir='ltr'><strong>san-</strong></span> 
     </span>
    </p>
   </div>
   <div class='ocr_carea' id='block_1_69' title="bbox 2176 1147 3763 1214">
    <p class='ocr_par' dir='ltr' id='par_1_69' title="bbox 2176 1147 3763 1214">
     <span class='ocr_line' id='line_1_69' title="bbox 2176 1147 3763 1214; baseline 0 -12"><span class='ocrx_word' id='word_1_437' title='bbox 2176 1147 2249 1202; x_wconf 88' lang='lat' dir='ltr'><strong>cti</strong></span> <span class='ocrx_word' id='word_1_438' title='bbox 2277 1147 2422 1202; x_wconf 84' lang='lat' dir='ltr'><strong>Petri</strong></span> <span class='ocrx_word' id='word_1_439' title='bbox 2448 1147 2600 1214; x_wconf 87' lang='lat' dir='ltr'><strong>estis,</strong></span> <span class='ocrx_word' id='word_1_440' title='bbox 2669 1147 2836 1202; x_wconf 90' lang='lat' dir='ltr'><strong>nolite</strong></span> <span class='ocrx_word' id='word_1_441' title='bbox 2883 1147 2940 1202; x_wconf 90' lang='lat' dir='ltr'><strong>in</strong></span> <span class='ocrx_word' id='word_1_442' title='bbox 3003 1147 3452 1202; x_wconf 87' lang='lat' dir='ltr'><strong>tribulationibus</strong></span> <span class='ocrx_word' id='word_1_443' title='bbox 3515 1147 3763 1210; x_wconf 77' lang='lat' dir='ltr'><strong>deﬁcere.</strong></span> 
     </span>
    </p>
   </div>
   <div class='ocr_carea' id='block_1_70' title="bbox 2178 1239 3767 1310">
    <p class='ocr_par' dir='ltr' id='par_1_70' title="bbox 2178 1239 3767 1310">
     <span class='ocr_line' id='line_1_70' title="bbox 2178 1239 3767 1310; baseline -0.001 -16"><span class='ocrx_word' id='word_1_444' title='bbox 2178 1255 2368 1294; x_wconf 87' lang='lat' dir='ltr'><strong>verum</strong></span> <span class='ocrx_word' id='word_1_445' title='bbox 2407 1248 2468 1295; x_wconf 91' lang='lat' dir='ltr'><strong>ut</strong></span> <span class='ocrx_word' id='word_1_446' title='bbox 2511 1239 2640 1294; x_wconf 91' lang='lat' dir='ltr'><strong>boni</strong></span> <span class='ocrx_word' id='word_1_447' title='bbox 2668 1240 3015 1296; x_wconf 70' lang='lat' dir='ltr'><strong>mmulatores</strong></span> <span class='ocrx_word' id='word_1_448' title='bbox 3045 1239 3102 1294; x_wconf 90' lang='lat' dir='ltr'><strong>in</strong></span> <span class='ocrx_word' id='word_1_449' title='bbox 3131 1240 3344 1310; x_wconf 88' lang='lat' dir='ltr'><strong>incepta</strong></span> <span class='ocrx_word' id='word_1_450' title='bbox 3375 1239 3639 1295; x_wconf 83' lang='lat' dir='ltr'><strong>fidelitate</strong></span> <span class='ocrx_word' id='word_1_451' title='bbox 3670 1239 3767 1293; x_wconf 84' lang='lat' dir='ltr'><strong>im-</strong></span> 
     </span>
    </p>
   </div>
   <div class='ocr_carea' id='block_1_71' title="bbox 2179 1331 3770 1402">
    <p class='ocr_par' dir='ltr' id='par_1_71' title="bbox 2179 1331 3770 1402">
     <span class='ocr_line' id='line_1_71' title="bbox 2179 1331 3770 1402; baseline -0.002 -16"><span class='ocrx_word' id='word_1_452' title='bbox 2179 1331 2411 1386; x_wconf 89' lang='lat' dir='ltr'><strong>mobiles</strong></span> <span class='ocrx_word' id='word_1_453' title='bbox 2437 1331 2729 1400; x_wconf 87' lang='lat' dir='ltr'><strong>perdurate</strong></span> <span class='ocrx_word' id='word_1_454' title='bbox 2755 1350 2768 1384; x_wconf 89' lang='lat'><strong>:</strong></span> <span class='ocrx_word' id='word_1_455' title='bbox 2792 1331 3054 1402; x_wconf 84' lang='lat' dir='ltr'><strong>quoniam</strong></span> <span class='ocrx_word' id='word_1_456' title='bbox 3070 1332 3161 1402; x_wconf 80' lang='lat' dir='ltr'><strong>qui</strong></span> <span class='ocrx_word' id='word_1_457' title='bbox 3182 1331 3594 1401; x_wconf 65' lang='lat' dir='ltr'><strong>perseuerauerit</strong></span> <span class='ocrx_word' id='word_1_458' title='bbox 3613 1344 3770 1399; x_wconf 69' lang='lat' dir='ltr'><strong>usque</strong></span> 
     </span>
    </p>
   </div>
   <div class='ocr_carea' id='block_1_72' title="bbox 2179 1421 3771 1496">
    <p class='ocr_par' dir='ltr' id='par_1_72' title="bbox 2179 1421 3771 1496">
     <span class='ocr_line' id='line_1_72' title="bbox 2179 1421 3771 1496; baseline -0.001 -20"><span class='ocrx_word' id='word_1_459' title='bbox 2179 1422 2235 1476; x_wconf 83' lang='lat' dir='ltr'><strong>in</strong></span> <span class='ocrx_word' id='word_1_460' title='bbox 2266 1422 2444 1492; x_wconf 81' lang='lat' dir='ltr'><strong>ﬁnem,</strong></span> <span class='ocrx_word' id='word_1_461' title='bbox 2475 1421 2560 1476; x_wconf 80' lang='lat' dir='ltr'><strong>hic</strong></span> <span class='ocrx_word' id='word_1_462' title='bbox 2588 1421 2766 1477; x_wconf 80' lang='lat' dir='ltr'><strong>salvus</strong></span> <span class='ocrx_word' id='word_1_463' title='bbox 2787 1424 2891 1477; x_wconf 81' lang='lat' dir='ltr'><strong>erit</strong></span> <span class='ocrx_word' id='word_1_464' title='bbox 2927 1421 3144 1496; x_wconf 79' lang='lat' dir='ltr'><strong>(Matth.</strong></span> <span class='ocrx_word' id='word_1_465' title='bbox 3163 1423 3242 1494; x_wconf 74' lang='grc' dir='ltr'><strong>ι).</strong></span> <span class='ocrx_word' id='word_1_466' title='bbox 3269 1421 3771 1493; x_wconf 65' lang='grc' dir='ltr'><strong>Ιηιρι-ωεειιιίδιιιιιιι</strong></span> 
     </span>
    </p>
   </div>
   <div class='ocr_carea' id='block_1_73' title="bbox 2179 1513 3773 1587">
    <p class='ocr_par' dir='ltr' id='par_1_73' title="bbox 2179 1513 3773 1587">
     <span class='ocr_line' id='line_1_73' title="bbox 2179 1513 3773 1587; baseline -0.001 -18"><span class='ocrx_word' id='word_1_467' title='bbox 2179 1515 2344 1569; x_wconf 86' lang='lat' dir='ltr'><strong>modo</strong></span> <span class='ocrx_word' id='word_1_468' title='bbox 2379 1514 2515 1570; x_wconf 90' lang='lat' dir='ltr'><strong>nihil</strong></span> <span class='ocrx_word' id='word_1_469' title='bbox 2541 1515 2697 1571; x_wconf 90' lang='lat' dir='ltr'><strong>vobis</strong></span> <span class='ocrx_word' id='word_1_470' title='bbox 2721 1515 2868 1570; x_wconf 89' lang='lat' dir='ltr'><strong>aliud</strong></span> <span class='ocrx_word' id='word_1_471' title='bbox 2889 1515 2957 1570; x_wconf 91' lang='lat' dir='ltr'><strong>de</strong></span> <span class='ocrx_word' id='word_1_472' title='bbox 2972 1515 3232 1584; x_wconf 63' lang='lat' dir='ltr'><strong>pracdicto</strong></span> <span class='ocrx_word' id='word_1_473' title='bbox 3257 1515 3480 1587; x_wconf 85' lang='lat' dir='ltr'><strong>negotio</strong></span> <span class='ocrx_word' id='word_1_474' title='bbox 3512 1513 3773 1568; x_wconf 87' lang='lat' dir='ltr'><strong>mandare</strong></span> 
     </span>
    </p>
   </div>
   <div class='ocr_carea' id='block_1_74' title="bbox 2180 1608 3770 1679">
    <p class='ocr_par' dir='ltr' id='par_1_74' title="bbox 2180 1608 3770 1679">
     <span class='ocr_line' id='line_1_74' title="bbox 2180 1608 3770 1679; baseline 0 -17"><span class='ocrx_word' id='word_1_475' title='bbox 2180 1621 2498 1678; x_wconf 88' lang='lat' dir='ltr'><strong>possumus,</strong></span> <span class='ocrx_word' id='word_1_476' title='bbox 2525 1608 2654 1679; x_wconf 89' lang='lat' dir='ltr'><strong>quia</strong></span> <span class='ocrx_word' id='word_1_477' title='bbox 2681 1609 2860 1664; x_wconf 90' lang='lat' dir='ltr'><strong>nuntii</strong></span> <span class='ocrx_word' id='word_1_478' title='bbox 2895 1608 3071 1664; x_wconf 87' lang='lat' dir='ltr'><strong>nostri</strong></span> <span class='ocrx_word' id='word_1_479' title='bbox 3093 1608 3338 1663; x_wconf 88' lang='lat' dir='ltr'><strong>nondum</strong></span> <span class='ocrx_word' id='word_1_480' title='bbox 3372 1615 3507 1662; x_wconf 90' lang='lat' dir='ltr'><strong>sunt</strong></span> <span class='ocrx_word' id='word_1_481' title='bbox 3531 1608 3770 1673; x_wconf 70' lang='lat' dir='ltr'><strong>reversi;</strong></span> 
     </span>
    </p>
   </div>
   <div class='ocr_carea' id='block_1_75' title="bbox 2183 1699 3777 1774">
    <p class='ocr_par' dir='ltr' id='par_1_75' title="bbox 2183 1699 3777 1774">
     <span class='ocr_line' id='line_1_75' title="bbox 2183 1699 3777 1774; baseline 0 -20"><span class='ocrx_word' id='word_1_482' title='bbox 2183 1699 2383 1770; x_wconf 87' lang='lat' dir='ltr'><strong>quibus</strong></span> <span class='ocrx_word' id='word_1_483' title='bbox 2417 1701 2606 1772; x_wconf 89' lang='lat' dir='ltr'><strong>utique</strong></span> <span class='ocrx_word' id='word_1_484' title='bbox 2631 1701 2977 1756; x_wconf 86' lang='lat' dir='ltr'><strong>venientibus</strong></span> <span class='ocrx_word' id='word_1_485' title='bbox 3005 1699 3328 1774; x_wconf 85' lang='lat' dir='ltr'><strong>(secundum</strong></span> <span class='ocrx_word' id='word_1_486' title='bbox 3353 1699 3506 1771; x_wconf 90' lang='lat' dir='ltr'><strong>quod</strong></span> <span class='ocrx_word' id='word_1_487' title='bbox 3547 1699 3620 1756; x_wconf 84' lang='lat' dir='ltr'><strong>ab</strong></span> <span class='ocrx_word' id='word_1_488' title='bbox 3644 1699 3777 1769; x_wconf 77' lang='lat' dir='ltr'><strong>ipsis</strong></span> 
     </span>
    </p>
   </div>
   <div class='ocr_carea' id='block_1_76' title="bbox 2185 1791 3778 1865">
    <p class='ocr_par' dir='ltr' id='par_1_76' title="bbox 2185 1791 3778 1865">
     <span class='ocr_line' id='line_1_76' title="bbox 2185 1791 3778 1865; baseline 0 -19"><span class='ocrx_word' id='word_1_489' title='bbox 2185 1791 2637 1865; x_wconf 81' lang='lat' dir='ltr'><strong>intellexerimus)</strong></span> <span class='ocrx_word' id='word_1_490' title='bbox 2685 1793 2863 1858; x_wconf 87' lang='lat' dir='ltr'><strong>vobis,</strong></span> <span class='ocrx_word' id='word_1_491' title='bbox 2904 1792 3235 1864; x_wconf 85' lang='lat' dir='ltr'><strong>quantocius</strong></span> <span class='ocrx_word' id='word_1_492' title='bbox 3266 1807 3590 1864; x_wconf 87' lang='lat' dir='ltr'><strong>possumus,</strong></span> <span class='ocrx_word' id='word_1_493' title='bbox 3621 1805 3778 1847; x_wconf 79' lang='lat' dir='ltr'><strong>vera-</strong></span> 
     </span>
    </p>
   </div>
   <div class='ocr_carea' id='block_1_77' title="bbox 2185 1883 2732 1941">
    <p class='ocr_par' dir='ltr' id='par_1_77' title="bbox 2185 1883 2732 1941">
     <span class='ocr_line' id='line_1_77' title="bbox 2185 1883 2732 1941; baseline -0.002 0"><span class='ocrx_word' id='word_1_494' title='bbox 2185 1884 2321 1941; x_wconf 78' lang='lat' dir='ltr'><strong>citer</strong></span> <span class='ocrx_word' id='word_1_495' title='bbox 2345 1883 2732 1940; x_wconf 86' lang='lat' dir='ltr'><strong>indicabimus.</strong></span> 
     </span>
    </p>
   </div>
   <div class='ocr_carea' id='block_1_78' title="bbox 2257 1973 3774 2045">
    <p class='ocr_par' dir='ltr' id='par_1_78' title="bbox 2257 1973 3774 2045">
     <span class='ocr_line' id='line_1_78' title="bbox 2257 1973 3774 2045; baseline 0.002 -16"><span class='ocrx_word' id='word_1_496' title='bbox 2257 1973 2392 2030; x_wconf 89' lang='lat' dir='ltr'><strong>Data</strong></span> <span class='ocrx_word' id='word_1_497' title='bbox 2421 1975 2630 2045; x_wconf 75' lang='lat' dir='ltr'><strong>Romae,</strong></span> <span class='ocrx_word' id='word_1_498' title='bbox 2668 1973 2926 2032; x_wconf 85' lang='lat' dir='ltr'><strong>Kalendis</strong></span> <span class='ocrx_word' id='word_1_499' title='bbox 2944 1973 3198 2033; x_wconf 84' lang='lat' dir='ltr'><strong>Octobris</strong></span> <span class='ocrx_word' id='word_1_500' title='bbox 3217 2018 3233 2044; x_wconf 95' lang='lat'><strong>,</strong></span> <span class='ocrx_word' id='word_1_501' title='bbox 3265 1976 3564 2032; x_wconf 64' lang='lat' dir='ltr'><strong>indictione</strong></span> <span class='ocrx_word' id='word_1_502' title='bbox 3598 1975 3774 2032; x_wconf 82' lang='lat' dir='ltr'><strong>tertia.</strong></span> 
     </span>
    </p>
   </div>
   <div class='ocr_carea' id='block_1_79' title="bbox 2753 2087 3207 2146">
    <p class='ocr_par' dir='ltr' id='par_1_79' title="bbox 2753 2087 3207 2146">
     <span class='ocr_line' id='line_1_79' title="bbox 2753 2087 3207 2146; baseline 0.004 -2"><span class='ocrx_word' id='word_1_503' title='bbox 2753 2087 3095 2145; x_wconf 78' lang='lat' dir='ltr'><strong>EPISTOLA</strong></span> <span class='ocrx_word' id='word_1_504' title='bbox 3117 2088 3207 2146; x_wconf 86' lang='lat' dir='ltr'><strong>IV.</strong></span> 
     </span>
    </p>
   </div>
   <div class='ocr_carea' id='block_1_80' title="bbox 2751 2194 3208 2238">
    <p class='ocr_par' dir='ltr' id='par_1_80' title="bbox 2751 2194 3208 2238">
     <span class='ocr_line' id='line_1_80' title="bbox 2751 2194 3208 2238; baseline -0.004 -1"><span class='ocrx_word' id='word_1_505' title='bbox 2751 2199 2820 2238; x_wconf 77' lang='lat' dir='ltr'><strong>AD</strong></span> <span class='ocrx_word' id='word_1_506' title='bbox 2869 2194 3208 2238; x_wconf 74' lang='lat' dir='ltr'><strong>WEZELINL‘M.</strong></span> 
     </span>
    </p>
   </div>
   <div class='ocr_carea' id='block_1_81' title="bbox 2785 2273 3187 2346">
    <p class='ocr_par' dir='ltr' id='par_1_81' title="bbox 2785 2273 3187 2346">
     <span class='ocr_line' id='line_1_81' title="bbox 2785 2273 3187 2346; baseline 0.002 -19"><span class='ocrx_word' id='word_1_507' title='bbox 2785 2273 2966 2346; x_wconf 84' lang='lat' dir='ltr'><strong>(Anno</strong></span> <span class='ocrx_word' id='word_1_508' title='bbox 3003 2273 3187 2343; x_wconf 81' lang='grc'><strong>1079.)</strong></span> 
     </span>
    </p>
   </div>
   <div class='ocr_carea' id='block_1_82' title="bbox 2195 2359 3782 2436">
    <p class='ocr_par' dir='ltr' id='par_1_82' title="bbox 2195 2359 3782 2436">
     <span class='ocr_line' id='line_1_82' title="bbox 2195 2359 3782 2436; baseline 0 -18"><span class='ocrx_word' id='word_1_509' title='bbox 2195 2359 2456 2436; x_wconf 74' lang='lat' dir='ltr'><strong>Utregem</strong></span> <span class='ocrx_word' id='word_1_510' title='bbox 2478 2362 2768 2420; x_wconf 76' lang='lat' dir='ltr'><strong>Dalmatia:</strong></span> <span class='ocrx_word' id='word_1_511' title='bbox 2781 2364 3074 2436; x_wconf 81' lang='lat' dir='ltr'><strong>apostolica</strong></span> <span class='ocrx_word' id='word_1_512' title='bbox 3091 2364 3414 2419; x_wconf 77' lang='lat' dir='ltr'><strong>auctoritate</strong></span> <span class='ocrx_word' id='word_1_513' title='bbox 3435 2361 3782 2420; x_wconf 70' lang='lat' dir='ltr'><strong>constitutam</strong></span> 
     </span>
    </p>
   </div>
   <div class='ocr_carea' id='block_1_83' title="bbox 2263 2434 3783 2518">
    <p class='ocr_par' dir='ltr' id='par_1_83' title="bbox 2263 2434 3783 2518">
     <span class='ocr_line' id='line_1_83' title="bbox 2263 2434 3783 2518; baseline 0.001 -30"><span class='ocrx_word' id='word_1_514' title='bbox 2263 2434 2514 2518; x_wconf 59' lang='lat' dir='ltr'><strong>infestare</strong></span> <span class='ocrx_word' id='word_1_515' title='bbox 2539 2436 2784 2518; x_wconf 58' lang='lat' dir='ltr'><strong>desistat.</strong></span> <span class='ocrx_word' id='word_1_516' title='bbox 2816 2434 3212 2518; x_wconf 58' lang='lat' dir='ltr'><strong>Mouetsigujd</strong></span> <span class='ocrx_word' id='word_1_517' title='bbox 3235 2435 3493 2518; x_wconf 71' lang='lat' dir='ltr'><strong>adversus</strong></span> <span class='ocrx_word' id='word_1_518' title='bbox 3528 2451 3648 2518; x_wconf 55' lang='lat' dir='ltr'><strong>eum</strong></span> <span class='ocrx_word' id='word_1_519' title='bbox 3687 2437 3783 2518; x_wconf 62' lang='lat' dir='ltr'><strong>hu-</strong></span> 
     </span>
    </p>
   </div>
   <div class='ocr_carea' id='block_1_84' title="bbox 2263 2505 3783 2588">
    <p class='ocr_par' dir='ltr' id='par_1_84' title="bbox 2263 2505 3783 2588">
     <span class='ocr_line' id='line_1_84' title="bbox 2263 2505 3783 2588; baseline -0.001 -30"><span class='ocrx_word' id='word_1_520' title='bbox 2263 2505 2401 2572; x_wconf 84' lang='lat' dir='ltr'><strong>beat,</strong></span> <span class='ocrx_word' id='word_1_521' title='bbox 2423 2506 2488 2560; x_wconf 80' lang='lat' dir='ltr'><strong>ab</strong></span> <span class='ocrx_word' id='word_1_522' title='bbox 2510 2505 2803 2588; x_wconf 63' lang='lat' dir='ltr'><strong>apostotieq</strong></span> <span class='ocrx_word' id='word_1_523' title='bbox 2843 2507 2962 2561; x_wconf 82' lang='lat' dir='ltr'><strong>sede</strong></span> <span class='ocrx_word' id='word_1_524' title='bbox 2985 2505 3783 2588; x_wconf 49' lang='lat' dir='ltr'><strong>judicium-expetat,alioquin</strong></span> 
     </span>
    </p>
   </div>
   <div class='ocr_carea' id='block_1_85' title="bbox 2263 2577 3782 2633">
    <p class='ocr_par' dir='ltr' id='par_1_85' title="bbox 2263 2577 3782 2633">
     <span class='ocr_line' id='line_1_85' title="bbox 2263 2577 3782 2633; baseline 0.001 -4"><span class='ocrx_word' id='word_1_525' title='bbox 2263 2577 2829 2631; x_wconf 68' lang='lat' dir='ltr'><strong>excommunicatiouis</strong></span> <span class='ocrx_word' id='word_1_526' title='bbox 2873 2578 3189 2632; x_wconf 75' lang='lat' dir='ltr'><strong>sententiam</strong></span> <span class='ocrx_word' id='word_1_527' title='bbox 3227 2593 3348 2630; x_wconf 84' lang='lat' dir='ltr'><strong>cum</strong></span> <span class='ocrx_word' id='word_1_528' title='bbox 3393 2577 3646 2632; x_wconf 69' lang='lat' dir='ltr'><strong>omnibus</strong></span> <span class='ocrx_word' id='word_1_529' title='bbox 3672 2577 3782 2633; x_wconf 74' lang='lat' dir='ltr'><strong>suis</strong></span> 
     </span>
    </p>
   </div>
   <div class='ocr_carea' id='block_1_86' title="bbox 2265 2645 2912 2716">
    <p class='ocr_par' dir='ltr' id='par_1_86' title="bbox 2265 2645 2912 2716">
     <span class='ocr_line' id='line_1_86' title="bbox 2265 2645 2912 2716; baseline 0.005 -17"><span class='ocrx_word' id='word_1_530' title='bbox 2265 2645 2562 2716; x_wconf 76' lang='lat' dir='ltr'><strong>fautoribus</strong></span> <span class='ocrx_word' id='word_1_531' title='bbox 2583 2647 2912 2702; x_wconf 68' lang='lat' dir='ltr'><strong>incursurus.</strong></span> 
     </span>
    </p>
   </div>
   <div class='ocr_carea' id='block_1_87' title="bbox 2263 2735 3782 2810">
    <p class='ocr_par' dir='ltr' id='par_1_87' title="bbox 2263 2735 3782 2810">
     <span class='ocr_line' id='line_1_87' title="bbox 2263 2735 3782 2810; baseline 0.002 -18"><span class='ocrx_word' id='word_1_532' title='bbox 2263 2735 2571 2794; x_wconf 78' lang='lat' dir='ltr'><strong>Ganconws</strong></span> <span class='ocrx_word' id='word_1_533' title='bbox 2599 2739 2910 2810; x_wconf 89' lang='lat' dir='ltr'><strong>episcopus,</strong></span> <span class='ocrx_word' id='word_1_534' title='bbox 2943 2753 3136 2796; x_wconf 86' lang='lat' dir='ltr'><strong>servus</strong></span> <span class='ocrx_word' id='word_1_535' title='bbox 3172 2755 3457 2796; x_wconf 86' lang='lat' dir='ltr'><strong>servorum</strong></span> <span class='ocrx_word' id='word_1_536' title='bbox 3499 2737 3620 2808; x_wconf 85' lang='lat' dir='ltr'><strong>Dei,</strong></span> <span class='ocrx_word' id='word_1_537' title='bbox 3650 2738 3782 2795; x_wconf 73' lang='lat' dir='ltr'><strong>Ws-</strong></span> 
     </span>
    </p>
   </div>
   <div class='ocr_carea' id='block_1_88' title="bbox 2196 2829 3786 2902">
    <p class='ocr_par' dir='ltr' id='par_1_88' title="bbox 2196 2829 3786 2902">
     <span class='ocr_line' id='line_1_88' title="bbox 2196 2829 3786 2902; baseline 0.002 -17"><span class='ocrx_word' id='word_1_538' title='bbox 2196 2845 2386 2885; x_wconf 72' lang='lat' dir='ltr'><strong>zsuso</strong></span> <span class='ocrx_word' id='word_1_539' title='bbox 2422 2829 2593 2884; x_wconf 88' lang='lat' dir='ltr'><strong>nobili</strong></span> <span class='ocrx_word' id='word_1_540' title='bbox 2650 2830 2810 2886; x_wconf 84' lang='lat' dir='ltr'><strong>militi</strong></span> <span class='ocrx_word' id='word_1_541' title='bbox 2859 2831 3092 2887; x_wconf 87' lang='lat' dir='ltr'><strong>salutem</strong></span> <span class='ocrx_word' id='word_1_542' title='bbox 3122 2841 3177 2886; x_wconf 90' lang='lat' dir='ltr'><strong>et</strong></span> <span class='ocrx_word' id='word_1_543' title='bbox 3230 2831 3592 2902; x_wconf 86' lang='lat' dir='ltr'><strong>apostolicam</strong></span> <span class='ocrx_word' id='word_1_544' title='bbox 3631 2832 3786 2888; x_wconf 75' lang='lat' dir='ltr'><strong>bene-</strong></span> 
     </span>
    </p>
   </div>
   <div class='ocr_carea' id='block_1_89' title="bbox 2195 2921 2510 2978">
    <p class='ocr_par' dir='ltr' id='par_1_89' title="bbox 2195 2921 2510 2978">
     <span class='ocr_line' id='line_1_89' title="bbox 2195 2921 2510 2978; baseline 0 0"><span class='ocrx_word' id='word_1_545' title='bbox 2195 2921 2510 2978; x_wconf 87' lang='lat' dir='ltr'><strong>dictionem.</strong></span> 
     </span>
    </p>
   </div>
   <div class='ocr_carea' id='block_1_90' title="bbox 2121 3011 3786 3088">
    <p class='ocr_par' dir='ltr' id='par_1_90' title="bbox 2121 3011 3786 3088">
     <span class='ocr_line' id='line_1_90' title="bbox 2121 3011 3786 3088; baseline 0.002 -20"><span class='ocrx_word' id='word_1_546' title='bbox 2121 3021 2164 3080; x_wconf 86' lang='lat' dir='ltr'><strong>C</strong></span> <span class='ocrx_word' id='word_1_547' title='bbox 2270 3011 2427 3070; x_wconf 87' lang='lat' dir='ltr'><strong>Scias</strong></span> <span class='ocrx_word' id='word_1_548' title='bbox 2449 3029 2551 3069; x_wconf 89' lang='lat' dir='ltr'><strong>nos</strong></span> <span class='ocrx_word' id='word_1_549' title='bbox 2571 3013 2639 3070; x_wconf 89' lang='lat' dir='ltr'><strong>de</strong></span> <span class='ocrx_word' id='word_1_550' title='bbox 2665 3015 2952 3086; x_wconf 85' lang='lat' dir='ltr'><strong>prudentia</strong></span> <span class='ocrx_word' id='word_1_551' title='bbox 2990 3025 3084 3073; x_wconf 88' lang='lat' dir='ltr'><strong>tua</strong></span> <span class='ocrx_word' id='word_1_552' title='bbox 3113 3017 3346 3073; x_wconf 90' lang='lat' dir='ltr'><strong>multum</strong></span> <span class='ocrx_word' id='word_1_553' title='bbox 3371 3018 3587 3085; x_wconf 88' lang='lat' dir='ltr'><strong>mirari,</strong></span> <span class='ocrx_word' id='word_1_554' title='bbox 3611 3026 3676 3074; x_wconf 86' lang='lat' dir='ltr'><strong>ut</strong></span> <span class='ocrx_word' id='word_1_555' title='bbox 3695 3017 3786 3088; x_wconf 89' lang='lat' dir='ltr'><strong>qui</strong></span> 
     </span>
    </p>
   </div>
   <div class='ocr_carea' id='block_1_91' title="bbox 2196 3107 3790 3182">
    <p class='ocr_par' dir='ltr' id='par_1_91' title="bbox 2196 3107 3790 3182">
     <span class='ocr_line' id='line_1_91' title="bbox 2196 3107 3790 3182; baseline 0.001 -19"><span class='ocrx_word' id='word_1_556' title='bbox 2196 3115 2250 3163; x_wconf 91' lang='lat' dir='ltr'><strong>te</strong></span> <span class='ocrx_word' id='word_1_557' title='bbox 2272 3121 2396 3163; x_wconf 89' lang='lat' dir='ltr'><strong>esse</strong></span> <span class='ocrx_word' id='word_1_558' title='bbox 2428 3107 2634 3162; x_wconf 89' lang='lat' dir='ltr'><strong>dudum</strong></span> <span class='ocrx_word' id='word_1_559' title='bbox 2667 3108 2827 3164; x_wconf 88' lang='lat' dir='ltr'><strong>beato</strong></span> <span class='ocrx_word' id='word_1_560' title='bbox 2867 3107 3031 3164; x_wconf 89' lang='lat' dir='ltr'><strong>Petro</strong></span> <span class='ocrx_word' id='word_1_561' title='bbox 3059 3117 3115 3165; x_wconf 90' lang='lat' dir='ltr'><strong>et</strong></span> <span class='ocrx_word' id='word_1_562' title='bbox 3131 3111 3291 3166; x_wconf 82' lang='lat' dir='ltr'><strong>nobis</strong></span> <span class='ocrx_word' id='word_1_563' title='bbox 3321 3109 3538 3166; x_wconf 83' lang='lat' dir='ltr'><strong>fidelem</strong></span> <span class='ocrx_word' id='word_1_564' title='bbox 3583 3110 3790 3182; x_wconf 50' lang='lat' dir='ltr'><strong>promi‘</strong></span> 
     </span>
    </p>
   </div>
   <div class='ocr_carea' id='block_1_92' title="bbox 2197 3199 3792 3274">
    <p class='ocr_par' dir='ltr' id='par_1_92' title="bbox 2197 3199 3792 3274">
     <span class='ocr_line' id='line_1_92' title="bbox 2197 3199 3792 3274; baseline 0.001 -18"><span class='ocrx_word' id='word_1_565' title='bbox 2197 3199 2359 3266; x_wconf 86' lang='lat' dir='ltr'><strong>seris,</strong></span> <span class='ocrx_word' id='word_1_566' title='bbox 2390 3209 2581 3255; x_wconf 88' lang='lat' dir='ltr'><strong>contra</strong></span> <span class='ocrx_word' id='word_1_567' title='bbox 2609 3215 2735 3255; x_wconf 92' lang='lat' dir='ltr'><strong>eum</strong></span> <span class='ocrx_word' id='word_1_568' title='bbox 2783 3216 2946 3272; x_wconf 90' lang='lat' dir='ltr'><strong>quem</strong></span> <span class='ocrx_word' id='word_1_569' title='bbox 2995 3200 3052 3256; x_wconf 89' lang='lat' dir='ltr'><strong>in</strong></span> <span class='ocrx_word' id='word_1_570' title='bbox 3076 3201 3343 3257; x_wconf 87' lang='lat' dir='ltr'><strong>Dalmatia</strong></span> <span class='ocrx_word' id='word_1_571' title='bbox 3386 3218 3575 3274; x_wconf 82' lang='lat' dir='ltr'><strong>regem</strong></span> <span class='ocrx_word' id='word_1_572' title='bbox 3610 3214 3792 3260; x_wconf 83' lang='lat' dir='ltr'><strong>aucto-</strong></span> 
     </span>
    </p>
   </div>
   <div class='ocr_carea' id='block_1_93' title="bbox 2195 3291 3786 3368">
    <p class='ocr_par' dir='ltr' id='par_1_93' title="bbox 2195 3291 3786 3368">
     <span class='ocr_line' id='line_1_93' title="bbox 2195 3291 3786 3368; baseline 0 -20"><span class='ocrx_word' id='word_1_573' title='bbox 2195 3293 2332 3348; x_wconf 90' lang='lat' dir='ltr'><strong>ritas</strong></span> <span class='ocrx_word' id='word_1_574' title='bbox 2358 3291 2659 3362; x_wconf 88' lang='lat' dir='ltr'><strong>apostolica</strong></span> <span class='ocrx_word' id='word_1_575' title='bbox 2680 3293 2965 3348; x_wconf 89' lang='lat' dir='ltr'><strong>constituit</strong></span> <span class='ocrx_word' id='word_1_576' title='bbox 2981 3302 3038 3348; x_wconf 92' lang='lat' dir='ltr'><strong>tu</strong></span> <span class='ocrx_word' id='word_1_577' title='bbox 3063 3293 3227 3350; x_wconf 91' lang='lat' dir='ltr'><strong>modo</strong></span> <span class='ocrx_word' id='word_1_578' title='bbox 3245 3295 3466 3350; x_wconf 89' lang='lat' dir='ltr'><strong>coneris</strong></span> <span class='ocrx_word' id='word_1_579' title='bbox 3482 3294 3786 3368; x_wconf 88' lang='lat' dir='ltr'><strong>insurgere.</strong></span> 
     </span>
    </p>
   </div>
   <div class='ocr_carea' id='block_1_94' title="bbox 2197 3383 3793 3459">
    <p class='ocr_par' dir='ltr' id='par_1_94' title="bbox 2197 3383 3793 3459">
     <span class='ocr_line' id='line_1_94' title="bbox 2197 3383 3793 3459; baseline 0.002 -20"><span class='ocrx_word' id='word_1_580' title='bbox 2197 3383 2538 3456; x_wconf 83' lang='lat' dir='ltr'><strong>Quapropter</strong></span> <span class='ocrx_word' id='word_1_581' title='bbox 2563 3384 2902 3440; x_wconf 87' lang='lat' dir='ltr'><strong>nobilitatem</strong></span> <span class='ocrx_word' id='word_1_582' title='bbox 2933 3393 3083 3441; x_wconf 91' lang='lat' dir='ltr'><strong>tuam</strong></span> <span class='ocrx_word' id='word_1_583' title='bbox 3109 3402 3422 3453; x_wconf 88' lang='lat' dir='ltr'><strong>monemus,</strong></span> <span class='ocrx_word' id='word_1_584' title='bbox 3451 3395 3510 3442; x_wconf 89' lang='lat' dir='ltr'><strong>et</strong></span> <span class='ocrx_word' id='word_1_585' title='bbox 3541 3403 3614 3443; x_wconf 76' lang='lat' dir='ltr'><strong>ex</strong></span> <span class='ocrx_word' id='word_1_586' title='bbox 3639 3395 3793 3459; x_wconf 83' lang='lat' dir='ltr'><strong>parte</strong></span> 
     </span>
    </p>
   </div>
   <div class='ocr_carea' id='block_1_95' title="bbox 2198 3473 3790 3550">
    <p class='ocr_par' dir='ltr' id='par_1_95' title="bbox 2198 3473 3790 3550">
     <span class='ocr_line' id='line_1_95' title="bbox 2198 3473 3790 3550; baseline 0.002 -18"><span class='ocrx_word' id='word_1_587' title='bbox 2198 3473 2344 3532; x_wconf 87' lang='lat' dir='ltr'><strong>beati</strong></span> <span class='ocrx_word' id='word_1_588' title='bbox 2394 3475 2544 3532; x_wconf 82' lang='lat' dir='ltr'><strong>Petri</strong></span> <span class='ocrx_word' id='word_1_589' title='bbox 2599 3476 2965 3548; x_wconf 67' lang='lat' dir='ltr'><strong>praecipimus,</strong></span> <span class='ocrx_word' id='word_1_590' title='bbox 2997 3486 3059 3533; x_wconf 91' lang='lat' dir='ltr'><strong>ut</strong></span> <span class='ocrx_word' id='word_1_591' title='bbox 3102 3479 3394 3535; x_wconf 86' lang='lat' dir='ltr'><strong>adversum</strong></span> <span class='ocrx_word' id='word_1_592' title='bbox 3415 3479 3534 3550; x_wconf 87' lang='lat' dir='ltr'><strong>jam</strong></span> <span class='ocrx_word' id='word_1_593' title='bbox 3583 3480 3790 3536; x_wconf 78' lang='lat' dir='ltr'><strong>dictum</strong></span> 
     </span>
    </p>
   </div>
   <div class='ocr_carea' id='block_1_96' title="bbox 2197 3569 3793 3642">
    <p class='ocr_par' dir='ltr' id='par_1_96' title="bbox 2197 3569 3793 3642">
     <span class='ocr_line' id='line_1_96' title="bbox 2197 3569 3793 3642; baseline 0.003 -19"><span class='ocrx_word' id='word_1_594' title='bbox 2197 3584 2378 3640; x_wconf 81' lang='lat' dir='ltr'><strong>regem</strong></span> <span class='ocrx_word' id='word_1_595' title='bbox 2407 3569 2664 3641; x_wconf 89' lang='lat' dir='ltr'><strong>deinceps</strong></span> <span class='ocrx_word' id='word_1_596' title='bbox 2691 3585 2845 3628; x_wconf 87' lang='lat' dir='ltr'><strong>arma</strong></span> <span class='ocrx_word' id='word_1_597' title='bbox 2873 3585 3069 3642; x_wconf 88' lang='lat' dir='ltr'><strong>capere</strong></span> <span class='ocrx_word' id='word_1_598' title='bbox 3090 3585 3200 3626; x_wconf 77' lang='lat' dir='ltr'><strong>non</strong></span> <span class='ocrx_word' id='word_1_599' title='bbox 3242 3585 3551 3642; x_wconf 66' lang='lat' dir='ltr'><strong>praesumas</strong></span> <span class='ocrx_word' id='word_1_600' title='bbox 3579 3573 3793 3629; x_wconf 82' lang='lat' dir='ltr'><strong>:sciens</strong></span> 
     </span>
    </p>
   </div>
   <div class='ocr_carea' id='block_1_97' title="bbox 2199 3661 3793 3735">
    <p class='ocr_par' dir='ltr' id='par_1_97' title="bbox 2199 3661 3793 3735">
     <span class='ocr_line' id='line_1_97' title="bbox 2199 3661 3793 3735; baseline 0.002 -19"><span class='ocrx_word' id='word_1_601' title='bbox 2199 3661 2346 3734; x_wconf 88' lang='lat' dir='ltr'><strong>quod</strong></span> <span class='ocrx_word' id='word_1_602' title='bbox 2373 3661 2639 3732; x_wconf 80' lang='lat' dir='ltr'><strong>quidquid</strong></span> <span class='ocrx_word' id='word_1_603' title='bbox 2675 3661 2731 3716; x_wconf 91' lang='lat' dir='ltr'><strong>in</strong></span> <span class='ocrx_word' id='word_1_604' title='bbox 2769 3661 2922 3717; x_wconf 92' lang='lat' dir='ltr'><strong>illum</strong></span> <span class='ocrx_word' id='word_1_605' title='bbox 2967 3677 3140 3720; x_wconf 87' lang='lat' dir='ltr'><strong>ausus</strong></span> <span class='ocrx_word' id='word_1_606' title='bbox 3185 3661 3373 3729; x_wconf 88' lang='lat' dir='ltr'><strong>fueris,</strong></span> <span class='ocrx_word' id='word_1_607' title='bbox 3399 3665 3595 3735; x_wconf 83' lang='lat' dir='ltr'><strong>procul</strong></span> <span class='ocrx_word' id='word_1_608' title='bbox 3629 3665 3793 3721; x_wconf 84' lang='lat' dir='ltr'><strong>dubio</strong></span> 
     </span>
    </p>
   </div>
   <div class='ocr_carea' id='block_1_98' title="bbox 2201 3751 3794 3823">
    <p class='ocr_par' dir='ltr' id='par_1_98' title="bbox 2201 3751 3794 3823">
     <span class='ocr_line' id='line_1_98' title="bbox 2201 3751 3794 3823; baseline 0.002 -14"><span class='ocrx_word' id='word_1_609' title='bbox 2201 3762 2252 3809; x_wconf 91' lang='lat' dir='ltr'><strong>te</strong></span> <span class='ocrx_word' id='word_1_610' title='bbox 2272 3752 2327 3807; x_wconf 91' lang='lat' dir='ltr'><strong>in</strong></span> <span class='ocrx_word' id='word_1_611' title='bbox 2359 3751 2715 3823; x_wconf 89' lang='lat' dir='ltr'><strong>apostolicam</strong></span> <span class='ocrx_word' id='word_1_612' title='bbox 2750 3754 2933 3810; x_wconf 84' lang='lat' dir='ltr'><strong>sedem</strong></span> <span class='ocrx_word' id='word_1_613' title='bbox 2967 3753 3262 3812; x_wconf 86' lang='lat' dir='ltr'><strong>facturum.</strong></span> <span class='ocrx_word' id='word_1_614' title='bbox 3291 3754 3347 3810; x_wconf 91' lang='lat' dir='ltr'><strong>Si</strong></span> <span class='ocrx_word' id='word_1_615' title='bbox 3370 3771 3503 3813; x_wconf 86' lang='lat' dir='ltr'><strong>vero</strong></span> <span class='ocrx_word' id='word_1_616' title='bbox 3524 3757 3794 3812; x_wconf 86' lang='lat' dir='ltr'><strong>adversus</strong></span> 
     </span>
    </p>
   </div>
   <div class='ocr_carea' id='block_1_99' title="bbox 2199 3843 3795 3920">
    <p class='ocr_par' dir='ltr' id='par_1_99' title="bbox 2199 3843 3795 3920">
     <span class='ocr_line' id='line_1_99' title="bbox 2199 3843 3795 3920; baseline 0.001 -18"><span class='ocrx_word' id='word_1_617' title='bbox 2199 3846 2377 3917; x_wconf 87' lang='lat' dir='ltr'><strong>ipsum</strong></span> <span class='ocrx_word' id='word_1_618' title='bbox 2394 3845 2599 3918; x_wconf 88' lang='lat' dir='ltr'><strong>aliquid</strong></span> <span class='ocrx_word' id='word_1_619' title='bbox 2623 3853 2676 3901; x_wconf 93' lang='lat' dir='ltr'><strong>te</strong></span> <span class='ocrx_word' id='word_1_620' title='bbox 2699 3843 2842 3902; x_wconf 84' lang='lat' dir='ltr'><strong>forte</strong></span> <span class='ocrx_word' id='word_1_621' title='bbox 2859 3845 2998 3902; x_wconf 90' lang='lat' dir='ltr'><strong>dicis</strong></span> <span class='ocrx_word' id='word_1_622' title='bbox 3031 3846 3252 3914; x_wconf 86' lang='lat' dir='ltr'><strong>habere,</strong></span> <span class='ocrx_word' id='word_1_623' title='bbox 3282 3862 3314 3903; x_wconf 75' lang='grc' dir='ltr'>α</span> <span class='ocrx_word' id='word_1_624' title='bbox 3341 3847 3504 3903; x_wconf 89' lang='lat' dir='ltr'><strong>nobis</strong></span> <span class='ocrx_word' id='word_1_625' title='bbox 3523 3848 3795 3920; x_wconf 78' lang='lat' dir='ltr'><strong>judicium</strong></span> 
     </span>
    </p>
   </div>
   <div class='ocr_carea' id='block_1_100' title="bbox 2199 3935 3795 4012">
    <p class='ocr_par' dir='ltr' id='par_1_100' title="bbox 2199 3935 3795 4012">
     <span class='ocr_line' id='line_1_100' title="bbox 2199 3935 3795 4012; baseline 0 -16"><span class='ocrx_word' id='word_1_626' title='bbox 2199 3939 2364 3996; x_wconf 89' lang='lat' dir='ltr'><strong>debes</strong></span> <span class='ocrx_word' id='word_1_627' title='bbox 2382 3947 2655 4011; x_wconf 80' lang='lat' dir='ltr'><strong>expetere,</strong></span> <span class='ocrx_word' id='word_1_628' title='bbox 2687 3947 2744 3994; x_wconf 89' lang='lat' dir='ltr'><strong>et</strong></span> <span class='ocrx_word' id='word_1_629' title='bbox 2765 3947 3084 4010; x_wconf 79' lang='lat' dir='ltr'><strong>exspectare</strong></span> <span class='ocrx_word' id='word_1_630' title='bbox 3106 3935 3378 4010; x_wconf 88' lang='lat' dir='ltr'><strong>justitiam</strong></span> <span class='ocrx_word' id='word_1_631' title='bbox 3416 3941 3607 4010; x_wconf 86' lang='lat' dir='ltr'><strong>potius</strong></span> <span class='ocrx_word' id='word_1_632' title='bbox 3630 3955 3795 4012; x_wconf 82' lang='lat' dir='ltr'><strong>quam</strong></span> 
     </span>
    </p>
   </div>
   <div class='ocr_carea' id='block_1_101' title="bbox 2199 4029 3796 4104">
    <p class='ocr_par' dir='ltr' id='par_1_101' title="bbox 2199 4029 3796 4104">
     <span class='ocr_line' id='line_1_101' title="bbox 2199 4029 3796 4104; baseline 0.002 -17"><span class='ocrx_word' id='word_1_633' title='bbox 2199 4038 2392 4087; x_wconf 85' lang='lat' dir='ltr'><strong>contra</strong></span> <span class='ocrx_word' id='word_1_634' title='bbox 2423 4045 2550 4086; x_wconf 89' lang='lat' dir='ltr'><strong>eum</strong></span> <span class='ocrx_word' id='word_1_635' title='bbox 2605 4031 2673 4086; x_wconf 92' lang='lat' dir='ltr'><strong>ad</strong></span> <span class='ocrx_word' id='word_1_636' title='bbox 2713 4030 2970 4102; x_wconf 89' lang='lat' dir='ltr'><strong>injuriam</strong></span> <span class='ocrx_word' id='word_1_637' title='bbox 3021 4029 3170 4087; x_wconf 88' lang='lat' dir='ltr'><strong>sedis</strong></span> <span class='ocrx_word' id='word_1_638' title='bbox 3223 4031 3544 4104; x_wconf 65' lang='lat' dir='ltr'><strong>apostolica:</strong></span> <span class='ocrx_word' id='word_1_639' title='bbox 3595 4045 3796 4090; x_wconf 80' lang='lat' dir='ltr'><strong>manus</strong></span> 
     </span>
    </p>
   </div>
   <div class='ocr_carea' id='block_1_102' title="bbox 2202 4120 3795 4195">
    <p class='ocr_par' dir='ltr' id='par_1_102' title="bbox 2202 4120 3795 4195">
     <span class='ocr_line' id='line_1_102' title="bbox 2202 4120 3795 4195; baseline 0.002 -18"><span class='ocrx_word' id='word_1_640' title='bbox 2202 4130 2324 4178; x_wconf 91' lang='lat' dir='ltr'><strong>tuas</strong></span> <span class='ocrx_word' id='word_1_641' title='bbox 2344 4136 2580 4178; x_wconf 87' lang='lat' dir='ltr'><strong>armare.</strong></span> <span class='ocrx_word' id='word_1_642' title='bbox 2612 4120 2769 4189; x_wconf 87' lang='lat' dir='ltr'><strong>Quod</strong></span> <span class='ocrx_word' id='word_1_643' title='bbox 2799 4122 2847 4176; x_wconf 92' lang='lat' dir='ltr'><strong>si</strong></span> <span class='ocrx_word' id='word_1_644' title='bbox 2883 4130 2935 4178; x_wconf 91' lang='lat' dir='ltr'><strong>te</strong></span> <span class='ocrx_word' id='word_1_645' title='bbox 2967 4130 3074 4178; x_wconf 67' lang='lat' dir='ltr'><strong>tua:</strong></span> <span class='ocrx_word' id='word_1_646' title='bbox 3094 4123 3428 4182; x_wconf 81' lang='lat' dir='ltr'><strong>temeritatis</strong></span> <span class='ocrx_word' id='word_1_647' title='bbox 3450 4139 3566 4180; x_wconf 89' lang='lat' dir='ltr'><strong>non</strong></span> <span class='ocrx_word' id='word_1_648' title='bbox 3613 4125 3795 4195; x_wconf 66' lang='lat' dir='ltr'><strong>pretii-</strong></span> 
     </span>
    </p>
   </div>
   <div class='ocr_carea' id='block_1_103' title="bbox 2199 4214 3798 4282">
    <p class='ocr_par' dir='ltr' id='par_1_103' title="bbox 2199 4214 3798 4282">
     <span class='ocr_line' id='line_1_103' title="bbox 2199 4214 3798 4282; baseline 0.003 -12"><span class='ocrx_word' id='word_1_649' title='bbox 2199 4215 2386 4282; x_wconf 89' lang='lat' dir='ltr'><strong>tuerit,</strong></span> <span class='ocrx_word' id='word_1_650' title='bbox 2417 4214 2514 4272; x_wconf 88' lang='lat' dir='ltr'><strong>sed</strong></span> <span class='ocrx_word' id='word_1_651' title='bbox 2541 4223 2730 4271; x_wconf 89' lang='lat' dir='ltr'><strong>contra</strong></span> <span class='ocrx_word' id='word_1_652' title='bbox 2759 4214 3080 4270; x_wconf 89' lang='lat' dir='ltr'><strong>mandatum</strong></span> <span class='ocrx_word' id='word_1_653' title='bbox 3115 4223 3366 4272; x_wconf 87' lang='lat' dir='ltr'><strong>nostrum</strong></span> <span class='ocrx_word' id='word_1_654' title='bbox 3395 4218 3798 4274; x_wconf 82' lang='lat' dir='ltr'><strong>contumaciter</strong></span> 
     </span>
    </p>
   </div>
   <div class='ocr_carea' id='block_1_104' title="bbox 2200 4305 3796 4380">
    <p class='ocr_par' dir='ltr' id='par_1_104' title="bbox 2200 4305 3796 4380">
     <span class='ocr_line' id='line_1_104' title="bbox 2200 4305 3796 4380; baseline 0.001 -16"><span class='ocrx_word' id='word_1_655' title='bbox 2200 4308 2281 4364; x_wconf 91' lang='lat' dir='ltr'><strong>ire</strong></span> <span class='ocrx_word' id='word_1_656' title='bbox 2305 4307 2620 4376; x_wconf 86' lang='lat' dir='ltr'><strong>tentaveris,</strong></span> <span class='ocrx_word' id='word_1_657' title='bbox 2638 4305 2781 4362; x_wconf 90' lang='lat' dir='ltr'><strong>scias</strong></span> <span class='ocrx_word' id='word_1_658' title='bbox 2801 4305 3172 4364; x_wconf 83' lang='lat' dir='ltr'><strong>indubitanter</strong></span> <span class='ocrx_word' id='word_1_659' title='bbox 3193 4307 3325 4379; x_wconf 87' lang='lat' dir='ltr'><strong>quia</strong></span> <span class='ocrx_word' id='word_1_660' title='bbox 3377 4308 3626 4380; x_wconf 82' lang='lat' dir='ltr'><strong>gladium</strong></span> <span class='ocrx_word' id='word_1_661' title='bbox 3653 4305 3796 4366; x_wconf 88' lang='lat' dir='ltr'><strong>beati</strong></span> 
     </span>
    </p>
   </div>
   <div class='ocr_carea' id='block_1_105' title="bbox 1403 4365 3792 4471">
    <p class='ocr_par' dir='ltr' id='par_1_105' title="bbox 1403 4365 3792 4471">
     <span class='ocr_line' id='line_1_105' title="bbox 1403 4365 3792 4471; baseline 0.01 -34"><span class='ocrx_word' id='word_1_662' title='bbox 1403 4372 1552 4471; x_wconf 57' lang='grc' dir='ltr'>οθςξθ</span> <span class='ocrx_word' id='word_1_663' title='bbox 1600 4365 1654 4420; x_wconf 70' lang='lat' dir='ltr'><strong>in</strong></span> <span class='ocrx_word' id='word_1_664' title='bbox 1703 4383 1868 4471; x_wconf 63' lang='grc' dir='ltr'><strong>⁰³¹¹ξ⁵³</strong></span> <span class='ocrx_word' id='word_1_665' title='bbox 1917 4369 2108 4426; x_wconf 63' lang='grc' dir='ltr'><strong>¹¹¹¹Ῑ¹¹¹έ</strong></span> <span class='ocrx_word' id='word_1_666' title='bbox 2133 4380 2178 4435; x_wconf 80' lang='grc' dir='ltr'>Ῑ)</span> <span class='ocrx_word' id='word_1_667' title='bbox 2204 4399 2348 4456; x_wconf 86' lang='lat' dir='ltr'><strong>Petri</strong></span> <span class='ocrx_word' id='word_1_668' title='bbox 2390 4399 2446 4454; x_wconf 90' lang='lat' dir='ltr'><strong>in</strong></span> <span class='ocrx_word' id='word_1_669' title='bbox 2487 4365 2769 4456; x_wconf 79' lang='lat' dir='ltr'><strong>audaciam</strong></span> <span class='ocrx_word' id='word_1_670' title='bbox 2815 4403 2968 4454; x_wconf 87' lang='lat' dir='ltr'><strong>tuam</strong></span> <span class='ocrx_word' id='word_1_671' title='bbox 3013 4365 3448 4471; x_wconf 55' lang='lat' dir='ltr'><strong>evagin-abimtis,</strong></span> <span class='ocrx_word' id='word_1_672' title='bbox 3491 4410 3551 4458; x_wconf 85' lang='lat' dir='ltr'><strong>et</strong></span> 
     </span>
    </p>
   </div>
   <div class='ocr_carea' id='block_1_106' title="bbox 2204 4491 3791 4564">
    <p class='ocr_par' dir='ltr' id='par_1_106' title="bbox 2204 4491 3791 4564">
     <span class='ocr_line' id='line_1_106' title="bbox 2204 4491 3791 4564; baseline 0.003 -18"><span class='ocrx_word' id='word_1_673' title='bbox 2204 4491 2560 4563; x_wconf 88' lang='lat' dir='ltr'><strong>pertinaciam</strong></span> <span class='ocrx_word' id='word_1_674' title='bbox 2584 4499 2733 4546; x_wconf 88' lang='lat' dir='ltr'><strong>tuam</strong></span> <span class='ocrx_word' id='word_1_675' title='bbox 2755 4497 2809 4546; x_wconf 91' lang='lat' dir='ltr'><strong>et</strong></span> <span class='ocrx_word' id='word_1_676' title='bbox 2835 4491 3082 4546; x_wconf 85' lang='lat' dir='ltr'><strong>omnium</strong></span> <span class='ocrx_word' id='word_1_677' title='bbox 3111 4492 3206 4564; x_wconf 88' lang='lat' dir='ltr'><strong>qui</strong></span> <span class='ocrx_word' id='word_1_678' title='bbox 3238 4492 3336 4548; x_wconf 91' lang='lat' dir='ltr'><strong>tibi</strong></span> <span class='ocrx_word' id='word_1_679' title='bbox 3380 4493 3436 4547; x_wconf 90' lang='lat' dir='ltr'><strong>in</strong></span> <span class='ocrx_word' id='word_1_680' title='bbox 3459 4508 3522 4550; x_wconf 85' lang='lat' dir='ltr'><strong>ea</strong></span> <span class='ocrx_word' id='word_1_681' title='bbox 3555 4509 3618 4550; x_wconf 81' lang='lat' dir='ltr'><strong>re</strong></span> <span class='ocrx_word' id='word_1_682' title='bbox 3645 4493 3791 4551; x_wconf 82' lang='lat' dir='ltr'><strong>fave-</strong></span> 
     </span>
    </p>
   </div>
   <div class='ocr_carea' id='block_1_107' title="bbox 2205 4581 3787 4654">
    <p class='ocr_par' dir='ltr' id='par_1_107' title="bbox 2205 4581 3787 4654">
     <span class='ocr_line' id='line_1_107' title="bbox 2205 4581 3787 4654; baseline 0.004 -16"><span class='ocrx_word' id='word_1_683' title='bbox 2205 4583 2335 4650; x_wconf 89' lang='lat' dir='ltr'><strong>rint,</strong></span> <span class='ocrx_word' id='word_1_684' title='bbox 2371 4581 2477 4639; x_wconf 91' lang='lat' dir='ltr'><strong>nisi</strong></span> <span class='ocrx_word' id='word_1_685' title='bbox 2492 4582 2808 4654; x_wconf 89' lang='lat' dir='ltr'><strong>resipiscas,</strong></span> <span class='ocrx_word' id='word_1_686' title='bbox 2833 4583 3241 4640; x_wconf 87' lang='lat' dir='ltr'><strong>mulctabimus.</strong></span> <span class='ocrx_word' id='word_1_687' title='bbox 3269 4583 3327 4640; x_wconf 90' lang='lat' dir='ltr'><strong>Si</strong></span> <span class='ocrx_word' id='word_1_688' title='bbox 3353 4601 3486 4642; x_wconf 91' lang='lat' dir='ltr'><strong>vero</strong></span> <span class='ocrx_word' id='word_1_689' title='bbox 3511 4586 3787 4650; x_wconf 83' lang='lat' dir='ltr'><strong>obediens.</strong></span> 
     </span>
    </p>
   </div>
   <div class='ocr_carea' id='block_1_108' title="bbox 2205 4674 3790 4750">
    <p class='ocr_par' dir='ltr' id='par_1_108' title="bbox 2205 4674 3790 4750">
     <span class='ocr_line' id='line_1_108' title="bbox 2205 4674 3790 4750; baseline 0.001 -18"><span class='ocrx_word' id='word_1_690' title='bbox 2205 4675 2348 4732; x_wconf 87' lang='lat' dir='ltr'><strong>sicut</strong></span> <span class='ocrx_word' id='word_1_691' title='bbox 2371 4674 2747 4731; x_wconf 89' lang='lat' dir='ltr'><strong>Christianum</strong></span> <span class='ocrx_word' id='word_1_692' title='bbox 2791 4675 2965 4742; x_wconf 89' lang='lat' dir='ltr'><strong>decet,</strong></span> <span class='ocrx_word' id='word_1_693' title='bbox 3000 4677 3300 4746; x_wconf 89' lang='lat' dir='ltr'><strong>prudenter</strong></span> <span class='ocrx_word' id='word_1_694' title='bbox 3337 4678 3642 4746; x_wconf 81' lang='lat' dir='ltr'><strong>exstiteris,</strong></span> <span class='ocrx_word' id='word_1_695' title='bbox 3669 4693 3790 4750; x_wconf 80' lang='lat' dir='ltr'><strong>gra-</strong></span> 
     </span>
    </p>
   </div>
   <div class='ocr_carea' id='block_1_109' title="bbox 2205 4765 3786 4838">
    <p class='ocr_par' dir='ltr' id='par_1_109' title="bbox 2205 4765 3786 4838">
     <span class='ocr_line' id='line_1_109' title="bbox 2205 4765 3786 4838; baseline 0.002 -16"><span class='ocrx_word' id='word_1_696' title='bbox 2205 4767 2337 4822; x_wconf 89' lang='lat' dir='ltr'><strong>tiam</strong></span> <span class='ocrx_word' id='word_1_697' title='bbox 2365 4766 2509 4823; x_wconf 88' lang='lat' dir='ltr'><strong>beati</strong></span> <span class='ocrx_word' id='word_1_698' title='bbox 2535 4765 2702 4834; x_wconf 89' lang='lat' dir='ltr'><strong>Petri,</strong></span> <span class='ocrx_word' id='word_1_699' title='bbox 2729 4775 2784 4822; x_wconf 90' lang='lat' dir='ltr'><strong>et</strong></span> <span class='ocrx_word' id='word_1_700' title='bbox 2810 4768 3124 4838; x_wconf 71' lang='lat' dir='ltr'><strong>apostolica:</strong></span> <span class='ocrx_word' id='word_1_701' title='bbox 3149 4769 3295 4826; x_wconf 88' lang='lat' dir='ltr'><strong>sedis</strong></span> <span class='ocrx_word' id='word_1_702' title='bbox 3331 4769 3786 4838; x_wconf 87' lang='lat' dir='ltr'><strong>benedictionem,</strong></span> 
     </span>
    </p>
   </div>
   <div class='ocr_carea' id='block_1_110' title="bbox 2207 4859 3367 4932">
    <p class='ocr_par' dir='ltr' id='par_1_110' title="bbox 2207 4859 3367 4932">
     <span class='ocr_line' id='line_1_110' title="bbox 2207 4859 3367 4932; baseline 0.002 -17"><span class='ocrx_word' id='word_1_703' title='bbox 2207 4859 2347 4916; x_wconf 76' lang='lat' dir='ltr'><strong>sicut</strong></span> <span class='ocrx_word' id='word_1_704' title='bbox 2375 4859 2757 4930; x_wconf 87' lang='lat' dir='ltr'><strong>obtemperans</strong></span> <span class='ocrx_word' id='word_1_705' title='bbox 2784 4859 2953 4930; x_wconf 82' lang='lat' dir='ltr'><strong>ﬁlius,</strong></span> <span class='ocrx_word' id='word_1_706' title='bbox 2990 4859 3367 4932; x_wconf 88' lang='lat' dir='ltr'><strong>consequeris.</strong></span> 
     </span>
    </p>
   </div>
   <div class='ocr_carea' id='block_1_111' title="bbox 2207 4949 3786 5078">
    <p class='ocr_par' dir='ltr' id='par_1_111' title="bbox 2207 4949 3786 5078">
     <span class='ocr_line' id='line_1_111' title="bbox 2207 4949 3786 5078; baseline 0.003 -74"><span class='ocrx_word' id='word_1_707' title='bbox 2207 5027 2259 5078; x_wconf 49' lang='grc' dir='ltr'>η</span> <span class='ocrx_word' id='word_1_708' title='bbox 2280 4951 2412 5076; x_wconf 50' lang='lat' dir='ltr'><strong>[gata</strong></span> <span class='ocrx_word' id='word_1_709' title='bbox 2453 4949 2658 5020; x_wconf 76' lang='lat' dir='ltr'><strong>Romze,</strong></span> <span class='ocrx_word' id='word_1_710' title='bbox 2700 4959 2898 5024; x_wconf 84' lang='lat' dir='ltr'><strong>quarto</strong></span> <span class='ocrx_word' id='word_1_711' title='bbox 2923 4951 3108 5010; x_wconf 89' lang='lat' dir='ltr'><strong>Nonas</strong></span> <span class='ocrx_word' id='word_1_712' title='bbox 3154 4951 3440 5024; x_wconf 89' lang='lat' dir='ltr'><strong>Octobris,</strong></span> <span class='ocrx_word' id='word_1_713' title='bbox 3497 4953 3786 5024; x_wconf 77' lang='lat' dir='ltr'><strong>indictione</strong></span> 
     </span>
     <span class='ocr_line' id='line_1_112' title="bbox 2247 5037 3336 5076; baseline 0.005 -1"><span class='ocrx_word' id='word_1_714' title='bbox 2247 5037 2290 5076; x_wconf 93' lang='lat' dir='ltr'><strong>-r</strong></span> <span class='ocrx_word' id='word_1_715' title='bbox 2317 5037 2386 5076; x_wconf 78' lang='lat' dir='ltr'><strong>ia.</strong></span> <span class='ocrx_word' id='word_1_716' title='bbox 3329 5057 3336 5064; x_wconf 74' lang='grc' dir='ltr'><em>ι</em></span> 
     </span>
    </p>
   </div>
   <div class='ocr_carea' id='block_1_112' title="bbox 2247 5037 3336 5076">
    <p class='ocr_par' dir='ltr' id='par_1_112' title="bbox 2247 5037 3336 5076">
     <span class='ocr_line' id='line_1_113' title="bbox 2247 5037 3336 5076; baseline 0.002 0"><span class='ocrx_word' id='word_1_717' title='bbox 2247 5037 2365 5076; x_wconf 65' lang='grc' dir='ltr'><strong>τηις)</strong></span> <span class='ocrx_word' id='word_1_718' title='bbox 2374 5060 2386 5076; x_wconf 79' lang='grc' dir='ltr'>ι</span> <span class='ocrx_word' id='word_1_719' title='bbox 3329 5057 3336 5064; x_wconf 75' lang='grc' dir='ltr'><em>ι</em></span> 
     </span>
    </p>
   </div>
   <div class='ocr_carea' id='block_1_113' title="bbox 2778 5109 3220 5171">
    <p class='ocr_par' dir='ltr' id='par_1_113' title="bbox 2778 5109 3220 5171">
     <span class='ocr_line' id='line_1_114' title="bbox 2778 5109 3220 5171; baseline 0.007 -3"><span class='ocrx_word' id='word_1_720' title='bbox 2778 5110 3118 5170; x_wconf 81' lang='lat' dir='ltr'><strong>EPISTOLA</strong></span> <span class='ocrx_word' id='word_1_721' title='bbox 3154 5109 3220 5171; x_wconf 50' lang='grc' dir='ltr'><strong>ἴ.</strong></span> 
     </span>
    </p>
   </div>
   <div class='ocr_carea' id='block_1_114' title="bbox 2597 5218 3399 5265">
    <p class='ocr_par' dir='ltr' id='par_1_114' title="bbox 2597 5218 3399 5265">
     <span class='ocr_line' id='line_1_115' title="bbox 2597 5218 3399 5265; baseline 0.005 -6"><span class='ocrx_word' id='word_1_722' title='bbox 2597 5218 2664 5260; x_wconf 79' lang='grc' dir='ltr'><strong>ΑΙ)</strong></span> <span class='ocrx_word' id='word_1_723' title='bbox 2696 5221 2902 5261; x_wconf 66' lang='grc' dir='ltr'><strong>ΔΟΟΧΕΠ</strong></span> <span class='ocrx_word' id='word_1_724' title='bbox 2929 5221 3104 5262; x_wconf 60' lang='lat' dir='ltr'><strong>REGE)!</strong></span> <span class='ocrx_word' id='word_1_725' title='bbox 3132 5221 3399 5265; x_wconf 65' lang='lat' dir='ltr'><strong>DANORL’)‘.</strong></span> 
     </span>
    </p>
   </div>
   <div class='ocr_carea' id='block_1_115' title="bbox 2804 5296 3196 5368">
    <p class='ocr_par' dir='ltr' id='par_1_115' title="bbox 2804 5296 3196 5368">
     <span class='ocr_line' id='line_1_116' title="bbox 2804 5296 3196 5368; baseline 0.008 -18"><span class='ocrx_word' id='word_1_726' title='bbox 2804 5296 2984 5368; x_wconf 80' lang='lat' dir='ltr'><strong>(Anno</strong></span> <span class='ocrx_word' id='word_1_727' title='bbox 3017 5297 3196 5366; x_wconf 71' lang='lat'><strong>1079.)</strong></span> 
     </span>
    </p>
   </div>
  </div>
