3972 5390
188 228 298 284 569

1275 228 1478 284 LIBER
1514 226 1881 284 SEPTIMUS.
1921 259 1992 270 ——-
2026 228 2242 287 EPlST.
2286 230 2373 288 Vl.

3364 244 3473 305 550

259 354 579 426 prudentem
621 353 866 427 clericum
910 354 974 406 ab
1000 369 1058 408 eo
1098 353 1167 406 ad
1189 354 1424 427 semini,
1448 354 1537 423 qui
1561 363 1609 427 ct
1640 352 1787 405 illius
1818 356 1863 409 Α
1888 360 2004 406 tum
2035 355 2275 409 caecitate
2328 357 2668 427 ignorantiae,
2713 366 2829 413 tum
2880 359 3150 417 obsrinata
3175 363 3479 423 temeritate

254 423 437 495 genus
462 441 633 478 mores
661 426 763 478 sibi
790 433 1036 494 exponat,
1072 432 1124 477 et
1152 426 1357 478 rediens
1379 423 1685 493 apostolica:
1704 441 1786 477 se—

252 497 341 549 di
366 496 633 550 mandata
653 496 722 549 ad
748 511 869 548 eum
888 496 1138 565 perferat.

251 587 581 649 Caesonius
592 589 900 658 episcopus,
925 603 1121 642 servus
1148 603 1432 643 servorum
1456 587 1572 653 Dei,
1602 588 1783 645 Λεοκο

180 675 457 752 [Canum]
484 679 607 749 regi
636 678 914 739 Danorum
938 679 1170 735 salutem
1218 688 1273 735 et
1297 680 1659 750 apostolicam
1682 682 1782 736 be-

180 769 586 826 mdictionem.

250 859 490 921 Sincera
511 862 799 918 cbaritatis
827 863 1018 918 all‘ectu
1048 863 1325 921 dilectioni
1357 872 1461 919 tua:
1488 874 1782 936 congratu-

180 953 386 1018 lamur,
399 953 559 1023 quia,
585 954 775 1010 licetin
802 954 1007 1009 ultimis
1028 964 1297 1011 terrarum
1321 955 1523 1011 ﬁnibus
1544 958 1776 1026 positus,

179 1060 242 1101 ea
264 1054 457 1101 tamen
480 1061 613 1115 quae
640 1046 707 1101 ad
737 1044 1062 1101 Christiana:
1108 1047 1388 1117 religionis
1419 1049 1623 1102 cultum
1656 1065 1780 1118 pcr-

177 1135 355 1197 tinere
406 1146 741 1204 noscuntur,
800 1139 1086 1208 vigilanter
1135 1139 1324 1193 studes
1384 1139 1680 1209 inquirere,
1725 1150 1779 1195 et

176 1227 327 1297 quod
353 1236 612 1285 sanctam
642 1227 947 1284 Romanam
996 1228 1298 1284 Ecclesium
1346 1237 1577 1284 matrem
1626 1240 1776 1286 tuam

177 1328 232 1373 et
252 1320 645 1375 universorum
672 1336 1090 1391 recognoscens,
1120 1322 1294 1392 ipsius
1329 1323 1654 1378 documenta
1680 1324 1775 1378 tiLi

177 1421 413 1481 exoptas
438 1421 495 1467 et
522 1414 805 1483 exposcis.
850 1412 1116 1468 Volumus
1159 1415 1325 1469 etiam
1372 1423 1537 1484 atque
1580 1431 1773 1471 mone-

174 1519 327 1571 mus,
366 1502 435 1576 [Ῑ.
466 1513 549 1571 ut,
572 1503 777 1578 Hilam]
811 1505 869 1562 in
895 1505 984 1561 his
1012 1506 1209 1561 studiis
1251 1514 1307 1560 et
1351 1506 1637 1563 desideriis
1674 1509 1772 1564 de-

175 1595 327 1650 votio
351 1604 445 1650 tua
476 1598 806 1666 persistens,
831 1606 887 1653 et
905 1606 1172 1668 quantum
1194 1598 1372 1668 pietas
1399 1599 1583 1654 divina
1628 1616 1771 1670 pra:-

173 1688 381 1743 stiterit
390 1703 671 1757 crescens,
694 1691 1006 1747 nullatenus
1025 1707 1057 1746 a
1075 1691 1359 1761 proposito
1373 1701 1523 1749 recto
1534 1693 1768 1760 deﬁciat,
1802 1699 1846 1754 Β

173 1780 268 1835 sed
297 1780 368 1837 ad
388 1782 622 1837 meliora
651 1782 926 1852 quotidie,
954 1783 1103 1838 sicut
1130 1785 1451 1853 prudentem
1493 1785 1671 1841 virum
1715 1795 1769 1841 et

173 1873 381 1943 regiam
409 1874 565 1929 decet
590 1877 985 1942 constantiam,
1035 1877 1345 1932 roboretur.
1410 1878 1769 1934 Animadver-

172 1972 286 2020 tene
308 1965 586 2036 siquidem
614 1967 777 2024 debet
801 1969 1122 2025 excellentia
1135 1977 1228 2025 tua
1245 1970 1392 2040 quod
1413 1979 1621 2041 quanto
1647 1972 1768 2042 plu-

171 2057 324 2113 ribus
348 2060 731 2128 supereminet
754 2077 822 2118 ac
843 2061 1178 2128 dominatur,
1231 2071 1382 2119 tanto
1426 2064 1601 2135 magis
1660 2066 1762 2121 sibi

169 2150 420 2207 subditos
447 2160 637 2222 potest
654 2154 904 2225 exemplo
940 2170 1044 2210 suo
1072 2163 1169 2209 aut
1210 2156 1278 2211 ad
1312 2156 1556 2213 deterius
1596 2158 1765 2230 (quod

168 2242 330 2314 absit)
356 2243 661 2313 inﬂectere,
709 2254 807 2301 aut
825 2247 895 2303 ad
948 2263 1147 2304 sanum
1202 2249 1493 2305 consilium
1537 2249 1764 2322 ignavos

167 2334 330 2390 etiam
357 2351 682 2406 provocare.
715 2337 918 2395 Intueri
954 2356 1174 2412 quoque
1222 2343 1569 2412 prudentiam
1612 2353 1762 2400 tuam

168 2442 390 2484 necesse
414 2436 503 2483 est
528 2431 852 2500 temporalis
884 2433 1008 2491 vita
1034 2433 1228 2505 gaudia
1257 2450 1422 2506 quam
1451 2437 1559 2492 sint
1594 2438 1763 2492 cadu-

165 2535 248 2586 ca,
267 2536 438 2590 quain
462 2521 714 2594 fugitiva,
737 2541 881 2595 quae,
904 2527 1009 2582 etsi
1024 2527 1134 2585 vita
1156 2529 1248 2584 diu
1264 2531 1591 2587 crederetur
1613 2548 1765 2588 man-

169 2625 317 2680 sura,
338 2622 527 2671 tamen
557 2631 702 2688 saepe
720 2618 907 2673 multis
927 2619 1171 2677 adversis
1192 2637 1258 2676 ex
1297 2621 1596 2693 improviso
1631 2640 1759 2680 sur-

169 2707 420 2777 gentibus
460 2724 660 2765 secura
716 2718 864 2765 stare
905 2727 1016 2766 non
1038 2722 1289 2782 possunt.
1336 2710 1490 2771 Unde
1508 2733 1757 2774 summo-

167 2813 292 2868 pere
315 2815 523 2857 curare
548 2810 768 2872 oportet
792 2810 853 2859 ut
873 2804 941 2859 ad
962 2804 1055 2860 illa
1083 2820 1207 2875 quae
1222 2808 1457 2863 transire
1482 2810 1755 2877 nesciunt,

162 2898 215 2945 et
246 2891 546 2951 habentem
594 2895 847 2952 deserere
884 2904 1185 2968 nequeunt,
1227 2913 1452 2969 gressus
1475 2908 1600 2957 tuos
1633 2918 1759 2959 con-

161 2992 368 3040 stanter
389 2986 626 3059 dirigas,
647 2996 704 3043 et
733 2987 987 3045 aﬁ‘ectum
1030 2991 1230 3047 mentis
1270 2991 1540 3049 intendas.
1578 2993 1757 3066 Cupe-

156 3093 343 3134 remus
369 3080 610 3135 nimium
646 3089 791 3138 certe
817 3082 883 3138 de
916 3085 1117 3140 vestris
1160 3085 1400 3156 aliquem
1436 3088 1754 3156 prudentem

160 3168 419 3226 clericum
449 3173 524 3228 ad
566 3188 670 3229 nos
691 3173 898 3240 venire,
920 3176 1018 3245 qui
1047 3185 1101 3232 et
1148 3187 1345 3234 vestra:
1363 3180 1541 3250 gentis
1576 3197 1757 3240 mores

160 3265 646 3322 sericontinentias
705 3267 871 3323 sciret
922 3268 1081 3324 nobis
1119 3270 1348 3339 pleniter
1396 3271 1668 3342 intimare,
1701 3285 1757 3331 et

160 3359 478 3428 apostolica:
514 3359 669 3416 sedis
708 3360 1034 3416 documenta
1075 3361 1191 3418 sive
1243 3364 1502 3421 mandata
1540 3369 1756 3438 plenius

156 3451 407 3507 eruditus
436 3452 510 3507 ad
538 3466 638 3509 vos
663 3461 848 3523 posset
878 3452 1141 3523 perferre.

222 3544 363 3600 Data
384 3543 582 3600 Roma:
607 3542 794 3601 Idibus
818 3541 1091 3601 Octobris.

729 3656 1063 3714 EPISTOLA
1097 3659 1188 3715 VI.

467 3766 537 3807 AD
567 3766 877 3807 Λινιιηκειτιι
926 3767 1101 3808 κεῖθεν
1130 3769 1439 3820 ϐιὶὸΐειιᾸ-Ζ.

753 3844 933 3914 (Anno
976 3846 1162 3927 1079.)
1196 3860 1205 3865 ί

158 3937 558 4019 σταῑᾳιστυνέε
584 3937 697 4005 eius
709 3938 813 4015 ﬁde
833 3953 883 4019 et
911 3947 1208 4002 obedicnlia
1232 3965 1358 4019 erga
1404 3952 1751 4017 apostolicam

216 4011 420 4092 sedent.
463 4009 747 4092 ﬂauum}
800 4018 872 4071 ad
910 4009 1348 4092 perseuerantiavm
1396 4009 1518 4076 boni
1558 4026 1749 4092 operis.

222 4082 403 4161 gitti!
424 4086 743 4161 clauiculam
794 4082 1041 4161 auream,
1065 4090 1123 4144 in
1142 4106 1247 4161 qua
1276 4093 1339 4147 de
1368 4095 1569 4148 catenis
1591 4082 1751 4150 locati

218 4155 370 4228 Petri
394 4158 714 4221 continetur,
747 4165 797 4209 et
835 4156 1067 4228 legatum
1118 4155 1289 4216 suum
1318 4164 1369 4218 ei
1419 4167 1752 4221 commendat

215 4227 375 4296 plura
404 4241 504 4281 suo
533 4228 743 4281 nomine
768 4226 1080 4286 relaturum.

168 4330 179 4333 “
220 4318 538 4376 Caesonius
563 4320 875 4392 episcopus,
918 4336 1110 4379 servus
1149 4339 1431 4381 servorum
1476 4327 1589 4395 Dei,
1619 4332 1750 4387 eba-

156 4412 373 4470 rissimo
395 4413 453 4469 in
475 4413 698 4471 Christo
742 4413 856 4470 ﬁlio
879 4413 1160 4473 ALPHONSO
1209 4417 1375 4490 [deest
1420 4419 1742 4499 Alphonso],

156 4507 386 4577 glorioso
424 4506 546 4581 regi
574 4506 959 4579 Hispaniarum
987 4548 1001 4577 ,
1041 4508 1272 4566 salutem
1297 4519 1351 4568 et
1390 4516 1745 4585 apostolicam

154 4598 609 4656 benedictionem.
828 4601 834 4607 ’

217 4689 594 4762 Omnipotenti
646 4691 760 4748 Deo
780 4692 967 4751 laudes
1022 4705 1077 4753 et
1113 4696 1317 4769 gratias
1362 4699 1597 4771 agimus,
1649 4705 1745 4775 qui

155 4782 376 4855 gloriam
400 4792 647 4839 vestram
682 4787 855 4858 gratia
895 4803 1009 4844 suae
1070 4790 1403 4847 visitationis
1438 4792 1741 4865 illustrans,

154 4874 210 4931 B.
230 4875 392 4932 Petro
418 4878 796 4948 apostolorum
822 4880 1055 4951 principi
1085 4881 1189 4936 ﬁde
1217 4900 1282 4940 ac
1300 4884 1585 4941 devotione
1614 4903 1744 4943 con-

152 4969 341 5038 junxit,
392 4971 485 5025 cui
525 4984 723 5025 omnes
762 4971 1101 5043 principatus
1136 4982 1190 5029 et
1239 4986 1533 5045 potestates
1593 4982 1743 5039 orbis

158 5067 413 5117 terrarum
445 5062 773 5132 subjiciens,
829 5063 921 5133 jus
958 5064 1165 5135 ligandi
1207 5075 1369 5138 atque
1407 5068 1741 5131 solvendiin

159 5155 285 5211 uelo
303 5164 358 5210 et
380 5155 436 5210 in
476 5165 629 5210 terra
652 5156 995 5213 contrad’idit.
1025 5154 1144 5223 Qua
1189 5157 1256 5212 de
1283 5176 1340 5215 re
1368 5171 1421 5217 et
1448 5165 1604 5222 vobis
1627 5184 1742 5224 me.

158 5246 251 5301 rito
302 5246 657 5320 gaudendum
711 5256 810 5314 est,
856 5249 1120 5321 quoniam
1158 5262 1224 5305 eo
1269 5255 1529 5324 ampliora
1580 5262 1739 5317 vobis

159 5349 327 5390 parata
355 5350 489 5390 sunt
508 5339 756 5390 praemia.
810 5358 917 5390 mm
944 5340 1134 5390 divina
1156 5339 1396 5390 dignatin
1444 5356 1736 5390 omnm..-

1888 455 2206 512 caruerunt,
2240 457 2419 502 vestra
2453 458 2758 504 mereretur
2799 453 3077 522 suscipere
3100 455 3352 511 sublimis
3382 458 3480 515 hu-

1886 536 2090 592 militas
2110 547 2163 592 et
2196 538 2371 594 ﬁdelis
2398 539 2725 596 obedientia.
2758 542 2961 598 Verum
2997 546 3125 614 quia
3150 562 3311 602 omne
3337 564 3479 619 opus

1884 629 2090 683 bonum
2112 645 2219 684 non
2244 639 2357 685 tam
2391 632 2461 686 ab
2488 632 2750 703 incmptu,
2778 650 2944 705 quam
2967 652 3032 691 ex
3055 638 3161 692 line
3185 654 3288 694 suo
3312 641 3476 697 retri-

1883 721 2386 777 butionisdcbitum
2424 734 2654 793 spectat,
2690 728 3067 784 excellentiam
3096 740 3333 787 vestram
3374 749 3475 803 pa-

1884 818 2035 867 terna
2059 813 2321 870 charitate
2342 831 2652 885 monemus,
2684 828 2740 873 ut
2775 822 2921 890 quod
2970 837 2999 876 a
3048 823 3241 893 legatis
3272 825 3477 881 nostris
3570 872 3573 875 .

1882 903 1949 957 de
1971 906 2230 977 religione
2260 908 2385 963 ﬁdei
2440 918 2494 963 et
2535 912 2895 968 ecclesiastici
2925 915 3135 969 ordinis
3165 917 3473 986 accepistis,

1880 1004 1935 1049 et
1970 997 2168 1064 adhuc,
2193 997 2305 1054 Deo
2330 1008 2575 1067 auctore,
2615 1005 2891 1073 accepturi
2927 1006 3081 1073 estis,
3131 1006 3360 1068 ﬁrmiter
3394 1017 3478 1064 ιε·-

1880 1089 2056 1144 neatis
2088 1090 2254 1159 :quia
2281 1092 2425 1147 sicut
2458 1102 2607 1149 certa
2636 1110 2763 1165 spes
2797 1097 2993 1153 salutis
3037 1108 3123 1154 est
3150 1100 3237 1156 his
3283 1100 3380 1171 qui
3418 1101 3472 1158 in

1879 1179 2258 1238 observatione
2287 1184 2411 1238 ﬁdei
2434 1194 2485 1239 et
2516 1186 2780 1242 doctrina:
2814 1188 2980 1259 hujus
3026 1199 3229 1247 sanctae
3256 1202 3476 1263 apostov

1866 1270 2000 1326 ἠοω
2022 1274 2167 1329 sedis
2188 1285 2532 1345 permanent,
2560 1279 2635 1333 ita
2664 1279 2772 1335 illis
2813 1281 2910 1351 qui
2942 1282 3011 1337 ab
3032 1283 3155 1353 ejus
3181 1286 3473 1341 concordia

1875 1371 1930 1417 et
1954 1364 2162 1419 unitate
2212 1367 2662 1435 exorbitaverint,
2712 1372 2858 1427 haud
2888 1373 3069 1429 dubiae
3105 1376 3474 1434 damnationis

1876 1462 2051 1510 terror
2071 1454 2338 1512 imminet.
2376 1458 2444 1513 Et
2472 1461 2691 1530 quidem
2722 1463 2789 1517 de
2815 1466 2974 1520 vobis
2997 1466 3135 1522 bene
3163 1467 3471 1538 speramus,

1874 1546 2134 1615 quoniam
2156 1549 2418 1604 relatione
2441 1552 2621 1608 dilecti
2650 1554 2746 1608 ﬁlii
2792 1557 2999 1613 nostris
3041 1557 3301 1616 Richardi
3352 1578 3473 1617 car-

1873 1637 2069 1694 dinalis
2102 1641 2405 1713 presbyteri
2435 1653 2638 1700 sancta:
2677 1645 2940 1704 Romana:
2993 1647 3270 1718 Ecclesiaa,
3307 1669 3471 1723 quem

1872 1745 2019 1785 nunc
2048 1734 2290 1788 secundo
2317 1735 2384 1789 ad
2414 1751 2514 1791 vos
2556 1738 2826 1794 mittimus
2845 1782 2860 1808 ,
2890 1741 3091 1796 bonam
3135 1744 3471 1801 voluntatem

1868 1836 1967 1876 vos
1990 1821 2189 1878 habere
2211 1825 2602 1885 intelleximus.
2636 1829 2741 1886 Sed
2780 1835 3037 1903 quoniam
3070 1836 3263 1892 devota
3306 1840 3470 1896 corda

1868 1928 2083 1984 semper
2102 1914 2472 1975 admonitione
2509 1922 2771 1991 gaudent,
2813 1934 2866 1980 et
2908 1926 3025 1982 ista:
3048 1928 3210 1983 etiam
3239 1930 3407 1985 virtut
3442 1947 3469 1986 s

1867 2007 2129 2063 exercitio
2149 2009 2415 2082 indigent,
2449 2013 2737 2069 hortamur
2758 2018 3113 2074 eminentiam
3142 2030 3380 2077 vestram
3407 2033 3468 2077 ut

1866 2097 1937 2151 ab
1965 2098 2067 2153 hac
2092 2107 2309 2157 terrena
2339 2113 2392 2159 et
2417 2105 2620 2161 caduca
2649 2106 2914 2178 dignitate
2944 2110 3011 2165 ad
3036 2112 3183 2166 illam
3206 2129 3329 2183 qum
3356 2131 3469 2171 cae-

1852 2187 2019 2265 lestis
2042 2198 2096 2244 et
2118 2198 2321 2248 aeterna
2357 2202 2442 2250 est
2470 2205 2709 2252 mentem
2740 2197 2911 2266 levet;
2958 2201 3059 2256 hac
3101 2210 3288 2258 utatur
3324 2206 3470 2263 sicut

1866 2283 2182 2339 transitoria
2215 2294 2268 2341 ct
2290 2287 2400 2342 cito
2440 2289 2706 2358 peritura,
2740 2291 2888 2345 illam
2921 2303 3140 2363 appetat
3162 2311 3285 2365 qua:
3304 2306 3463 2352 mter-

1865 2372 2089 2430 nitatem
2114 2379 2322 2448 pariter
2343 2378 2505 2435 habet
2528 2390 2581 2435 et
2609 2382 2798 2454 gloria:
2830 2383 3245 2452 plenitudinem.
3268 2389 3463 2445 Atten-

1862 2463 1991 2521 dcre
2017 2467 2164 2522 enim
2186 2476 2241 2525 et
2284 2470 2516 2527 sollicite
2536 2489 2768 2543 pensare
2799 2475 3008 2532 debetis
3031 2480 3291 2549 quoniam
3321 2498 3462 2553 quo-

1863 2555 1992 2612 tidie
2012 2559 2079 2613 ad
2109 2559 2273 2615 tinem
2301 2562 2426 2618 vita:
2469 2565 2712 2622 volentes
2741 2568 3098 2641 nolentesque
3132 2575 3462 2643 properatis,

1859 2658 1907 2705 et
1940 2650 2203 2722 quidquid
2228 2653 2567 2726 divitiarum,
2616 2659 2865 2729 honoris,
2895 2665 3171 2733 potentiae,
3204 2683 3353 2721 nunc
3374 2684 3464 2722 ar-

1860 2741 2018 2810 ridet,
2044 2744 2221 2800 vicina
2246 2763 2417 2816 mors,
2468 2765 2592 2806 cum
2637 2751 2862 2808 minime
2904 2765 3148 2824 putatur,
3188 2758 3382 2830 rapiet,
3409 2768 3464 2814 et

1860 2837 2045 2892 omnia
2074 2839 2315 2895 tenebris
2342 2849 2395 2896 et
2439 2844 2807 2900 amaritudine
2836 2846 3068 2902 claudet.
3096 2847 3227 2916 Qua:
3253 2866 3382 2921 ergo
3406 2852 3461 2907 in

1858 2931 1967 2985 illis
1988 2947 2135 3002 spes,
2163 2948 2286 3003 qum
2315 2934 2512 3006 gloria,
2543 2953 2667 3008 quae
2689 2938 3108 3007 dclcctatio,aut
3129 2942 3459 3010 desiderium

1858 3039 1980 3078 esse
2007 3022 2188 3091 debet,
2214 3037 2339 3095 quae
2375 3042 2433 3082 se
2456 3038 2707 3085 amantes
2727 3030 3038 3109 decipiunt,
3064 3052 3353 3112 sequentes
3376 3052 3464 3098 tu-

1860 3116 2033 3187 giunt,
2060 3116 2325 3173 habentes
2346 3117 2774 3200 derelinquunt?
2812 3129 3028 3197 Quanto
3051 3143 3232 3187 autem
3272 3133 3326 3188 in
3373 3134 3461 3190 his

1857 3209 2092 3280 quisque
2132 3209 2317 3266 minus
2348 3211 2671 3288 delectatur,
2701 3222 2995 3292 minusque
3028 3223 3260 3278 elatione
3295 3241 3461 3296 super

1857 3318 1916 3357 SC
1941 3303 2175 3379 rapitur,
2205 3311 2360 3368 lanto
2384 3315 2635 3370 securius
2662 3315 2729 3370 ad
2765 3331 2828 3370 ea
2859 3332 2982 3386 qua:
3007 3333 3134 3372 vera
3156 3327 3286 3373 sunt
3312 3318 3457 3374 bona

1857 3394 2165 3458 deducitur.
2218 3404 2392 3476 Cujus
2437 3407 2513 3461 rei
2564 3408 2876 3478 exemplum
2917 3407 3035 3478 ipse
3076 3407 3342 3465 Dominus
3392 3426 3459 3466 ac

1861 3490 2111 3551 Salvator
2159 3507 2347 3553 noster
2368 3496 2529 3555 Iesus
2581 3498 2835 3555 Christus
2874 3508 3063 3570 aperte
3107 3502 3454 3570 monstravit,

1858 3602 1983 3641 cum
2014 3588 2256 3644 oblatum
2300 3590 2401 3646 sibi
2437 3591 2507 3646 ab
2536 3591 2856 3647 hominibus
2885 3608 3115 3664 regnum
3152 3594 3243 3666 pia
3274 3595 3457 3651 humi-

1856 3677 2007 3734 litate
2052 3682 2280 3752 respuit,
2326 3698 2426 3737 nec
2475 3683 2712 3753 speciem
2767 3684 2990 3754 quidem
3022 3692 3257 3741 terrena:
3278 3685 3454 3740 subli-

1856 3771 2065 3828 mitatis
2088 3773 2142 3827 in
2173 3774 2347 3829 oculis
2374 3775 2660 3830 hominum
2686 3792 2874 3848 gerere
2893 3778 3088 3844 voluit,
3112 3777 3206 3850 qui
3228 3778 3281 3832 in
3307 3778 3457 3835 hunc

1859 3867 2145 3934 mundum,
2180 3876 2237 3922 ut
2292 3883 2394 3923 nos
2439 3869 2507 3923 ad
2556 3885 2787 3941 regnum
2833 3871 3055 3926 ccelcste
3108 3871 3449 3941 perduceret,

1854 3960 2020 4014 venit.
2045 3959 2386 4031 Quapropter
2409 3962 2552 4017 sicut
2574 3962 2969 4018 charissimum
3000 3964 3173 4018 ﬁlium
3198 3980 3297 4019 vos
3350 3964 3451 4018 ad-

1854 4066 2164 4117 monemus,
2188 4060 2250 4106 ut
2290 4051 2407 4106 haec
2444 4051 2636 4107 sedulo
2675 4052 2961 4107 vobiscum
2995 4054 3319 4125 cogitantes,
3363 4068 3451 4108 co-

1855 4156 1973 4194 ram
1999 4141 2089 4195 illo
2118 4156 2216 4196 vos
2245 4141 2551 4196 exhibeatis
2596 4141 2857 4196 humilem
2879 4184 2894 4209 ,
2923 4144 3018 4213 qui
3041 4159 3139 4198 vos
3168 4143 3451 4215 constituit

1861 4232 2010 4286 valde
2033 4233 2343 4299 sublimem,
2368 4243 2423 4289 et
2451 4234 2593 4290 inter
2620 4235 2805 4289 omnia
2832 4244 2885 4290 et
2916 4251 3030 4307 pra:
3056 4234 3312 4291 omnibus
3335 4232 3448 4294 Deo

1854 4324 2071 4394 placere
2103 4324 2403 4392 studentes,
2449 4324 2745 4382 commissa
2770 4326 2924 4383 vobis
2961 4326 3115 4400 regni
3168 4327 3444 4400 guberna-

1779 4407 1823 4462 D
1850 4416 1970 4473 cula
1995 4416 2070 4470 ita
2095 4416 2481 4473 administrare
2505 4434 2632 4473 cum
2677 4417 2774 4474 Dei
2797 4419 3067 4489 adjutorio
3093 4418 3401 4490 procuretis
3426 4432 3440 4473 :

1846 4516 2118 4581 quatenus
2142 4516 2323 4564 vestra
2344 4509 2644 4565 eminentia
2671 4510 2881 4566 nullum
2906 4510 3103 4566 futurae
3118 4509 3443 4581 abjectionis

1846 4612 1940 4657 aut
1965 4600 2253 4659 infortunii
2273 4619 2466 4659 casum
2495 4604 2716 4671 sentiat,
2754 4606 2850 4661 sed
2872 4606 2940 4661 ad
2963 4620 3220 4661 coronam
3258 4606 3442 4663 iocor.

1844 4697 2387 4769 ruptibilis_regniet
2423 4698 2623 4752 solium
2669 4705 2888 4755 aeternis
2934 4697 3121 4770 gloriae
3172 4707 3434 4756 transeat.

1846 4785 1917 4844 Ut
1941 4798 2123 4846 autem
2154 4800 2343 4848 nostra
2382 4790 2692 4847 exhortatio
2736 4791 2888 4848 cordi
2928 4800 3112 4852 vestro
3142 4793 3307 4849 altius
3331 4794 3438 4849 im-

1842 4884 2129 4953 primatur,
2154 4901 2224 4939 ex
2242 4901 2398 4942 more
2438 4895 2778 4964 sanctorum
2801 4886 3053 4941 misimus
3081 4887 3237 4942 vobis
3274 4888 3434 4944 clavi:

1844 4978 2022 5034 culam
2051 4992 2278 5033 auream
2318 4979 2373 5034 in
2401 4994 2510 5049 qua
2533 4980 2599 5034 de
2622 4980 2833 5036 catenis
2854 4979 3001 5035 beati
3037 4979 3184 5035 Petri
3208 4980 3435 5036 benedi-

1843 5073 1951 5129 ctio
1986 5072 2328 5140 continetur;
2379 5081 2652 5142 quatenus
2681 5089 2778 5141 per
2803 5075 2923 5144 ejus
2950 5074 3240 5144 praesentia
3258 5083 3439 5147 patro-

1842 5168 1984 5224 cinia
2022 5166 2276 5220 uberiora
2326 5181 2455 5236 erga
2503 5182 2605 5221 vos
2654 5165 2918 5224 beneﬁcia
2963 5168 3231 5234 sentiatis,
3279 5177 3334 5224 et
3376 5168 3433 5223 in

1840 5275 2027 5317 amore
2055 5257 2229 5328 ipsius
2248 5258 2315 5313 de
2349 5258 2438 5313 die
2464 5257 2523 5314 in
2560 5258 2706 5336 diem
2740 5260 3010 5317 ferventes
3037 5261 3431 5326 accendamini,

1840 5356 2219 5390 nrnmomntno
2241 5358 2297 5390 ut
2330 5350 2681 5390 nmninntanc
2726 5351 2871 5390 na...
2934 5354 3027 5390 ηιιί
3076 5354 3229 5390 illum
3267 5353 3409 5390 σιδωί
