3972 5390
526 236 625 294 tibi

1166 227 1224 286 S.
1263 222 1592 286 GREGORII
1625 221 1719 278 VII
1754 217 1957 276 ΡᾹΡΑΞ
1996 215 2284 276 OPERUM
2321 215 2504 272 PARS
2540 214 2582 272 I.
2620 244 2693 258 -—
2729 213 3152 272 REGISTRUM.

3684 214 3786 272 552

525 350 784 408 dilectum
808 346 979 404 tilium
1007 354 1281 412 nostrum,
1301 339 1643 414 quem,sicnt
1666 352 1831 409 supra
1846 335 2108 402 diximus,
2139 335 2188 393 Α
2278 330 2400 386 Νοιι
2448 330 2763 387 dubitamus
2810 328 3170 386 fraternitatis
3211 334 3410 386 vestrae
3447 326 3784 385 dileaimem

526 456 676 499 nunc
721 439 963 497 secundo
1007 437 1076 493 ad
1108 451 1209 491 vos
1246 433 1538 497 mittimus,
1571 439 1632 487 ut
1679 445 1807 486 eum
1836 429 1981 485 sicut
2006 442 2109 483 nos

528 533 784 599 audiatis,
838 539 894 586 et
942 530 997 585 in
1046 528 1306 584 omnibus
1335 526 1438 582 sibi
1485 524 1729 580 favorem
1773 521 2107 588 exhibeatis;

528 633 799 697 quatenus
838 639 952 678 non
976 623 1070 676 tiat
1096 620 1278 675 inanis
1310 634 1508 675 cursus
1531 626 1586 673 et
1617 616 1775 671 labor
1797 614 1943 668 illius
1967 611 2112 683 apud

528 732 648 785 vos,
679 716 774 771 sed
805 730 907 786 pro
934 713 1228 769 commissa
1260 711 1361 766 sibi
1402 709 1675 781 legatione
1702 723 1767 763 ea
1795 721 1917 777 quae
1937 705 2005 761 de
2020 719 2113 760 ec-

530 807 852 865 clesiasticis
904 805 1087 861 causis
1136 802 1423 858 tractanda
1472 792 1768 867 invenerit,
1825 796 2114 854 eilicaciter

530 898 776 969 exsequi,
800 906 854 953 et
898 898 966 953 ad
1012 906 1213 952 statum
1244 893 1605 960 rectitudinis,
1643 892 1755 946 Deo
1801 890 2110 960 adjuvante,

528 990 825 1055 perducere
849 991 1044 1044 valeat.
1075 989 1281 1043 Cretera
1309 1000 1442 1040 vero
1491 1000 1615 1055 quae
1640 985 1732 1039 hic
1767 982 1951 1037 minus
1976 992 2112 1035 con-

470 1132 474 1138 .
528 1082 791 1149 tinentur,
808 1082 862 1137 in
890 1082 1011 1153 ejus
1039 1096 1135 1135 ore
1168 1079 1475 1151 posuimus,
1500 1077 1591 1132 cui
1615 1091 1715 1131 vos
1737 1075 1791 1129 in
1814 1074 1966 1128 nullo
1990 1085 2112 1126 cre-

468 1214 475 1217 -
526 1173 657 1230 dere
680 1174 959 1241 dubitetis,
989 1188 1085 1244 per
1100 1187 1264 1243 quem
1295 1178 1541 1226 nostram
1559 1168 1716 1224 vobis
1735 1165 2112 1221 auctoritatem

529 1267 911 1337 reprtesentari
933 1264 1288 1337 cognoscitis.

600 1357 734 1413 Data
773 1358 980 1425 Romae,
1006 1357 1218 1413 decimo
1248 1364 1442 1411 octavo
1471 1353 1741 1409 Kalendas
1768 1350 2111 1416 Novembris,

506 1448 827 1505 indictione
851 1466 932 1505 ιιι.

1083 1517 1420 1573 EPISTOLA
1459 1514 1570 1570 VII.

918 1628 985 1666 AD
1021 1628 1172 1666 BICIIA
1182 1628 1207 1665 ll
1218 1627 1325 1665 Dliﬂ
1361 1622 1717 1664 CAIIDINALEH.

1126 1702 1314 1774 (Auno
1342 1700 1522 1769 1079.)

524 1794 814 1851 Constituit
861 1811 980 1849 eum
1030 1793 1272 1848 abbatem
1326 1789 1712 1859 Massiliensem
1770 1805 1802 1843 a
1853 1787 2113 1859 fratribus

596 1866 944 1939 postulatum.
988 1865 1270 1939 IIortutur_
1287 1862 1356 1917 ad
1399 1879 1530 1916 onus
1566 1858 1796 1939 ﬁdelith
1823 1858 2116 1939 suscipiam:

595 1929 744 1991 dum.
782 1930 1096 1991 Desiderare
1124 1951 1178 1989 se
1216 1935 1295 1987 ait
1324 1929 1701 1987 monasterium
1741 1930 1924 1987 Sancti
1950 1929 2114 1984 Pauli

598 2018 649 2062 et
693 2008 1071 2061 monasterium
1108 2004 1441 2059 Massiliense
1475 2004 1655 2069 unire,
1691 2012 1740 2057 et
1773 2010 1891 2073 post
1927 2017 2115 2055 mona-

584 2077 1033 2158 steriozumfjus
1092 2085 1289 2158 rectam
1333 2075 1751 2158 dispositionem,
1776 2072 1781 2073 “
1803 2072 2117 2149 legationem

597 2164 753 2203 suam
783 2146 841 2200 in
880 2142 1203 2217 Hispaniam
1230 2142 1471 2217 persequi
1485 2144 1656 2215 jubet.
1857 2142 1870 2145 Ὗ
2002 2142 2007 2149 ’

599 2239 908 2296 (ἶιιιῖαοιιιιιε
942 2238 1255 2309 episcopus,
1303 2252 1497 2292 servus
1527 2250 1812 2292 servorum
1851 2233 1969 2303 Dei,
2019 2233 2117 2289 Rr-

528 2344 739 2386 cmsno
781 2329 1046 2385 cardinali
1081 2329 1138 2384 in
1184 2327 1453 2400 legatione
1494 2326 1770 2399 Hispaniae
1823 2326 2120 2383 constituto

530 2422 763 2477 salutem
786 2430 842 2476 et
861 2422 1219 2493 apostolicam
1248 2420 1704 2477 benedictionem.

601 2513 950 2571 Unanimitas
972 2514 1205 2570 fratrum
1224 2513 1671 2579 Massiliensium,
1704 2512 1758 2568 in
1789 2511 1984 2569 litteris
2006 2512 2122 2568 suis

494 2614 738 2663 'sanctre
787 2607 1068 2664 memoriae
1126 2605 1317 2662 fratris
1362 2606 1473 2661 tuis
1520 2621 1837 2662 memorans
1889 2605 2121 2672 obitum,

534 2713 677 2754 novo
706 2714 795 2755 me
829 2699 1020 2756 dolore
1067 2699 1355 2766 sauciavit,
1397 2706 1590 2769 petens
1621 2698 1848 2769 insuper
1876 2704 2124 2759 contem-

533 2790 775 2861 platione
799 2792 1007 2848 amoris
1036 2793 1213 2867 sancti
1245 2790 1435 2847 fratris
1456 2790 1557 2858 tui,
1581 2798 1742 2861 teque
1770 2790 1917 2846 velut
1943 2790 2126 2861 ipsum

533 2884 769 2940 alterum
793 2883 1042 2941 futurum
1087 2898 1337 2959 sperans,
1360 2883 1443 2939 uti
1466 2881 1573 2939 sibi
1600 2891 1654 2938 te
1685 2882 2040 2939 concederem
2068 2881 2127 2937 in

533 2976 815 3044 abbatem;
866 2978 1015 3049 quod
1056 2984 1112 3033 et
1152 2975 1276 3031 feci.
1312 2974 1451 3032 Volo
1492 2990 1623 3046 ergo
1670 2982 1732 3030 ut
1774 2973 1974 3031 fratres
2002 2982 2124 3031 tuos

535 3068 686 3123 nullo
723 3068 887 3124 modo
934 3069 1284 3139 pertinaciter
1328 3067 1638 3123 resistendo
1681 3067 1995 3135 contristes,
2030 3067 2126 3124 sed

535 3159 803 3216 voluntati
841 3159 938 3216 Dei
973 3168 1029 3216 et
1067 3168 1385 3216 sanctorum
1428 3158 1660 3217 fratrum
1707 3159 1866 3216 facile
1907 3159 2129 3230 acquie-

536 3267 682 3309 scas.
734 3251 999 3308 Volumus
1034 3252 1198 3308 etiam
1239 3261 1403 3323 atque
1430 3268 1722 3309 monemus
1752 3260 1833 3321 ut,
1866 3253 1922 3307 in
1954 3267 2130 3323 quan-

537 3351 656 3399 tum
684 3351 862 3414 potes,
907 3359 1035 3415 spes
1062 3353 1341 3399 tantorum
1378 3343 1610 3400 fratrum
1651 3344 1720 3400 de
1754 3352 1809 3400 te
1837 3360 1978 3398 vana
2018 3359 2128 3398 non

539 3435 665 3504 fiat,
726 3435 821 3491 sed
882 3435 1146 3506 Spiritum
1207 3445 1459 3492 sanctum
1527 3435 1716 3496 fratris
1768 3436 1847 3491 tui
1900 3435 2132 3491 viriliter

540 3527 762 3594 induas,
799 3528 1085 3583 saecularia
1127 3544 1192 3584 ac
1215 3528 1480 3598 juvenilia
1515 3528 1785 3584 desideria
1808 3536 1868 3582 ut
1899 3536 2133 3582 mortem

490 3681 494 3685 _
542 3618 743 3692 fugias,
774 3628 979 3675 sancta:
1020 3621 1225 3693 regulae
1272 3620 1589 3676 medullitus
1633 3629 1687 3676 te
1725 3620 2020 3692 astringas,
2065 3632 2135 3673 ne

542 3710 832 3767 occasione
881 3718 990 3768 ture
1040 3711 1348 3783 juventutis
1409 3712 1802 3769 monasterium
1860 3721 2132 3778 sanctum,

540 3803 694 3875 quod
731 3811 939 3857 avertat
993 3802 1160 3871 Deus,
1211 3805 1451 3875 patiatur
1488 3805 1710 3876 aliquod
1745 3803 2136 3861 detrimentum

544 3895 844 3969 religionis.
877 3894 1080 3971 Notum
1119 3904 1303 3951 autem
1333 3897 1428 3951 tibi
1450 3895 1613 3963 facio,
1656 3896 1785 3967 quia
1807 3895 2137 3951 desiderium

544 3987 682 4043 mihi
712 3996 797 4043 est
822 3989 1217 4044 monasterium
1258 3988 1404 4043 beati
1429 3988 1586 4043 Pauli
1610 3988 1843 4060 apostoli
1868 3997 1923 4044 et
1942 4004 2138 4043 mona-

546 4079 775 4135 sterium
828 4079 1167 4137 Massiliense
1221 4089 1373 4137 tanta
1427 4081 1711 4137 cbaritatis
1756 4081 1959 4136 unione
2005 4096 2140 4136 con-

2210 422 2467 478 mmroris
2493 430 2549 478 et
2577 421 2814 477 tristitiae
2842 422 3059 492 plenam
3084 435 3251 492 super
3275 419 3581 475 venerandi
3619 417 3787 475 Patris

2212 514 2299 569 sui
2327 528 2559 569 excessu
2603 478 2911 568 vehementi
2953 512 3142 567 dolore
3153 478 3526 581 'tonstringij
3548 509 3621 563 de
3641 509 3792 578 cujus

2211 604 2450 660 transitu
2470 602 2716 675 profecto
2735 603 2963 659 memini
2983 604 3162 674 majus
3189 601 3607 658 incommodum
3635 615 3790 670 quam

2212 696 2371 751 nobis
2413 704 2509 750 aut
2559 710 2715 766 seque
2763 710 3023 767 magnum
3073 693 3321 750 evenisse
3368 700 3657 762 putamus,
3706 691 3792 760 qui

2211 787 2376 843 talem
2415 794 2741 857 tantumque
2781 787 3088 856 adjutorem
3135 785 3295 841 nobis
3331 800 3365 840 e
3393 784 3570 838 latere
3594 781 3791 837 subdo-

2212 887 2363 933 ctum
2402 878 2692 934 sentimus.
2716 878 3090 933 Intelleximus
3114 876 3386 948 siquidem
3409 875 3469 929 in
3506 873 3651 945 ipsis
3673 888 3797 944 pru-

2213 970 2399 1025 dentia
2427 978 2481 1025 et
2520 971 2770 1037 consilio,
2814 970 2861 1025 si
2881 971 2993 1025 vita
3032 968 3349 1039 aliquandiu
3386 981 3579 1021 comes
3611 976 3797 1018 mane-

2213 1068 2316 1127 ret,
2346 1061 2645 1131 plurimum
2678 1062 2949 1130 utilitatis,
2971 1060 3084 1115 Deo
3122 1058 3359 1127 favente,
3403 1072 3519 1112 non
3546 1056 3724 1112 solum
3743 1055 3798 1109 in

2215 1152 2611 1223 Transalpinis,
2641 1168 2833 1209 verum
2877 1153 3041 1209 etiam
3071 1153 3125 1207 in
3171 1151 3340 1207 Italiae
3370 1152 3648 1222 partibus,
3676 1164 3799 1204 cum

2214 1244 2510 1300 multorum
2540 1245 2738 1311 salute,
2762 1251 2965 1301 sanctae
2995 1242 3257 1299 Romana:
3284 1243 3551 1300 Ecclesia:
3569 1261 3799 1316 perveli-

2214 1343 2419 1390 turum.
2452 1334 2607 1391 Unde
2632 1351 2734 1391 nos
2772 1350 2991 1406 quoque
3010 1334 3147 1389 tanti
3174 1334 3432 1392 culminis
3470 1352 3639 1404 onus,
3659 1338 3802 1409 quod

2213 1428 2359 1484 ultra
2381 1429 2526 1486 vires
2545 1436 2650 1498 est,
2673 1429 3028 1495 sustinentes,
3052 1427 3324 1499 ejusmodi
3346 1429 3546 1487 solatio
3566 1430 3801 1499 sublato,

2216 1537 2342 1577 cum
2364 1523 2660 1589 neminem,
2683 1531 2779 1576 aut
2800 1521 2893 1576 vix
2922 1534 3127 1591 paucos
3163 1519 3554 1593 suifragatores
3599 1522 3805 1579 similes

2216 1613 2579 1681 inveniamus,
2607 1621 2815 1683 quanto
2835 1611 3037 1667 mentis
3056 1626 3259 1683 angore
3274 1619 3585 1679 teneamur,
3597 1613 3805 1684 liquido

2212 1705 2435 1778 quidem
2463 1706 2692 1777 potestis
2719 1712 2774 1761 et
2800 1704 2905 1775 ipsi
2944 1701 3507 1774 perpendere.Verum
3530 1705 3665 1774 quia
3684 1720 3804 1760 om-

2214 1798 2512 1870 nipotentis
2547 1797 2644 1854 Dei
2668 1794 3068 1853 inaestimabilis
3087 1794 3426 1864 providentia
3453 1796 3641 1852 omnia
3660 1798 3808 1868 j‘uSte

2214 1899 2270 1947 et
2317 1890 2595 1961 sapienter
2638 1887 2902 1959 disponit,
2933 1884 3139 1957 judicia
3173 1886 3315 1956 ejus,
3360 1886 3625 1942 nimirum
3661 1897 3808 1943 recta

2217 1980 2447 2038 consilia
2504 1980 2699 2051 ipsius,
2762 1976 3037 2050 aequitatis
3099 1985 3155 2031 et
3200 1976 3593 2034 misericordias
3648 1978 3807 2050 plena

2218 2073 2378 2131 nobis
2412 2081 2562 2140 sunt,
2600 2070 2819 2136 fratres,
2862 2066 3243 2140 aequanimiter
3276 2067 3524 2124 ferenda.
3561 2068 3629 2125 Et
3667 2086 3807 2141 quo—

2218 2166 2371 2222 niam
2410 2171 2748 2220 memoratus
2791 2161 2955 2218 Pater
2987 2168 3194 2227 vester,
3235 2161 3383 2232 quod
3412 2161 3654 2218 vivendo
3677 2178 3807 2234 pro—

2220 2256 2501 2325 meruerit,
2540 2254 2791 2312 obeundo
2835 2254 3219 2310 incunctanter
3266 2262 3353 2311 est
3390 2254 3630 2312 Abrahae
3685 2257 3808 2312 sinu

2220 2357 2493 2421 receptus,
2537 2363 2642 2404 nos
2666 2346 2813 2403 dulci
2842 2346 2992 2401 illius
3018 2347 3282 2403 memoria
3325 2361 3357 2402 a
3399 2348 3561 2404 vobis
3605 2349 3806 2415 stricti,

2221 2442 2496 2514 praecipue
2521 2441 2690 2497 etiam
2728 2438 2917 2495 divino
2956 2453 3143 2493 amore
3167 2447 3454 2507 monente,
3497 2440 3683 2496 locum
3719 2457 3808 2496 ve.

2223 2542 2399 2591 strum
2414 2532 2724 2604 specialiter
2744 2529 2990 2601 diligere,
3007 2529 3222 2600 juvare,
3240 2539 3296 2586 et
3317 2530 3389 2585 ab
3410 2531 3675 2588 omnibus
3693 2532 3809 2589 vio-

2223 2625 2428 2692 lentiis,
2454 2625 2599 2681 sicut
2620 2621 2879 2677 Ecclesiae
2889 2619 3150 2677 Romanae
3171 2622 3481 2692 specialiter
3490 2623 3808 2691 haerentem,

2224 2717 2516 2774 defendere
2555 2713 2928 2781 decrevimus;
2980 2722 3035 2769 et
3083 2714 3549 2784 quemadmodum
3589 2714 3811 2772 Clunia-

2224 2824 2390 2866 cense
2428 2807 2827 2867 monasterium
2854 2805 3019 2879 longo
3034 2806 3151 2878 jam
3176 2814 3425 2877 tempore
3447 2808 3567 2863 sedi
3590 2821 3810 2879 aposto-

2225 2901 2348 2958 licae
2370 2910 2590 2958 constat
2615 2916 2742 2959 esse
2767 2901 3003 2967 unitum,
3030 2895 3107 2954 ita
3139 2913 3361 2970 quoque
3385 2905 3639 2955 vestrum
3664 2900 3813 2957 dein-

2151 3024 2193 3084 C
2227 3009 2376 3065 oeps,
2406 3001 2469 3048 ut
2494 2992 2670 3049 eidem
2714 2993 2829 3050 sedi
2866 2992 3121 3084 similiter
3155 2991 3363 3084 btereat
3404 2991 3461 3046 in
3490 3001 3811 3063 perpetuum

2226 3087 2484 3143 volumus
2505 3093 2671 3156 atque
2719 3084 3019 3140 sancimus.
3075 3082 3399 3139 Andivimus
3442 3092 3630 3139 autem
3674 3085 3815 3156 quod

2227 3179 2473 3235 charitas
2497 3185 2683 3234 vestra
2711 3177 2886 3232 tilium
2916 3182 3166 3232 nostrum
3195 3182 3250 3230 et
3282 3175 3669 3248 presbyterum
3696 3193 3816 3233 car-

2229 3271 2467 3328 dinalem
2510 3270 2849 3325 Richardum
2890 3269 3017 3325 loco
3047 3267 3294 3340 germani
3336 3267 3516 3337 ipsius
3555 3269 3614 3324 in
3650 3269 3815 3326 abba-

2228 3373 2340 3421 tem
2363 3363 2495 3419 velit
2531 3362 2752 3434 eligere,
2777 3377 2946 3433 quam
2974 3360 3211 3431 denique
3228 3361 3555 3417 electionem
3587 3377 3694 3417 nos
3733 3377 3819 3433 ap-

2187 3489 2201 3501 .
2230 3456 2549 3528 probamus,
2575 3462 2631 3510 et
2650 3453 2951 3525 apostolica
2974 3453 3300 3509 auctoritate
3322 3450 3817 3521 ﬁrmatnnsﬁnhoc

2204 3549 2365 3617 [item
2396 3547 2555 3602 vobis
2596 3546 2842 3613 obnoxii,
2871 3553 2926 3601 et
2952 3545 3113 3616 quasi
3144 3544 3380 3602 vinculis
3400 3547 3700 3618 geminatis
3724 3563 3819 3602 an-

2234 3639 2381 3708 nexi,
2426 3639 2574 3709 quod
2610 3646 2821 3709 sanctae
2848 3636 3111 3694 Romana:
3138 3636 3397 3693 Ecclesia:
3423 3638 3605 3694 tilium
3646 3647 3817 3695 recto-

2234 3747 2353 3787 rem
2413 3730 2570 3786 vobis
2629 3728 2905 3802 appetitis.
2953 3727 3221 3800 Oportere
3268 3729 3438 3801 igitur
3489 3732 3820 3787 arbitramur

2236 3823 2484 3880 omnium
2517 3822 2791 3881 bonorum
2815 3822 3250 3893 dispensatorem
3270 3837 3529 3891 exorare,
3553 3833 3822 3893 quatenus

2238 3917 2419 3987 ipsum
2446 3931 2572 3972 eum
2602 3916 2768 3972 saluti
2805 3923 3003 3971 vestrae
3032 3915 3107 3970 ita
3128 3914 3445 3986 vigilantem
3481 3917 3822 3985 provisorem

2239 4007 2454 4075 cﬂiciat,
2482 4016 2545 4062 ut
2572 4006 2621 4063 is
2646 4023 2745 4078 pro
2775 4006 2984 4063 salubri
3012 4023 3146 4062 cura
3166 4015 3224 4063 et
3244 4006 3464 4063 talentis
3498 4007 3823 4079 multiplica-

2241 4100 2312 4155 tis
2355 4108 2573 4156 aeternae
2602 4098 2939 4155 haereditatis
2988 4099 3134 4155 dona
3180 4098 3465 4170 percipiat,
3507 4110 3568 4154 et
3606 4100 3825 4172 praemia

546 4171 836 4245 stringere,
877 4181 940 4228 ut
965 4181 1020 4228 et
1054 4173 1188 4229 illud
1232 4188 1446 4244 semper
1483 4189 1584 4245 pro
1618 4188 1807 4230 amore
1844 4173 2144 4236 beatissimi
2241 4193 2401 4248 beata
2422 4199 2972 4262 reportans‘matrem
3000 4207 3159 4247 suam
3188 4191 3442 4247 ικιίίίοει,

547 4262 704 4319 Pauli
725 4279 793 4319 ex
821 4265 1117 4334 apostolica
1155 4262 1481 4320 auctoritate
1503 4274 1838 4333 succrescat,
1861 4274 1915 4320 et
1934 4264 2143 4321 beatis-

2316 4283 2452 4339 Data
2488 4282 2698 4351 Romae,
2729 4284 2922 4355 quinto
2962 4281 3076 4357 [ιιι]
3105 4282 3290 4339 Nonas
3307 4280 3665 4344 Novembris.
3694 4284 3822 4341 indi-

552 4357 680 4412 simi
715 4355 871 4412 Pauli
912 4357 1309 4412 monasterium
1338 4357 1406 4413 ad
1444 4367 1692 4414 sanctam
1724 4358 2044 4431 religionem
2072 4374 2137 4414 ex
2170 4370 2216 4425 1)
2240 4376 2421 4433 οιίοηθ
2450 4375 2628 4432 tertia,

553 4449 702 4505 illius
771 4449 1089 4504 monasterii
1162 4450 1424 4521 religione
1504 4451 1772 4520 proficiat.
1839 4451 2136 4521 Postquam

554 4550 760 4607 autem,
806 4539 920 4596 Deo
940 4549 1182 4606 auctore,
1226 4541 1559 4596 monasteria
1604 4550 1697 4598 tua
1740 4543 1878 4598 bene
1917 4558 2142 4615 compo-

556 4634 756 4701 sueris,
804 4633 1130 4706 legationem
1178 4632 1277 4688 tibi
1334 4632 1688 4690 commissam
1738 4635 1807 4690 ad
1853 4633 2144 4707 Hispanias

558 4724 818 4794 perﬁcere
844 4741 954 4780 non
975 4723 1227 4780 moreris.

626 4813 989 4888 Data_Romte,
1013 4833 1066 4872 tv
1080 4815 1265 4872 Nonas
1281 4812 1626 4883 Novembris,
1651 4817 1946 4875 indictione
1971 4835 2053 4874 ιιι.

1098 4929 1432 4984 EPISTULA
1468 4930 1605 4986 VIII.

952 5038 1018 5075 AD
1054 5037 1326 5077 NONACIIOS
1373 5038 1757 5080 HASSILIENSES.

1167 5113 1345 5184 (Anno
1374 5115 1562 5187 i079.)

2792 4486 3132 4544 EPISTOLA
3164 4487 3256 4544 IX.
3317 4478 3320 4481 Δ

2243 4596 2310 4634 ΑΒ
2340 4595 2643 4648 Αετειιεειι,
2675 4580 3079 4647 ΤᾹυῐὶΙΝΕΝΞΕὶΙ’,
3109 4596 3179 4635 E'l‘
3206 4596 3484 4645 Αριιειιιεειι
3510 4597 3820 4652 βιιῑεωνος.

2838 4672 3020 4744 (-Anuo
3056 4671 3240 4744 1079.)

2251 4784 2320 4841 Ut
2346 4784 2623 4854 cujusdam
2659 4783 2930 4858 Bonifacii
2959 4784 3271 4858 _conjugium
3300 4801 3422 4838 cum
3456 4786 3685 4858 muliere
3714 4803 3823 4858 ger-

2352 4872 2509 4909 mano
2532 4871 2628 4909 suo
2648 4855 2896 4926 defuncto
2916 4855 3043 4911 olim
3067 4855 3384 4925 desponsata
3403 4856 3703 4926 prohibeat.

2316 4965 2625 5022 Gnsoonws
2645 4966 3168 5037 episcopus,servus
3192 4982 3477 5023 servomm
3506 4968 3626 5036 Dei,
3656 4968 3853 5044 fratri-_

2250 5058 2353 5113 bus
2380 5066 2437 5112 et
2463 5058 2802 5128 coepiscopis
2822 5099 2837 5125 ,
2884 5057 3104 5115 AstenSi
3125 5100 3142 5125 ,
3188 5056 3516 5114 Tanrinensi
3535 5102 3551 5125 ,
3580 5069 3640 5116 et
3664 5061 3823 5116 electo

2250 5149 2516 5200 Aautmsi.
2549 5150 2782 5200 salutem
2806 5161 2863 5200 et.
2894 5150 3253 5200 annstolieam
3290 5151 3743 5200 benedictionem-
