3972 5390
153 332 257 386 553

1219 327 1424 383 LIBER
1464 325 1826 383 SEPTIMUS.
1866 355 1930 365 —
1975 324 2191 379 EPIS’I‘.
2233 326 2320 380 XI.

3310 329 3416 384 554

151 422 505 492 Quapropter
545 420 824 478 dilectioni
873 429 1070 476 vestra:
1113 421 1460 492 praecipimus
1491 429 1552 476 ut
1587 419 1741 475 illum
1771 422 1816 480 Α
1842 432 1964 472 cere
1998 418 2307 472 nullatenus
2330 427 2524 488 potest.
2557 417 2956 474 lnfructuosam
2979 417 3128 473 enim
3150 421 3420 490 poeniten-

152 522 342 568 nostra
371 514 496 569 vice
521 514 911 569 convenientes
931 555 946 579 ,
983 514 1380 568 commoneatis
1399 556 1414 580 ,
1469 522 1740 583 quatenus

152 614 343 661 contra
374 614 698 661 sanctorum
739 603 964 659 Patrum
994 611 1198 658 statuta
1224 603 1323 658 tali
1351 613 1616 674 tanquam
1645 618 1741 659 ne-

153 695 294 751 fario
320 697 604 751 connubio
630 695 861 750 desistat
894 695 1128 750 ulterius
1155 709 1377 765 operam
1409 695 1559 750 dare.
1585 693 1741 761 Quod

155 786 200 842 si
237 802 298 842 se
336 787 407 841 ad
441 788 550 842 hoc
586 786 1006 856 perpetrandum
1038 785 1350 856 iuramento
1387 795 1543 856 putat
1580 786 1742 842 astri-

156 887 304 934 ctum
334 877 534 943 teneri,
567 878 888 947 perniciosae
899 878 1249 949 obligationis
1275 879 1501 934 stultum
1522 888 1741 951 pactum

155 985 264 1026 non
289 969 721 1036 observandum,
757 970 853 1026 sed
881 970 938 1025 in
966 969 1184 1025 irritum
1218 970 1590 1027 devocandum
1619 987 1743 1027 esse

155 1077 479 1126 censemus,
521 1069 580 1116 et
611 1061 769 1118 vobis
809 1061 992 1116 taliter
1038 1060 1348 1116 habendum
1395 1062 1738 1118 mandamus.

158 1151 252 1207 Sin
285 1168 426 1208 vero
464 1161 660 1208 contra
698 1153 930 1209 salutem
975 1167 1134 1207 suam
1176 1152 1361 1207 animo
1402 1151 1657 1208 indurato
1686 1152 1742 1208 in

155 1245 354 1316 placito
387 1253 504 1299 tam
533 1244 770 1301 nefando
797 1243 1114 1315 perstiterit,
1145 1250 1201 1298 et
1223 1243 1534 1300 salubribus
1562 1243 1744 1298 moni-

158 1339 255 1401 tis,
304 1337 458 1391 sicut
512 1336 889 1393 Christianum
940 1336 1125 1402 decet,
1177 1335 1550 1405 obtemperare
1605 1351 1741 1391 con-

159 1428 465 1498 tempserit,
496 1443 599 1484 vos
626 1429 682 1482 in
709 1443 836 1483 eum
874 1426 1036 1496 primi
1065 1428 1386 1482 canonicam
1417 1428 1742 1482 sententiam

156 1521 522 1591 promulgate,
547 1535 714 1590 quam
739 1533 844 1574 nos
857 1518 1073 1586 exinde,
1103 1518 1215 1572 Deo
1230 1526 1472 1585 auctore,
1502 1516 1744 1572 ﬁrmabi-

158 1628 300 1677 mus,
324 1620 383 1667 et
409 1612 711 1682 apostolica
726 1617 994 1681 potestate
1017 1608 1422 1676 roborabimus,
1437 1623 1507 1664 ne
1534 1607 1739 1675 caeteri,

161 1704 260 1758 hoc
287 1703 548 1772 exemplo
570 1701 742 1766 ducti,
779 1709 875 1756 aut
916 1699 973 1757 in
1013 1699 1282 1756 deteriora
1319 1699 1606 1766 labantur,
1649 1708 1744 1755 aut

159 1794 357 1850 similia
385 1793 493 1849 sibi
514 1793 680 1849 licere
701 1790 844 1848 forte
865 1791 1196 1868 existiment,

223 1881 355 1939 Data
391 1883 580 1940 Romae
614 1883 769 1940 nertio
781 1880 966 1938 Nonas
988 1879 1274 1948 Novemb.,
1303 1879 1414 1936 ind.
1447 1895 1530 1936 ιιι.

731 2002 1068 2060 EPISTOLA
1109 2003 1178 2060 Χ.

479 2152 488 2157 ,
581 2113 650 2151 AD
691 2113 978 2152 [TNIV'ERSOS
1010 2111 1321 2151 ΒιιιτΑΝκοε.

751 2188 931 2257 (Anno
971 2186 1156 2258 1079.)

161 2279 412 2346 Queritur
432 2278 497 2332 de
519 2278 677 2350 falsa:
698 2280 1016 2350 paenitentiae
1039 2280 1433 2350 consuetudine,
1462 2296 1583 2350 quae
1609 2281 1746 2335 inter

217 2361 407 2404 uetera
435 2349 569 2404 uitia
607 2349 732 2404 tunc
775 2351 1022 2420 temporis
1042 2352 1099 2404 in
1136 2349 1376 2404 Ecclesia
1407 2349 1697 2406 inoleverat
1725 2368 1744 2406 :

223 2422 308 2474 cui
350 2420 494 2474 man
539 2431 599 2476 ut
636 2421 927 2476 remedium
974 2421 1166 2490 a/I'erat
1210 2422 1375 2475 mittit
1416 2438 1475 2476 eo
1512 2421 1746 2490 legatum

232 2490 892 2563 Olorensemrepiswpum,
917 2501 974 2545 ut
992 2508 1051 2546 eo
1072 2492 1296 2563 prteside
1323 2493 1381 2545 in
1404 2490 1600 2562 synodo
1623 2510 1746 2548 con-

223 2562 493 2642 greganda
524 2562 590 2616 de
631 2580 776 2646 eahre
801 2562 1083 2646 diligenter
1108 2571 1489 2646 pertra‘ctetur;
1531 2565 1745 2618 interim

226 2641 333 2701 ipse
359 2649 482 2703 qua:
502 2649 627 2687 vera
653 2641 724 2687 sit
751 2641 1060 2704 paenitentia
1081 2641 1317 2704 exponit.

227 2743 539 2801 careamus
572 2745 886 2817 episcopus,
916 2761 1108 2802 servus
1147 2736 1432 2802 servorum
1470 2745 1599 2815 Dei,
1630 2748 1744 2820 epi-

161 2837 355 2906 scopis,
387 2838 788 2905 sacerdotibus,
825 2837 1194 2909 principibus,
1233 2839 1462 2910 aliisque
1489 2841 1745 2897 omnibus

161 2927 213 2981 in
259 2929 544 2985 Britannia
584 2931 1086 2998 commorantibus,
1118 2930 1348 2986 salutem
1386 2939 1440 2986 et
1481 2931 1740 3002 apostoli-

161 3031 274 3072 cam
301 3020 760 3086 benedictionem,
790 3021 837 3076 si
866 3021 1184 3078 obedierint.

223 3107 591 3167 Sacerdotalis
617 3111 873 3166 culminis
897 3112 1134 3182 dignitas
1165 3118 1278 3166 tum
1308 3110 1601 3181 imperitia,
1625 3120 1739 3167 tum

160 3199 485 3272 negligentia
518 3203 890 3268 sacerdotum,
926 3202 1070 3257 sicut
1111 3212 1293 3257 vestra
1322 3202 1539 3258 dilectio
1569 3204 1738 3271 novit,

158 3305 220 3344 ex
239 3292 402 3363 longo
429 3293 544 3363 jam
567 3302 832 3364 tempore,
856 3295 1094 3364 peccatis
1117 3295 1479 3366 exigentibus,
1501 3295 1602 3350 fuit
1629 3297 1741 3351 eol-

159 3380 324 3450 lapsa.
356 3381 438 3438 Ex
472 3399 583 3455 qua
611 3385 830 3454 quidem
854 3400 942 3450 re,
982 3385 1141 3456 quasi
1169 3401 1234 3440 ex
1268 3384 1524 3456 pestifera
1561 3386 1742 3442 radice

159 3471 446 3529 innumera
477 3476 620 3531 mala
659 3484 847 3533 exorta
879 3485 1027 3543 sunt,
1059 3477 1196 3532 adeo
1217 3485 1277 3532 ut
1320 3493 1495 3548 usque
1533 3479 1600 3534 ad
1626 3479 1744 3534 haec

157 3573 343 3620 nostra
388 3575 671 3638 tempora,
730 3567 872 3623 inter
910 3576 1109 3622 cietera
1151 3583 1273 3638 quae
1305 3569 1448 3624 male
1475 3571 1744 3640 pullulant

155 3655 302 3724 vitia,
335 3656 491 3713 falsae
519 3659 880 3715 nihilominus
906 3659 1242 3730 poenitentiae
1262 3665 1602 3719 consuetudo
1631 3664 1746 3719 ino-

157 3747 363 3803 leverit.
394 3747 743 3820 Quapropter
769 3750 896 3820 quia
911 3749 1072 3806 nobis
1098 3765 1198 3821 pro
1227 3751 1387 3807 otiicii
1412 3753 1586 3808 nostri
1613 3770 1745 3809 con—

154 3839 486 3894 sideratione
533 3849 590 3894 et
639 3839 1025 3898 sollicitudinis
1072 3843 1446 3914 magnitudine
1498 3844 1746 3900 imminet

154 3933 266 3988 haec
314 3941 373 3987 et
401 3932 751 4002 huiusmodi,
784 3942 1049 4005 quantum
1092 3949 1423 4005 possumus,
1474 3937 1584 3994 Deo
1630 3939 1742 3994 lar-

152 4022 356 4094 giente,
387 4025 684 4096 corrigere,
715 4027 971 4082 volumus
1003 4034 1170 4097 atque
1210 4027 1506 4099 apostolica
1550 4041 1742 4088 aucto-

152 4115 313 4170 ritate
361 4110 739 4188 p'raecipimus,
777 4128 838 4173 ut
876 4119 1118 4192 legatum
1156 4130 1442 4189 nostrum,
1488 4122 1744 4180 Amatam

148 4207 402 4263 videlicet
436 4207 759 4266 Olorensem
785 4211 1131 4284 episcopum,
1174 4213 1261 4270 cui
1292 4214 1465 4270 vicem
1497 4224 1745 4273 nostram

150 4298 203 4354 in
228 4301 488 4372 partibus
511 4302 718 4358 vestris
744 4306 1146 4373 commisimus,
1177 4307 1395 4362 studeat
1433 4315 1614 4363 vestra
1641 4308 1747 4366 fra-

149 4394 378 4450 ternitas
407 4403 726 4450 reverenter
755 4407 1150 4465 convocare,et
1176 4406 1254 4466 ut,
1285 4399 1378 4454 illo
1408 4409 1624 4471 agente,
1652 4418 1744 4474 sy—

1845 508 1977 563 tiam
2009 509 2261 578 dicimus,
2293 526 2414 579 qua:
2440 510 2513 564 ita
2541 509 2824 580 accipitur,
2850 519 2910 564 ut
2940 510 2994 563 in
3022 511 3210 567 eadem
3236 513 3418 583 culpa,

1842 601 1924 654 vel
1957 599 2410 667 similideteriori,
2435 601 2520 656 vel
2547 617 2741 672 parum
2764 601 2982 667 minori,
3014 613 3415 672 permaneatur.

1845 690 1998 746 Unde
2023 691 2276 762 quisquis
2317 691 2478 763 digne
2520 692 2637 747 vult
2666 693 2949 762 poenitere,
2989 709 3212 751 necesse
3237 706 3321 752 est
3362 708 3424 752 ut

1843 783 1911 838 ad
1959 783 2082 838 ﬁdei
2127 793 2374 838 recurrat
2415 784 2702 855 originem,
2742 793 2817 850 et,
2861 786 3007 854 quod
3046 784 3101 839 in
3149 785 3422 856 baptismo

1842 873 2111 944 promisit,
2136 874 2353 930 diabolo
2373 875 2582 930 scilicet
2605 875 2927 945 pompisque
2967 875 3110 932 illius
3141 877 3414 932 abrenun-

1845 964 2000 1032 tiare,
2033 974 2087 1021 et
2106 965 2160 1020 in
2186 965 2358 1021 Deum
2383 967 2627 1033 credere,
2651 965 2900 1021 videlicet
2928 975 3074 1023 recta
3097 969 3164 1024 de
3192 984 3258 1025 eo
3291 986 3422 1025 sen-

1842 1057 2026 1113 tiendo
2053 1057 2325 1114 mandatis
2347 1058 2520 1128 ipsius
2541 1058 2780 1125 obedire,
2812 1059 3076 1116 sollicitus
3101 1061 3173 1116 sit
3201 1061 3426 1133 vigilan-

1841 1157 1926 1204 ter
1975 1149 2268 1206 custodire.
2313 1149 2639 1222 Quicunque
2679 1165 2810 1220 ergo
2851 1151 3029 1207 taliter
3064 1154 3412 1224 paenituerit,

1841 1241 2102 1312 quoniam
2124 1242 2282 1298 aliter
2295 1243 2572 1298 simulatio
2593 1242 2700 1298 dici
2724 1251 2922 1314 potest,
2947 1259 3056 1299 non
3081 1245 3422 1316 paenitentia,

1842 1333 1919 1388 illi
1981 1343 2329 1402 peccatorum
2390 1350 2618 1390 suorum
2683 1335 3066 1392 remissionem
3127 1339 3424 1408 apostolica

1844 1423 1967 1479 freti
2009 1433 2274 1494 potestate
2314 1426 2599 1498 largimur,
2633 1427 2858 1498 insuper
2883 1436 3099 1484 aeterna:
3136 1429 3427 1485 beatitudi-

1843 1516 1930 1570 nis
1960 1517 2157 1588 gaudia
2183 1518 2250 1572 de
2274 1519 2664 1589 omnipotentis
2702 1519 2798 1575 Dei
2833 1520 3208 1576 misericordia
3233 1521 3427 1578 conﬁsi

1845 1609 2235 1679 promittimus.

1912 1699 2047 1756 Data
2075 1699 2262 1756 Romae
2283 1711 2480 1757 octavo
2505 1701 2628 1775 [vn]
2673 1702 2944 1759 Kalendas
2981 1703 3317 1775 Decembris,
3345 1705 3428 1761 in-

1778 1801 1820 1857 Β
1845 1791 2082 1848 dictione
2105 1793 2283 1848 tertia.

2413 1885 2751 1942 EPISTOLA
2775 1886 2866 1942 ΧΙ.

2125 1995 2190 2032 ΑΙ)
2223 1995 2560 2034 ιιιιΑτιδιΑυιι
2595 1994 2914 2036 ιιοιιειιοιιιῖιι
2949 1995 3142 2035 REGI-Ill.

2439 2072 2619 2142 (Anno
2656 2071 2839 2141 1079.)

1851 2159 2025 2233 Manet
2050 2171 2106 2214 ut
2135 2161 2381 2233 ecclesias
2409 2163 2474 2216 ab
2507 2163 2835 2218 invasoribus
2865 2162 3130 2233 defendat.
3177 2161 3429 2218 Divinum

1920 2230 2158 2303 ()ﬁicium
2179 2233 2236 2286 in
2277 2231 2642 2288 Sclavonicam
2688 2230 2940 2303 linguam’
2995 2234 3124 2288 verti
3167 2234 3424 2302 prohibet.

1918 2301 2143 2373 Legatos
2164 2319 2292 2374 quos
2321 2305 2545 2374 petierat
2573 2320 2627 2358 se
2652 2301 2937 2358 missurum
2960 2301 3242 2374 promittit.

1911 2392 2220 2450 Gnsconnrs
2245 2395 2564 2466 episcopus,
2599 2410 2790 2450 servus
2826 2410 3112 2450 servorum
3137 2395 3252 2462 Dei,
3283 2395 3429 2452 Uiu-

1851 2499 2038 2540 TlSLAO
2059 2484 2422 2541 Bohemorum
2445 2487 2593 2552 duci,
2622 2486 2850 2541 salutem
2879 2497 2932 2542 et
2954 2488 3306 2558 apostolicam
3328 2488 3427 2545 be-

1848 2577 2228 2633 nedictionem.

1911 2668 2236 2740 Hujusmodi
2283 2672 2632 2730 salutationis
2685 2681 2889 2728 nostra:
2943 2674 3434 2750 consuetudinem,

1847 2761 2055 2817 scilicet
2081 2763 2396 2832 apostolica;
2416 2764 2832 2830 benedictionis,
2861 2780 2980 2818 eam
3011 2765 3108 2820 tibi
3132 2765 3428 2831 mittentes,

1847 2868 1957 2908 non
2001 2853 2118 2908 sine
2152 2854 2493 2911 haesitatione
2536 2855 2699 2911 modo
2739 2855 3102 2923 servavimus,
3143 2865 3430 2927 propterea

1846 2945 1992 3014 quod
2031 2945 2234 3002 videris
2276 2946 2764 3002 excommunicatis
2807 2947 2924 3016 ipse
2971 2948 3425 3004 communicare:

1848 3036 2163 3107 quicunque
2188 3037 2333 3092 enim
2379 3037 2469 3111 υἱ,
2509 3038 2802 3104 nimirum,
2835 3037 3034 3111 Hann]
3074 3040 3215 3094 bona
3254 3039 3430 3096 eccle-

1847 3127 2050 3182 siarum
2075 3129 2354 3194 invadunt,
2376 3129 2430 3184 id
2453 3139 2557 3197 est,
2581 3129 2700 3185 sine
2726 3139 2873 3185 certa
2898 3131 3111 3187 licentia
3143 3132 3428 3203 episcopo-

1844 3236 1966 3274 rum
1991 3220 2072 3274 vel
2095 3220 2354 3276 abbatum
2376 3222 2660 3293 diripiunt,
2684 3223 2768 3278 vel
2790 3223 2859 3278 ab
2879 3223 3060 3294 aliqua
3083 3239 3316 3295 persona
3345 3241 3432 3281 ac-

1846 3311 2073 3382 cipiunt,
2105 3329 2214 3367 non
2245 3314 2422 3368 solum
2452 3313 2521 3370 ab
2549 3315 2848 3385 apostolica
2876 3316 3003 3370 sede
3033 3316 3138 3372 hoc
3165 3325 3429 3387 tempore,

1845 3418 2034 3458 verum
2056 3405 2220 3460 etiam
2243 3422 2274 3460 a
2301 3406 2490 3462 multis
2513 3408 2720 3462 sanctis
2740 3407 3016 3475 Pati-ibus,
3044 3408 3185 3463 sicut
3206 3409 3261 3463 in
3300 3410 3432 3466 scri-

1844 3495 2020 3564 pturis
2083 3511 2274 3551 eorum
2322 3498 2718 3568 reperimus....
2768 3497 2973 3556 Verum
3036 3507 3314 3572 utcunque
3373 3517 3433 3556 se

1846 3602 1936 3642 res
1965 3587 2180 3655 habeat,
2217 3589 2382 3645 saluti
2409 3599 2518 3646 tua;
2541 3591 2772 3646 internae
2793 3591 3079 3662 providere
3115 3609 3225 3648 non
3270 3595 3434 3650 modo

1844 3693 1908 3734 ex
1927 3681 2152 3751 antiqua
2189 3681 2267 3736 tui
2301 3682 2592 3740 dilectione
2613 3695 2916 3749 movemur,
2951 3696 3144 3761 verum
3175 3684 3338 3741 etiam
3364 3702 3432 3742 ex

1845 3771 2080 3840 suscepti
2118 3773 2367 3841 honoris,
2399 3773 2724 3831 imolaboris
2745 3774 2966 3842 intuitu,
2997 3775 3242 3846 profecto
3277 3794 3430 3834 com-

1845 3862 2117 3932 pellimur,
2147 3879 2213 3918 eo
2232 3865 2409 3936 magis
2433 3866 2580 3937 quod
2610 3866 2906 3922 multorum
2933 3866 3198 3938 profectui
3221 3877 3316 3924 tua
3339 3885 3434 3924 su-

1845 3953 2082 4010 blimitas
2105 3971 2227 4012 esse
2247 3965 2427 4027 potest
2453 3959 2783 4029 exemplum.
2807 3957 2995 4029 Neque
3015 3959 3160 4016 enim
3196 3961 3302 4018 hoc
3331 3961 3432 4018 tibi

1845 4047 2172 4118 relinquitur
2219 4049 2303 4103 vel
2324 4050 2505 4106 dicere
2524 4050 2609 4105 vel
2653 4050 2892 4121 cogitare
2925 4071 2936 4106 :
2972 4050 3151 4107 Meum
3191 4069 3301 4109 non
3346 4065 3434 4110 est

1847 4137 2078 4193 alienam
2113 4138 2281 4194 vitam
2314 4141 2396 4194 vel
2434 4157 2616 4197 mores
2659 4142 2713 4196 in
2738 4141 3111 4212 spiritualibus
3141 4147 3432 4216 exquirere

1847 4229 1961 4286 sive
1995 4229 2354 4304 distringere.
2410 4232 2607 4288 Procul
2654 4234 2820 4288 dubio
2869 4250 3107 4305 namque
3151 4244 3431 4292 tantorum

1846 4336 1975 4378 reus
2001 4322 2212 4390 existis,
2252 4311 2584 4394 quantoruin
2614 4323 2733 4379 vias
2759 4325 2828 4380 ab
2854 4324 3106 4381 interitus
3131 4327 3432 4397 praecipitio

1847 4421 2064 4483 poteras
2090 4415 2278 4470 volens
2307 4415 2602 4472 reﬂectere.
2646 4415 2782 4471 Illud
2821 4432 3040 4488 quoque
3061 4418 3209 4491 vigili
3250 4431 3433 4476 mente

150 4485 344 4542 nodale
371 4485 672 4542 concilium
702 4497 1085 4560 congregetur,
1114 4489 1205 4543 ubi
1229 4505 1355 4545 cum
1385 4491 1507 4547 aliis
1534 4509 1656 4564 qua:
1677 4494 1743 4549 ad

1852 4513 2146 4574 pertractes
2180 4515 2416 4579 oportet,
2447 4523 2516 4563 ne
2544 4508 2808 4563 honorem
2837 4517 2994 4564 tuum
3010 4509 3196 4566 divino
3210 4510 3429 4580 honori,

153 4577 380 4634 salutem
411 4579 693 4649 pertinent
736 4580 1047 4640 animarum
1070 4624 1085 4648 ,
1128 4581 1293 4638 etiam
1323 4583 1390 4640 de
1417 4586 1750 4655 pomitentize

154 4670 562 4727 consultatione
590 4671 909 4744 diligentius
924 4683 1306 4744 pertractetur.
1341 4674 1460 4742 Qua
1489 4677 1544 4732 in
1570 4693 1628 4733 re
1644 4679 1750 4734 hoc

157 4777 503 4835 summopere
530 4780 632 4819 vos
659 4780 853 4821 cavere
882 4777 1116 4837 Oportet,
1149 4767 1398 4838 aliosque
1417 4784 1640 4827 monere
1663 4771 1750 4825 de-

158 4855 306 4924 betis,
337 4859 473 4929 quia
507 4857 555 4912 si
586 4857 716 4927 quis
746 4858 802 4913 in
829 4859 1210 4927 homicidium,
1243 4861 1594 4928 adulterium,
1621 4878 1747 4933 per--

151 4948 372 5016 jurium,
414 4950 504 5005 vel
529 4949 738 5018 aliquid
768 4950 1085 5020 bujusmodi
1113 4951 1330 5022 lapsus,
1357 4952 1410 5006 in
1447 4954 1632 5024 aliquo
1665 4962 1747 5011 ta-

157 5040 278 5097 lium
322 5042 634 5098 criminum
683 5045 1063 5112 permanserit,
1094 5051 1189 5099 aut
1209 5045 1586 5116 negotiationi,
1628 5063 1750 5118 qua:

157 5132 235 5188 vix
284 5135 370 5210 agi
421 5135 550 5189 sine
603 5144 825 5203 peccato
874 5143 1078 5207 potest,
1129 5152 1352 5206 operam
1401 5139 1610 5193 dederit
1655 5150 1750 5195 aut

155 5239 295 5281 arma
345 5225 622 5281 militaria
676 5231 982 5297 portaverit,
1036 5237 1263 5299 excepto
1309 5229 1356 5283 si
1403 5245 1502 5300 pro
1548 5233 1749 5288 tuenda

151 5317 351 5386 iustitia
385 5334 492 5374 sua
525 5316 618 5371 vel
645 5315 867 5390 domini,
897 5323 980 5378 vel
1012 5320 1199 5387 amici,
1225 5337 1321 5376 seu
1348 5322 1511 5377 etiam
1541 5337 1742 5390 paupe-

1859 4593 1974 4650 sive
2011 4596 2297 4665 pecuniam
2342 4612 2626 4668 prmponas
2663 4597 2905 4668 iustitiae,
2951 4615 3058 4654 neu
3097 4600 3244 4672 quod
3291 4601 3346 4656 in
3379 4611 3434 4658 te

1851 4686 2088 4742 cinerem
2123 4674 2154 4742 a
2182 4688 2402 4745 subdito
2434 4689 2530 4744 tibi
2551 4689 2826 4746 consimili
2852 4690 2969 4745 ﬁeri
2991 4705 3102 4746 non
3130 4692 3248 4748 sine
3278 4695 3433 4766 gravi

1851 4777 2322 4835 animadversione
2371 4781 2669 4852 patereris,
2717 4781 2773 4836 in
2820 4789 3122 4837 creatorem
3173 4792 3330 4841 tuum
3375 4795 3433 4842 et

1852 4866 2097 4922 omnium
2134 4871 2390 4939 praesumi
2427 4871 2804 4945 aequanimiter
2843 4871 3010 4928 feras.
3061 4872 3432 4934 lndubitanter

1850 4959 2049 5013 etenim
2091 4975 2202 5015 non
2244 4959 2360 5029 Dei,
2410 4965 2503 5020 sed
2531 4962 2733 5018 diaboli
2768 4965 3014 5020 membra
3035 4974 3091 5020 et
3112 4965 3236 5023 falsi
3269 4968 3434 5026 Chri-

1853 5049 2015 5106 stiani
2038 5051 2461 5122 convincuntur,
2489 5055 2582 5125 qui
2617 5067 2745 5108 suas
2773 5051 3006 5124 injurias
3031 5069 3439 5129 persequuntur

1852 5156 2026 5212 usque
2066 5141 2135 5197 ad
2181 5143 2523 5213 sanguinem,
2552 5152 2604 5198 et
2633 5142 2726 5196 Dei
2761 5147 3129 5204 contumelias
3159 5151 3440 5225 negligant

1852 5249 2026 5304 usque
2068 5233 2135 5288 ad
2169 5232 2518 5291 oblivionem.
2566 5232 2791 5288 Divitias
2837 5247 3017 5295 autem
3057 5241 3298 5311 potentia
3345 5254 3440 5300 tua

1851 5340 1988 5390 quas
2013 5325 2196 5388 habet,
2222 5338 2332 5378 non
2365 5327 2437 5382 ob
2463 5325 2715 5382 meritum
2740 5325 2919 5390 datas.
2949 5331 3043 5386 sed
3071 5333 3144 5388 ob
3166 5333 3439 5390 sollicitu-
