3972 5390
510 152 618 209 555

1152 146 1207 202 S.
1251 140 1577 202 GREGORII
1616 138 1708 197 VII
1745 139 1949 197 ΡΑΡᾹΞ
1988 136 2275 197 OPERUM
2312 139 2514 199 PARS.
2552 142 2594 198 l.
2626 132 2703 183 ἶ·-
2737 141 3164 200 REGISTRUM.

3678 149 3774 206 556

506 272 628 318 tum
656 258 845 318 eodem
867 265 1029 332 pacto
1050 273 1159 313 non
1190 264 1419 328 cuperet
1433 253 1694 324 recipere,
1719 267 1910 308 verum
1928 252 2092 308 etiam
2122 253 2166 310 Α
2264 269 2447 307 coram
2486 254 2675 325 legatis
2722 255 3030 325 apostolicis
3073 256 3289 326 objectis
3327 259 3652 318 criminibus
3693 282 3771 320 rc-

508 354 598 410 illa
625 369 694 410 ne
719 354 905 424 aliquo
932 366 1065 407 casu
1091 348 1366 419 dispereat
1390 344 1537 401 haud
1563 343 1684 399 sine
1712 343 1911 399 timore
1939 344 2096 400 solli—

486 448 650 502 citus
687 453 774 501 est.
808 444 1119 507 observare,
1163 439 1309 510 quod
1334 436 1438 493 sibi
1463 442 1614 491 tanto
1654 434 1726 490 sit
1751 434 2090 491 irremissius

506 537 840 609 vigilandum
863 535 1146 605 magisque
1176 529 1500 595 timendum,
1541 535 1752 598 quanto
1772 543 1939 599 super
1972 527 2106 599 plu-'

792 616 799 623 η

505 644 594 684 res
625 616 816 684 curam
850 615 945 682 seu
969 631 1296 696 potestatem
1318 616 1607 690 acceperit.
1640 616 1737 672 His
1760 617 1832 673 ita
1860 633 2089 689 perspe«

504 722 607 777 ctis
655 716 959 794 [peractis],
1016 718 1083 773 ad
1118 716 1381 786 majorem
1412 721 1466 768 te
1504 710 1704 766 mentis
1753 710 2090 782 vigilantiam

501 814 787 885 praesentis
818 810 1004 868 saeculi
1026 808 1294 880 fugaeitas
1321 805 1545 872 invitat;
1574 810 1768 858 etcum
1789 802 1918 859 illud
1941 802 2090 874 quod

501 906 559 961 in
592 907 696 963 hac
715 905 838 961 luce
859 903 1035 974 magis
1064 901 1328 972 diligitur,
1348 897 1461 953 vita
1488 894 1696 951 scilicet
1722 909 1983 965 praesens,
2020 894 2089 949 ad

502 1013 759 1055 occasum
773 996 904 1051 furti
922 996 1017 1068 IL,
1037 993 1247 1058 furtim,
1273 991 1465 1057 "sum,
1482 990 1560 1044 sic
1571 998 1621 1043 et
1634 987 1750 1042 cod.
1769 987 1990 1061 Malim]
2007 987 2107 1043 fe-'

502 1088 959 1160 stiuet,'profeeto
976 1084 1088 1157 quo
1115 1084 1291 1156 magis
1313 1084 1379 1138 ad
1399 1078 1633 1137 districti
1654 1078 1924 1135 examinis
1943 1079 2087 1134 diem

500 1181 862 1253 propinquas,
892 1193 959 1234 eo
988 1176 1224 1248 amplius
1261 1175 1328 1231 ad
1349 1182 1550 1230 aeterna
1579 1170 2001 1242 prtemeditanda
2034 1177 2088 1224 et

501 1272 854 1344 adipiscenda
878 1280 935 1326 te
966 1284 1097 1325 sana
1129 1268 1272 1323 ratio
1294 1265 1480 1322 mittit.
1523 1261 1648 1318 Haec
1674 1262 1857 1332 itaque
1895 1270 2085 1317 nostra

500 1365 731 1433 monita,
775 1363 890 1421 sive
928 1361 1182 1417 mandata
1228 1356 1503 1423 volumus,
1547 1355 1659 1409 imo
1698 1353 1979 1425 juhemus,
2026 1361 2087 1408 ut

430 1514 437 1522 ,
500 1466 627 1513 ante
649 1472 764 1513 sua:
782 1455 982 1511 mentis
1005 1438 1195 1509 oculos
1214 1449 1531 1507 excellentia
1554 1456 1649 1502 tua
1674 1446 1874 1517 sacpius
1894 1454 2080 1517 ponat,

498 1559 552 1606 et
572 1549 818 1607 crebrius
839 1546 1067 1619 legendo
1092 1553 1148 1601 ct
1176 1542 1447 1601 audiendo
1470 1540 1781 1606 meditetur,
1808 1534 1917 1594 non
1936 1538 2081 1609 quod

497 1640 801 1714 elegantius
835 1638 1038 1709 scripta
1063 1650 1305 1707 nequeas
1335 1634 1389 1688 in
1414 1640 1729 1688 sanctorum
1754 1631 1968 1702 paginis
2000 1630 2087 1685 ina-

496 1735 703 1802 venire,
731 1732 825 1790 sed
852 1731 981 1803 quia
1007 1719 1124 1786 huic
1152 1729 1221 1784 ad
1244 1738 1297 1784 te
1322 1721 1626 1799 specialiter
1664 1739 1730 1779 ex
1760 1724 1940 1790 nobis,
1976 1724 2088 1780 imo

496 1840 563 1879 ex
597 1825 757 1881 beato
783 1822 946 1879 Petro
974 1821 1142 1877 missa
1173 1830 1320 1886 sunt,
1344 1828 1398 1875 et
1429 1818 1536 1874 ista
1565 1816 1904 1887 frequentius
1932 1831 2089 1872 reco-

497 1915 715 1986 gitando
730 1914 957 1986 poteris,
990 1906 1099 1968 Deo
1128 1911 1499 1983 propitiatore,
1531 1909 1598 1965 ad
1635 1908 1846 1979 potiora
1885 1923 2088 1979 cogno-

497 2007 696 2061 scenda
721 2008 1033 2079 exsurgere.
1059 2004 1198 2071 Quia
1231 2017 1364 2059 vero
1384 2002 1643 2058 nobilitas
1673 2009 1766 2055 tua
1790 2000 2089 2070 pustulavit

496 2096 643 2168 quod
665 2096 963 2152 secundum
994 2095 1369 2150 Selavonicam
1396 2093 1637 2165 linguam
1657 2092 1800 2162 apud
1821 2106 1920 2147 vos
1946 2092 2086 2148 divi-

495 2203 629 2243 num
658 2188 924 2244 celebrari
960 2203 1329 2243 annucremus
1355 2182 1624 2251 Ollicium,
1655 2184 1799 2240 scias
1829 2200 1931 2239 nos
1958 2184 2087 2267 huic

495 2278 745 2349 petitioni
768 2287 874 2335 tuac
894 2294 1240 2351 nequaquam
1265 2294 1427 2350 posse
1447 2276 1649 2334 favere.
1674 2272 1754 2330 Ex
1771 2277 1877 2332 hoc
1892 2292 2085 2347 nempe

496 2387 640 2443 saepe
662 2371 1010 2428 volventibus
1037 2371 1208 2443 liquet
1233 2387 1343 2427 non
1364 2369 1648 2426 immerito
1686 2384 1900 2425 sacram
1931 2367 2083 2424 Scri-

494 2472 713 2532 pturam
742 2464 1102 2536 omnipotenti
1136 2462 1259 2529 Deo,
1279 2462 1552 2535 placuisse
1576 2453 1905 2533 quibusdam
1948 2461 2084 2516 locis

495 2550 618 2611 esse
646 2557 942 2625 occultam,
977 2575 1066 2625 ne,
1100 2558 1144 2615 si
1186 2558 1252 2613 ad
1300 2556 1568 2628 liquidum
1603 2556 1813 2613 cunctis
1853 2562 2080 2626 pateret,

495 2641 638 2704 forte
683 2650 968 2707 vilescerct
1004 2660 1059 2708 ct
1101 2651 1409 2722 subjaceret
1450 2650 1750 2721 despectui,
1796 2657 1891 2704 aut
1918 2662 2083 2719 prave

496 2741 769 2798 intellecta
807 2742 1238 2799 a'mediocribus
1274 2743 1328 2797 in
1356 2757 1599 2798 errorem
1643 2741 1941 2821 induceret.
1972 2737 2081 2794 Ne-

495 2821 603 2906 que
640 2835 787 2890 enim
815 2834 884 2891 ad
910 2835 1319 2891 excusationem
1361 2834 1538 2906 juvat,
1563 2834 1711 2905 quod
1737 2833 1961 2905 quidam
1991 2848 2081 2887 re-

2222 394 2223 397 η
2269 339 2602 393 sponsarum.

2262 434 2575 493 Gmonws
2606 437 2919 510 episeopus‘,
2961 454 3154 495 servus
3190 456 3476 499 servorum
3508 443 3629 515 Dei,
3663 447 3773 504 Μι-

2195 541 2369 583 ΝΑδελιε
2388 527 2644 585 Remensi
2665 531 3077 603 archiepiscttpo
3099 534 3328 590 salutem
3351 544 3405 590 et
3423 539 3772 607 apostolicam

2195 619 2655 688 benedidtionem.’
2840 658 2843 661 λ
2956 644 2959 649 ·
3360 646 3363 649 -
3608 669 3613 673 .

2264 710 2530 768 Miramur
2565 713 2924 772 fraternitatis
2951 725 3059 772 tua:
3092 719 3439 787 prudentiam
3470 721 3541 776 ad
3576 723 3680 779 hoc
3701 731 3775 779 tot

2192 803 2509 859 occasiones
2552 805 2824 873 invenire,
2866 808 3003 863 utin
3027 809 3249 865 infamia
3293 824 3395 867 sua
3441 822 3499 868 et
3537 816 3777 872 ecclesiae

2192 909 2306 949 suae
2320 903 2560 965 tempore
2571 897 2734 969 longo
2746 901 3080 969 permaneat,
3093 909 3166 967 et,
3186 900 3331 973 quod
3344 905 3595 974 opinioni
3617 909 3773 962 relin-

2190 985 2396 1055 quitur,
2419 987 2687 1056 judicium
2723 991 3099 1061 subterfugere
3132 993 3403 1062 videatur,
3438 1010 3566 1051 cum
3606 999 3776 1069 magis

2189 1077 2256 1131 ad
2279 1077 2384 1132 lroc
2412 1078 2656 1149 profecto
2683 1097 2805 1136 eam
2845 1083 3090 1137 decuerit
3111 1084 3383 1153 laborare,
3411 1096 3477 1141 ut
3506 1090 3774 1159 suspicio-

2188 1184 2313 1223 nem
2336 1172 2475 1225 tanti
2508 1181 2692 1228 reatus
2717 1189 2748 1228 a
2765 1189 2769 1195 ‘
2787 1190 2846 1229 se
2868 1184 2933 1229 'et
2959 1176 3190 1231 ecclesia
3218 1193 3319 1233 sua
3345 1175 3684 1236 excinderet.
3719 1182 3773 1237 ιη

2186 1262 2461 1330 praeterito
2483 1263 2530 1318 si
2551 1263 2771 1334 quidem
2794 1281 2941 1322 anno
2961 1268 3028 1322 ad
3050 1270 3433 1339 argumentum
3463 1275 3772 1328 encusatio-

2186 1352 2272 1408 nis
2312 1362 2421 1409 tute
2460 1356 2754 1425 quamdam
2790 1358 2948 1414 nobis
2993 1360 3235 1417 obtulisti
3276 1364 3683 1431 auctoritatem,
3722 1375 3773 1422 te

2184 1444 2433 1501 videlicet
2462 1462 2572 1502 non
2606 1449 2860 1520 alicujus,
2886 1452 2979 1507 sed
3002 1458 3215 1508 'nostrte
3241 1462 3450 1510 tantum
3475 1459 3772 1526 praesentire

2187 1538 2530 1594 subdendum
2559 1538 2678 1597 fore
2690 1541 2902 1612 judicio
2929 1562 2943 1598 :
2974 1546 3142 1611 unde,
3156 1554 3224 1600 ut
3242 1548 3408 1602 etiam
3440 1564 3591 1604 nunc
3614 1566 3771 1621 appa-

2156 1629 2294 1697 Tret,
2320 1629 2378 1684 in
2419 1631 2725 1689 litterarum
2760 1631 3081 1701 nostrarum
3119 1640 3527 1709 exemplaribus
3564 1642 3768 1712 dignis-

2190 1722 2328 1778 sime
2366 1718 2731 1794 reprehensus
2757 1742 2837 1783 es.
2872 1727 3028 1785 Nunc
3055 1746 3187 1785 vero
3216 1731 3508 1787 immemor
3537 1736 3770 1804 promis-

2190 1814 2360 1870 sionis
2398 1824 2522 1883 tuae,
2554 1833 2660 1888 qua
2690 1817 2878 1875 Romae
2915 1829 2970 1877 te
2999 1837 3165 1893 supra
3202 1839 3415 1894 corpus
3453 1826 3602 1881 beati
3632 1825 3770 1882 Petri

2187 1906 2459 1979 obligasti,
2484 1909 2649 1983 aliam
2668 1913 3079 1969 excusationem
3104 1914 3373 1984 obtendis,
3397 1916 3601 1973 timore
3631 1919 3771 1973 vide-

2187 1998 2313 2055 licet
2338 2000 2655 2058 dissidentis
2683 2004 2854 2075 regni,
2878 2005 2947 2060 ad
2978 2004 3341 2077 Lugdunense
3364 2009 3685 2076 concilium,
3706 2012 3769 2066 ad

2186 2092 2334 2162 quod
2357 2102 2586 2151 vocatus
2614 2110 2696 2163 es,
2727 2096 2914 2152 venire
2952 2113 3063 2153 non
3088 2113 3268 2169 posse.
3295 2098 3355 2154 In
3383 2116 3495 2171 qua
3530 2118 3592 2157 re
3611 2117 3773 2172 quam

2183 2191 2303 2240 tum
2360 2186 2644 2243 excusatio
2681 2195 2778 2244 tua
2821 2198 2997 2258 nutet,
3042 2191 3251 2262 liquido
3299 2193 3446 2247 valet
3491 2195 3764 2264 perpendi.

2183 2275 2320 2332 Nam
2343 2293 2521 2349 neque
2550 2280 2761 2352 legatus
2783 2279 3044 2338 Romanas
3071 2281 3328 2340 Ecclesia:
3349 2285 3403 2339 in
3436 2287 3660 2357 negotio
3683 2295 3770 2343 tuo

2183 2372 2614 2428 contemnendus
2644 2370 2766 2441 fuit,
2797 2374 2891 2445 qui
2920 2375 3086 2446 (sicut
3112 2377 3291 2432 noscit
3317 2376 3639 2437 fraternitas
3659 2381 3767 2451 tua)

2182 2463 2440 2519 maximis
2468 2454 2524 2519 et
2559 2465 2849 2537 prtecipuis
2879 2468 3149 2535 conciliis,
3181 2469 3433 2524 videlicet
3462 2467 3687 2527 Nicmno
3718 2484 3768 2529 ct

2181 2552 2632 2624 Chalcedonensi,
2658 2557 2889 2629 aliisque
2910 2560 3097 2616 multis
3122 2558 3358 2631 praafuit,
3383 2570 3440 2616 et
3458 2562 3765 2634 huiusmodi

2182 2647 2577 2717 quaestionibus
2617 2658 2827 2705 certum
2875 2652 3208 2708 deﬁnitionis
3254 2653 3554 2709 terminum
3598 2655 3765 2725 dedit;

2182 2753 2361 2808 neque
2403 2738 2535 2793 illud
2571 2743 3148 2819 nuncassumendum
3176 2743 3275 2799 tibi
3304 2742 3429 2813 fuit,
3467 2754 3525 2802 te
3552 2745 3765 2819 Lugdu-

2182 2845 2316 2885 num
2343 2847 2451 2886 non
2487 2848 2647 2902 posse
2675 2818 2882 2907 venire,
2923 2852 3051 2891 cum
3078 2831 3262 2892 omnia
3301 2836 3405 2893 via:
3445 2838 3598 2895 illius
3626 2841 3765 2911 peri-

494 2926 677 2999 ligiosi
702 2926 807 2983 viri
837 2927 945 2984 hoc
969 2927 1118 2999 quod
1148 2926 1466 2997 simpliciter
1492 2927 1728 2999 populus
1767 2926 1966 2997 quaerit
1996 2940 2086 2996 pa—
2118 2952 2159 3010 ο
2192 2925 2335 2992 cula,
2380 2924 2427 2980 si
2453 2941 2562 2995 qua
2586 2936 2736 2994 sunt,
2770 2928 3061 2984 tutissimis
3096 2937 3151 2984 et
3181 2930 3553 2987 securissimis
3579 2933 3763 2989 ducto—

493 3019 694 3076 tienter
720 3020 983 3089 tulerunt,
1024 3035 1121 3076 seu
1150 3018 1517 3077 incorrectum
1564 3018 1911 3085 dimiserunt,
1957 3033 2082 3073 cum

495 3112 776 3181 primitiva
798 3111 1044 3168 Ecclesia
1085 3105 1259 3168 multa
1284 3109 1712 3167 dissimulaverit
1737 3126 1859 3181 quas
1892 3126 1923 3165 a
1955 3125 2084 3165 san—

496 3196 601 3260 ctis
620 3201 899 3271 Patribus,
943 3203 1295 3275 postmodum
1334 3202 1549 3259 firmata
1572 3201 2004 3269 Christianitate,
2029 3209 2084 3258 et

494 3293 763 3365 religione
794 3303 1110 3364 crescente,
1157 3295 1343 3351 subtili
1395 3293 1795 3350 examinatione
1837 3302 2083 3350 correcta

497 3394 647 3442 sunt.
697 3384 852 3442 Unde
885 3399 954 3442 ne
994 3385 1049 3445 id
1091 3384 1186 3443 fiat
1218 3387 1364 3459 quod
1402 3401 1434 3442 a
1473 3385 1674 3443 vestris
1711 3385 2083 3456 imprudenter

495 3472 826 3550 exposcitur
852 3479 1175 3537 auctoritate
1203 3480 1347 3536 beati
1380 3477 1527 3534 Petri
1566 3468 1895 3545 inhibemus,
1918 3486 2081 3550 teque

496 3564 566 3626 ad
600 3570 865 3627 honorem
895 3570 1287 3643 omnipotentis
1312 3569 1408 3626 Dei
1439 3564 1569 3627 huic
1594 3584 1749 3627 vana:
1786 3571 2097 3651 temeritati,

497 3663 704 3718 viribus
734 3664 862 3719 totis
889 3664 1148 3721 resistere
1167 3652 1543 3736 praecipimus.
1567 3661 1644 3718 De
1679 3661 1858 3735 legato
1895 3672 2077 3720 autem

496 3765 710 3825 nostro,
735 3771 899 3827 quem
924 3755 1066 3812 mitti
1088 3756 1156 3813 ad
1178 3772 1240 3815 se
1259 3765 1355 3812 tua
1382 3756 1596 3813 devotio
1616 3757 1883 3828 poposcit,
1906 3773 2077 3815 nove—

495 3849 573 3905 ris
587 3849 724 3905 item
748 3836 849 3907 nos
870 3864 1059 3922 preces
1080 3832 1204 3906 tuas
1219 3849 1287 3906 ad
1308 3864 1548 3921 praesens
1565 3850 1848 3906 commode
1868 3849 2078 3908 ellicere

495 3941 722 3999 minime
741 3942 988 4013 potuisse
1014 3928 1027 3998 ὲ
1055 3950 1238 3999 tamen
1259 3942 1316 3998 in
1336 3942 1441 3998 hoc
1459 3957 1625 4011 anno,
1652 3941 1834 3999 divina
1864 3941 2077 4002 favente

496 4034 780 4091 clementia
806 4076 822 4103 ,
864 4035 1005 4093 tales
1052 4036 1474 4108 procurabimus
1524 4035 1766 4091 invenire
1811 4050 2076 4107 personas

496 4140 618 4198 quae
637 4134 691 4182 et
730 4114 964 4199 negotiis
994 4127 1195 4186 vestris
1240 4129 1457 4184 valeant
1484 4128 1691 4184 utiliter
1713 4128 1983 4200 deputari,
2021 4137 2091 4205 et.

495 4217 927 4295 necessitudines
952 4229 1166 4277 vestras
1186 4218 1401 4291 plenius
1421 4228 1813 4293 cognoscentes
1835 4221 1905 4300 ad
1931 4221 2075 4277 noti-

2190 3016 2343 3072 ribus
2369 3032 2563 3088 posses
2589 3020 2850 3087 transire,
2881 3019 3231 3092 Lugdunensi
3271 3022 3483 3078 scilicet
3503 3025 3767 3097 archiepi—

2186 3124 2352 3180 scopo
2390 3119 2445 3165 et
2470 3109 2800 3181 Lingonensi
2827 3112 3110 3183 episcopo,
3142 3113 3234 3185 qui
3268 3113 3513 3180 iraterna
3551 3124 3607 3171 te
3642 3118 3769 3172 cha-

2184 3200 2346 3257 ritate
2382 3210 2701 3271 tractarent,
2731 3212 2785 3260 et
2815 3205 2934 3261 sine
2965 3206 3116 3261 omni
3149 3206 3440 3265 formidine
3465 3209 3536 3265 ad
3556 3227 3769 3281 praeno-

2183 3293 2452 3349 minatum
2503 3296 2864 3366 perducerent
2912 3297 3115 3353 locum.
3163 3297 3245 3353 Ad
3293 3315 3461 3371 quem
3510 3302 3768 3358 nimirum

2180 3387 2362 3443 locum
2389 3397 2582 3458 sponte
2605 3396 2662 3444 et
2684 3389 2804 3445 sine
2832 3389 3155 3445 invitatione
3181 3390 3362 3462 aliqua
3396 3394 3768 3451 accedendum

2181 3479 2303 3550 fuit,
2334 3489 2396 3538 ut
2423 3482 2470 3539 si
2499 3481 2762 3539 immunis
2785 3497 2845 3538 es
2879 3498 2946 3539 ea
2965 3484 3146 3554 culpa,
3178 3484 3584 3542 collaudatione
3606 3503 3769 3560 syno-

2179 3572 2287 3628 dali
2310 3571 2548 3629 infamiae
2566 3582 2676 3629 tua:
2697 3574 2974 3630 silentium
2998 3575 3241 3641 daretur,
3264 3583 3452 3631 etnon
3474 3577 3658 3633 solum
3677 3594 3770 3649 per

2178 3664 2453 3732 Diensem,
2495 3665 2589 3721 sed
2628 3680 2726 3738 per
2753 3664 3080 3728 confratrem
3121 3676 3370 3722 nostrum
3401 3666 3768 3726 Albanensem

2175 3754 2523 3826 episcopum,
2574 3764 2628 3810 et
2666 3771 2763 3826 per
2801 3756 3051 3813 abbatem
3098 3756 3555 3827 Cluniacensem,
3607 3778 3767 3832 quem

2174 3845 2352 3904 eidem
2374 3845 2586 3919 synodo
2609 3846 2874 3903 interesse
2894 3862 3200 3918 speramus,
3231 3864 3319 3904 res
3338 3858 3432 3904 tua
3454 3850 3770 3922 diligentius

2173 3948 2606 3996 retractaretur:
2638 3940 2785 4012 quod
2813 3940 2860 3996 si
2890 3938 2981 4013 [f.,
3006 3940 3100 3997 sed
3130 3941 3199 4009 si,
3235 3939 3439 4016 litum]
3472 3944 3661 4016 aliqua
3696 3949 3773 4002 ni.

2175 4032 2285 4088 mis
2316 4030 2455 4088 dura
2490 4031 2550 4086 in
2587 4039 2642 4088 te
2676 4032 2898 4087 daretur
2935 4034 3222 4101 sententia,
3247 4033 3479 4104 justitiaa
3521 4039 3772 4095 modera-

2172 4126 2321 4182 mine
2363 4134 2602 4197 utentes,
2649 4143 2759 4183 non
2807 4129 2984 4184 solum
3033 4138 3224 4185 contra
3274 4138 3325 4186 te
3362 4147 3475 4186 non
3523 4147 3767 4206 agerent,

2171 4233 2364 4274 verum
2389 4218 2556 4275 etiam
2580 4234 2678 4289 pro
2706 4227 2760 4275 te
2788 4220 3068 4276 laborante
3085 4236 3427 4291 pmpropere
3445 4223 3660 4281 dictum
3686 4229 3770 4281 vel

495 4308 627 4368 tiam
662 4320 910 4368 nostram
949 4312 1235 4391 deducere.
1270 4311 1340 4368 Ut
1380 4328 1512 4387 ergo
1549 4322 1666 4370 tute
1703 4314 1978 4385 possimus
2005 4315 2074 4371 ad
2104 4312 2151 4371 D
2175 4310 2382 4368 factum
2403 4312 2755 4385 corrigerent.
2781 4311 2940 4380 Quod
2970 4315 3017 4370 si
3038 4312 3185 4369 forte
3201 4314 3268 4368 ad
3290 4315 3618 4384 praidietum
3639 4336 3769 4376 con-

494 4417 593 4461 vos
612 4404 823 4477 legatos
861 4414 1080 4482 nostros
1107 4405 1362 4477 dirigere,
1394 4410 1620 4463 necesse
1658 4407 1992 4464 arbitramur
2019 4416 2075 4464 et

497 4482 751 4555 volumus
772 4507 833 4554 ut
854 4497 1029 4554 filium
1065 4506 1314 4554 nostrum
1338 4498 1690 4556 Fredericum
1718 4509 1773 4556 et
1799 4500 1947 4558 hunc
1966 4500 2073 4559 Fe-

497 4588 653 4668 licem
674 4590 742 4646 ad
762 4607 866 4665 nos
890 4591 1088 4648 iterum
1113 4593 1334 4649 studeas
1356 4602 1451 4648 aut
1469 4593 1666 4649 horum
1691 4595 1924 4650 alterum
1948 4595 2087 4659 mit-_

498 4688 631 4749 tere,
662 4692 945 4761 quatenus~
974 4685 1050 4741 ita
1089 4686 1303 4757 possint
1325 4702 1434 4757 quo
1457 4688 1856 4744 destinabimus
1882 4704 2076 4744 secure

497 4787 705 4830 ventre.

516 4910 519 4913 -
567 4874 705 4933 Data
732 4876 958 4951 Romae,
988 4890 1186 4953 quarto
1230 4882 1415 4943 Nonas
1459 4883 1733 4955 Januarii,
1781 4887 2078 4946 indictione

497 4965 676 5022 tertia.

1030 5123 1382 5186 'EPISTOLA
1417 5130 1532 5189 XII.

548 5247 551 5251 λ
599 5266 623 5273 ’³
695 5259 766 5299 ΔΙ)
794 5256 1064 5303 ΙΛΝΑὸΒΕΙ
1099 5265 1545 5313 ΑΒῦΗῘΕΡΙὸῦΟΡυΙ
1576 5236 1875 5317 ususnseu.

2176 4405 2364 4461 cilium
2397 4422 2506 4462 non
2545 4405 2731 4474 iveris,
2767 4421 2957 4462 aurem
2994 4406 3084 4481 [12,
3115 4416 3169 4463 et
3193 4406 3320 4462 add.
3352 4406 3569 4479 litum;
3607 4415 3689 4467 sic
3718 4424 3769 4468 et

2175 4498 2231 4551 in
2261 4497 2377 4553 cod.
2416 4496 2580 4571 Μαι]
2609 4497 2804 4554 debitae
2830 4499 3153 4555 obedientiaa
3179 4500 3342 4555 matri
3366 4508 3476 4557 tuae
3506 4501 3769 4560 Romanae

2176 4587 2434 4645 Ecclesia:
2459 4590 2552 4644 diu
2579 4598 2632 4645 te
2660 4590 3005 4660 supportanti
3026 4605 3136 4646 non
3163 4590 3543 4660 inclinaveris;
3569 4593 3615 4648 si
3638 4595 3766 4666 quid

2176 4690 2367 4736 contra
2388 4690 2440 4735 te
2456 4680 2670 4736 Diensis
2689 4696 2816 4737 cum
2837 4693 3108 4738 consensu
3129 4681 3511 4753 religioson
3534 4680 3763 4740 fratrum

2082 4812 2090 4821 .
2180 4781 2493 4827 nostrorum
2514 4771 2705 4843 egerit,
2733 4787 2844 4828 non
2866 4773 3044 4829 solum
3067 4772 3394 4829 sententiam
3418 4774 3475 4829 in
3500 4780 3556 4830 te
3578 4777 3762 4846 prola-

2180 4874 2294 4920 tam
2313 4881 2423 4920 non
2458 4865 2893 4933 immutabimus,
2924 4880 3114 4922 verum
3142 4866 3307 4922 etiam
3336 4867 3640 4937 apostolica
3662 4884 3765 4924 au-

2086 4992 2087 5009 t
2181 4957 2433 5013 ctoritate
2456 4957 2819 5013 firm-abimus.
2851 4956 3007 5031 Quod
3043 4958 3088 5014 si
3124 4956 3767 5033 fraternitati‘tuatvide-

2181 5048 2329 5104 bitur
2357 5034 2881 5119 prolatmsententim
2911 5048 3304 5105 rationabiliter
3331 5062 3494 5119 posse
3525 5050 3758 5116 obviari.

2181 5143 2434 5197 volumus
2455 5149 2508 5197 te
2526 5140 2698 5212 magis
2721 5156 2906 5197 coram
2940 5142 3144 5197 vicario
3166 5150 3376 5208 nostro,
3398 5139 3585 5199 Dieosi
3613 5142 3745 5197 vide

2179 5232 2307 5289 licet
2333 5234 2619 5305 episcopo,
2637 5233 2866 5304 aliisque
2886 5234 3179 5306 religiosis,
3214 5235 3270 5288 in
3310 5237 3485 5305 patria
3515 5237 3637 5303 illa,
3663 5236 3760 5292 ubi

2179 5335 2560 5382 accusatorum
2598 5335 2655 5382 et
2689 5325 3037 5383 defensorum
3061 5314 3246 5390 major
3285 5320 3440 5390 copia
3465 5328 3761 5390 invenitur,
