3972 5390
219 276 326 333 557

1234 280 1444 335 LIBER
1479 279 1839 337 SEPTIMUS.
1879 312 1948 322 —
1986 281 2200 338 EPIST.
2243 284 2357 340 XV.

3368 306 3473 362 558

218 388 616 461 omnipotentis
642 388 739 447 Dei
760 403 857 462 per
882 391 1257 449 auctoritatem
1279 394 1423 451 beati
1447 395 1590 453 Petri
1613 412 1800 453 mone-
1829 401 1874 458 Α
1898 396 2236 467 pollicemur.
2272 397 2539 457 Nolumus
2563 401 2728 458 etiam
2756 406 3096 475 prudentiam
3131 419 3281 469 tuam
3319 419 3474 491 igno-

217 494 365 547 mus,
404 488 493 547 ut,
520 481 573 536 si
608 489 660 536 te
693 481 753 536 in
792 481 897 539 hac
931 498 1098 539 causa
1130 484 1453 555 culpabilem
1493 488 1796 558 cognoscis,

214 569 401 638 potius
420 585 595 645 quam
625 570 806 644 aliquo
827 572 1074 629 saculari
1105 572 1322 647 ingenio
1346 585 1398 632 te
1425 579 1797 634 excusandum

214 660 529 727 existimes,
561 662 779 718 studeas
813 663 1053 720 animam
1090 674 1242 721 tuam
1271 681 1369 736 per
1403 667 1597 739 dignos
1622 669 1798 739 pani-

215 749 400 806 tentla
430 750 650 808 fructus
673 754 918 810 liberare.

283 839 424 897 Data
462 840 655 899 Roma
684 845 844 900 tertio
875 844 1059 902 Nonas
1083 845 1350 918 Januarii,
1387 848 1681 906 indictione
1712 866 1791 906 ιιι.

751 934 1084 992 EPISTOLA
1122 936 1261 993 XIII.

424 1040 500 1079 ΔΙ)
530 1040 848 1083 τηεουοιιωι
876 1044 1242 1082 YIBDUNENSEI
1272 1044 1557 1086 εριεεοιιωι

803 1119 982 1187 (Anno
1024 1117 1209 1188 1080.)

217 1193 288 1257 Ut
306 1202 643 1280 dmutplium
673 1209 935 1280 comitem,
968 1210 1059 1279 qui
1096 1210 1393 1280 episcopum
1425 1207 1793 1264 Leodicensrm

283 1274 354 1348 ad
382 1274 558 1329 sedem
587 1278 931 1348 apostolicam
955 1274 1240 1333 venientem
1262 1274 1598 1348 deprwdatus
1616 1289 1713 1346 est,
1744 1290 1793 1333 ct

228 1352 233 1355 ’
272 1344 463 1411 furare
501 1344 969 1421 compulitseires
998 1349 1207 1403 ablatas
1248 1344 1513 1419 nunquam
1543 1344 1794 1421 repetitu-

283 1429 422 1490 rum,
463 1425 719 1470 conventu
751 1418 933 1490 habito
968 1421 1038 1472 ad
1079 1418 1441 1489 panitentium
1483 1431 1532 1474 et
1572 1418 1794 1490 satisfa-

283 1484 511 1557 ctio‘nem
538 1496 693 1557 cogat
716 1502 736 1539 :
764 1486 1024 1557 alioquin,
1047 1484 1279 1545 ecclesia:
1301 1491 1578 1545 introitum
1602 1502 1651 1545 et
1676 1484 1792 1546 cor-

277 1554 423 1621 poris
458 1570 524 1607 ac
556 1554 831 1627 sanguinis
868 1554 1134 1612 Dominici
1168 1561 1528 1613 communione
1564 1561 1788 1615 interdi-

278 1632 403 1699 cat;
435 1632 497 1699 et
521 1625 629 1699 nisi
660 1625 672 1699 ξ
682 1627 830 1699 intra
862 1630 1158 1699 quindecim
1197 1630 1308 1683 dies
1343 1633 1619 1698 respuerit,
1655 1649 1789 1686 ana-

277 1693 525 1771 t_lfgma_t_is
544 1694 726 1771 gladio
745 1693 992 1771 nuarum
1011 1700 1121 1771 suis
1146 1693 1445 1770 fautoribus
1465 1717 1584 1755 eum
1606 1693 1785 1771 feriat.

283 1762 563 1840 Ultoribus'
591 1767 825 1840 episcopi
858 1762 1178 1837 injuriamm
1209 1779 1543 1840 peccatorum
1582 1762 1789 1827 veniam

270 1833 577 1904 pollicetur,
619 1833 921 1906 episcouum
962 1856 996 1893 a
1040 1833 1223 1893 coacto
1259 1840 1563 1908 juramento
1614 1842 1789 1896 absol—

226 2026 231 2031 ι
272 1977 588 2052 Caesonius
607 1998 919 2070 episcopus,
943 2010 1136 2056 servus
1165 2012 1449 2056 servorum
1471 1999 1588 2066 Dei,
1610 2000 1788 2058 Τηεοι

205 2098 419 2153 panico,
438 2086 778 2145 Virdunensi
798 2091 1075 2163 episcopo,
1107 2092 1337 2148 salutem
1358 2102 1413 2148 et
1437 2094 1789 2164 apostolicam

203 2175 660 2235 benedictionem.

265 2264 524 2325 Pervenit
543 2272 615 2326 ad
640 2287 744 2327 nos
766 2271 954 2330 fratris
973 2282 1027 2330 et
1047 2274 1352 2347 coepiscopi
1377 2279 1547 2334 nostri
1570 2277 1789 2336 Henrici

202 2353 554 2417 Leodicensis
596 2360 944 2435 [Leodiensis
970 2375 1022 2419 et
1045 2366 1125 2420 sic
1166 2367 1390 2441 semper]
1429 2371 1611 2440 gravis
1650 2373 1791 2427 cala-

200 2449 378 2518 mitas,
412 2462 583 2523 quem
610 2455 680 2510 ad
710 2455 1085 2525 apostolorum
1129 2458 1318 2515 limina
1345 2461 1651 2518 venientem
1685 2462 1787 2518 Ar-

198 2540 434 2611 nulphus
465 2558 658 2601 eomes
685 2546 853 2603 rebus
878 2548 997 2604 suis
1023 2548 1298 2618 omnibus,
1323 2567 1460 2623 quas
1493 2568 1678 2610 secum
1707 2554 1788 2611 fe-

196 2626 366 2695 rebat,
408 2634 813 2705 exspoliatum,
852 2637 920 2693 ad
957 2649 1309 2710 augmentum
1350 2644 1626 2714 nequitia,
1664 2656 1788 2718 post

198 2733 424 2775 suorum
466 2726 841 2795 ereptionem,
889 2729 1152 2799 compulit
1196 2731 1602 2804 gladiisjurare
1639 2737 1784 2807 quod

196 2808 375 2866 ablata
412 2828 703 2885 nunquam
746 2828 1032 2889 repeteret,
1073 2828 1124 2875 et
1165 2824 1314 2893 quod
1348 2840 1380 2878 a
1426 2826 1584 2882 nobis
1620 2843 1786 2897 super

195 2898 289 2952 tali
314 2909 581 2974 tantoque
608 2904 857 2963 facinore
890 2910 994 2965 sibi
1022 2911 1237 2968 veniam
1266 2914 1598 2984 impetraret.
1627 2918 1782 2985 Quod

195 2985 438 3047 immane
475 2993 744 3066 flagitium
789 3008 849 3054 ut
900 3005 1285 3072 cognovimus,
1332 3005 1576 3076 profecto
1620 3011 1783 3067 vehe-

193 3089 406 3136 menter
440 3082 741 3155 doluimus,
791 3105 918 3145 cum
964 3103 1205 3165 propter
1231 3095 1546 3166 impeditam
1593 3098 1778 3159 fratris

192 3170 366 3224 nostri
404 3172 772 3245 devotionem,
813 3188 928 3235 tum
970 3193 1187 3255 propter
1222 3184 1369 3243 illius
1407 3187 1776 3251 detestabilem

192 3259 518 3332 audaciam;
540 3281 667 3336 qua
691 3270 800 3324 nisi
826 3271 991 3346 digna
1011 3277 1485 3336 animadversione
1503 3280 1775 3342 vindicata

192 3346 379 3419 fuerit,
400 3364 572 3411 restat
591 3366 653 3413 ut
671 3360 723 3414 ei
744 3361 971 3439 suisque
992 3366 1285 3434 similibus,
1310 3369 1359 3425 si
1380 3386 1488 3441 qua
1508 3371 1777 3433 deteriora

190 3452 329 3515 sunt.
367 3452 424 3499 et
458 3458 711 3517 possunt,
754 3459 1099 3528 perpetrandi
1147 3460 1476 3517 concedatur
1519 3466 1773 3522 occasio:

188 3543 589 3607 verumtamen,
619 3544 694 3601 ne
723 3544 863 3602 forte
889 3549 1200 3618 iudicemur
1226 3550 1410 3621 potius
1442 3551 1537 3608 ira
1570 3568 1774 3613 consu-

186 3622 298 3679 lere
324 3642 493 3698 quam
523 3624 720 3707 parere
747 3638 992 3709 justitia,
1015 3641 1268 3698 volumus
1290 3651 1454 3714 atque
1481 3646 1776 3715 apostolia

187 3720 518 3784 auctoritate
556 3730 908 3817 praecipimus
937 3742 995 3789 ut
1029 3732 1344 3791 fraternitas
1371 3745 1465 3791 tua
1495 3752 1775 3808 quoscun-

186 3823 293 3884 φη
309 3826 497 3889 potest
516 3820 831 3894 episcopos,
852 3825 1092 3895 abbates,
1116 3827 1427 3884 sacerdotes
1454 3838 1508 3885 et
1525 3830 1773 3898 clericos,

186 3906 408 3964 studeat
455 3912 726 3983 adunare,
765 3924 821 3972 et
859 3927 1128 3976 conventu
1156 3919 1342 3977 habito
1366 3936 1531 3993 super
1571 3922 1675 3980 hac
1717 3939 1777 3980 re

185 3996 339 4054 illum
378 4000 694 4074 improbum
736 4008 805 4063 ad
842 4011 1217 4080 panitentiatn
1257 4020 1313 4068 et
1347 4012 1775 4071 satisfactionem

186 4089 439 4148 invitare.
472 4093 628 4161 Quod
659 4099 707 4154 si
735 4099 791 4155 in
827 4103 1035 4160 malitia
1074 4121 1174 4162 sua
1201 4106 1504 4176 perdurans
1536 4115 1633 4164 aut
1656 4124 1774 4182 pa-

184 4180 473 4239 nitentiam
507 4200 690 4258 agere,
721 4199 822 4245 aut
849 4193 1030 4249 ablata
1058 4196 1297 4251 noluerit
1323 4196 1488 4269 digna
1520 4180 1770 4257 comisa-

184 4272 499 4333 tisfactione
519 4277 833 4351 restituere,
862 4286 1101 4343 ecclesia
1129 4288 1413 4345 introitum
1442 4297 1497 4346 et
1522 4291 1771 4364 corporis

182 4375 234 4421 et
264 4371 559 4442 sanguinis
608 4372 883 4432 Dominici
917 4380 1388 4451 participationem
1428 4390 1522 4439 tua
1555 4384 1607 4440 ei
1651 4383 1769 4440 fra-

183 4462 413 4519 ternitas
434 4465 759 4536 interdicat;
788 4444 1038 4542 datisque
1073 4444 1177 4529 sibi
1206 4474 1516 4545 quindecim
1551 4475 1766 4533 dierum
1797 4459 1841 4516 Ῑ)
1867 4444 2045 4563 ιέτίίθ·
2081 4527 2085 4531 .
2164 4456 2167 4459 l

183 4551 435 4623 induciis,
475 4556 523 4614 si
564 4558 709 4615 infra
753 4560 887 4616 illud
924 4563 1162 4635 spatium
1208 4580 1318 4621 non
1348 4567 1683 4637 paenituerit,
1716 4576 1771 4624 et

182 4643 247 4698 ad
273 4648 722 4707 emendationem
767 4653 991 4713 sceleris
1023 4657 1110 4713 sui
1140 4674 1250 4713 non
1279 4660 1507 4728 venerit,
1538 4662 1766 4717 anathe-

183 4738 337 4794 matis
356 4755 489 4796 eum
519 4741 703 4821 gladio
731 4742 869 4799 fulta
890 4757 1157 4819 pracepto
1186 4751 1529 4809 auctoritatis
1557 4761 1770 4823 aposto-

181 4825 291 4884 lica
317 4830 520 4888 feriat:
567 4820 719 4904 quod
760 4842 908 4892 certe
931 4855 1033 4895 nos
1074 4842 1269 4897 exinde
1297 4845 1551 4900 omnibus
1588 4845 1766 4900 modis

182 4920 539 4983 tinnabimus.
577 4927 659 4983 Ac
686 4931 1040 4998 postmodum
1076 4932 1296 5003 quidem
1319 4936 1575 4993 volumus
1602 4944 1766 5008 atque

176 5006 425 5077 iubemus
460 5023 526 5070 ut
556 5016 613 5071 in
643 5016 805 5072 illum
834 5018 1054 5078 dilectio
1084 5030 1175 5077 tua
1201 5025 1402 5094 quibus
1422 5027 1623 5082 valebit
1645 5006 1764 5082 mo-

181 5100 256 5158 dis
284 5104 559 5180 insurgat.
601 5108 936 5183 Quicunque
973 5115 1121 5172 enim
1160 5117 1306 5174 illius
1347 5120 1593 5179 nefanda
1625 5139 1763 5194 pne-

179 5199 467 5281 sumptioni
497 5200 777 5257 auxilium
813 5213 908 5260 aut
949 5223 1235 5265 assensum
1264 5210 1490 5281 dederit,
1532 5215 1672 5272 sciat
1704 5234 1764 5274 se

175 5278 396 5357 gratiam
422 5290 523 5349 Dei
555 5300 613 5349 et
635 5293 783 5349 beati
812 5295 956 5352 Petri
981 5301 1175 5370 procul
1192 5298 1372 5358 dubio
1399 5278 1755 5366 amissurum.

1822 1751 1865 1806 Β
1958 1751 2107 1839 psi;
2117 1751 2187 1825 in
2203 1751 2251 1827 ἷί

1901 502 2023 543 rare
2064 503 2168 544 nos
2204 504 2347 561 sape
2373 491 2578 547 dictum
2621 496 3004 566 coepiscopum
3039 501 3109 556 ab
3143 502 3289 563 illius
3317 512 3476 567 mali-

1899 578 2036 634 tiose
2077 580 2255 635 coacti
2300 580 2592 652 juramenti
2633 586 2943 644 conditione
2976 591 3295 666 absolvisse,
3339 616 3472 656 san-

1897 678 2106 741 ctaque
2131 669 2387 728 Ecclesia
2428 677 2811 733 contumeliam
2846 681 3157 739 vindicandi
3196 688 3472 749 licentiam

1898 759 2001 830 ipsi
2031 760 2273 828 dedisse;
2303 780 2467 834 quem
2494 776 2555 821 ut
2581 765 2636 821 in
2658 770 2914 827 omnibus
2938 789 3039 842 pro
3057 791 3223 846 posse
3249 784 3489 842 studeas.

1896 852 2157 922 adjuvare
2197 855 2395 913 iterum
2444 858 2751 931 iterumque
2784 879 3070 924 monemus
3116 878 3282 942 atque
3314 891 3475 948 roga-

1896 959 2039 999 mus.

1924 1102 1935 1107 -
1966 1034 2102 1090 D;.ta
2131 1035 2317 1094 Roma
2345 1041 2506 1095 tertio
2536 1040 2807 1101 Kalendas
2837 1045 3140 1125 Februarii,
3178 1055 3473 1118 indictione

1897 1127 2073 1181 tertia.

2426 1187 2759 1282 EPISTOLA
2800 1228 2961 1285 xw.
3020 1208 3027 1215 ’
3060 1275 3071 1281 ,

2128 1326 2195 1364 ΑΙ)
2231 1327 2497 1369 IIENBICI'II
2537 1334 2895 1377 LEODICENSEI
2928 1341 3231 1386 EPISCOPIIDI.

2479 1408 2659 1477 (Anno
2698 1411 2880 1482 l080.)

1891 1487 2055 1581 Dolet;
2081 1490 2486 1581 degcontumelia
2513 1500 2600 1581 iiii
2631 1501 2992 1581 ab‘Arnulpho
3016 1510 3191 1581 illata,
3220 1518 3470 1575 absolvi!-

1958 1576 2056 1629 (μω
2076 1578 2195 1615 eum
2228 1581 2261 1617 a
2280 1566 2582 1650 juramento
2607 1571 2854 1650 uiolenter
2877 1566 3471 1650 pramaiéiiéhiiiz

1958 1640 2017 1683 “‘
2045 1637 2590 1727 creatum
2614 1637 2892 1727 ‘zsurgeni
3052 1637 3467 1727 scas-risi“;

1959 1710 2153 1781 sumat.
2201 1702 2483 1827 §ilqniﬁcat
2526 1727 2581 1764 se
2637 1702 3469 1798 tormenti"épilébﬁi'ﬁgiei

1959 1786 2097 1827 msse
2130 1781 2187 1825 ut
2209 1772 2251 1827 tl
2276 1793 2363 1827 um
2385 1778 2438 1827 in
2461 1795 2524 1827 ea
2549 1797 2605 1827 re
2637 1783 2849 1827 adium!

2276 1793 2363 1829 um
2385 1785 2438 1831 in
2461 1795 2524 1833 ea
2549 1797 2605 1834 re
2637 1785 2867 1853 adjuvet.

1960 1859 2266 1921 Gascoaws
2292 1867 2604 1941 episcopus,
2642 1889 2835 1933 servus
2863 1895 3143 1941 servorum
3173 1886 3289 1957 Dei,
3317 1890 3463 1949 Hen-

1889 1944 2011 2008 mco
2058 1947 2375 2015 Leodicensi
2424 1962 2678 2036 episcopo
2725 1970 2957 2028 salutem
3006 1985 3060 2031 et
3108 1944 3463 2050 apostolica-in

1889 2042 2340 2105 benedictionem.

1918 2210 1921 2213 _
1957 2133 2185 2208 Cognita
2207 2149 2313 2197 tua
2338 2141 2697 2205 fraternitatis
2718 2136 3042 2214 adversitate
3060 2138 3115 2214 et
3136 2169 3464 2229 contumelia

1889 2225 2008 2294 tibi,
2057 2228 2169 2285 imo
2216 2231 2377 2290 beato
2420 2233 2603 2306 Petro,
2657 2238 2828 2311 illata,
2878 2247 3137 2311 nimirum
3184 2225 3463 2334 [nimium]

1886 2318 2043 2374 valde
2075 2320 2259 2379 dolere
2284 2340 2477 2383 sumus
2509 2332 2704 2387 coacti.
2734 2332 2811 2389 De
2832 2336 3131 2406 juramenti
3156 2318 3288 2403 vero
3313 2318 3460 2421 inju:

1885 2410 2128 2467 stissima
2155 2414 2485 2487 obligatione
2510 2421 2788 2480 dilectioni
2812 2418 2919 2485 tua
2944 2431 3024 2488 sic
3046 2410 3460 2513 respondemus,
3487 2486 3491 2490 .

1885 2518 1993 2559 non
2020 2503 2220 2561 debere
2245 2507 2547 2593 existimari
2586 2528 2711 2570 eam
2741 2517 2869 2577 ullis
2891 2503 3191 2591 juramenti
3226 2503 3460 2593 vinculis

1883 2608 2044 2666 posse
2071 2596 2265 2663 teneri,
2302 2614 2426 2671 qua
2455 2588 2565 2658 tam
2602 2588 2996 2669 nefandissime
3024 2629 3211 2676 coacta
3238 2622 3463 2694 jurave-

1882 2685 1973 2741 rit.
2001 2683 2154 2745 Unde
2172 2700 2227 2745 et
2260 2694 2559 2763 apostolica
2593 2705 2647 2752 te
2673 2703 2999 2762 auctoritate
3018 2683 3373 2785 absolvimus,
3398 2728 3462 2775 ut

1882 2789 1993 2832 non
2026 2785 2133 2835 tua
2177 2782 2261 2837 vel
2304 2784 2538 2858 alicujus
2585 2791 2935 2851 conscientia
2978 2799 3049 2854 ob
3081 2784 3186 2859 hoc
3223 2782 3459 2867 videaris

1882 2865 2114 2925 innexus
2137 2880 2232 2927 aut
2252 2874 2466 2933 debitor
2491 2895 2631 2937 esse.
2672 2881 2901 2957 Insuper
2928 2878 3091 2950 etiam
3122 2896 3308 2954 eadem
3333 2865 3457 2958 freti

1879 2967 2148 3028 potestate
2168 2961 2495 3024 fraternitati
2518 2979 2627 3029 tua
2652 2973 2925 3034 licentiam
2952 2981 3167 3055 damus,
3193 2989 3303 3047 imo
3324 2993 3457 3049 hor-

1803 3104 1845 3162 Ο
1872 3058 2082 3134 tamur,
2125 3062 2187 3109 ut
2225 3067 2417 3116 contra
2457 3061 2687 3134 injurias
2720 3067 2887 3147 beato,
2918 3069 3081 3159 Petro
3116 3078 3317 3150 illatas,
3347 3084 3456 3141 nisi

1880 3154 2239 3215 prasumptor
2287 3148 2378 3206 ille
2411 3156 2756 3227 paenituerit,
2796 3152 3066 3236 digneque
3107 3148 3452 3246 satisfecerit,

1878 3235 2078 3305 quibus
2105 3237 2317 3329 viribus
2341 3248 2540 3329 potest,
2582 3248 2850 3323 insurgat,
2884 3235 3049 3328 atque
3082 3260 3235 3320 illum
3275 3235 3487 3325 omni;

1876 3326 1980 3383 bus
2015 3328 2193 3385 modis
2225 3326 2466 3404 infestet,
2505 3347 2562 3423 et
2599 3340 2667 3397 de
2709 3356 2775 3398 eo
2814 3326 3212 3412 tanti‘sceleris
3239 3338 3452 3428 panes,

1876 3417 2001 3524 Deo.
2027 3421 2357 3524 opitulante,
2380 3418 2527 3498 petat
2569 3442 2624 3488 et
2664 3444 2863 3493 sumat.
2902 3434 3185 3514 Indignum
3216 3417 3453 3524 namque

1875 3510 2033 3568 nobis
2072 3513 2310 3586 videtur,
2347 3523 2767 3598 exemplumque
2800 3510 3320 3610 cateris'improbis
3352 3510 3452 3601 au-

1873 3602 2035 3659 dendi
2058 3607 2246 3677 pe;ora
2280 3606 2548 3683 futurum,
2589 3616 2636 3672 si
2663 3618 2769 3676 hoc
2788 3619 3052 3694 flagitium
3090 3602 3193 3687 iste
3228 3633 3453 3708 impune

1874 3699 2195 3769 susceperit.
2218 3699 2372 3760 Unde
2393 3706 2557 3763 etiam
2585 3708 2738 3767 fratri
2768 3724 2957 3773 nostro
2979 3699 3449 3802 Virdunensi-epi-

1874 3803 2064 3862 scopo,
2120 3794 2351 3867 aliisque
2400 3799 2544 3856 beati
2592 3802 2739 3861 Petri
2779 3800 3048 3881 fidelibus,
3102 3794 3452 3895 sumumpere

1873 3885 2222 3957 praecipimus
2256 3898 2336 3959 ut,
2364 3892 2710 3953 dilectionem
2735 3908 2883 3957 tuam
2923 3909 3257 3970 unanimiter
3289 3885 3450 3988 adju-

1871 3985 2084 4045 vantes,
2107 3995 2234 4037 eum
2256 3990 2544 4063 tyrannum
2572 3996 2628 4043 et
2653 3989 2978 4053 Christiana
3005 4001 3285 4076 religionis
3314 3985 3449 4067 con-

1871 4069 2202 4127 culcatorem
2252 4074 2609 4149 impugnent,‘
2643 4092 2698 4136 et
2748 4087 2917 4143 armis
2970 4098 3082 4156 tam
3107 4069 3451 4159 vcarnalibus

1871 4175 2036 4233 quam
2084 4164 2463 4236 spiritualibus
2510 4171 2751 4244 undique
2796 4188 2851 4234 et
2892 4183 3127 4257 ubique,
3178 4204 3444 4262 quantum

1867 4264 2119 4327 possunt,
2150 4256 2501 4331 insequentes
2526 4276 2823 4327 coarctent.

1938 4347 2071 4406 Data
2113 4350 2302 4409 Roma
2327 4356 2490 4413 tertio
2518 4356 2790 4422 Kalendas
2818 4364 3120 4446 Februarii,
3154 4342 3447 4440 indictione

2414 4519 2749 4581 EPISTOLA
2789 4528 2903 4587 XV.

2220 4650 2288 4688 AD
2324 4651 2618 4698 DRI'EANNOS
2648 4659 2718 4697 ΕΤ
2747 4661 3097 4707 τυιιοχιεκεεδ.

2457 4732 2637 4804 (Anno
2675 4734 2857 4813 l080.)

1870 4812 2293 4901 Controversiam
2320 4818 2460 4880 inter
2484 4823 2779 4901 Ecclesium
2807 4830 3155 4893 Turonensem
3177 4849 3227 4895 et
3258 4842 3446 4901 Dole't-
3478 4818 3483 4823 Ι

1939 4902 2167 4991 senm'per
2191 4890 2392 4991 legatos
2421 4897 2907 4991 appgoﬁicgzsedis,
2934 4890 3152 4964 auditis
3171 4890 3447 4991 uiridique

1940 4967 2111 5029 partis
2128 4967 2362 5032 juribus,
2392 4967 2503 5021 vult
2520 4968 2758 5038 deﬁniri.
2802 5032 2805 5035 ν

1866 5047 2098 5103 Definitio
2151 5057 2397 5133 synodalis
2424 5060 2567 5133 inlet;
2586 5061 3006 5133 archiepiscopum
3030 5070 3372 5133 Turonensem
3429 5089 3451 5132 t

2217 5127 2503 5186 episcopum
2528 5122 2797 5176 Doleuseui
2820 5122 3071 5195 de'pallio.

1933 5204 2243 5274 Gasconws
2278 5224 2598 5297 episcopus,
2638 5242 2832 5289 servus
2862 5214 3146 5301 servorum
3178 5241 3297 5313 Dei,
3327 5262 3452 5303 om-

1864 5312 2026 5368 nibus
2045 5310 2320 5384 episcOpis
2340 5308 2654 5387 Britannia,
2685 5322 2836 5383 clero
2864 5339 2918 5386 et
2945 5334 3143 5390 nonulo
3178 5335 3235 5390 in
3264 5308 3447 5390 Tum-
