3972 5390
509 351 614 410 559
627 388 630 392 -

1141 352 1206 408 'S.
1245 351 1570 408 GREGORI]
1613 350 1701 406 Vll
1741 348 1940 404 PAPIE
1979 345 2074 404 ΟΡ]

2180 346 2263 404 un
2300 345 2482 404 rans
2511 348 2550 405 ι.
2592 380 2663 391 --
2700 321 3168 407 necrsrnuu.’

3666 349 3766 405 5ῧο

507 473 712 534 tamen,
752 466 864 521 Deo
896 467 1209 536 miserante,
1239 477 1362 539 post
1403 469 1622 542 longam
1661 467 2083 532 diseussionem,
2113 465 2161 524 Δ
2184 447 2418 535 auferri,
2465 476 2626 537 prout
2673 467 2778 538 ipsi
2824 468 3023 523 iterum
3067 472 3500 538 conquerun‘tu‘r,
3547 464 3767 535 penitus

506 572 674 628 quam
701 557 908 628 iustius
933 559 1234 632 potuimus,
1262 562 1402 618 hanc
1423 577 1544 632 quae
1571 561 1932 619 subscribitur
1950 559 2082 617 deﬁ-

507 649 771 705 nitionem
806 650 1100 708 invenisse.
1135 653 1594 725 Archiepiscopus
1617 655 1886 726 siquidem
1901 661 2084 710 vester

506 740 808 799 Ecelesiam
841 743 1215 803 Turonensem
1248 747 1343 818 jus
1372 762 1533 804 suum
1562 747 1619 802 in
1647 747 1931 802 Britannia
1965 762 2085 818 per—

505 833 710 890 didisse
741 849 1104 906 conquerens,
1139 837 1513 896 Romanorum
1550 841 1868 911 pontiﬁcum
1893 847 2083 896 aucto-

504 925 721 984 ritatem
743 927 800 984 in
827 929 1068 986 medium
1093 932 1270 1000 duxit,
1291 947 1417 1004 quae
1435 934 1718 1004 perspicue
1737 933 1932 1004 prohat
1957 931 2079 988 Bri—

502 1021 747 1076 tanniam
791 1019 1097 1080 Turonensi
1142 1021 1398 1082 Ecclesia:
1433 1026 1889 1096 quemadmodum
1928 1026 2086 1098 spiri-

502 1112 637 1168 tuali
655 1113 819 1169 matri
853 1122 908 1170 et
935 1117 1222 1186 metropoli
1263 1133 1378 1174 suae
1404 1118 1800 1190 subiectionem
1839 1129 1895 1177 et
1920 1136 2080 1177 reve-

503 1205 734 1260 rentiam
764 1206 980 1262 debere.
1013 1207 1264 1268 Dolensis
1291 1227 1424 1267 vero
1449 1213 1741 1285 episcopus
1768 1230 1876 1270 non
1901 1214 2080 1272 solum

478 1298 884 1354 .auctoritatem
919 1300 1207 1359 audientia:
1234 1312 1435 1360 nostra:
1463 1319 1572 1361 non
1599 1307 1865 1377 exhibuit,
1886 1324 2078 1365 verum

499 1389 665 1446 etiam
705 1391 825 1461 ipsa
849 1393 1016 1449 verba
1056 1409 1154 1451 sua
1189 1395 1258 1452 ad
1290 1395 1660 1456 defensionem
1691 1402 1900 1471 prolata
1930 1404 2079 1459 nulla

500 1483 824 1540 certitudine
864 1485 954 1542 cui
993 1486 1128 1544 tides
1163 1488 1340 1546 danda
1367 1499 1514 1548 esset
1553 1488 1688 1548 fulta
1733 1495 2074 1554 videbantur.

499 1573 706 1632 Tamen
727 1577 854 1648 quia
877 1578 933 1634 in
960 1579 1134 1651 patria
1169 1595 1269 1638 sua
1295 1584 1588 1653 quamdam
1609 1587 1990 1645 auctoritatem
2019 1606 2078 1646 se

497 1668 785 1740 reliquisse
817 1673 1117 1740 asserebat,
1147 1675 1326 1730 visum
1367 1677 1528 1733 nobis
1551 1677 1659 1734 fuit
1697 1687 1757 1734 ut
1787 1681 1860 1736 ad
1898 1690 2074 1738 retra-

495 1761 753 1839 ctandum
795 1765 1077 1836 negotium
1115 1763 1249 1822 illud
1295 1767 1530 1825 induciae
1563 1770 1846 1841 darentur,
1888 1781 1944 1830 et
1973 1788 2076 1846 pro

494 1851 600 1909 hac
631 1854 862 1925 aliisque
883 1857 1066 1914 causis
1087 1857 1249 1930 legati
1277 1859 1590 1930 apostolicae
1611 1864 1758 1920 sedis
1782 1865 2076 1938 dirigeren-

495 1953 616 2014 tur;
649 1955 712 2002 ut
731 1948 931 2006 auditis
966 1950 1257 2024 utriusque
1297 1953 1472 2024 partis
1515 1956 1844 2027 rationibus,
1885 1961 1930 2016 si
1975 1975 2074 2017 co-

493 2042 784 2112 gnoverint
817 2043 1111 2100 Britannos
1132 2046 1516 2104 auctoritatem
1548 2051 1918 2107 autlicnticam
1949 2069 2078 2126 apo-

495 2133 702 2190 stolica:
736 2136 904 2204 sedis,
949 2136 1200 2193 videlicet
1239 2155 1431 2195 eorum
1473 2142 1793 2212 pontificum
1837 2161 2074 2216 quorum

490 2223 767 2282 ordinatio
795 2235 850 2283 et
877 2227 989 2284 vita
1018 2229 1181 2301 digna
1207 2239 1261 2287 et
1287 2231 1478 2304 legalis
1507 2231 1694 2302 fuerit,
1728 2237 1948 2304 habere,
1977 2253 2076 2310 per

491 2331 660 2386 quam
697 2320 912 2390 possint
933 2336 994 2378 se
1019 2337 1052 2378 a
1077 2322 1419 2394 subiectione
1438 2325 1710 2397 praedicta;
1737 2327 2075 2389 Turonensis

448 2479 465 2486 ἢ
491 2406 752 2467 Ecclesiae
775 2413 1117 2491 subtrahere,
1148 2415 1318 2487 quieti
1354 2419 1612 2491 deinceps
1637 2431 1994 2491 permaneant
2017 2423 2074 2478 in

492 2517 593 2558 sua
627 2487 898 2562 libertate.
935 2503 1090 2574 Quod
1117 2507 1164 2564 si
1191 2508 1484 2582 contigerit
1514 2487 1610 2568 eos
1639 2487 1806 2585 huius
1835 2515 2076 2571 auctori-

489 2593 640 2664 tatis,
679 2612 846 2668 quam
891 2599 1056 2655 modo
1089 2600 1351 2670 diximus,
1399 2618 1512 2658 non
1539 2619 1703 2675 posse
1747 2606 1951 2664 habere
1978 2607 2076 2664 de-

489 2685 822 2758 fensionem,
869 2691 1044 2762 sopita
1093 2677 1350 2766 deinceps
1397 2703 1453 2750 et
1499 2695 1556 2751 in
1611 2706 1876 2754 aeternum
1922 2700 2073 2756 omni

487 2781 893 2852 controversia,
950 2769 1326 2842 Turonensem
1379 2785 1683 2845 Ecclesiam
1736 2800 1967 2846 matrem
2017 2800 2074 2848 et

487 2875 834 2946 metropollm
872 2891 1031 2934 suam
1074 2889 1488 2952 recognoscant,
1517 2889 1574 2938 et
1607 2897 1727 2938 eam
1765 2899 1891 2955 qua:
1917 2884 2073 2942 decet

486 2967 963 3038 metropolitanum
1008 2970 1420 3044 archiepiscopo
1455 2983 1640 3030 vestro
1676 2973 2072 3047 subiectionem

484 3068 541 3114 et
581 3059 946 3117 obedientiam
983 3063 1304 3132 exhibeant,
1357 3077 1636 3124 reservato
1677 3067 1902 3126 Dolensi
1950 3071 2069 3141 epi-

485 3167 654 3222 scopo
671 3153 822 3223 pallii
850 3169 996 3210 usu:
1035 3155 1110 3211 ita
1139 3165 1324 3214 tamen
1365 3167 1428 3214 ut
1461 3160 1648 3216 nullus
1685 3176 2068 3220 successorum

485 3261 715 3301 suorum
742 3246 928 3318 aliquo
956 3247 1012 3304 in
1039 3257 1280 3320 tempore
1308 3252 1376 3307 ad
1412 3252 1557 3308 hanc
1579 3251 1958 3327 dignitataspi-
1985 3270 2074 3312 uie

483 3346 588 3404 ret,
615 3337 732 3406 sed,
759 3337 903 3394 sicut
930 3355 1098 3412 supra
1131 3341 1392 3409 diximus,
1433 3352 1548 3400 tam
1596 3344 1703 3416 ipsi
1735 3347 1990 3405 videlicet
2014 3349 2072 3404 in

485 3427 728 3484 Ecclesia
774 3428 994 3488 Dolensi
1043 3435 1412 3491 constituendi
1462 3451 1630 3508 quam
1679 3438 1844 3496 etiam
1890 3442 2071 3497 caeteri

486 3521 780 3580 Britanniae
829 3523 1070 3597 episcopi
1129 3528 1450 3600 magisterio
1501 3527 1842 3588 Turonensis
1895 3533 2072 3590 archi-

485 3617 726 3692 episcopi
752 3619 808 3678 in
831 3630 1152 3692 perpetuum
1179 3620 1381 3678 subditi
1409 3632 1785 3693 permaneant.

557 3711 690 3768 Data
716 3712 902 3769 Romrc
930 3721 1122 3770 octava
1141 3712 1271 3770 Idus
1292 3713 1538 3784 Martias,
1563 3715 1858 3774 indictione
1889 3719 2064 3776 tertia.

1018 3823 1352 3881 EPISTOLA
1391 3825 1533 3882 XVI.

663 3932 730 3971 ΑΙ)
767 3933 1052 3974 ιιυιιειιτωι
1095 3933 1385 3974 εριεεοιιωι
1425 3935 1884 3979 τΑιιγΑΝΝεΝειυκ.

1071 4009 1254 4084 (Anno
1293 4009 1479 4084 1080.)

492 4097 620 4170 Ejus
642 4103 1339 4188 ιόηηιηιαεξαηι.αεεωςαηδἰ
1353 4103 1602 4188 percipit
1636 4114 1694 4160 ut
1723 4109 2066 4188 quandocun—
2093 4159 2098 4167 .

553 4181 890 4248 qnevocatus
909 4173 1070 4248 fuerit
1091 4191 1271 4229 coram
1296 4173 1479 4230 Diensi
1501 4173 1745 4248 episcopo
1764 4180 2070 4248 apostolica:

553 4243 695 4316 sedis
723 4242 895 4316 legato
917 4244 1131 4299 omnino
1163 4261 1217 4299 se
1241 4242 1613 4316 prasentct'de
1637 4242 1822 4302 niutti's
1846 4251 1950 4306 sibi
1975 4255 2070 4308 ob-

553 4312 705 4390 iectis
741 4312 1323 4390 criminibusseipsugn
1354 4325 1696 4389 purgatums.
1732 4317 1866 4390 Ejus
1901 4338 2067 4378 rano-

556 4384 712 4460 nicjs,
747 4384 839 4460 qui
876 4384 1382 4460 quamdam'riliant
1409 4384 1793 4460 usurpaverant
1830 4393 2066 4450 divinum

559 4453 798 4525 Ofﬁcium
819 4453 1110 4524 interdicit,
1139 4465 1191 4512 et
1223 4455 1289 4511 ab
1314 4457 1382 4512 eo
1402 4453 1648 4514 interdici
1681 4461 1813 4518 vult.

2181 557 2502 629 despexisti.
2541 558 2621 616 Ac
2660 567 2948 630 propterea
2986 556 3614 615 excommunicationem
3646 572 3768 628 qua:

2180 649 2236 704 in
2259 659 2448 706 nostro
2471 651 2704 723 registro
2725 652 2927 724 scripta
2947 659 3052 718 est,
3076 659 3136 707 tu
3157 665 3284 707 cum
3304 650 3390 707 eis
3408 649 3764 716 incurrendo,

2179 741 2298 797 sine
2333 751 2584 814 respectu
2619 743 2716 800 Dei
2757 752 2810 799 et
2831 743 3142 815 apostolica
3175 741 3493 800 reverentiae
3517 741 3763 798 divinum

2179 829 2449 904 Ofﬁcium,
2481 835 2624 891 sicut
2651 835 2982 904 audivimus,
3021 835 3298 894 celebrare
3339 833 3760 906 pmsumpsisti.

2179 923 2286 981 Pro
2307 926 2508 997 quibus
2537 935 2593 982 et
2627 927 2750 984 aliis
2776 929 3025 1000 pluribus
3053 943 3086 984 a
3117 927 3284 984 fratre
3320 935 3513 983 nostro
3535 925 3766 1000 Hugone

2176 1013 2364 1075 Diensi
2391 1019 2649 1091 episcopo
2676 1021 2846 1077 semel
2871 1029 2926 1078 et
2951 1021 3146 1077 iterum
3177 1019 3243 1076 ad
3279 1017 3574 1076 concilium
3603 1036 3765 1077 voca-

2178 1117 2288 1171 tus.
2311 1119 2366 1167 et
2385 1121 2572 1183 postea
2591 1127 2624 1169 a
2651 1114 2810 1170 nobis
2834 1113 2903 1170 ad
2931 1113 3199 1186 synodum
3223 1111 3530 1168 Romanam
3558 1112 3761 1168 invita-

2175 1210 2268 1258 tus
2287 1211 2348 1258 ut
2371 1212 2425 1259 te
2446 1219 2798 1278 expurgares,
2823 1205 2951 1276 quia
2977 1221 3087 1262 non
3109 1205 3330 1269 venisti,
3368 1219 3471 1272 nec
3497 1205 3764 1262 canonice

2177 1297 2476 1363 excusasti,
2514 1297 2622 1354 nisi
2660 1297 2974 1376 apostolicae
3009 1297 3230 1368 pietatis
3267 1296 3637 1354 mansuetudo
3663 1313 3764 1356 nos

2177 1385 2574 1457 dispensatorie
2595 1389 2662 1446 ad
2682 1398 2898 1460 tempus
2918 1389 3236 1458 sustineret,
3253 1389 3580 1446 sententiam
3599 1391 3764 1461 iusta

2177 1478 2532 1550 depositionis
2568 1489 2664 1538 tua
2707 1481 3094 1551 inobedientia,
3131 1497 3256 1554 qua:
3296 1497 3428 1539 vere
3463 1492 3552 1540 est
3593 1483 3764 1540 idolo-

2175 1571 2358 1640 latria,
2385 1571 2712 1643 iamdudum
2740 1573 3096 1646 suscepisset.
3129 1573 3235 1631 Sed
3255 1583 3440 1632 tamen
3463 1575 3648 1633 adhuc
3667 1577 3764 1632 tibi

2175 1673 2404 1738 paterno
2441 1677 2730 1738 parcentes
2767 1665 2985 1737 aﬂ'cctu,
3025 1667 3155 1741 quia
3182 1667 3388 1728 diutius
3417 1676 3498 1724 tot
3523 1681 3579 1725 et
3612 1679 3762 1726 tanta

2105 1808 2152 1868 Β
2176 1773 2302 1830 quae
2323 1758 2390 1816 de
2411 1767 2466 1815 te
2499 1759 2644 1816 dicta
2679 1769 2811 1817 sunt
2833 1759 2977 1868 ferre
3005 1760 3158 1818 nullo
3190 1761 3355 1866 modp
3378 1760 3764 1868 honeste

2177 1867 2393 1920 sumus,
2422 1852 2720 1923 apostolica
2753 1851 3080 1910 auctoritate
3118 1853 3466 1926 praecipimus
3490 1863 3555 1910 ut
3581 1855 3678 1910 ubi
3712 1864 3764 1911 et

2172 1945 2396 2016 quando
2429 1945 2723 2016 praedictus
2765 1945 2934 2002 frater
2973 1954 3164 2004 noster
3195 1945 3353 2018 Ilugo
3391 1945 3615 2004 Diensis
3646 1947 3763 2020 epi-

2173 2053 2375 2110 scopus
2409 2047 2466 2095 te
2505 2039 2804 2108 vocaverit,
2850 2039 2918 2096 de
2959 2039 3050 2096 his
3081 2039 3168 2095 vel
3202 2039 3327 2096 aliis
3353 2037 3760 2111 satisfaaurus,

2173 2133 2460 2189 occasione
2490 2133 2826 2204 postposita,
2859 2132 2937 2188 ita
2976 2139 3202 2204 paratus
3239 2139 3300 2190 et
3328 2132 3768 2205 circumspectus

2173 2224 2434 2281 advenias
2472 2234 2551 2291 ut,
2596 2227 2646 2282 si
2689 2235 2744 2282 te
2778 2227 3125 2283 innocentem
3159 2232 3217 2282 et
3260 2223 3402 2282 falso
3441 2235 3762 2290 accusatum

2175 2315 2306 2387 scis,
2352 2331 2480 2372 cum
2521 2316 2618 2374 Dei
2668 2317 2876 2374 auxilio
2921 2325 2978 2375 et
3020 2319 3369 2376 conscientiae
3407 2319 3652 2390 puritate
3695 2321 3763 2377 ab

2133 2443 2140 2448 -
2173 2409 2431 2466 omnibus
2457 2411 2688 2483 obiectis
2714 2419 2771 2468 et
2802 2411 3126 2484 obiiciendis
3161 2411 3426 2468 canonice
3467 2415 3762 2488 expurgari

2171 2503 2372 2572 possis.
2418 2502 2688 2568 Praeterea
2721 2519 2888 2562 omne
2923 2505 3174 2562 divinum
3205 2502 3456 2562 Ofﬁcium
3495 2507 3759 2564 omnibus

2173 2595 2456 2652 canonicis
2485 2598 2554 2654 de
2581 2607 2765 2655 castro
2795 2597 2984 2654 Sancti
3009 2596 3185 2665 Pauli,
3208 2607 3262 2654 te
3285 2598 3404 2679 solo
3425 2599 3653 2655 interim
3673 2617 3760 2656 ns-

2173 2703 2281 2759 que
2301 2689 2370 2746 ad
2394 2691 2727 2748 audientiam
2763 2701 3010 2764 excepto,
3031 2691 3408 2750 interdicimus
3434 2710 3450 2748 :
3473 2701 3529 2748 et
3554 2693 3692 2764 ipsis
3707 2703 3760 2748 et

2173 2779 2313 2840 locis
2326 2799 2544 2852 eorum,
2567 2800 2858 2858 quousque
2870 2785 3152 2856 praefatam
3173 2785 3354 2842 villam
3374 2801 3506 2841 cum
3527 2786 3758 2842 ecclesia

2172 2883 2229 2931 et
2266 2877 2392 2933 aliis
2431 2877 2550 2934 suis
2587 2879 2934 2950 pertinentiis
2971 2877 3228 2935 canonici
3262 2877 3512 2935 ecclesiae
3544 2877 3757 2934 Sanctae

2172 2966 2358 3026 Mariae
2379 2979 2434 3026 et
2456 2969 2514 3026 S.
2537 2952 2836 3028 Audomari
2861 2971 3222 3038 restituerint,
3244 2978 3300 3026 et
3317 2985 3507 3027 coram
3532 2969 3759 3044 Hugone

2173 3058 2360 3118 Diensi
2397 3063 2653 3135 episcopo
2693 3064 2766 3120 de
2806 3063 3172 3121 inobedientia
3217 3071 3272 3119 et
3312 3063 3758 3120 excommunica-

2078 3157 2140 3228 ὀ
2171 3153 2319 3210 tione
2339 3153 2706 3213 satisfecerit:
2733 3163 2790 3212 et
2813 3154 2924 3212 nisi
2955 3164 3012 3214 tu
3041 3155 3226 3213 statim
3252 3155 3368 3212 visa
3393 3155 3761 3227 praeceptione

2173 3253 2362 3303 nostra
2407 3248 2680 3318 praedictis
2722 3247 3004 3304 canonicis
3046 3247 3180 3315 tuis,
3223 3255 3282 3304 et
3319 3248 3583 3305 omnibus
3627 3249 3760 3305 locis

2172 3349 2386 3408 ecrum,
2421 3348 2477 3396 et
2503 3342 2776 3414 praecipue
2807 3341 2901 3397 ubi
2947 3341 3200 3398 canonici
3227 3340 3569 3397 denominati
3609 3351 3756 3408 sunt,

2172 3446 2336 3488 omne
2361 3433 2608 3490 divinum
2637 3433 2872 3490 officium
2917 3433 3284 3502 interdixeris,
3325 3449 3494 3490 omne
3519 3435 3760 3492 oﬂicium

2171 3532 2328 3581 tuum
2363 3528 2690 3586 auctoritate
2709 3525 3008 3598 apostolica
3033 3526 3386 3584 interdictum
3414 3528 3656 3584 noveris.

2241 3618 2377 3676 Data
2408 3620 2598 3677 Romae
2637 3621 2873 3692 septimo
2903 3619 3178 3678 Kalendas
3204 3621 3433 3692 Aprilis,
3461 3620 3761 3678 indictione

2171 3713 2350 3768 tertia.

2691 3835 3029 3894 EPISTULA
3063 3835 3228 3893 XVII.

2607 3947 2674 3985 λι)
2713 3945 2977 3986 DOLENSES
3009 3944 3302 3986 NONACIIOS.

2742 4021 2934 4094 (Anno
2973 4019 3130 4077 1080.
3153 4021 3174 4092 )

2173 4115 2397 4187 Mandat
2410 4121 2466 4168 ut
2481 4113 2586 4169 duo
2602 4114 2944 4187 monasteria,
2956 4131 3073 4187 quin
3084 4112 3469 4169 Lemovicensis
3479 4117 3759 4187 episcopus

2241 4185 2494 4241 Ecclesia:
2509 4202 2632 4270 sua:
2652 4186 2716 4240 ab
2736 4185 2887 4270 ipsis
2913 4185 3184 4270 subtracta
3209 4185 3758 4270 conquestusfuerat,

2238 4272 2401 4328 usque
2451 4257 2522 4310 ad
2563 4255 2844 4328 adventum
2860 4255 3194 4328 Aapostoticte
3218 4255 3357 4328 sedis
3391 4255 3565 4328 legati
3585 4257 3758 4312 eidem

2234 4324 2478 4400 episcopo
2508 4327 2808 4383 restituant.
2844 4324 2998 4392 Quod
3027 4326 3074 4380 si
3105 4326 3234 4398 quid
3262 4327 3320 4380 in
3349 4343 3414 4381 ea
3443 4324 3503 4384 re
3521 4327 3672 4398 juris
3703 4343 3758 4382 se

2238 4400 2454 4454 credant
2477 4396 2686 4464 habere,
2713 4413 2893 4450 coram
2915 4395 3088 4467 legato
3115 4397 3415 4452 ostendant.

2673 4438 2686 4464 ’
2713 4437 2893 4450 ννιωυιο
2915 4437 3086 4464 ’νυ-συν
3115 4437 3415 4452 νυννιιυωσυυο

2097 4511 2144 4566 ι)
2237 4489 2546 4546 Gnecontus
2563 4487 2870 4560 episcopus,
2893 4503 3086 4544 servus
3106 4504 3388 4544 servorum
3411 4487 3534 4559 Dei,
3560 4489 3756 4546 Dolen-

553 4565 864 4624 Gnscontus
900 4569 1212 4640 episcopus,
1241 4585 1434 4628 servus
1471 4587 1759 4630 servorum
1803 4552 1920 4645 Dei,
1956 4575 2068 4633 Hu-
2100 4552 2142 4566 ν
2166 4582 2320 4638 sibus
2353 4552 2658 4648 monachis,
2686 4552 2920 4636 salutem
2951 4588 3008 4636 et
3031 4581 3385 4652 apostolicam
3411 4552 3752 4640 benedictio-

481 4673 678 4729 nnn'ro,
717 4659 1188 4719 Tarvannensium
1216 4661 1492 4734 episcopo.

553 4749 710 4818 Quod
757 4754 990 4810 salutem
1027 4765 1082 4811 et
1102 4755 1457 4828 apostolicam
1495 4757 1926 4830 benedictionem
1966 4761 2066 4820 tibi

482 4857 592 4898 non
623 4845 966 4914 mandamus,
1003 4863 1067 4903 ea
1093 4847 1332 4903 maxime
1367 4863 1536 4904 causa
1561 4859 1666 4919 est,
1691 4853 1839 4922 quod
1882 4853 1937 4908 in
1976 4871 2064 4911 re-

481 4935 654 5004 gistro
681 4945 868 5006 nostro
891 4940 1089 5012 legitur
1116 4950 1172 4997 te
1193 4941 1264 4997 ab
1293 4938 1522 5014 llugone
1550 4943 1718 5014 huius
1743 4955 1947 5002 sancta:
1974 4963 2064 5004 se-

481 5027 566 5084 dis
607 5027 784 5100 legato
825 5032 968 5102 apud
1011 5033 1461 5090 monasteriolum
1496 5035 1812 5092 hzeretieum
1847 5039 2066 5109 publice

479 5121 812 5189 convictum,
846 5133 900 5178 et
925 5134 1134 5194 postea,
1169 5134 1460 5198 antequam
1495 5143 1650 5186 esses
1677 5129 1747 5186 ab
1787 5131 1890 5187 hac
1918 5131 2063 5187 infa-

479 5213 590 5268 mia
629 5223 986 5274 cxpurgatus.
1037 5216 1346 5274 audivimus
1397 5217 1704 5274 Simoniace
1745 5222 2060 5274 enisconum

2165 4689 2288 4729 nem
2297 4713 2310 4728 .

2237 4764 2425 4820 Frater
2469 4771 2525 4820 et
2575 4762 2930 4836 coepiscopus
2974 4773 3163 4822 noster
3185 4762 3596 4823 Lemovieensis
3621 4781 3753 4824 eon-

2165 4865 2390 4928 questus
2423 4865 2508 4912 est
2549 4855 2708 4912 nobis
2753 4855 2810 4911 in
2853 4857 3101 4930 synodo,
3143 4872 3310 4929 quam
3337 4872 3511 4929 nuper
3539 4857 3749 4928 Romae,

2165 4948 2276 5004 Deo
2301 4947 2618 5020 opitulante,
2645 4947 3063 5017 celebravimus,
3095 4949 3240 5022 quod
3267 4957 3451 5006 vestra
3492 4948 3749 5006 fraterni-

2162 5049 2248 5096 tas
2272 5029 2528 5096 Ecclesite
2547 5055 2660 5096 suae
2678 5040 2789 5097 duo
2815 5041 3146 5098 monasteria
3170 5041 3460 5098 subtrahit.
3492 5039 3748 5098 Testatus

2161 5140 2248 5186 est
2277 5129 2442 5184 etiam
2473 5129 2588 5200 ipse
2635 5129 2805 5186 frater
2850 5139 2911 5186 et
2949 5131 3306 5204 coepiscopus
3351 5143 3536 5188 noster
3581 5142 3746 5203 atque

2161 5220 2372 5274 legatus
2399 5229 2586 5274 noster
2609 5219 2768 5274 H920
2796 5222 3013 5274 Diensis
3033 5224 3325 5274 episcopus
3352 5225 3494 5274 aliud
3520 5241 3621 5274 vos
3645 5241 3743 5274 nm
