3972 5390
230 199 331 254 561

1314 181 1515 238 LIBER
1554 176 1913 236 SEPTIMUS.
1953 205 2024 215 -ο
2057 172 2273 228 EPIST.
2314 170 2450 225 XIX.

3371 164 3476 222 562

227 312 345 367 dire
371 307 629 376 debeant,
659 315 712 363 et
737 305 853 362 sine
882 301 1307 360 contradictione
1353 306 1554 363 vestra,
1585 311 1681 351 seu
1711 309 1804 348 ve-
1835 295 1881 352 Α
1977 287 2109 342 Data
2161 287 2345 342 Romae
2397 282 2636 339 secundo
2663 280 2814 376 Aldus
2861 279 3062 352 Aprilis
3115 277 3321 352 [pridie
3344 275 3477 334 ldus

227 411 493 465 strorum,
520 414 696 470 usque
722 398 790 453 ad
822 395 1112 450 adventum
1135 391 1295 463 legati
1323 389 1495 445 nostri
1523 387 1703 457 quiete
1737 386 1808 440 ab

227 490 346 560 ipsa
370 489 620 545 Ecclesia
638 487 1032 560 possideantur.
1054 481 1164 538 Nos
1183 483 1386 551 itaque,
1403 481 1558 550 juxta
1579 478 1807 532 fratrum

229 590 550 636 nostrorum
578 593 905 636 consensum
946 586 1109 647 atque
1135 573 1424 631 consilium
1468 571 1615 641 quod
1644 585 1810 639 supra

226 671 592 727 deliberatum
625 681 708 728 est
747 669 1151 732 conﬁrmantes,
1181 665 1506 720 mandamus
1540 661 1697 716 vobis
1723 670 1816 714 at-.

227 777 334 830 que
364 763 718 834 prmcipimus
763 770 822 816 ut
868 773 1038 830 usque
1081 758 1149 813 ad
1192 757 1473 827 praefixum
1517 753 1808 808 terminum

230 853 561 921 permittatis
629 853 942 922 praedictam
1007 849 1306 904 Ecclesiam
1369 844 1809 901 Lemovicensem

229 943 346 1011 ipsa
397 944 738 999 monasteria
787 943 1035 998 retinere.
1093 940 1152 995 Si
1201 955 1330 995 vero
1379 938 1432 992 in
1479 936 1561 992 eis
1607 934 1809 1004 aliquid

226 1033 455 1103 justitiaa
477 1049 577 1090 vos
599 1035 798 1089 habere
823 1033 1114 1097 conﬁditis,
1136 1031 1298 1101 legati
1324 1028 1498 1084 nostri
1521 1027 1810 1082 adventum

225 1132 636 1194 exspectantes,
666 1140 892 1180 causam
911 1132 1149 1180 vestram
1173 1121 1249 1176 illi
1274 1127 1583 1191 opportuno
1609 1118 1731 1172 loco
1757 1125 1811 1170 et

230 1225 497 1287 tempore,
525 1217 621 1272 ubi
659 1216 852 1288 possit
877 1213 1278 1270 Lemovicensis
1310 1212 1598 1282 episcopus
1640 1208 1809 1262 inter-

225 1322 371 1374 esse,
417 1316 827 1378 repraesentate.
874 1307 1011 1360 Ante
1059 1305 1216 1375 cujus
1260 1302 1590 1358 audientiam
1645 1314 1810 1354 causa

227 1407 410 1454 vestra
435 1398 752 1471 diligentius
777 1398 1032 1453 ventilata
1074 1406 1128 1451 ct
1170 1396 1381 1465 plenius
1409 1391 1623 1463 cognita
1645 1390 1808 1460 justi-

227 1491 322 1545 tiaa
365 1489 532 1544 ﬁnem
573 1489 836 1555 inveniat,
863 1496 917 1543 et
961 1488 1102 1543 inter
1150 1502 1249 1541 vos
1292 1485 1442 1540 omni
1499 1483 1592 1537 lite
1636 1481 1810 1550 sopita

227 1581 466 1652 quisque
491 1590 738 1636 vestrum
761 1596 864 1636 suo
882 1580 1006 1651 jure
1033 1585 1322 1634 contentus
1349 1575 1603 1646 injuriam
1633 1572 1811 1627 facere

227 1672 465 1729 desinat.

300 1763 435 1819 Data
454 1763 642 1820 Roma:
663 1763 921 1820 Kalendis
950 1762 1070 1836 [vni
1100 1761 1246 1834 Kal.]
1274 1759 1497 1831 Aprilis,
1518 1757 1811 1812 indictione

231 1856 410 1910 tertia.

750 1965 1084 2022 EPISTOLA
1119 1965 1286 2020 XVIII

399 2075 469 2113 ΔΙ)
497 2073 825 2114 πιιιειιειι
853 2075 1151 2114 Λυιιεμεεκ
1180 2072 1648 2113 Αιιωιιεριδςοιιυκ.

826 2149 1006 2222 (Anno
1036 2147 1217 2220 1080;)

236 2264 470 2336 Arguens
510 2282 631 2318 eum
665 2267 1036 2321 inobedientiae
1084 2267 1324 2336 prcrcipit
1362 2275 1419 2320 ut
1461 2263 1845 2318 Pezanensem’

296 2335 537 2418 abbatem
552 2345 713 2418 cogat
744 2335 1105 2418 Aureliacensi
1133 2335 1312 2418 abbati
1329 2337 1608 2418 restituere
1631 2351 1818 2418 quant-

301 2403 425 2456 dam
455 2403 735 2459 ecclesiam
765 2406 850 2460 illi
880 2409 1200 2462 monasterio
1247 2407 1332 2460 ab'
1364 2403 1655 2476 apostolica
1698 2405 1818 2460 sede

297 2489 620 2543 concessam,
652 2478 954 2532 contumaci
987 2477 1219 2534 ecclesia:
1245 2477 1465 2531 introitu
1514 2476 1815 2530 interdicto.

303 2582 614 2641 Caesonius
633 2585 950 2658 episcopus,
979 2604 1171 2644 servus
1198 2602 1484 2644 servorum
1524 2585 1643 2653 Dei,
1667 2585 1821 2640 WIL"

237 2692 410 2732 ιειιιο
446 2678 713 2735 Auxiensi
750 2680 1158 2750 archiepiscopo
1202 2678 1535 2752 [episcOpo],
1589 2679 1819 2734 salutem

237 2776 290 2820 et
313 2766 672 2852 apostolicam
703 2767 1158 2826 benedictionem.

304 2859 569 2915 Miramur
595 2860 941 2930 prudentiam
969 2871 1120 2919 tuam
1166 2863 1244 2920 ita
1280 2877 1339 2918 se
1367 2861 1679 2933 apostolica:
1707 2859 1821 2918 sedi

241 2948 641 3004 inobedientem
688 2951 1025 3020 exhibuisse,
1052 2961 1114 3008 ut
1137 2952 1413 3024 negotium
1437 2951 1578 3022 quod
1611 2950 1708 3006 tibi
1739 2950 1822 3006 vi-

239 3041 371 3097 carii
398 3039 580 3100 nostri
605 3044 1018 3112 commiserunt,
1064 3045 1131 3100 ad
1167 3043 1576 3114 exsequendum
1615 3051 1673 3098 tu
1712 3058 1820 3098 non

240 3149 442 3192 curans
462 3152 678 3206 parere,
708 3136 1101 3207 contempseris
1125 3137 1194 3191 ad
1224 3136 1473 3192 effectum
1502 3135 1818 3204 perducere.

244 3222 521 3295 Siquidem
550 3228 796 3299 injuneta
838 3228 935 3282 tibi
968 3235 1052 3284 est
1075 3228 1145 3282 ab
1165 3228 1245 3283 eis
1291 3243 1421 3283 cura
1444 3226 1712 3296 justitiam
1736 3224 1820 3280 fa-

241 3316 416 3372 ciendi
448 3317 611 3374 Petro
646 3317 832 3374 abbati
864 3317 1268 3374 Aureliacensis
1311 3316 1742 3390 [Aurelianensis
1772 3323 1823 3371 et

242 3408 317 3460 sic
350 3408 565 3483 deinde]
619 3410 856 3467 caanobii
899 3410 1041 3480 juris
1096 3410 1260 3480 hujus
1309 3417 1509 3466 sancta:
1562 3407 1826 3464 Ito-mante

243 3495 505 3555 Ecclesiae
529 3500 597 3555 de
619 3499 842 3556 Dodone
862 3501 1056 3557 abbate
1084 3499 1412 3564 Pezanense,
1440 3500 1536 3570 qui
1562 3516 1630 3556 ex
1658 3500 1826 3572 longe

245 3595 490 3660 tempore
510 3591 757 3647 invasam
779 3591 984 3647 detinet
1006 3592 1291 3647 ecclesiam
1307 3591 1452 3661 juris
1473 3591 1659 3646 itidem
1681 3591 1825 3647 beati

244 3679 414 3752 Petri,
444 3683 541 3740 sed
568 3683 796 3756 praefato
822 3683 1156 3739 monasterio
1195 3683 1566 3740 Aureliaeensi
1594 3699 1823 3740 conces-

246 3790 384 3845 sam,
410 3793 536 3848 quae
561 3778 878 3834 nominatur
904 3777 1104 3833 Sancta
1132 3775 1302 3830 Maria
1331 3775 1675 3832 Dalmairaci.
1707 3775 1826 3843 Qua

247 3867 302 3922 in
329 3883 388 3923 re
414 3878 679 3939 quantam
708 3870 872 3926 beato
899 3867 1066 3926 Petro
1094 3868 1458 3924 reverentiam
1484 3868 1740 3924 habueris
1770 3869 1824 3925 in

246 3958 350 4014 hoc
375 3960 655 4017 evidenter
702 3970 960 4032 apparet,
1003 3961 1151 4032 quod
1197 3968 1252 4016 et
1295 3960 1516 4016 invasor
1541 3959 1824 4015 ecclesiam

246 4049 589 4107 calumniose
634 4053 816 4109 adhuc
862 4068 1131 4122 occupare
1166 4068 1275 4107 non
1301 4051 1518 4119 desinit,
1548 4059 1603 4106 et
1629 4051 1826 4120 praedi-

247 4148 368 4196 ctus
395 4141 570 4198 abbas
592 4143 996 4201 Aureliacensis
1021 4143 1353 4214 apostolieas
1375 4157 1536 4198 aures
1563 4142 1636 4197 ob
1664 4143 1718 4196 id
1746 4143 1802 4198 in

247 4234 537 4304 terpellare
561 4235 926 4306 compellitur,
955 4235 1257 4306 praesertim
1295 4249 1420 4290 cum
1451 4249 1615 4303 supra
1646 4233 1826 4289 nomi-

1908 379 2206 450 Octobris],
2235 376 2524 432 indictione
2555 373 2731 429 tertia.
2811 395 2815 400 ·

2435 488 2772 548 EPISTOLA
2805 490 2947 545 XIX.

1972 604 2039 642 ΔΙ)
2061 600 2454 651 Βιτωιιοεηεεδ,
2479 599 2843 640 Μιωομεηδεε
2869 599 2938 638 E'l'
2966 597 3410 639 BURDIGALENSES.

2501 675 2682 744 (Anno
2712 673 2894 745 1080.)

1911 768 2166 836 I’rrecipit
2213 776 2270 820 ut
2319 767 2568 836 beneﬁcia
2603 765 2965 818 Aureliacensi
2998 765 3250 836 rcmnobio
3297 762 3478 836 ablata

1981 835 2346 902 restituantur,
2378 845 2428 890 et
2446 835 2762 905 Obsequium
2789 844 2944 905 atque
2971 835 3200 905 ﬁdelitas
3224 851 3256 886 a
3283 835 3478 905 εἰσερρ-

1983 909 2107 962 mite
2137 907 2481 960 exhibeantur
2504 902 2704 967 abbati.
2727 902 2878 962 quem
2910 902 3248 974 se'obligasse
3272 902 3477 972 signiﬁ-

1981 987 2086 1052 cat,
2130 993 2192 1030 ne
2232 975 2330 1052 ulli
2377 975 2536 1052 militi
2561 974 2892 1052 ultra‘unum
2923 989 3164 1026 mansum
3184 974 3481 1052 defossa-

1975 1042 2120 1100 sione
2139 1045 2370 1100 ecclesia:
2393 1046 2560 1098 daret.
2590 1044 2884 1112 Confirmat
2913 1043 3217 1104 monasterii
3257 1042 3478 1095 Vincen—

1976 1118 2050 1170 sis
2088 1116 2459 1185 refutationem
2493 1131 2530 1185 a_
2563 1114 2797 1182 principe
2835 1113 2891 1185 in
2934 1129 3092 1166 manu
3122 1113 3326 1167 abbatis
3357 1127 3480 1165 con-

1976 1203 2129 1241 sensu
2146 1182 2382 1256 episcopi
2407 1193 2457 1239 et
2482 1183 2794 1238 clericorum
2821 1182 3040 1252 factam.

1981 1299 2287 1354 Caesonius
2316 1299 2622 1369 cpiscopus,
2647 1312 2838 1353 servus
2856 1311 3136 1350 servorum
3160 1295 3276 1362 Dei,
3303 1297 3481 1349 omni-

1912 1392 2016 1446 bus
2040 1391 2095 1444 in
2126 1390 2471 1456 Bituricensi,
2515 1405 2727 1444 necnon
2752 1387 3113 1455 Narbonensi,
3154 1402 3249 1442 seu
3285 1385 3481 1441 Burdi-

1912 1481 2139 1552 galeusi,
2171 1481 2464 1551 provinciis
2491 1481 2820 1548 constitutis,
2848 1479 3089 1549 exceptis
3119 1478 3203 1534 his
3228 1478 3322 1547 qui
3359 1494 3484 1547 apu-

1913 1573 2101 1626 stolica
2131 1572 2692 1628 excommunicatione
2717 1578 2989 1638 tenentur,
3019 1571 3250 1625 salutem
3278 1577 3331 1624 et
3359 1584 3485 1639 apo-

1843 1645 1884 1700 B
1911 1664 2158 1718 stolicam
2184 1663 2636 1718 benedictionem.

1978 1753 2200 1809 Clamor
2226 1755 2439 1810 abbatis
2474 1752 2878 1810 Aureliacensis
2903 1753 3155 1817 emnobii,
3186 1753 3334 1823 quod
3357 1768 3481 1822 pro-

1913 1846 2016 1915 prii
2046 1845 2188 1916 juris
2217 1846 2357 1901 beati
2387 1845 2532 1900 Petri
2562 1844 2916 1900 concessione
2942 1843 3247 1900 fundatoris
3275 1844 3485 1899 scilicet

1913 1936 2055 1992 beati
2083 1936 2299 1992 Geraldi
2325 1952 2447 1992 esse
2473 1936 2824 2006 dignoscitur,
2855 1936 3082 1991 aui-ibus
3109 1937 3312 1992 nostris
3343 1936 3486 1991 inso-

1915 2028 2054 2094 nuit,
2084 2028 2331 2083 videlicet
2357 2044 2520 2099 super
2540 2028 2865 2098 quibusdam
2889 2028 3136 2098 pcrsonis
3163 2028 3258 2097 qui
3287 2028 3488 2099 injuste

1913 2120 2156 2175 detinent
2184 2121 2444 2176 beneﬁcia
2490 2119 2741 2192 praedicti
2779 2118 3096 2175 monasterii
3125 2135 3155 2173 a
3185 2119 3485 2188 pnedeces-

1917 2212 2134 2268 soribus
2155 2214 2270 2268 suis
2298 2215 2400 2268 sub
2420 2212 2676 2268 ﬁdelitate
2703 2220 2758 2267 et
2783 2211 3025 2266 dominio
3053 2225 3153 2280 pro
3173 2210 3490 2266 defensione

1915 2304 2158 2360 ecclesiae
2207 2304 2310 2360 sibi
2343 2313 2398 2360 et
2441 2306 2556 2361 suis
2583 2299 3021 2360 antecessoribiis
3047 2302 3176 2358 olim
3204 2319 3488 2360 concessa.

1916 2394 2193 2466 Praecipue
2220 2397 2574 2466 conqueritur
2626 2410 2791 2465 super
2833 2393 3161 2465 Berengario
3186 2395 3492 2450 Carlatensi

1917 2487 2256 2557 vicecomite,
2286 2488 2401 2558 qui,
2429 2487 2645 2558 propria
2681 2486 2976 2556 cupiditate
3003 2486 3220 2555 ductus,
3251 2488 3491 2543 debitum

1919 2579 2199 2634 servitium
2245 2587 2300 2634 et
2327 2579 2638 2634 fidelitatem
2685 2579 2865 2655 abbati
2895 2579 3148 2634 exhibere
3178 2589 3356 2650 negat,
3386 2581 3493 2634 nisi

1919 2671 2243 2728 beneﬁcium
2274 2673 2419 2743 quod
2471 2673 2744 2729 immerito
2772 2674 2974 2728 detinet
3025 2674 3202 2729 adhuc
3237 2674 3400 2729 etiam
3431 2675 3497 2729 de

1913 2764 2040 2835 jure
2067 2767 2312 2822 ecclesiae
2337 2774 2618 2838 augeatur.
2664 2765 2900 2822 Proinde
2929 2769 3228 2837 apostolica
3257 2769 3496 2822 auctori-

1918 2864 2030 2912 tate
2059 2857 2422 2927 praecipimus,
2473 2868 2742 2928 quatenus
2785 2858 2986 2923 omnis,
3033 2859 3126 2928 qui
3174 2859 3498 2915 beneficium

1920 2947 2160 3019 praefata:
2185 2949 2431 3004 ecclesia:
2482 2950 2550 3005 ad
2599 2951 2705 3007 hoc
2751 2948 3043 3021 aliquando
3069 2952 3377 3022 suscepisse
3405 2968 3500 3008 co-

1923 3039 2224 3110 gnoscitur,
2252 3041 2644 3112 subjectionem
2690 3037 2758 3099 et
2795 3042 3108 3098 ﬁdelitatem
3139 3043 3320 3098 abbati
3370 3059 3498 3114 per-

1922 3134 2118 3200 solvat,
2146 3141 2201 3188 et
2223 3134 2502 3189 servitium
2533 3149 2630 3204 pro
2668 3135 2932 3191 beneﬁcio
2981 3136 3167 3208 largiri
3192 3153 3302 3193 non
3332 3139 3499 3195 dene-

1923 3233 2030 3300 get,
2060 3235 2112 3280 ct
2134 3229 2200 3284 ab
2229 3226 2510 3282 exactione
2535 3227 2734 3283 illicitze
2761 3232 3220 3300 augmentationis
3240 3233 3501 3304 desistat;

1923 3318 2079 3373 aliter
2109 3320 2255 3374 enim
2284 3321 2506 3376 invasor
2532 3330 2586 3379 et
2613 3323 2912 3396 sacrilegus
2940 3340 3062 3382 esse
3090 3331 3499 3398 comprobatur.

1923 3408 2034 3465 Nos
2057 3426 2188 3466 vero
2213 3411 2600 3468 detrimentum
2631 3416 2926 3484 supradicti
2955 3419 3190 3474 emnobii
3212 3436 3508 3493 agnoscen-

1925 3512 2028 3570 tes,
2057 3504 2304 3561 abbatem
2334 3506 2436 3561 sub
2464 3507 2830 3577 promissione
2854 3509 2976 3564 ﬁdei
3000 3525 3113 3566 suae
3132 3512 3187 3568 in
3217 3530 3384 3571 manu
3411 3532 3508 3573 no-

1926 3602 2043 3651 stra
2088 3596 2470 3669 obligavimus,
2501 3607 2562 3656 ut
2588 3601 2724 3656 nulli
2753 3601 2988 3659 militum
3035 3603 3196 3659 liceat
3241 3607 3317 3662 illi
3364 3609 3507 3664 ultra

1927 3703 2099 3743 unum
2128 3705 2379 3747 mansum
2409 3692 2475 3747 de
2501 3693 2848 3762 possessione
2868 3695 3110 3752 ecclesiae
3128 3697 3258 3753 dare
3285 3701 3387 3756 sub
3406 3702 3510 3756 bac

1927 3779 2012 3835 vel
2034 3780 2139 3834 alia
2168 3782 2476 3849 occasione,
2506 3799 2683 3854 neque
2711 3783 2874 3838 alicui
2913 3785 3068 3840 alteri
3102 3801 3372 3860 personze,
3401 3791 3510 3846 nisi

1927 3873 2237 3928 communis
2285 3873 2492 3927 utilitas
2545 3873 2779 3930 fratrum
2832 3876 3152 3947 regulariter
3196 3880 3507 3952 degentium

1926 3962 2303 4032 postulaverit,
2349 3973 2403 4019 et
2433 3967 2744 4034 apostolicm
2770 3966 3012 4035 aequitati
3061 3971 3374 4028 renuntiare
3408 3988 3509 4027 au-

1930 4068 2026 4107 sus
2053 4051 2235 4109 fuerit.
2263 4054 2655 4110 Monasterium
2691 4066 2871 4111 autem
2898 4057 3264 4116 Maurzicense
3295 4061 3512 4134 [Mann-

1931 4143 2200 4217 ziacense]
2230 4163 2354 4202 cum
2381 4148 2636 4206 omnibus
2666 4149 2769 4204 sibi
2799 4149 3139 4221 adjaccntiis,
3166 4162 3222 4208 et
3253 4156 3512 4211 ecclesias

1931 4236 2137 4292 scilicet
2166 4237 2489 4295 Dalmairaci
2545 4239 2954 4314 [Dcalmairaci]
2987 4253 3042 4298 ct
3089 4242 3289 4300 Montis
3321 4245 3509 4315 Salvii,

244 4333 411 4380 natus
434 4323 765 4384 Pezanensis
792 4327 1096 4393 convictus,
1119 4333 1174 4381 et
1202 4341 1231 4380 a
1262 4325 1453 4396 legatis
1475 4325 1684 4380 nostris
1710 4324 1830 4380 Ste-
1862 4343 1907 4397 ι)
1932 4335 1986 4381 et
2012 4336 2258 4396 caeteras,
2291 4347 2502 4388 necnon
2554 4343 2727 4390 terras
2762 4341 2818 4390 et
2862 4335 3246 4405 possessiones
3289 4338 3345 4396 in
3375 4355 3513 4409 qua-

244 4417 430 4486 pbano
455 4417 730 4474 cardinale
759 4426 816 4473 et
849 4415 1092 4474 Gerardo
1121 4415 1357 4475 Ostiensi
1386 4417 1710 4488 coepiscopo
1738 4418 1833 4472 ad-

245 4511 522 4581 judicatus
549 4512 748 4568 debere
777 4511 927 4566 illam
955 4512 1246 4568 ecclesiam
1289 4511 1534 4578 reddere,
1564 4511 1692 4582 quia
1723 4527 1833 4564 non

249 4601 454 4671 fecerit,
487 4603 1112 4660 excommunicationem
1137 4604 1445 4660 incurrerit.
1494 4602 1836 4672 Quapropter
1879 4603 1887 4611 '

250 4695 591 4751 dilectionem
618 4704 774 4752 tuam
805 4711 1094 4752 monemus
1113 4738 1128 4763 ,
1173 4704 1230 4751 et
1270 4696 1567 4767 apostolica
1595 4695 1838 4752 auctori-

254 4794 357 4842 tate
386 4789 740 4859 praecipimus
769 4797 832 4844 ut
857 4789 1210 4860 saepedictum
1255 4787 1622 4845 Pezanensem
1671 4788 1838 4845 abba-

260 4887 358 4935 tem
381 4897 546 4954 cogas
574 4881 952 4938 Aureliacensi
979 4882 1258 4952 praztixam
1287 4883 1572 4939 ecclesiam
1601 4882 1743 4938 unde
1769 4883 1838 4939 iis

259 4979 336 5025 est
360 4974 672 5040 restituere,
701 4982 757 5029 et
799 4973 1067 5045 condigna
1113 4972 1480 5032 satisfactione
1523 4975 1705 5044 ipsum
1733 4974 1840 5031 sibi

261 5063 571 5132 placabilem
601 5065 851 5121 reddere.
883 5064 1039 5133 Quod
1067 5065 1117 5120 si
1157 5062 1295 5120 forte
1344 5069 1539 5140 spiritu
1570 5067 1841 5135 superbia:

258 5154 538 5216 induratus
589 5158 943 5227 acquiescere
993 5156 1268 5222 noluerit,
1314 5167 1369 5215 et
1401 5159 1735 5216 monasterio
1765 5159 1841 5214 illi

254 5251 393 5320 quod
440 5251 709 5306 invasum
753 5259 874 5317 est,
903 5250 1152 5308 Ofﬁcium
1192 5249 1459 5322 divinum,
1489 5260 1544 5308 et
1574 5250 1839 5318 invasori,

249 5351 431 5390 nostra
463 5342 801 5390 auctoritate
837 5345 1017 5390 nmnig
1068 5341 1311 5390 ecclesiae
1348 5344 1642 5390 intentione.
1672 5342 1845 5390 intr-n-

1934 4436 2151 4490 cunque
2197 4425 2695 4495 suprascriptarum
2722 4427 3129 4496 provinciarum
3158 4427 3388 4497 ablatas,
3417 4446 3514 4487 seu

1935 4512 2096 4569 malis
2124 4517 2611 4575 consuetudinibus
2639 4534 2949 4590 oppressas,
2975 4521 3310 4577 monasterio
3338 4522 3514 4578 Aure-

1934 4605 2162 4666 liacensi
2187 4609 2403 4680 scriptis
2444 4611 2556 4667 sive
2590 4613 2823 4670 testibus
2851 4615 2981 4670 olim
3013 4613 3161 4684 juste
3203 4629 3515 4680 concessas,

1937 4703 2237 4770 apostolica
2267 4705 2592 4760 auctoritate
2629 4705 2981 4776 praecipimus
3025 4705 3278 4774 restitui,
3309 4716 3362 4762 ct
3403 4707 3523 4762 sine

1939 4796 2315 4866 inquietudine
2340 4797 2522 4867 aliqua
2550 4798 2809 4867 permitti.
2861 4798 3253 4853 Monasterium
3300 4799 3520 4869 quidem

1940 4887 2205 4945 Viacense
2239 4887 2297 4943 in
2337 4904 2501 4944 manu
2532 4889 2745 4944 abbatis
2778 4891 3075 4946 refutatum
3118 4907 3148 4944 a
3183 4890 3522 4960 principibus

1942 4983 2114 5053 ipsius
2144 4991 2303 5036 terra:
2345 4996 2616 5036 consensu
2666 4981 2910 5055 episc0pi
2955 4992 3008 5039 et
3039 4983 3368 5040 clericorum
3419 4981 3521 5035 sibi

1942 5075 2166 5146 suisque
2198 5073 2618 5148 successoribus
2637 5078 2992 5134 concedimus
3018 5087 3073 5133 et
3111 5075 3521 5134 confirmamus,

1942 5177 1996 5223 et
2017 5167 2322 5223 fautoribus
2342 5165 2686 5224 refutationis
2711 5172 3069 5240 apostolicam
3093 5167 3524 5224 benedictionem

1944 5259 2239 5332 largimur;
2286 5265 2342 5312 et
2366 5273 2463 5314 eos
2489 5259 2584 5327 qui
2613 5261 2877 5322 ecclesias
2912 5263 3025 5319 sive
3069 5259 3272 5333 praedia
3316 5251 3524 5327 praefati

1944 5349 2260 5390 mnnnclprii
2311 5348 2512 5390 ininetn
2539 5349 2782 5390 tintinant
2866 5357 3070 5390 nkcnnn
3113 5352 3219 5390 nlla
3267 5343 3526 5390 dilatione
