3972 5390
452 386 561 445 565

455 501 602 562 Petri
647 495 879 569 amittet,
919 507 976 557 et
1011 499 1153 556 iram
1193 488 1584 568 omnipotentis
1628 491 1725 548 Dei
1769 489 2032 546 incurret.
2065 485 2112 544 A

453 592 968 667 Obtemperantibus
995 598 1180 648 autem
1201 589 1434 662 gratiam
1470 586 1568 642 Dei
1593 593 1650 642 et
1678 576 2034 654 apostolicam

454 684 910 792 beitedictionem,
957 683 1026 752 de
1051 680 1430 743 misericordia
1455 677 1641 736 divina
1679 674 1890 742 conﬁsi,
1926 674 2038 734 lar-

495 793 661 834 tmur.

495 794 661 834 imor.
1212 809 1216 812 -
1455 804 1458 808 -

459 794 494 850 Β
529 841 665 973 Data
717 831 912 926 Romae.
955 869 1198 928 secundo
1262 867 1390 929 ldus
1431 865 1646 938 Aprilis
1671 905 1686 930 ,
1739 861 2038 920 indictione

456 971 638 1017 tertia.
982 977 990 985 '
1065 1008 1068 1010 η
1162 976 1166 982 ’
1416 973 1419 976 ’
1611 973 1616 978 ‘

621 1054 623 1056 ‘
735 1022 740 1027 ’
1007 1053 1346 1112 EPISTOLA
1380 1051 1499 1130 xx.

670 1164 738 1203 AD
766 1163 1042 1207 IANASSEM
1077 1159 1526 1207 Αιιειιιειιιεοοιιωι
1563 1156 1864 1200 ιιιςιιιιδδιιιι.

1051 1239 1234 1313 (Anno
1264 1237 1448 1308 1030.)

461 1331 820 1401 Depositionis
853 1333 1170 1387 sententiam
1203 1347 1238 1386 ιι
1259 1329 1434 1402 legato
1462 1335 1648 1402 contra
1672 1341 1790 1380 eum
1817 1325 1877 1402 iu
1901 1320 2044 1402 Lag-

531 1391 758 1458 t'tuuensi
808 1391 1342 1466 consiliokprolatan't
1375 1415 1429 1454 se
1463 1397 1800 1466 cett/irmasse
1823 1395 1941 1466 ait;
1971 1391 2044 1446 li—

535 1476 766 1528 centiam
794 1483 966 1532 tamen
995 1465 1165 1529 ad/mc
1187 1489 1240 1527 se
1261 1465 1601 1541 expurgandi
1629 1481 1807 1541 eorum
1831 1465 2046 1541 quibus-

533 1543 662 1597 dam
684 1545 941 1613 episcopis
963 1543 1222 1614 indulget,
1257 1535 1541 1596 dummodo
1569 1537 1786 1614 interin-t‘
1811 1535 1923 1604 ejus
1955 1549 2048 1588 ac—

531 1605 841 1685 cusatorum
851 1605 932 1669 res
947 1616 1002 1668 in
1019 1605 1281 1685 integrum
1297 1614 1667 1685 restituantur,
1681 1615 1730 1663 et
1744 1605 2047 1685 Remensem

537 1683 838 1768 licefesiam
873 1675 1166 1768 relinquat",
1191 1694 1240 1738 et
1273 1685 1340 1768 riu
1376 1683 1545 1764 alium
1587 1680 1778 1760 locum.
1817 1675 2044 1743 secedat,

537 1755 856 1826 clericosque
882 1757 939 1810 in
964 1749 1032 1810 ed
1050 1749 1236 1829 secure
1260 1754 1368 1808 Deo
1395 1752 1586 1808 servire
1612 1749 1902 1821 permittat.

537 1845 850 1903 GREGORIUS
873 1847 1166 1918 episcopus
1185 1888 1200 1914 ,
1232 1860 1427 1902 servus
1463 1855 1747 1900 servorum
1778 1837 1894 1904 Dei,
1935 1834 2049 1892 ΜΑ-

466 1953 641 1996 Nsssa;
671 1938 949 2017 Remcnsi.

487 2079 493 2085 .
540 2030 692 2088 Sciat
732 2031 1045 2090 fraternitas
1089 2042 1182 2089 tua
1231 2031 1379 2104 quod
1423 2025 1780 2100 depositionis
1827 2029 2051 2079 senten-

469 2124 624 2191 tiam,
653 2140 684 2205 a
709 2127 888 2198 legato
914 2135 1104 2184 nostro
1132 2125 1316 2180 Diensi
1341 2121 1600 2194 episcopo
1625 2119 1680 2174 in
1703 2113 2052 2189 Lugdunensi

471 2216 702 2272 concilio
731 2219 1114 2290 religiosorum
1140 2217 1386 2272 virorum
1427 2213 1660 2269 concilio
1687 2209 1976 2281 prolatam,
2003 2212 2058 2260 et

470 2322 574 2378 nos
622 2307 860 2380 dictante
884 2310 1120 2382 justitia_
1144 2309 1200 2364 in
1223 2308 1474 2364 Romana
1507 2303 1718 2377 synodo
1754 2299 2058 2372 apostolica

473 2401 802 2456 auctoritate
829 2401 1192 2457 firmavimus.
1249 2398 1356 2456 Sed
1397 2406 1582 2454 tamen
1613 2402 1804 2450 contra
1847 2406 2054 2447 morem

473 2491 738 2550 Romanae
763 2491 1024 2552 Ecclesia:
1053 2493 1244 2560 nimia,
1274 2501 1337 2552 ut
1363 2491 1438 2546 ita
1465 2488 1716 2554 dixerim,
1745 2483 2058 2542 misericor-

473 2585 565 2640 dia
585 2585 803 2654 ductus,
821 2587 1096 2660 adjunctis
1123 2585 1217 2642 tibi
1249 2581 1654 2660 Suessionensi,
1683 2576 2058 2660 Laudupcnsi,

475 2675 882 2747 Cameracensi,
911 2675 1299 2735 Catalauneusi
1328 2658 1628 2746 episcopis,
1649 2671 1730 2746 vel
1762 2647 1954 2726 eorum
1985 2667 2060 2724 si-

476 2769 722 2836 milibus,
751 2785 876 2826 cum
907 2771 1032 2826 aliis
1059 2771 1277 2826 duobus
1303 2782 1539 2840 quorum
1569 2761 1884 2821 testimonio
1907 2773 2064 2832 atque

474 2861 818 2920 confidamus
843 2904 858 2928 ,
903 2863 949 2918 si
995 2863 1062 2918 de
1093 2854 1305 2934 justitia
1358 2858 1588 2927 confidis
1609 2899 1624 2926 ,
1654 2864 1709 2911 et
1739 2871 1835 2910 eos
1862 2854 2064 2910 habere

474 2955 704 3024 poteris,
729 2968 906 3026 usque
947 2954 1017 3015 ad
1044 2952 1394 3010 festivitatem
1421 2950 1600 3022 sancti
1624 2947 1904 3005 Michaelis
1929 2963 2062 3017 pur-

479 3046 642 3117 gandi
669 3046 946 3104 licentiam
991 3047 1086 3126 tibi
1126 3046 1506 3117 indulgemus;
1552 3057 1617 3122 ea
1650 3041 1900 3098 videlicet
1927 3053 2063 3095 eon-

479 3138 708 3206 ditioue,
739 3149 802 3196 ut
829 3139 1096 3198 Manassae
1123 3149 1178 3195 et
1204 3137 1474 3205 Bruuoni,
1504 3145 1560 3191 et
1605 3135 1816 3191 caeteris
1843 3133 1937 3204 qui
1966 3147 2066 3204 pro

475 3231 691 3302 justitia
737 3241 926 3290 contra
956 3242 1010 3288 te
1041 3231 1206 3289 locuti
1245 3230 1421 3288 fuisse
1454 3229 1729 3295 videntur,
1761 3228 1926 3284 rebus
1951 3227 2070 3283 suis
2097 3207 2138 3266 Ο

484 3324 540 3398 in
566 3323 840 3398 integrum
872 3325 1162 3392 restitutis,
1187 3338 1362 3394 usque
1407 3323 1475 3378 ad
1523 3321 1917 3378 Ascensionem
1964 3319 2071 3380 Do:

483 3416 619 3472 mini
647 3418 953 3489 proximam
980 3417 1304 3488 Remensem
1335 3415 1636 3471 Ecclesiam
1663 3429 1693 3468 a
1723 3422 1817 3470 tua
1844 3427 2074 3484 occupa-

489 3510 638 3566 tione
665 3525 732 3564 ex
762 3517 876 3567 toto
903 3511 1130 3566 liberam
1159 3510 1404 3576 deseras,
1431 3516 1486 3564 et
1505 3506 1828 3563 Cluniacum
1859 3514 1954 3561 aut
1977 3506 2076 3561 Ca-

487 3616 606 3656 sam
635 3599 724 3674 [ac
736 3599 959 3674 Casam]
983 3601 1079 3656 Dei
1103 3617 1232 3658 cum
1251 3615 1364 3657 uno
1385 3599 1586 3656 clerico
1610 3607 1666 3654 et
1689 3598 1905 3654 duobus
1921 3598 2078 3656 laicis

488 3693 602 3776 tuis
643 3694 927 3764 stipendiis
965 3694 1216 3766 religiose
1252 3694 1502 3750 victurus
1553 3690 1793 3748 secedas.
1839 3689 1997 3759 Quod
2029 3691 2078 3747 si

490 3789 670 3844 facere
700 3788 939 3844 volueris
961 3830 978 3856 ,
1025 3787 1284 3860 praedicto
1325 3785 1510 3844 Diensi
1535 3784 1794 3856 episcopo
1823 3800 2080 3856 praenun-

493 3882 630 3938 tiare
677 3896 974 3966 procures,
1019 3889 1081 3937 ut
1127 3881 1181 3936 in
1229 3881 1350 3951 ejus
1398 3878 1687 3952 praesentia
1735 3889 2082 3936 sacramento

493 3975 809 4060 confirmes,
834 3974 902 4032 de
922 3974 1087 4048 rebus
1113 3973 1385 4044 praedictae
1411 3971 1656 4028 ecclesiae
1703 3979 1756 4026 te
1776 3970 1914 4026 nihil
1944 3971 2084 4028 inte-

495 4068 600 4122 rim
628 4069 1058 4142 distracturum,
1099 4066 1206 4122 nisi
1253 4074 1519 4138 quantum
1566 4064 1664 4120 tibi
1701 4071 1767 4123 .et
1809 4065 2084 4135 pradictis

496 4161 665 4219 sociis
711 4170 1079 4233 competenter
1127 4160 1420 4218 suffecerit.
1477 4157 1721 4215 Clericos
1753 4167 1958 4226 autem,
1988 4160 2082 4230 qui

495 4264 651 4322 tanto
685 4264 930 4327 tempore
969 4269 1072 4326 pro
1112 4253 1326 4326 justitia
1371 4251 1624 4309 exsilium
1654 4250 1804 4321 passi
1847 4259 1997 4317 sunt,
2029 4251 2084 4306 in

495 4349 728 4404 ecclesia
773 4362 964 4404 secure
1003 4345 1114 4402 Deo
1142 4345 1349 4402 servire
1375 4343 1679 4415 permittas.
1725 4340 1793 4396 Et
1825 4342 2086 4412 quoniam

498 4439 836 4498 laboriosum
866 4438 966 4496 tibi
993 4438 1159 4504 fuerit
1197 4437 1265 4501 ad
1309 4452 1412 4491 nos
1450 4430 1626 4506 usque
1651 4433 1858 4501 venire,
1889 4449 2086 4489 conce-

499 4534 684 4590 dimus
703 4541 782 4615 _ut
809 4547 1000 4588 coram
1026 4529 1212 4585 Diensi
1239 4529 1499 4600 episcopo
1539 4535 1594 4582 et
1622 4526 1818 4582 abbate
1859 4523 2086 4582 Clunia-

500 4627 686 4695 censi,
743 4635 838 4684 aut
889 4625 936 4682 si
988 4623 1239 4680 abbatem
1291 4622 1485 4678 deesse
1537 4618 1860 4690 contigerit,
1901 4633 2089 4676 coram

501 4720 700 4778 Amato
725 4763 740 4790 ,
787 4718 1048 4792 praedicto
1076 4714 1242 4773 modo
1267 4729 1393 4770 cum
1435 4711 1712 4784 praedictis
1757 4710 1988 4768 testibus
2023 4712 2092 4768 de

504 4813 733 4870 infamia
754 4822 808 4868 te
842 4826 1133 4883 expurges.
1161 4807 1319 4876 Quod
1345 4805 1394 4864 si
1423 4805 1555 4862 huic
1581 4813 1783 4860 nostra:
1805 4804 2092 4875 dispensa-

504 4905 672 4979 tionis
693 4913 962 4976 praecepto
981 4890 1206 4970 obedire
1229 4896 1645 4970 contempseris,
1668 4895 1812 4952 scias
1831 4895 2092 4966 quoniam

1095 382 1152 440 S.
1195 375 1526 440 GREGORII
1562 375 1656 432 Vll
1691 370 1900 432 ΡᾹΡᾸΕ
1939 364 2065 427 ονε

2174 361 2226 418 Μ
2251 356 2436 416 PARS
2471 353 2512 411 1.
2551 379 2619 396 --
2658 343 3080 408 REGISTRUM.

3615 329 3712 396 564

2203 475 2369 540 sedis,
2391 481 2442 528 et
2474 471 2544 526 ad
2583 460 3079 540 imitandum__regis
3111 451 3280 540 putris
3307 495 3327 540 ἱ
3371 441 3717 540 (patriams-lctis

2201 527 2560 608 commendat,
2604 539 2844 608 virtutes.
2891 527 3067 593 Mouet
3091 527 3161 608 _ut
3183 533 3435 608 curet-lue
3477 527 3716 608 {corporis

2577 589 2992 675 iit-suce'rdotum
3015 593 3455 675 ειιιριιξλαταὶὺιιερ-
3477 589 3718 675 honorem

2581 661 2886 741 essedocet,
2909 672 3022 744 ejus
3043 661 3244 726 subditi
3258 661 3617 744 transferant,
3637 671 3719 709 nec

2210 737 2537 813 invniulvieres
2569 749 2807 806 eaindem
2833 737 2898 802 ob
2930 737 3149 801 causam
3179 737 3424 793 suariam.

2208 848 2520 903 Caesonius
2535 843 2852 915 episcopus,
2872 849 3067 894 servus
3087 843 3372 890 servorum
3405 823 3526 888 Dei,
3551 820 3724 875 Acoso

2140 943 2253 1014 regi
2299 941 2598 1005 Danorum,
2624 931 2922 1006 episcopis,
2950 923 3312 1002 principibus,
3355 919 3507 979 clero
3533 923 3589 970 et
3635 926 3721 982 po-

2141 1034 2272 1107 pulo
2298 1031 2530 1088 salutem
2559 1039 2613 1085 et
2645 1024 3002 1100 apostolicam
3046 1017 3497 1102 benedictionem.

2216 1125 2488 1195 Quoniam
2521 1131 2732 1184 vestra:
2774 1113 3091 1175 dilectionis
3133 1101 3291 1167 amor
3331 1107 3448 1164 Deo
3489 1113 3548 1160 et
3578 1101 3728 1158 beato

2141 1217 2304 1274 Petro
2333 1229 2561 1288 pronam
2589 1209 2952 1269 obedientiam
2977 1205 3327 1273 debitamque
3370 1197 3726 1255 reverentiam

2145 1310 2223 1380 (in
2249 1317 2516 1381 quantum
2542 1303 2823 1377 potuimus
2849 1297 3170 1370 intelligere)
3214 1291 3427 1351 studuit
3471 1291 3730 1346 hactenus

2145 1379 2472 1476 propensius
2490 1398 2772 1463 exhibere,
2801 1411 2910 1451 non
2937 1391 3166 1450 dubimn
3195 1387 3467 1447 habemus
3491 1381 3626 1452 quin
3655 1379 3731 1434 id-

2147 1472 2296 1550 circo
2321 1483 2487 1548 vobis‘
2507 1488 2846 1560 triumphum
2875 1495 2932 1547 et
2959 1483 3188 1555 gloriam
3231 1491 3344 1549 pra:
3369 1472 3592 1530 caeteris
3615 1485 3730 1542 gra-

2148 1587 2222 1642 tia
2247 1585 2430 1642 divina
2465 1578 2777 1639 contulerit,
2825 1575 2984 1644 Quod
3011 1574 3059 1630 si
3100 1573 3156 1627 in
3184 1569 3373 1626 eodem
3405 1562 3594 1620 studio
3617 1577 3732 1632 per-

2149 1678 2450 1736 scvcrando
2475 1686 2674 1734 vestrae
2711 1669 3020 1730 devotionis
3061 1665 3291 1724 affectus
3331 1661 3387 1715 iu
3417 1659 3585 1714 finem
3619 1670 3733 1726 per-

2151 1785 2374 1828 manere
2395 1767 2692 1834 curaverit,
2721 1780 2820 1837 pro
2843 1772 3004 1820 certo,
3019 1769 3078 1820 et
3103 1772 3224 1813 eam
3265 1767 3433 1825 quam
3467 1764 3618 1807 nunc
3643 1749 3735 1803 ha-

2084 1843 2126 1898 Β
2152 1861 2291 1918 betis
2314 1860 2542 1933 gloriam
2595 1857 2849 1924 retinere,
2877 1863 2933 1910 et
2964 1849 3249 1926 ampliore,
3299 1843 3536 1900 Domino
3583 1839 3736 1895 auxi.

2153 1931 2337 2020 liante,
2373 1945 2624 2008 valebitis
2647 1949 2907 2018 deinceps
2935 1939 3186 2015 adipisci.
3222 1935 3301 1995 Te
3329 1937 3519 2006 itaque
3543 1931 3741 2003 specia‘

2154 2048 2298 2114 liter,
2320 2047 2395 2102 fili
2417 2043 2743 2116 charissime
2760 2082 2776 2110 ,
2801 2039 2890 2097 cui
2913 2037 3064 2109 regni
3083 2048 3272 2092 curam
3295 2027 3640 2102 providentia
3663 2025 3740 2081 di-

2155 2139 2281 2194 vina
2305 2137 2600 2204 commisit,
2622 2115 2848 2206 paterno
2869 2141 3158 2186 monemus
3178 2123 3373 2189 atl‘cctu
3396 2130 3458 2174 ut
3475 2115 3743 2174 excellen—

2158 2231 2356 2292 tissimi
2381 2229 2622 2302 parentis
2645 2227 2725 2283 tui
2745 2225 2924 2298 regias
2947 2221 3244 2294 probitatcs
3261 2225 3316 2272 et
3333 2213 3574 2271 virtutes
3595 2223 3745 2280 egre-

2157 2325 2277 2394 gias
2317 2301 2518 2378 imitari
2563 2321 2816 2392 satagas:
2864 2317 2986 2388 ejus
3024 2313 3242 2385 quidem
3281 2301 3747 2379 pt-tecipuimorcs

2158 2391 2214 2474 in
2241 2425 2451 2472 tantum
2487 2415 2700 2474 caeteris
2735 2409 2956 2482 regibus
2983 2403 3402 2478 pratnitucrunt,
3430 2405 3513 2462 ut,
3536 2391 3750 2452 cunctis

2159 2506 2506 2579 posthabitis,
2541 2521 2642 2563 nec
2679 2481 2986 2576 ipsoietiam
3019 2497 3345 2566 imperatore
3370 2487 3634 2551 Hernico,
3658 2481 3750 2553 qui

2161 2578 2364 2656 sanctae
2389 2589 2652 2669 Romanai
2682 2594 2944 2668 Ecclesia:
2975 2585 3336 2662 propinquius
3377 2578 3560 2645 haesit,
3591 2590 3746 2632 exce-

2161 2701 2277 2762 pto,
2309 2667 2578 2764 singulari
2609 2703 2797 2746 amore
2823 2687 2974 2742 illum
3010 2680 3170 2738 nobis
3197 2669 3643 2748 amplectendum
3661 2667 3751 2740 ju-

2163 2784 2565 2852 dicaverimus;
2595 2784 2664 2840 de
2697 2781 2860 2852 cujus
2908 2792 3010 2834 nos
3061 2772 3214 2830 obitu
3259 2767 3618 2824 vehementer
3665 2759 3752 2814 ni-

2163 2877 2448 2948 miumque
2477 2866 2752 2940 dolentes,
2792 2881 2853 2928 ut
2881 2871 3060 2940 ipsum
3109 2863 3208 2920 tibi
3249 2873 3528 2933 proponas
3561 2868 3750 2912 exem—

2166 2970 2340 3041 plum,
2389 2969 2668 3035 volumus,
2723 2966 3028 3026 hortamur,
3082 2955 3394 3022 iterumque
3439 2959 3752 3008 monemus,

2167 3071 2440 3133 quatenus
2470 3059 2596 3115 inde
2642 3055 2822 3129 possis
2866 3057 3186 3110 ornamenta
3233 3045 3497 3100 virtutum
3555 3053 3755 3110 propa—

2172 3155 2351 3226 gando
2371 3154 2603 3210 educere
2643 3127 2796 3206 unde
2829 3145 3034 3202 videris
3090 3135 3416 3196 nobilissimi
3471 3127 3760 3202 sanguinis

2173 3223 2372 3302 lineam
2396 3247 2632 3301 trahere.
2664 3241 2908 3310 Denique
2942 3234 3182 3306 cogitare
3204 3229 3370 3286 debes
3389 3235 3447 3282 ct
3473 3223 3762 3296 vigilanter

2172 3337 2505 3408 perpendere
2527 3335 2644 3389 lucc
2671 3342 2885 3388 terrena
2907 3341 3072 3398 quam
3101 3321 3308 3380 caduca
3325 3328 3383 3374 et
3407 3315 3606 3372 frivola
3633 3313 3760 3378 sint,

2173 3407 2342 3500 quam
2369 3426 2708 3482 incessanter
2734 3423 2801 3478 ad
2837 3431 3094 3477 occasum
3141 3420 3339 3471 cuncta
3376 3407 3664 3472 festinent,
3705 3413 3766 3458 ut

2174 3497 2255 3577 eis
2281 3519 2555 3576 conlidere
2582 3516 2732 3572 nulla
2775 3511 3044 3570 stabilitas
3088 3497 3316 3566 euadeat
3343 3511 3404 3558 ut
3431 3500 3488 3555 in
3519 3498 3632 3553 illis
3665 3497 3762 3552 ha-

2175 3612 2369 3669 bendis
2404 3610 2568 3666 timor
2593 3605 2874 3664 horribilis
2902 3588 3102 3668 lateat;
3139 3601 3328 3668 sicque
3365 3592 3618 3666 fugitivis
3641 3604 3764 3662 per-

2178 3689 2470 3774 spicaciter
2497 3699 2697 3772 agnitis
2726 3707 2782 3754 et
2817 3695 3092 3766 sapienter
3127 3685 3420 3759 despectis,
3462 3683 3674 3755 poteris
3702 3681 3768 3736 ad

2178 3773 2269 3850 illa
2297 3793 2512 3850 stabilia
2538 3800 2592 3846 et
2616 3787 2948 3860 sempiterna
2975 3781 3176 3840 mentis
3197 3791 3426 3836 acumen
3451 3773 3768 3856 extendere,

2179 3901 2304 3958 quae
2329 3885 2398 3940 ad
2431 3897 2552 3939 sese
2599 3879 2894 3937 obtinenda
2941 3875 3186 3958 animum
3223 3864 3381 3954 tuum
3429 3867 3688 3932 invitent,
3719 3879 3771 3919 c;

2181 3979 2248 4035 ad
2277 3992 2401 4050 qua:
2429 3971 2864 4045 concupiscenda
2900 3953 3171 4026 bonorum
3199 3960 3269 4020 te
3293 3948 3548 4030 exempla
3577 3972 3772 4014 accen-

2181 4071 2332 4128 dant.
2362 4055 2508 4124 lnter
2533 4059 2759 4123 caeteras
2784 4079 2916 4136 ergo
2961 4061 3214 4136 virtutes,
3261 4068 3402 4126 quas
3449 4052 3642 4106 animo
3683 4059 3774 4104 tuo

2185 4150 2480 4217 imitandas
2522 4155 2828 4222 censueris,
2854 4133 3239 4210 iEcclesiarum
3295 4143 3678 4202 defensionem
3722 4141 3774 4194 in

2183 4259 2368 4306 mente
2391 4259 2484 4306 tua
2533 4248 2788 4304 volumus
2831 4245 3094 4307 eminere,
3148 4232 3505 4295 sacerdotalis
3567 4231 3776 4287 ordinis

2185 4341 2882 4414 reverentiam'proximum
2911 4339 3092 4394 locum
3134 4342 3338 4399 tenere,
3369 4344 3435 4385 ac
3467 4327 3671 4384 deinde
3690 4325 3779 4395 ju-

2187 4437 2392 4495 stitiam
2419 4445 2474 4492 et
2509 4431 2939 4490 misericordiam
2985 4427 3044 4482 in
3071 4424 3284 4482 cunctis
3327 4431 3379 4476 te
3409 4417 3642 4492 iudieiis
3667 4416 3779 4472 dis-

2191 4538 2336 4586 crete
2387 4541 2623 4584 servare.
2655 4509 2794 4580 Illud
2823 4523 3028 4577 interea
3057 4533 3165 4574 non
3196 4510 3660 4592 praetereundum,
3689 4505 3780 4562 sed

2195 4631 2526 4691 magnopere
2576 4599 2879 4686 apostolica
2940 4589 3320 4666 interdictione
3376 4589 3778 4684 prohibendum

2198 4680 2430 4774 videtur,
2463 4706 2606 4778 quod
2619 4680 2698 4762 de
2724 4693 2884 4777 gente
2909 4710 3090 4758 vestra
3123 4698 3279 4756 nobis
3327 4680 3588 4760 innotuit,
3629 4689 3780 4746 scili-

2197 4811 2415 4858 cet‘vos
2442 4799 2818 4869 intemperiem
2847 4806 3172 4866 temporum,
3211 4786 3598 4858 correptiones
3615 4781 3776 4846 aeris,

2199 4907 2558 4967 quascunque
2599 4889 2880 4947 molestias
2924 4893 3256 4956 corporum,
3317 4880 3386 4938 ad
3435 4877 3777 4966 sacerdotum

507 4997 854 5070 iniquitatem
881 5005 1024 5051 tuam
1061 4993 1293 5052 ulterius
1315 5001 1535 5068 portare
1565 5004 1676 5046 non
1700 5003 2014 5060 possumus,
2041 4997 2097 5045 et
2181 4957 2390 5058 culpas
2416 4957 2734 5041 transferre.
2781 4980 2938 5048 Quod
2977 4993 3143 5050 quam
3177 4978 3339 5048 grave
3377 4981 3666 5044 peccatum
3689 4957 3776 5031 sit,

1543 5082 1553 5086 -
1685 5080 1696 5086 -
1915 5080 1930 5086 -
1955 5080 2006 5086 ---
2395 5077 2430 5086 ..
2514 5077 2527 5086 ι
2549 5077 2563 5086 .
2705 5083 2710 5085 Α
2789 5073 2821 5086 ,ο
2933 5072 2948 5086 ι
3051 5079 3062 5086 .
3127 5075 3152 5085 -κ
3215 5083 3272 5086 μή
3293 5082 3304 5086 -
3331 5067 3348 5086 Ι
3399 5063 3595 5086 I--J..-:-
3623 5058 3690 5086 ιιιῗ

3426 5081 3456 5086 --
3469 5063 3595 5086 3...-2-
3623 5063 3776 5086 -.ται-αι
