3972 5390
185 386 276 448 565

1201 384 1405 441 LIBER
1441 380 1803 443 SEPTlllIUS.
1842 376 1925 425 —‘
1950 374 2168 442 EPIST.
2198 366 2390 441 xxm.

3334 376 3439 438 566

185 500 551 563 «reverentia-
567 500 751 576 dignis
777 511 989 560 tantam
1024 502 1416 560 contumeliam
1444 511 1639 559 contra
1667 516 1751 558 sa-
1776 504 1823 561 A
1848 495 2059 571 quanto
2096 502 2165 557 ad
2220 501 2545 558 sublimiora
2599 500 2917 574 proliceres,
2985 478 3139 554 tanto
3192 504 3245 552 te
3295 495 3441 567 apud
3493 563 3505 575 .

184 594 333 651 lutem
364 603 603 650 vestram
633 596 862 653 ulterius
887 612 996 652 non
1018 596 1364 668 praesumatis
1388 594 1611 662 inferre,
1645 610 1743 650 vo-

185 685 436 742 lenteseis
476 688 728 753 occultas
766 687 940 753 diyini
975 687 1168 759 judicii
1216 703 1414 743 causas
1444 688 1743 758 imponere.

184 776 425 835 Praeterea
453 778 509 835 in
544 779 806 837 mulieres
827 781 900 836 ob
921 779 1170 836 eamdem
1197 794 1421 835 causam
1451 778 1620 835 simili
1647 779 1750 833 im-

184 870 420 926 manitate
456 870 679 931 barbari
715 872 856 928 ritus
891 872 1179 929 damnatas
1215 871 1515 942 quidquam
1560 871 1752 942 impie-

184 961 294 1021 tatis
315 958 545 1018 faciendi
578 963 735 1033 vobis
758 962 840 1019 fas
865 979 989 1019 esse
1019 963 1186 1018 nolite
1204 971 1419 1033 putare,
1446 964 1541 1019 sed
1570 964 1753 1034 potius

183 1052 353 1111 discit:
379 1053 579 1117 divinae
623 1055 849 1110 ultionis
890 1053 1217 1117 sententiam
1252 1053 1413 1127 digne
1438 1055 1751 1125 pmnitendo

183 1152 403 1204 avertere
425 1160 596 1215 quam
626 1146 684 1200 in
711 1146 832 1202 illas
860 1146 1109 1201 insontes
1134 1144 1340 1203 frustra
1369 1145 1611 1201 feraliter
1649 1162 1752 1201 sa:-

182 1235 357 1291 viendo
382 1236 520 1292 iram
548 1237 768 1293 Domini
790 1237 965 1293 multo.
984 1236 1161 1309 magis
1180 1252 1497 1308 provocare.
1524 1235 1579 1291 Si
1602 1234 1748 1293 enim

180 1327 233 1388 in
254 1326 333 1382 his
356 1326 578 1399 ﬂagitiis
605 1328 954 1394 duraveritis,
996 1328 1191 1398 procul
1224 1328 1393 1385 dubio
1420 1338 1602 1385 vestra
1630 1328 1752 1384 feli-

181 1417 306 1474 citas
326 1417 379 1475 in
398 1420 767 1486 calamitatem
802 1429 1066 1487 vertetur,
1112 1428 1167 1476 et
1200 1420 1402 1492 quibus
1443 1421 1602 1476 victis
1649 1421 1753 1475 hu-

179 1526 370 1585 cusque
420 1513 569 1571 soliti
621 1513 809 1569 fuistis
873 1512 1168 1579 dominari,
1231 1528 1424 1569 eorum
1490 1511 1751 1567 nimirum

181 1601 348 1676 [[ονιε,
371 1604 625 1675 nimium,
660 1603 1070 1677 Haun.]jugum
1094 1602 1238 1659 ferre
1265 1603 1506 1675 superati
1537 1614 1638 1658 nec
1668 1619 1754 1658 re-

179 1695 358 1755 sistere
380 1696 629 1753 valentes
649 1696 937 1769 cogemini.
971 1694 1035 1753 Si.
1055 1710 1188 1750 vero
1209 1694 1392 1763 nobis,
1421 1695 1538 1750 imo
1559 1693 1621 1750 B.
1654 1694 1752 1750 Pe-

178 1795 277 1853 tro,
307 1787 355 1842 in
401 1788 486 1845 his
520 1789 841 1845 obedientes
895 1786 1134 1856 fueritis,
1175 1787 1411 1845 sicutde
1460 1786 1751 1844 clementia
1786 1811 1793 1817 ·

1848 591 2022 648 Deum
2048 602 2106 648 et
2132 601 2380 649 sanctam
2429 593 2730 650 Ecclesiam
2776 593 2948 666 (sicut
2997 599 3053 648 et
3107 603 3276 657 nunc,
3327 587 3443 643 Deo

1847 685 2071 756 gratias,
2102 701 2192 741 res
2236 687 2367 757 est,)
2409 702 2478 742 ex
2506 686 2654 742 bono
2694 686 2979 742 meliorem
3002 682 3310 741 exhiberes.
3342 678 3445 735 Ita-

1838 786 1957 847 que
2010 793 2159 834 nunc
2212 786 2475 849 tanquam
2522 778 2885 835 dilectissimo
2939 777 3074 846 filio,
3120 783 3177 831 et
3205 772 3351 830 ﬁdeli
3379 770 3439 828 S.

1850 868 1997 925 Petri
2024 877 2080 926 et
2114 879 2328 939 nostro,
2377 872 2521 928 sicut
2571 871 2626 927 in
2669 870 2928 927 familiari
2969 865 3248 951 colloquio
3297 863 3445 922 faec-

1850 976 1989 1028 rem,
2020 962 2315 1018 consilium
2350 971 2627 1030 nostrum,
2660 971 2716 1018 et
2744 962 2878 1033 quid
2901 969 2954 1019 te
2979 959 3335 1034 postmodum
3354 955 3442 1014 fa-

1849 1068 1974 1109 cere
1994 1044 2202 1122 deceat,
2230 1055 2422 1125 paucis
2452 1054 2659 1126 aperio.
2716 1053 2950 1122 Quando
2999 1053 3147 1111 enim
3196 1049 3444 1121 compla—

1849 1145 1967 1201 cuit
1990 1146 2038 1201 ei
2085 1147 2181 1217 qui
2203 1147 2407 1201 exaltat
2435 1146 2696 1213 humiles,
2726 1154 2789 1202 ut
2818 1153 3010 1202 sancta
3050 1152 3227 1200 mater
3252 1151 3445 1225 nostra

1849 1232 2094 1291 Ecclesia
2120 1237 2187 1292 ad
2226 1237 2471 1309 regimen
2498 1236 2815 1309 apostolicae
2857 1236 3004 1293 sedis
3044 1236 3279 1293 invitum
3308 1234 3446 1291 satis

1849 1342 1915 1382 ac
1942 1327 2287 1396 renitentem,
2314 1327 2427 1384 Deo
2448 1336 2609 1397 teste,
2655 1344 2745 1386 me
2790 1337 3028 1400 raperet,
3054 1328 3317 1405 continuo
3343 1342 3444 1382 ne—

1849 1415 2013 1473 fanda
2043 1419 2208 1486 mala,
2237 1435 2360 1491 quae
2388 1436 2420 1475 a
2448 1420 2707 1492 pessimis
2746 1419 2863 1477 suis
2888 1420 3117 1491 patitur,
3148 1418 3311 1477 officii
3337 1417 3447 1475 mei

1851 1510 1986 1580 (quo
2014 1510 2150 1565 mihi
2186 1512 2429 1568 clamare
2468 1520 2522 1568 et
2567 1528 2850 1584 nunquam
2881 1528 3100 1571 cessare
3138 1511 3448 1584 iniunctum

1850 1601 1957 1673 est)
1982 1602 2308 1659 necessitate
2333 1603 2676 1675 compulsus,
2700 1618 2889 1660 amore
2910 1620 3133 1685 quoque
3158 1608 3225 1660 ac
3250 1603 3451 1659 timore

1853 1694 2162 1760 convictus,
2217 1694 2569 1752 dissimulare
2610 1712 2722 1753 non
2764 1697 2955 1769 potui;
2985 1711 3173 1760 amore
3202 1694 3446 1771 quidem,

1853 1784 1984 1854 quia
2017 1783 2075 1840 S.
2104 1784 2302 1842 Petrus
2330 1802 2361 1841 a
2388 1803 2560 1865 puero
2596 1801 2686 1843 me
2730 1788 2790 1843 in
2844 1787 3010 1843 domo
3038 1791 3179 1849 ’sua.
3213 1785 3451 1845 dulciter

177 1879 348 1934 divina
365 1879 717 1948 confidimus,
741 1888 800 1937 et
821 1887 1177 1952 peccatorum
1210 1888 1523 1936 vestrorum
1540 1878 1754 1934 veniam
1788 1880 1830 1935 Β
1855 1876 2144 1945 nutrierat,
2171 1886 2226 1932 et
2252 1878 2382 1949 quia
2420 1876 2661 1936 cbaritas
2694 1877 2912 1935 Domini
2960 1877 3057 1935 Dei
3113 1876 3309 1948 nostri,
3346 1875 3452 1933 ‘me

178 1979 231 2029 ct
287 1972 642 2043 apostolicam
697 1971 1132 2031 benedictionem
1177 1970 1428 2042 poteritis
1469 1970 1751 2040 consequi.

246 2061 371 2117 Data
413 2062 625 2131 Romae,
659 2064 875 2121 decimo
907 2064 1073 2121 tertio
1120 2062 1392 2122 Kalendas
1433 2061 1637 2130 Maias,
1671 2062 1755 2117 in.

178 2155 400 2219 dictione
429 2157 619 2219 tertia.
1102 2166 1105 2167 ⁷

682 2289 1024 2351 EPISTOLA
1060 2290 1239 2353 XXIIa

380 2399 448 2438 AD
481 2400 772 2440 ARNAIJHJII
796 2400 1211 2442 CENOIANENSEI
1233 2398 1541 2440 EPISCOPUI.

767 2476 949 2549 (Anno
980 2475 1167 2548 1080.)

1410 2540 1423 2563 1

184 2565 483 2639 Episcopale
511 2567 741 2639 ofﬁcium
782 2585 816 2639 ρ
859 2567 1032 2639 legato
1066 2568 1368 2639 apostolico
1419 2567 1759 2639 interdictum

243 2636 429 2692 reddit.
466 2636 728 2692 Abbatem
774 2636 978 2693 Joclém
1020 2636 1263 2692 absolvit.
1298 2638 1625 2693 Rainaldum
1675 2638 1761 2691 in—

239 2717 541 2779 rasoremet
570 2708 847 2779 perjurum
868 2709 1102 2779 deponit,
1134 2711 1191 2762 in
1220 2709 1372 2779 cujus
1418 2710 1593 2763 locum
1634 2706 1763 2764 Joa-

236 2777 332 2833 fem
356 2777 682 2849 praedictum
722 2777 941 2834 restitui
971 2779 1217 2835 mandat.
1281 2777 1291 2779 “
1748 2812 1753 2835 ς

243 2868 551 2925 ϐιιεεοιιιυε
601 2870 914 2941 episcopus,
948 2884 1139 2951 servus
1186 2886 1469 2927 servorum
1508 2870 1624 2938 Dei,
1653 2872 1759 2925 An-

182 2975 337 3017 iutno
383 2961 797 3018 Cenomanensi
829 2960 1117 3036 episcopo,
1157 2962 1390 3023 salutem
1416 2971 1471 3019 et
1498 2962 1761 3035 apostolis

182 3066 290 3109 cam
315 3053 787 3114 benedictionem.
914 3102 917 3109 λ
968 3086 973 3093 -
1378 3074 1381 3077 ν

241 3142 566 3228 Episcopale
594 3145 854 3214 officium,
883 3146 1032 3218 quod
1068 3146 1168 3203 tibi
1205 3146 1420 3218 legatus
1447 3155 1636 3204 noster
1676 3145 1762 3202 in-

1856 1967 2016 2037 quasi
2043 1968 2249 2040 aliquid
2270 1971 2572 2040 aestimans,
2611 1971 2750 2026 tanti
2792 1971 3032 2042 pastoris
3071 1970 3341 2026 vicarium
3381 1969 3453 2025 ad

1856 2060 2151 2130 regendam
2195 2071 2444 2119 sanctam
2490 2072 2722 2121 matrem
2760 2072 3008 2119 nostram
3058 2058 3328 2136 elegerat;
3380 2062 3451 2118 ti-

1857 2165 2011 2207 more
2040 2161 2245 2222 autem,
2303 2154 2433 2225 quia
2483 2154 2799 2211 terribiliter
2843 2154 3029 2223 divina
3072 2156 3161 2211 lex
3214 2155 3453 2224 intonat,

1857 2232 2087 2299 dicens:
2138 2244 2457 2301 Maledicta:
2497 2246 2665 2302 homo
2693 2247 2782 2322 qui
2825 2248 3003 2318 parcit
3049 2246 3229 2320 gladio
3274 2263 3377 2306 suo
3418 2246 3456 2302 ἐι

1857 2337 2113 2407 sanguine
2143 2335 2275 2415 (Jer.
2315 2338 2527 2411 xtvm),
2558 2339 2613 2395 id
2633 2348 2743 2409 est,
2762 2339 3197 2411 quidoctrinam
3228 2339 3453 2401 subtra-

1860 2428 1943 2484 hit
1966 2429 2037 2484 ab
2060 2429 2335 2488 occisione
2372 2432 2784 2488 earn‘alisvita.
2832 2430 2990 2489 Nune
3015 2432 3204 2504 igitur,
3232 2431 3453 2490 charis-

1858 2521 1999 2576 sime
2022 2530 2076 2576 et
2112 2522 2166 2576 in
2195 2521 2417 2579 Christo
2452 2539 2671 2595 semper
2692 2525 3068 2595 amplectende
3093 2523 3192 2593 fili,
3221 2540 3365 2605 cum1
3398 2533 3466 2579 et»

1860 2622 2094 2669 matrem
2134 2623 2287 2670 tuam
2325 2615 2557 2672 nimium
2605 2616 2857 2673 tribulari
2905 2616 3237 2689 conspicias,
3279 2625 3334 2672 et
3372 2616 3422 2671 is

1860 2705 2131 2764 evitabilis
2159 2722 2260 2764 nos
2298 2708 2659 2765 succurrendi
2706 2709 3011 2766 necessitas
3040 2717 3258 2781 urgeat,
3290 2709 3420 2764 talen

1861 2806 1914 2853 te
1941 2799 2083 2867 volo,
2112 2808 2167 2856 et
2194 2801 2427 2857 multum
2459 2817 2560 2872 pro
2589 2800 2797 2858 honore
2825 2810 2922 2857 tuo
2956 2811 3011 2858 et
3031 2801 3209 2859 salute
3242 2801 3298 2856 in
3326 2817 3453 2857 vera

1860 2899 1915 2946 et
1943 2906 2053 2947 non
2089 2891 2218 2951 ﬁcta
2246 2892 2514 2949 charitate
2562 2909 2782 2963 moneo,
2816 2903 2876 2950 ut
2910 2910 3141 2969 omnem
3191 2880 3455 2953 obedien-

1864 2982 1996 3039 tiam
2049 2984 2315 3055 prazbeas,
2372 2994 2427 3042 et
2454 2986 2618 3054 sicut,
2684 2996 3011 3058 cooperante
3056 2985 3188 3055 Deo,
3242 3001 3458 3058 gemma

1862 3075 2174 3155 principum
2204 3092 2327 3133 esse
2349 3078 2621 3145 meruisti,
2654 3077 2730 3134 ita
2765 3078 2954 3151 regula
2985 3078 3216 3151 justitize
3252 3087 3308 3136 et
3328 3080 3460 3136 obe-

1862 3167 2079 3225 dientiae
2108 3168 2289 3225 forma
2335 3170 2549 3227 cunctis
2577 3179 2740 3228 terrae
2786 3170 3131 3241 principibus
3174 3186 3298 3228 esse
3343 3187 3460 3227 me-

180 3235 487 3307 tcrdixerat,
536 3237 753 3308 iustitia
810 3238 1095 3306 dictante,.
1130 3238 1430 3295 reddimus.
1492 3238 1760 3295 Abbatem

1864 3260 2060 3329 rearis,
2095 3269 2173 3319 tot
2197 3263 2391 3332 procul
2423 3262 2591 3331 dubio
2617 3263 2676 3318 in
2723 3235 2908 3319 futura
2939 3235 3111 3335 gloria
3148 3263 3459 3335 principum

180 3325 371 3388 loelem
398 3330 761 3387 absolvimus.
792 3328 1121 3386 Rainaldum
1151 3330 1483 3395 invasorem,
1514 3329 1645 3401 quia
1663 3345 1763 3400 per

181 3421 529 3477 ambitionem
559 3422 882 3494 periuravit,
913 3422 1262 3494 deponimus,
1304 3430 1366 3477 ut
1412 3437 1514 3477 nec
1556 3422 1612 3481 in
1668 3422 1765 3478 illo

180 3513 310 3583 quod
339 3514 579 3585 cupivit,
614 3530 715 3571 nec
746 3514 800 3571 in
832 3514 942 3570 alio
969 3514 1311 3576 monasterio.
1338 3514 1574 3571 ulterius
1591 3514 1762 3570 abbas

180 3604 385 3661 cxistat.
447 3604 798 3677 Quapropter
825 3606 1085 3671 volumus
1114 3614 1175 3665 ut
1210 3605 1327 3675 jam
1373 3605 1581 3665 dictum
1636 3604 1765 3685 Bai-7

184 3697 388 3753 naldum
433 3697 636 3778 cedere
662 3697 856 3766 facias,
892 3706 949 3754 et
973 3697 1182 3754 Joelem
1213 3698 1269 3752 in
1308 3698 1430 3753 loco
1460 3714 1564 3757 suo
1593 3696 1763 3754 abba-

183 3795 276 3849 tem
302 3790 598 3849 restituas.

240 3879 371 3937 Data
397 3880 616 3950 Romae,
646 3889 843 3940 octavo
885 3880 1162 3944 Kalendas
1216 3881 1408 3952 Maias,
1465 3882 1766 3939 indictione

182 3973 343 4029 tertia.

684 4100 1026 4158 EPISTOLA
1061 4100 1250 4157 XXIII.

456 4211 528 4249 AD
564 4208 900 4251 GUILIELMUII
950 4210 1127 4250 ιιερωι
1181 4210 1480 4251 Δκοιοιιωί.

676 4320 683 4331 ν.
748 4280 954 4358 ’(Αιιῐιο
984 4286 1169 4360 roso.)

186 4371 331 4431 Situm
371 4379 433 4432 in
468 4394 592 4433 eum
630 4375 868 4432 amorem
896 4386 1119 4432 testatus
1149 4378 1218 4432 ad
1263 4379 1496 4433 debitam
1527 4379 1771 4433 obedien-

306 4450 449 4503 tiam
472 4448 586 4503 sedi
623 4448 934 4519 apostolicae
960 4449 1322 4519 praestandam
1355 4450 1621 4504 hortatur.

242 4540 557 4598 Caesonius
591 4541 919 4612 episcopus,
954 4557 1155 4600 servus
1180 4546 1473 4598 servorum
1491 4541 1609 4612 Dei,
1639 4542 1770 4600 Gm—
1814 4572 1817 4573 ν

1864 3352 2117 3423 princeps
2152 3351 2372 3411 futurus
2399 3363 2536 3426 quot
2559 3371 2731 3426 usque
2776 3355 2832 3409 in
2865 3356 3029 3410 tinem
3060 3355 3250 3412 saeculi
3280 3371 3462 3413 exem—

1863 3443 1953 3515 plo
2008 3455 2118 3505 tute
2169 3446 2493 3503 obedientia:
2548 3446 2827 3519 principes
2883 3447 3262 3517 salvabuntur,
3310 3457 3366 3504 et
3415 3450 3461 3505 si

1864 3538 2085 3615 quidam
2138 3538 2358 3595 illorum
2390 3539 2594 3595 salvari
2633 3540 2932 3607 noluerint,
2962 3539 3062 3596 tibi
3098 3548 3283 3605 tamen
3308 3544 3465 3599 retri-

1864 3630 2019 3701 butio
2048 3631 2371 3689 nullatenus.
2395 3633 2694 3688 minuetur.
2745 3631 2864 3689 Non
2897 3633 3085 3693 solum
3112 3641 3318 3702 autem,
3366 3636 3461 3690 sed

1864 3731 1919 3780 ct
1957 3723 2013 3779 in
2047 3723 2154 3781 hoc
2202 3724 2408 3781 mundo
2461 3724 2558 3780 tibi
2611 3733 2665 3780 et
2702 3725 3012 3784 haeredibus
3060 3726 3169 3789 tuis
3209 3727 3461 3795 victoria,

1866 3816 2063 3884 honor,
2102 3816 2366 3888 potentia,
2407 3800 2720 3879 sublimitas
2749 3818 2987 3890 amplius
3019 3819 3235 3877 coalitus
3255 3819 3465 3876 tribue-

1868 3915 1977 3963 tur.
2018 3906 2343 3981 Exemplum
2384 3909 2483 3964 tibi
2518 3896 2755 3981 teipsum
2806 3925 3064 3981 propone.
3118 3911 3271 3969 Sicut
3316 3913 3463 3969 enim

1866 4002 2035 4057 velles
2067 4001 2137 4057 ab
2164 4017 2232 4057 eo
2273 4017 2449 4083 quem
2483 4018 2551 4059 ex
2596 4002 2804 4059 misero
2830 4011 2887 4061 et.
2913 4005 3265 4075 pauperrimo
3306 3985 3465 4060 servo

1758 4102 1761 4105 λ
1804 4089 1811 4096 ’
1868 4092 2312 4165 potentissimum
2339 4108 2525 4165 regem
2565 4092 2817 4163 fecisses,
2851 4110 2963 4149 non
2992 4094 3270 4151 immerito
3290 4096 3465 4161 hono-

1868 4182 2004 4249 rari,
2027 4183 2108 4239 sic
2135 4192 2190 4240 et
2224 4193 2307 4252 tu,
2360 4200 2525 4256 quem
2573 4200 2640 4241 ex
2701 4201 2863 4242 servo
2903 4186 3114 4256 peccati
3159 4186 3364 4241 misero
3411 4196 3465 4242 et

1870 4278 2205 4352 pauperculo
2235 4278 2335 4350 (ita
2363 4279 2564 4350 quippe
2589 4294 2783 4336 omnes
2812 4278 3115 4351 nascimur)
3142 4279 3463 4350 potentissi-

1870 4384 2022 4423 mum
2047 4384 2231 4440 regem
2257 4368 2405 4426 Deus
2428 4371 2599 4442 gratis
2651 4370 2799 4439 fecit,
2848 4372 3235 4427 honoratorcm
3282 4380 3461 4437 tuum,

1871 4468 2234 4532 protectorem
2279 4470 2445 4533 atque
2473 4462 2782 4534 adjutorcm
2833 4472 2991 4519 tuum
3036 4463 3463 4535 omnipotentem

1871 4551 2061 4610 Iesum
2110 4554 2385 4610 honorare
2414 4569 2632 4626 semper
2675 4554 2922 4613 studiose
2973 4555 3190 4612 festina.
3241 4554 3354 4613 Nec
3396 4557 3466 4611 ab

186 4643 360 4691 LIBLIO
383 4633 507 4705 regi
536 4633 868 4706 Anglorum,
911 4634 1147 4690 salutem
1193 4641 1250 4689 ct
1276 4636 1637 4705 apostolicam
1665 4636 1767 4693 be-
1803 4620 1847 4676 Ῑ)
1873 4647 1979 4703 hoc
2008 4647 2273 4719 impediat
2300 4655 2355 4702 te
2383 4620 2756 4718 pessimorum
2792 4649 3105 4720 principum
3138 4647 3319 4704 turba.
3357 4646 3466 4704 Ne-

187 4726 561 4783 nedictionem.

245 4814 445 4895 Notum
497 4830 657 4874 esse
709 4816 809 4873 tibi
891 4818 1056 4874 credo
1074 4859 1090 4886 ,
1140 4816 1603 4877 excellentissime
1656 4820 1766 4889 fili,

189 4907 498 4982 priusquam
567 4910 639 4967 ad
705 4909 1021 4980 pontificale
1080 4909 1303 4967 culmen
1374 4913 1727 4969 ascenderem
1751 4956 1767 4982 ,

190 5010 381 5065 quanto
405 5016 630 5077 semper
658 5010 715 5057 te
745 5001 974 5058 sincera:
999 5001 1313 5060 dilectionis
1341 5004 1538 5061 affectu
1568 5005 1767 5073 amavi,

191 5092 383 5138 ﬁnalem
428 5093 597 5138 etiam
635 5109 729 5138 me
772 5094 885 5138 huic
915 5095 1147 5138 nmmtiic
1204 5101 1257 5138 nt
1301 5112 1468 5138 ninam
1498 5096 1767 5138 omne.me

1873 4728 2047 4813 quitia
2074 4739 2223 4797 enim
2244 4739 2547 4800 multorum
2576 4748 2683 4807 est,
2714 4740 2895 4796 virtus
2927 4749 3110 4796 autem
3138 4756 3463 4812 paucorum.

1874 4830 2182 4888 Gloriosius
2209 4838 2294 4888 est
2334 4832 2566 4902 probato
2596 4831 2779 4898 militi,
2807 4832 2997 4890 multis
3025 4830 3383 4906 fugientibus,
3411 4837 3468 4890 in

1871 4924 2061 4993 praelio
2107 4931 2271 4978 stare.
2322 4922 2622 4979 Pretiosior
2661 4924 2753 4978 illa
2780 4933 2866 4980 est
2894 4940 3109 4998 gemma
3135 4941 3260 4997 quae
3287 4928 3471 4985 rarius
3524 4971 3539 4979 -

1872 5014 2168 5093 invenitur.
2200 5014 2316 5070 lmo
2367 5023 2575 5086 quanto
2607 5014 2785 5087 magis
2814 5024 3066 5087 potentes
3091 5016 3259 5091 hujus
3285 5021 3475 5079 saeculi

1868 5108 2119 5138 nllnnn“:n
2147 5122 2242 5138 ﬂllll
2275 5115 2326 5138 Δ.
2358 5107 2537 5138 ἶηηηῖἶο
2572 5107 2786 5138 Ληιῖιιηα
2812 5123 2873 5138 Λ-
2887 5109 3070 5138 Amnn‘:
3117 5120 3384 5138 Ληκκ--..ι
3413 5112 3470 5138 ξ..
