3972 5390
503 278 611 335 567

1146 282 1201 339 S.
1244 283 1579 341 GREGORII-
1615 284 1701 340 VII
1733 284 1936 343 PAPAS
1976 285 2259 347 UPERUM
2296 284 2479 343 PARS
2512 286 2552 344 1.
2591 318 2663 327 ——-
2700 286 3123 344 REGISTRUM.

3654 276 3759 347 563

502 395 937 468 lastiﬂcaverunt,
965 400 1197 471 sapienti
1221 403 1341 458 viro
1370 403 1503 460 satis
1530 419 1652 461 esse
1696 403 1904 461 dictum
1945 406 2094 478 judi-
2122 411 2167 466 A
2193 423 2403 480 regum,
2429 408 2514 464 vel
2538 409 2763 477 ducum,
2793 418 2889 465 aut
2918 410 3201 476 comitum,
3225 418 3323 465 seu
3359 409 3615 480 quaelibet
3642 426 3761 468 ma-

504 490 644 571 cavi,
675 506 903 562 sperans
937 493 1067 564 quia
1115 495 1463 566 omnipotens
1510 495 1671 565 Deus,
1708 511 1875 568 supra
1918 514 2085 569 quam

503 579 762 651 dicimus,
795 582 849 639 in
879 591 932 639 te
955 592 1010 640 et
1032 601 1129 656 per
1158 594 1209 642 te
1239 587 1308 643 ad
1344 589 1608 642 honorem
1649 603 1812 645 suum
1838 589 2086 661 dignabi-

507 680 598 726 tur
619 673 853 743 operari.
884 672 1029 742 Qum.
1042 691 1170 732 vero
1203 677 1260 731 in
1288 676 1488 734 litteris
1509 676 1694 733 minus
1722 686 1871 748 sunt,
1893 679 2087 751 legatis

486 754 616 819 ‘tuis
644 763 739 819 tibi
766 780 900 822 voce
928 766 1156 827 dicenda
1182 767 1582 824 commisimus.
1619 767 1742 841 Ipse
1765 779 1945 826 autem
1976 786 2089 826 om-

505 855 756 927 nipotens
779 856 927 914 Deus
951 866 1006 914 et
1035 857 1192 914 Pater
1215 867 1403 916 noster
1423 859 1529 916 hoc
1557 870 1651 915 tuo
1686 861 1858 931 cordi,
1882 862 2090 919 charis-

505 947 644 1003 sime
671 948 769 1016 fili,
797 948 873 1005 ita
903 944 1174 1022 inspirare
1202 960 1366 1025 atque
1387 952 1638 1025 plantarc
1662 954 2090 1011 misericorditer

503 1037 776 1110 dignetur,
814 1049 1088 1113 quatenus
1118 1051 1173 1097 ct
1204 1043 1260 1098 in
1290 1045 1397 1098 hoc
1443 1045 1645 1102 smculo
1675 1045 1871 1103 merito
1916 1046 2089 1102 virtu-

501 1139 622 1197 tum
648 1138 869 1191 tuarum
902 1150 1133 1206 regnum
1171 1144 1328 1193 tuum
1357 1146 1413 1192 et
1440 1138 1741 1208 potentiam
1786 1147 2004 1212 augeat,
2035 1146 2090 1196 et

503 1225 581 1303 in‘
599 1222 784 1282 futuro
816 1241 947 1282 cum
973 1228 1178 1284 sanctis
1208 1228 1431 1300 regibus
1458 1228 1527 1285 ad
1559 1245 1729 1301 regna
1762 1230 2090 1300 supercalc-

504 1314 611 1369 stia
656 1314 1146 1389 inexcogitabiliter
1211 1321 1437 1376 meliora
1487 1320 1717 1378 feliciter
1760 1321 2086 1379 introducat.

505 1404 702 1462 Amen.
732 1405 1135 1466 Cenomanensi
1165 1409 1420 1482 episcopo
1445 1410 1557 1467 tuis
1580 1412 1856 1483 precibus,
1875 1411 2090 1483 justitia

506 1496 768 1567 dictante,
809 1497 1058 1558 faventes
1100 1500 1337 1559 ollicium
1379 1502 1686 1573 episcopale
1733 1502 2086 1559 reddidimus.

506 1586 772 1645 Abbatem
801 1606 1022 1664 quoque
1050 1593 1370 1651 monasterii
1406 1592 1594 1650 Sancti
1631 1592 1799 1662 Petri,
1839 1594 1986 1666 quod
2009 1601 2094 1651 est

494 1678 827 1752 Cenomani,
854 1683 1212 1744 absolvimus.

2188 518 2293 575 gna
2333 511 2428 557 aut
2454 517 2621 573 prava
2660 517 2914 574 persona,
2957 510 3252 572 praesumat
3278 500 3384 557 sibi
3430 501 3488 555 in
3532 516 3600 557 eo
3640 500 3762 558 loco

2186 594 2399 665 aliquas
2455 592 2804 665 proprietatis
2849 593 3208 659 conditiones,
3268 607 3380 647 non
3434 592 3754 671 beereditarii

2183 685 2344 757 juris,
2375 700 2485 741 non
2519 685 2835 752 advocatiae,
2866 699 2975 740 non
3015 682 3369 750 investiturte,
3414 698 3530 738 non
3580 684 3759 752 cujus-

2189 776 2320 832 libet
2361 777 2667 849 potestatis,
2696 793 2820 848 qua:
2869 775 3106 833 libertati
3150 774 3469 831 monasterii
3514 783 3756 838 noceant,

2187 868 2482 936 vindicare,
2527 884 2636 925 non
2665 876 2987 925 ornamenta
3019 867 3283 934 ecclesias,
3317 867 3433 922 sive
3460 866 3756 938 possessio.

2188 974 2286 1016 nes
2314 959 2590 1028 invadere,
2630 960 2901 1028 minuere,
2944 959 3030 1015 vel
3076 958 3349 1025 alienare;
3377 957 3472 1014 sed
3502 957 3578 1012 ita
3606 957 3677 1011 sit
3696 957 3761 1011 ab

2189 1047 2340 1107 omni
2377 1051 2630 1108 saeculari
2654 1059 2923 1123 potestate
2947 1064 3199 1114 securus,
3244 1056 3300 1104 et
3328 1046 3591 1103 Romana:
3625 1045 3762 1103 sedis

2188 1140 2437 1198 libertate
2462 1143 2701 1215 quietus,
2733 1141 2879 1199 sicut
2917 1148 3133 1198 constat
3170 1138 3535 1195 Cluniacense
3580 1152 3765 1193 mona-

2191 1235 2420 1291 sterium
2446 1243 2503 1292 et
2525 1233 2864 1291 Massiliense
2902 1246 3158 1299 manere;
3185 1231 3356 1287 abbas
3390 1238 3576 1285 autem
3607 1230 3767 1284 advo—

2191 1334 2375 1383 catum
2404 1342 2568 1399 quem
2587 1326 2824 1382 voluerit
2846 1326 3027 1398 eligat.
3074 1323 3231 1391 Quod
3258 1323 3305 1379 si
3333 1323 3383 1379 is
3419 1322 3765 1394 postmodum

2192 1435 2305 1479 non
2335 1419 2499 1475 fuerit
2525 1419 2678 1475 utilis
2700 1417 3055 1483 monasterio,
3082 1431 3149 1472 co
3175 1425 3405 1481 remoto,
3442 1415 3611 1470 alium
3642 1429 3769 1469 con-

2194 1510 2410 1568 stituat.
2462 1510 2815 1583 Privilegium
2861 1517 3044 1565 autem
3092 1506 3240 1578 quod
3287 1507 3446 1564 bona:
3496 1492 3778 1561 memorie

2194 1602 2562 1674 praedecessor
2613 1609 2804 1658 noster
2860 1598 3167 1656 Alexander
3216 1605 3408 1653 contra
3454 1605 3771 1653 sanctorum

2150 1724 2151 1729 η
2194 1693 2419 1750 Patrum
2465 1701 2670 1751 statuta
2721 1694 2901 1766 aliqua
2947 1691 3299 1763 subreptionc
3345 1691 3433 1746 vel
3459 1690 3775 1762 deceptione

578 1771 715 1830 Data
750 1773 959 1847 Romaa,
982 1794 1079 1833 vm
1106 1776 1382 1835 Kalendas
1407 1777 1560 1846 Maii,
1585 1777 1882 1835 indictione
1910 1776 2088 1833 tertia.
2122 1769 2167 1830 Β
2194 1784 2453 1848 inductus
2480 1786 2658 1843 eidem
2701 1787 2826 1843 loco
2853 1784 3001 1852 fecit,
3046 1784 3103 1839 in
3143 1799 3257 1855 quo
3281 1781 3561 1839 Everardo
3590 1783 3776 1841 comiti

1015 1867 1357 1926 EPISTOLA
1383 1869 1575 1926 XXIV.

720 1975 788 2025 ᾼῐ)
817 1976 1127 2017 Ἣιιιιςωιωι
1160 1978 1406 2018 ΛΒΒΔἸἘΚ
1435 1977 1857 2020 ιηιιεωϐιεκεει

1120 2055 1281 2110 Αηηο
1316 2053 1504 2127 roso.)

500 2143 777 2223 ‘Approbat
812 2146 950 2216 quod
987 2163 1173 2202 curam
1211 2147 1523 2223 monasterii
1561 2145 1747 2201 Sancti
1786 2143 2092 2223 Saluatoris

579 2215 886 2285 susceperit,
926 2234 1145 2287 eumque
1198 2219 1458 2272 uicarium
1506 2233 1661 2270 suum
1699 2216 1975 2270 constituit
2023 2215 2092 2269 ad

583 2287 979 2355 procurandum
1035 2286 1094 2341 ut
1149 2288 1432 2342 ibi'abbas
1496 2287 1744 2341 canonice
1799 2286 2091 2340 ordinetur.

502 2402 508 2408 .
583 2353 838 2429 Prohibet
890 2357 1217 2429 principibus
1284 2357 1630 2429 singularibus
1674 2374 1736 2412 ne
1788 2358 1847 2429 in
1881 2374 1941 2429 eo
1980 2355 2095 2411 loco

586 2426 1328 2500 ᾳιιὶάιιιέαηιίάαήξ’ἠαὸεαηι.
1360 2427 1714 2500 Privilegium
1749 2428 1817 2482 ab
1861 2426 2097 2500 Alegan-

586 2496 684 2553 dro
710 2496 783 2570 ΫΙΙ
800 2496 977 2570 ,olim
1018 2498 1316 2570 deceptione
1349 2496 1587 2570 induct_o,
1623 2496 2098 2570 concessungve-

589 2569 752 2624 rardo
778 2569 1019 2640 abrggat.
1052 2567 1471 2625 Constantiensis
1505 2567 1761 2623 Ecclesia:
1793 2567 2017 2640 praeside
2064 2584 2097 2621 α

583 2641 826 2697 Romana
855 2638 1097 2694 Ecclesia
1124 2640 1481 2706 discordante,
1514 2640 1749 2694 concedit
1787 2638 1844 2692 ut
1875 2639 2035 2692 abbas
2065 2654 2099 2692 α

488 2750 494 2759 ι
584 2726 893 2784 quocunque
948 2709 1194 2784 religioso
1249 2711 1493 2784 episcopo
1534 2726 1652 2784 quae
1693 2709 1762 2784 ad
1803 2707 2100 2784 episcopale

580 2779 815 2854 emam
877 2779 1157 2851 pertinent.
1188 2779 1470 2854 suscipiat,
1510 2779 1590 2836 uel
1638 2780 1708 2835 ad
1751 2779 2100 2851 apbatolicam

587 2852 764 2909 sedent
792 2861 1052 2906 recurrat.

585 2944 897 3004 Gaeconws
928 2943 1240 3015 episcopus,
1286 2959 1482 3002 servus
1516 2957 1799 3001 servorum
1835 2941 1955 3009 Dei,
1981 2940 2101 2996 Wt-

516 3052 716 3097 LIELIIO
738 3036 920 3092 abbati
961 3034 1374 3107 Hirsaugiensis
1408 3035 1748 3103 monasterii,
1788 3035 2020 3091 salutem
2048 3041 2103 3089 et

516 3129 874 3200 apostolicam
904 3127 1358 3184 benedictionem.

590 3218 862 3287 Quoniam
892 3219 1136 3291 pervenit
1164 3219 1234 3276 ad
1272 3235 1374 3275 nos
1400 3219 1549 3290 quod
1572 3218 1764 3290 religio
1792 3225 1885 3273 tua
1906 3231 2099 3272 curam

520 3312 843 3372 monasterii
881 3311 1065 3368 Sancti
1098 3310 1398 3368 Salvatoris
1414 3311 1556 3383 juris
1596 3309 1907 3381 apostolicae
1933 3307 2099 3375 sedis,

520 3403 802 3461 cui'etiam
848 3402 1137 3460 duodecim
1175 3403 1350 3472 aurei,
1398 3417 1633 3474 quorum
1669 3399 1861 3474 viginti
1881 3401 2103 3457 unciam

522 3495 754 3565 faciunt,
796 3512 866 3553 ex
897 3497 1089 3553 eodem
1117 3497 1453 3554 monasterio
1497 3495 1656 3551 annis
1691 3493 1937 3566 singulis
1980 3509 2106 3566 per-

510 3582 663 3662 :solvi
704 3582 922 3656 debént,
977 3588 1070 3645 siti
1120 3588 1176 3643 in
1223 3589 1353 3645 villa
1401 3574 1685 3659 Scapbusa
1720 3584 2009 3661 [Satiusa],
2048 3584 2105 3640 in

522 3681 842 3752 episcopatu
885 3680 1314 3748 Constantiensi,
1361 3680 1685 3737 obsecrante
1718 3677 1917 3734 comite
1963 3677 2105 3732 Bur-

512 3774 693 3839 _cardo
717 3774 963 3846 virisque
1007 3772 1280 3845 religiosis
1317 3771 1684 3839 hortantibus,
1731 3785 1799 3828 eo
1845 3770 2110 3827 duntaxat

526 3876 717 3922 tenore
741 3865 1045 3936 susceperit
1086 3874 1150 3921 ut
1187 3865 1480 3939 praedictus
1529 3877 1734 3930 comes,
1781 3862 1876 3935 qui
1908 3861 2012 3919 sibi
2052 3861 2107 3918 in

527 3957 755 4030 praefato
797 3957 1419 4030 monasterioquasdam
1447 3955 1604 4030 quasi
1633 3940 1881 4033 proprias
1923 3953 2111 4011 condi-

527 4051 707 4108 tiones
741 4051 1072 4119 vindicabat,
1115 4039 1341 4108 dimissa
1393 4059 1558 4123 atque
1599 4047 1908 4104 renuntiata
1961 4048 2111 4104 omni

529 4143 783 4203 saeculari
814 4150 1107 4215 potestate,
1128 4143 1313 4200 locum
1352 4142 1533 4215 ipsum
1561 4141 1797 4200 liberum
1826 4155 1950 4197 esse
1987 4154 2113 4210 peru-

529 4236 789 4305 mitteret,
832 4237 1078 4293 studium
1122 4235 1429 4293 dilectionis
1470 4245 1580 4291 tua:
1620 4234 1934 4304 probantes,
1965 4230 2112 4302 quod

530 4326 736 4387 factum
760 4338 845 4386 est
867 4328 1166 4405 apostolica
1193 4327 1517 4384 auctoritate
1550 4324 1862 4391 ﬁrmamus;
1889 4331 1945 4378 et
1982 4322 2112 4396 quia

530 4421 957 4491 pertelocusille
968 4420 1134 4493 (sicut
1146 4418 1476 4489 audivimus)
1498 4417 1567 4472 ad
1585 4415 1864 4495 religionis
1883 4421 2107 4485 statum,

532 4512 767 4569 Domino
794 4512 1111 4580 miserante,
1151 4510 1316 4581 carpit
1349 4523 1671 4580 assurgere;
1703 4522 1826 4575 nos,
1876 4507 2110 4579 inquan-

532 4612 650 4661 tum
668 4605 933 4671 valemus,
957 4612 1272 4675 perpetuam
1301 4600 1414 4657 illic
1432 4600 1735 4656 sanctitatis
1762 4599 2110 4656 stabilitatem

534 4695 819 4765 providere
855 4695 1138 4766 cupientes
1180 4691 1506 4753 fraternitati
1557 4699 1665 4746 ture
1718 4696 1883 4760 super
1927 4706 2111 4748 coeno-

535 4786 688 4844 bium
712 4788 846 4845 iilud
874 4786 1257 4846 sollicitudinis
1275 4792 1477 4841 nostra:
1504 4782 1680 4839 vicem
1703 4782 2114 4850 committimus,

537 4876 749 4934 scilicet
798 4888 860 4935 ut
914 4877 1113 4940 fratres
1169 4878 1244 4935 ibi
1295 4874 1602 4948 disciplinis
1649 4874 1972 4947 regulariter
2028 4875 2116 4933 iu-

540 4978 775 5038 struere,
827 4986 1011 5027 mores
1059 4984 1249 5025 eorum
1300 4969 1579 5038 vitamque
1625 4973 1993 5037 competenter
2035 4965 2119 5022 in—

539 5060 808 5117 struendo
852 5075 917 5115 ea
944 5074 1069 5130 quae
1092 5059 1162 5115 ad
1213 5058 1523 5117 animarum
1573 5058 1805 5118 salutem
1847 5056 2119 5128 pertinent

538 5152 831 5227 vigilanter
867 5148 1172 5222 providere,
1199 5165 1263 5206 ac
1290 5150 1526 5207 maxime
1564 5158 1627 5206 ut
1654 5148 1788 5205 inibi
1833 5148 2002 5206 abbas
2028 5165 2116 5205 se-

543 5242 785 5300 cundum
822 5240 993 5295 Deum
1019 5238 1300 5297 ordinetur
1324 5255 1603 5311 procures.
1642 5238 1909 5296 Praeterea
1930 5247 1992 5295 ut
2013 5254 2118 5296 saa-

541 5326 1054 5390 nel‘atimonasterii
1080 5325 1275 5383 fratres
1302 5329 1420 5387 sine
1454 5331 1829 5390 inquietudine
1872 5331 2121 5390 preposi-

2191 1878 2422 1951 ejusque
2445 1879 2684 1950 posteris
2727 1877 3086 1944 advocatiam,
3112 1883 3168 1931 et
3197 1873 3534 1946 praeﬁciendi
3565 1874 3777 1931 abbatis

2192 1978 2515 2041 potestatem
2543 1978 2598 2026 et
2627 1970 2796 2026 totius
2828 1968 2906 2025 rei
2934 1966 3463 2024 administrationem
3484 1967 3775 2031 concessit,

2192 2076 2294 2118 nos
2320 2061 2600 2118 canonica:
2620 2059 2977 2118 correctionis
3004 2057 3273 2114 sententia
3296 2072 3397 2129 per
3422 2056 3776 2128 apostolicam

2193 2152 2529 2209 functioncm
2574 2160 2791 2208 utentes
2822 2151 3190 2216 inﬁrmamus,
3236 2147 3593 2221 infringimus
3620 2157 3780 2218 atque

2195 2258 2499 2311 cassamus,
2527 2250 2601 2311 et,
2638 2258 2709 2299 ne
2726 2238 2835 2314 per
2851 2242 2957 2299 hoc
2981 2240 3215 2311 alicujus
3242 2239 3533 2299 temeraria
3566 2239 3778 2310 cupidi.

2196 2343 2280 2390 tas
2320 2334 2378 2389 in
2412 2333 2697 2390 audaciam
2740 2349 2855 2390 suae
2896 2331 3217 2405 perditionis
3248 2342 3520 2402 erumpat,
3565 2339 3782 2401 aposto~

2196 2426 2300 2481 lica
2329 2425 2655 2482 auctoritate
2695 2425 2753 2482 in
2781 2425 2998 2481 irritum
3040 2437 3386 2480 revocamus.
3418 2419 3476 2475 Si
3505 2420 3636 2492 quis
3654 2435 3782 2492 ergo

2198 2524 2386 2573 contra
2410 2516 2519 2574 hoc
2541 2516 2760 2574 salubre
2786 2523 3116 2588 praeceptum
3145 2521 3395 2569 nostrum
3428 2510 3783 2583 pertinaciter

2198 2609 2278 2665 ire
2307 2609 2616 2678 tentaverit,
2646 2607 2880 2682 gratiam
2906 2607 3051 2662 beati
3095 2604 3244 2662 Petri
3300 2619 3361 2660 se
3414 2618 3531 2658 non
3575 2601 3782 2659 dubitet

2198 2700 2565 2767 amissurum;
2595 2698 3017 2768 admonitusque
3044 2695 3233 2763 semel,
3265 2694 3353 2750 bis
3386 2702 3444 2749 et
3470 2693 3641 2750 tertio
3686 2708 3781 2764 per

2199 2799 2570 2862 competentes
2615 2789 2888 2857 inducias,
2935 2787 2985 2845 si
3022 2801 3134 2843 non
3174 2785 3471 2857 resipuerit
3496 2794 3557 2842 et
3583 2785 3633 2840 si
3661 2785 3784 2840 deli~

2200 2892 2351 2940 ctum
2380 2898 2543 2939 suum
2569 2881 2862 2937 emendare
2884 2877 3293 2951 contempserit,
3331 2877 3473 2934 sciat
3510 2891 3574 2934 se
3601 2875 3785 2932 divino

2201 2976 2546 3031 anathemate
2573 2973 2916 3040 innodatum,
2945 2978 3001 3027 et
3025 2987 3058 3027 a
3099 2970 3348 3043 corporis
3390 2978 3445 3025 et
3501 2966 3787 3040 sanguinis

2202 3066 2474 3123 Dominici
2504 3066 2892 3122 communione
2915 3063 3175 3120 alienum.
3202 3061 3341 3118 illud
3377 3061 3547 3131 etiam
3585 3060 3656 3116 ad
3679 3058 3786 3114 Ro-

2203 3174 2379 3216 mana:
2397 3159 2663 3215 libertatis
2690 3172 2895 3213 munus
2927 3154 3365 3212 conﬁrmandum
3395 3152 3790 3222 subjungentes

2201 3250 2491 3322 adjicimus
2518 3259 2599 3317 ut,
2631 3250 2680 3307 si
2718 3248 2903 3319 aliquo
2942 3253 3187 3317 tempore
3224 3242 3646 3301 Constantiensi
3686 3222 3792 3296 Ec:

2203 3343 2383 3401 clesiae
2402 3343 2703 3415 praesidens
2737 3341 2809 3397 ab
2845 3338 3148 3411 apostolica
3197 3337 3328 3393 sede
3367 3332 3791 3399 discordaverit,

2202 3437 2361 3508 eique
2381 3435 2704 3492 inobediens
2724 3432 2890 3490 fuerit
2917 3431 3098 3505 (quod,
3120 3429 3486 3486 conﬁrmante
3514 3425 3791 3508 Samuele,

2203 3504 2476 3599 peccatum
2502 3525 2774 3585 ariolaudi
2808 3534 2860 3581 et
2883 3522 3213 3579 idololatria:
3242 3518 3415 3577 scelus
3448 3529 3529 3577 est
3562 3517 3623 3591 (1
3664 3504 3791 3588 Ἡεῃ,

2206 3619 2397 3692 xxxv),
2432 3619 2649 3677 dicente
2680 3631 2902 3690 quoque
2935 3615 3098 3671 beato
3125 3612 3421 3669 Ambrosio
3451 3632 3466 3669 :
3517 3630 3538 3664 ι
3572 3610 3797 3667 Ηωηιὶ,

2206 3726 2332 3768 cum
2357 3727 2477 3770 csse
2507 3718 2726 3768 constat
2750 3709 2845 3781 qui
2870 3708 3132 3765 Romanae
3151 3705 3409 3763 Ecclesiae
3430 3717 3546 3761 non
3575 3715 3799 3760 concor-

2207 3807 2300 3863 dat
2336 3808 2405 3878 ι),
2441 3805 2603 3863 liceat
2635 3803 2816 3860 abbati
2856 3801 2961 3858 sibi
2994 3800 3222 3871 suisque
3245 3815 3277 3855 a
3301 3811 3643 3869 quocunque
3669 3795 3794 3852 reli-

2210 3899 2365 3972 gioso
2387 3897 2647 3968 episcopo
2690 3894 2956 3967 placuerit
2981 3892 3377 3957 ordinationes,
3421 3888 3800 3945 consecratio-

2208 4007 2307 4048 nes
2331 4000 2533 4061 etquae
2574 3988 2642 4043 ad
2671 3986 2981 4058 episcopale
3015 3983 3255 4041 cilicium
3306 3980 3587 4053 pertinent
3634 3994 3796 4051 expe-

2208 4091 2325 4139 tere
2350 4090 2517 4155 atque
2544 4081 2845 4151 suscipere,
2881 4078 2969 4134 vel
2998 4077 3066 4133 ad
3094 4074 3459 4147 apostolicam
3494 4070 3688 4127 sedem
3715 4086 3799 4126 re—

2210 4189 2452 4232 currere.
2483 4170 2876 4229 Observatorcs
2924 4176 3105 4228 autem
3142 4167 3309 4239 hujus
3334 4164 3510 4221 nostri
3542 4161 3799 4235 praecepti

2210 4265 2591 4323 remissionem
2605 4264 2851 4325 omnium
2873 4270 3222 4333 peccatorum
3243 4273 3472 4317 suorum
3492 4263 3550 4311 et
3565 4254 3799 4328 gratiam

2211 4358 2414 4415 bonam
2441 4371 2474 4412 a
2499 4356 2735 4412 Domino
2762 4361 3190 4425 consequantur.

2281 4450 2477 4506 Actum
2501 4447 2787 4508 Lateranis
2808 4454 3004 4503 octavo
3023 4442 3148 4518 [vn]
3172 4442 3298 4501 ldos
3326 4438 3477 4507 Maii,
3500 4436 3800 4495 indictione

2210 4542 2388 4599 tertia.

2727 4605 3067 4664 EPISTOLA
3109 4603 3275 4661 XXV.

2500 4717 2568 4763 AD
2608 4715 2936 4764 ςυιιιειιιωι
2988 4714 3164 4755 REGE“
3208 4710 3512 4752 ANGLORUI.

2810 4790 2994 4863 (Anno
3026 4789 3207 4861 1080.)

2221 4885 2487 4942 Hortatur
2536 4893 2594 4939 ut
2654 4882 2755 4936 Dei
2817 4881 3068 4936 honorem
3111 4896 3207 4940 suo
3257 4870 3790 4950 prmpona‘tulwnori,

2327 4955 2595 5029 Deumque
2622 4955 2748 5011 totis
2788 4953 2984 5009 viribus
3028 4952 3229 5023 integro
3258 4944 3433 5003 'cor'de
3476 4944 3688 5015 diligat.

2291 5050 2600 5112 GREGORIUS
2624 5048 2936 5120 episcopus,
2964 5057 3155 5099 servus
3198 5052 3483 5098 servorum
3519 5032 3636 5098 Dei.
3666 5030 3787 5087 Gm—

2224 5158 2420 5202 LIELuo
2449 5140 2562 5213 regi
2596 5140 2921 5211 Anglorum,
2953 5136 3183 5199 salutem
3226 5142 3281 5188 et
3320 5127 3673 5215 apostolicam
3695 5124 3783 5181 bee

2225 5233 2609 5290 uedictionem.

2294 5324 2582 5381 Credimus
2608 5319 2952 5390 prudentiam
2979 5326 3217 5387 vestram
3236 5300 3367 5371 Inon
3405 5312 3571 5368 latere
3612 5306 3781 5365 omni-
