3972 5390
213 291 312 350 569

1223 280 1427 340 LIBER
1461 276 1820 338 SEPTIMUS.
1859 306 1931 318 --
1966 276 2184 336 EPIST.
2224 278 2462 337 XXVIII.

3351 287 3462 344 570

196 401 660 481 praesentandam,
708 398 877 458 solem
915 407 971 455 et
1008 397 1196 453 lunam
1217 397 1472 453 omnibus
1500 395 1622 452 aliis
1642 395 1780 451 emi-
1808 394 1854 453 A
1879 392 2086 448 Caetera
2107 409 2231 465 quae
2252 395 2564 452 dimisimus
2602 411 2699 467 per
2726 395 3030 454 Iiubertum
3057 398 3232 456 ﬁlium
3262 405 3317 457 et
3337 400 3462 456 ﬁde-

217 497 456 553 nentiora
477 493 743 564 disposuit
762 489 1075 558 luminaria,
1099 490 1201 556 sic,
1225 505 1293 544 ne
1310 499 1584 554 creatura,
1609 503 1778 558 quam
1880 486 1985 540 lem
2014 502 2363 542 communem
2391 489 2739 544 mandamus.

216 589 295 644 sui
341 586 650 658 benignitas
693 584 761 640 ad
807 583 1099 655 imaginem
1152 597 1309 637 suam
1358 580 1414 634 in
1444 581 1550 635 hoc
1573 581 1779 638 mundo

216 686 506 742 creaverat,
537 676 592 730 in
615 690 840 731 erronea
882 682 936 728 et
989 671 1271 728 mortifera
1289 671 1598 726 traheretur
1630 671 1780 741 peri-

214 769 351 835 cula,
398 767 636 838 providit
669 767 725 821 in
760 765 1063 836 apostolica
1097 773 1152 819 et
1194 762 1342 835 regia
1391 762 1656 834 dignitate
1684 778 1782 833 per

215 860 417 915 diversa
448 867 726 932 regeretur
769 857 962 914 oﬁicia.
994 854 1110 923 Qua
1138 864 1321 910 tamen
1368 851 1695 922 majoritatis
1729 860 1785 908 et

214 952 541 1009 minoritatis
563 951 818 1008 distantia
842 948 1031 1022 religio
1059 947 1140 1004 sic
1161 963 1218 1002 se
1241 954 1424 1001 movet
1443 944 1780 1010 Christiana,

216 1054 273 1099 ut
292 1061 422 1099 cura
453 1053 508 1100 et
531 1043 935 1115 dispensatione
967 1039 1292 1110 apostolicae
1337 1037 1618 1110 dignitatis
1662 1045 1786 1105 post

216 1135 380 1189 Deum
412 1135 742 1207 gubernetur
770 1133 937 1205 regia.
962 1129 1118 1198 Quod
1144 1129 1290 1193 licet,
1316 1127 1395 1182 ﬁli
1438 1125 1783 1196 charissime,

1955 576 2086 632 Data
2114 577 2321 646 Romae,
2350 586 2547 633 octavo
2576 578 2703 635 Idus
2730 578 2891 647 Maii,
2922 580 3218 637 indictione
3247 583 3425 639 tertia.

2375 711 2712 769 EPISTOLA
2750 714 2967 770 XXVII.

2112 822 2179 860 λυ
2209 822 2492 862 ιιοιιειιτυκ
2523 822 2678 862 REGIS
2717 823 3003 863 ANGLORUI
3024 823 3229 864 FILIUI.

2476 898 2654 970 (Anno
2689 898 2874 970 l080.)

1888 987 2065 1042 Monet
2099 996 2155 1042 ut
2173 989 2343 1061 patris
2370 991 2583 1043 monitis
2606 991 2902 1061 acquiescat
2921 1031 2935 1056 ,
2972 991 3120 1061 eique
3154 992 3210 1045 in
3231 991 3470 1047 omnibus

2276 1059 2524 1112 honorem
2557 1059 2804 1114 exitibens
2839 1059 3078 1114 obediat.

1957 1149 2266 1205 Gnsconws
2302 1152 2613 1220 episcopus,
2642 1151 2853 1222 Lservus
2879 1167 3164 1206 servorum
3191 1150 3306 1220 Dei,
3359 1151 3472 1207 lio-

217 1236 302 1282 ῑ¹¹³
324 1244 430 1282 που
455 1228 669 1299 ῖεηοτει
691 1224 993 1299 vigilantia,
1034 1231 1237 1315 mnf“:
1263 1229 1322 1274 υί
1349 1218 1650 1315 Ρτξεξιιυιθ
1693 1224 1786 1271 ma
1879 1257 2063 1297 ‘nan'ro
2081 1242 2190 1310 ﬁlio
2218 1218 2364 1314 regis
2391 1218 2713 1315 Anglorum,
2763 1243 2996 1298 salutem
3028 1252 3082 1299 et
3118 1218 3475 1315 apostolicam
3502 1260 3508 1264 ‘

216 1318 661 1373 indissolubiliter
688 1316 856 1372 menti
875 1325 980 1370 tua?
1003 1314 1072 1369 sit
1099 1309 1596 1382 alligatum,divina
1622 1315 1790 1363 testa-

216 1418 300 1464 tur
349 1408 632 1480 Scriptura
679 1407 1033 1479 apostolicam
1062 1413 1116 1459 et
1143 1402 1509 1475 pontiﬁcalem
1549 1399 1787 1470 dignita-

216 1508 316 1556 tem
345 1517 502 1571 reges
529 1500 873 1556 Christianos
900 1507 1234 1567 ceterosque
1273 1509 1466 1550 omnes
1501 1501 1626 1549 ante
1652 1491 1793 1547 divi-

215 1611 339 1648 num
386 1593 633 1649 tribunal
680 1598 1210 1666 repraesentaturam,
1245 1596 1301 1643 et
1319 1602 1420 1658 pro
1437 1600 1630 1642 eorum
1657 1583 1792 1640 deli-

212 1684 311 1739 ctis
341 1686 614 1740 rationem
645 1685 756 1740 Deo
777 1683 1131 1739 reddituram.
1166 1679 1224 1735 Si
1251 1693 1382 1751 ergo
1405 1677 1556 1749 justo
1572 1675 1749 1731 Iudici
1771 1716 1788 1743 ,

215 1781 264 1828 et
285 1775 379 1845 qui
425 1775 649 1830 mentiri
695 1774 889 1840 nescit,
927 1781 1304 1829 creaturarum
1353 1769 1601 1826 omnium
1627 1765 1796 1821 Crea-

214 1866 316 1920 tori
341 1867 626 1922 tremendo
649 1866 857 1937 judicio
880 1874 936 1920 te
961 1879 1085 1919 sum
1107 1867 1616 1934 repraesentaturus,
1643 1857 1794 1929 judi-

216 1965 295 2012 cet
320 1958 552 2029 diligens
595 1957 860 2028 sapientia
884 1964 977 2011 tua
1005 1971 1076 2010 an
1103 1954 1330 2010 debeam
1357 1951 1444 2007 vel
1470 1949 1677 2022 possim
1707 1964 1798 2004 sa-

217 2048 310 2104 luti
341 2061 451 2106 tua:
475 2064 588 2104 non
618 2047 1036 2120 diligentissime
1061 2051 1416 2112 eavere,ettu
1448 2042 1584 2097 mihi
1613 2041 1682 2116 ad
1709 2056 1800 2096 sa-

214 2141 380 2197 lutem
411 2149 590 2208 tuam,
622 2150 684 2196 ut
705 2139 1004 2196 viventium
1025 2137 1308 2209 possideas
1339 2143 1561 2200 terram,
1599 2133 1800 2188 debeas

207 2235 295 2289 .vel
321 2234 506 2304 possis
553 2233 675 2288 sine
716 2246 871 2287 mora
914 2245 1026 2285 non
1068 2227 1309 2285 obedire.
1349 2225 1646 2282 Provideas
1668 2237 1798 2294 ergo

219 2334 275 2380 ut
301 2340 398 2395 pro
427 2333 482 2379 te
513 2324 852 2379 incessanter
907 2321 1154 2388 insistas,
1202 2319 1248 2375 si
1281 2325 1332 2374 te
1385 2316 1585 2388 diligis,
1628 2314 1800 2370 Deum

219 2415 596 2484 honoremque
611 2413 708 2470 Dei
729 2413 825 2468 tibi
850 2421 1051 2482 tuoque
1065 2424 1380 2482 praeponere
1391 2407 1606 2473 honori,
1630 2405 1802 2462 Deum

221 2506 420 2560 munda
450 2514 658 2573 mente,
690 2504 820 2560 totis
851 2501 1085 2570 viribus,
1126 2501 1338 2572 integro
1369 2499 1532 2555 corde
1558 2497 1800 2568 diligere.

218 2597 391 2654 Crede
415 2599 576 2664 mihi,
633 2598 682 2654 si
709 2597 881 2652 Deum
929 2611 1067 2666 pura
1104 2601 1305 2660 mente,
1337 2600 1399 2648 ut
1444 2590 1623 2656 audis,
1651 2597 1707 2645 et
1744 2596 1806 2642 ut

223 2686 509 2758 Scriptura
535 2687 819 2759 praecipit,
854 2686 1111 2744 dilexeris
1134 2727 1150 2752 ,
1196 2685 1244 2740 si
1273 2682 1367 2739 Dei
1397 2684 1661 2738 honorem
1687 2721 1702 2748 ,
1746 2686 1807 2734 ut

225 2779 406 2847 debes,
436 2781 496 2835 in
525 2781 786 2837 omnibus
811 2789 906 2836 tuo
926 2776 1292 2850 praeposueris
1310 2818 1325 2844 ,
1357 2775 1452 2846 qui
1481 2774 1606 2830 ﬁcte
1633 2771 1808 2827 nescit

225 2872 468 2943 diligere,
499 2872 595 2944 qui
626 2881 819 2943 potens
861 2879 946 2926 est
984 2871 1150 2926 etiam
1171 2876 1225 2924 te
1249 2880 1563 2938 praeponere
1587 2906 1603 2933 ,
1638 2862 1728 2919 hic
1753 2868 1809 2916 et

228 2963 282 3018 in
301 2963 492 3020 futuro
519 2974 572 3020 te
597 2963 1018 3034 amplexabitur,
1035 2970 1091 3019 et
1118 2976 1348 3034 regnum
1381 2969 1534 3015 tuum
1554 2954 1807 3027 omnipo—

229 3057 359 3114 lenti
387 3073 494 3112 suo
520 3057 748 3113 brachio
769 3056 1037 3111 dilatabit.

299 3146 436 3205 Data
466 3147 678 3215 Romae,
708 3155 902 3202 octavo
931 3145 1058 3200 Idus
1092 3142 1241 3209 Maii,
1273 3140 1569 3197 indictione
1589 3138 1769 3194 tertia.

739 3265 1078 3324 EPISTOLA
1113 3263 1306 3320 XXVI.

513 3377 582 3417 ΔΙ)
624 3375 939 3416 ιΑτΗιιυειι
970 3373 1202 3414 ιιεῦιΝΑκ
1231 3367 1533 3411 ΔΝϐΙιΟΙὶυΙο

831 3451 1012 3524 (Anno
1044 3449 1226 3521 roso.)

236 3565 368 3638 Ejus
389 3565 550 3638 ﬁdem
578 3565 929 3638 commendat.
955 3563 1200 3638 Munera,
1223 3578 1342 3634 qua
1360 3562 1536 3631 oﬁ'ert,
1571 3557 1723 3613 nulla
1737 3556 1821 3611 al-

299 3636 458 3692 lia‘se
483 3647 720 3707 expetere
741 3637 820 3690 ait
839 3652 999 3707 quam
1022 3636 1186 3688 vitam
1215 3643 1460 3707 castam,_
1490 3645 1667 3707 rerum
1689 3644 1818 3707 sua-

305 3725 427 3762 rum
441 3708 500 3760 in
524 3698 778 3778 pauperes
826 3698 1202 3779 e'rogationem,
1236 3713 1286 3760 et
1305 3703 1536 3775 proximi
1581 3698 1822 3754 dilectio-

301 3795 442 3833 nem.

233 3921 238 3925 ι
305 3897 620 3954 Caesonius
651 3895 963 3967 episcopus,
995 3894 1203 3966 {servus
1229 3906 1513 3950 servorum
1539 3887 1660 3956 Dei,
1708 3887 1824 3943 MA-

240 4009 427 4048 xanm
479 3985 681 4064 reginae
723 3989 1047 4063 Anglorum,
1102 3986 1333 4063 salutem
1362 3992 1418 4040 et
1466 3981 1820 4054 apostolicam

242 4085 692 4143 benedictionem.

313 4176 668 4249 lngenuitatis
679 4182 878 4232 vestra:
897 4173 1053 4229 lectis
1079 4170 1299 4236 litteris,
1315 4183 1478 4239 quam
1508 4165 1652 4221 ﬁdeli
1674 4179 1828 4219 men-

243 4279 298 4326 te
343 4269 458 4326 Deo
506 4269 764 4336 obedias,
817 4276 1019 4339 quanta
1068 4264 1358 4322 dilectione
1410 4261 1663 4315 ﬁdelibus
1716 4258 1828 4313 tuis

244 4363 525 4419 adhaerens
549 4361 939 4418 intelleximus.
987 4358 1098 4415 Nos
1127 4370 1349 4428 quoque
1378 4353 1654 4425 quomodo
1683 4366 1834 4406 men—

247 4456 319 4511 tis
344 4464 454 4510 tua:
476 4454 741 4510 memoria
769 4459 1068 4522 praesentes
1097 4448 1398 4513 contineat,
1423 4460 1490 4500 ex
1519 4441 1833 4513 amplitudi-
1861 4449 1911 4504 D

249 4549 336 4604 nis
353 4555 460 4603 tua:
479 4544 944 4618 promissionibus
971 4559 1083 4598 non
1107 4541 1292 4597 minus
1321 4537 1674 4609 percipimus,
1703 4533 1830 4606 qui-

248 4637 350 4694 bus
377 4637 703 4708 designastis
733 4642 798 4694 ut
831 4633 1095 4704 quidquid
1121 4632 1188 4688 de
1214 4629 1413 4686 vestris
1460 4627 1744 4694 vellemus,
1785 4624 1834 4681 si

251 4737 437 4786 notum
452 4731 604 4786 vobis
633 4728 818 4794 ﬁeret,
844 4727 966 4781 sine
993 4740 1147 4780 mora
1179 4722 1607 4792 susciperemus.
1634 4717 1792 4785 Quod
1815 4759 1831 4785 ,

253 4822 358 4876 ﬁlia
401 4822 749 4888 charissima,
780 4835 891 4890 qua
945 4815 1289 4887 suscepimus
1316 4813 1606 4869 dilectione
1627 4818 1682 4866 et
1715 4825 1838 4880 quae

253 4928 470 4969 munera
494 4931 526 4970 a
553 4923 606 4971 te
633 4923 923 4984 optamus,
949 4910 1030 4966 sic
1055 4906 1348 4977 intelligas.
1374 4903 1530 4972 Quod
1561 4903 1709 4960 enim
1737 4917 1837 4957 au-

255 5020 391 5072 rum,
417 5023 536 5077 quae
565 5021 824 5081 gemmae,
843 5018 966 5074 quae
993 5000 1182 5056 mundi
1206 4997 1370 5068 hujus
1383 4996 1621 5068 pretiosa
1645 4994 1780 5050 mihi
1809 5010 1840 5050 a

1889 1334 2343 1390 benedictionem.

1959 1425 2107 1481 Certi
2136 1441 2389 1481 rumores
2417 1441 2634 1482 morum
2665 1431 2909 1494 tuorum,
2969 1435 3024 1483 et
3050 1434 3160 1483 tum
3179 1426 3481 1498 prudentiae

1892 1525 1947 1573 et
1973 1517 2335 1585 liberalitatis,
2363 1519 2458 1588 qui
2479 1533 2656 1589 usque
2683 1519 2750 1574 ad
2781 1536 2881 1575 nos
2923 1529 3312 1590 pervenerunt,
3351 1536 3481 1591 par-

1894 1611 1992 1665 tim
2021 1609 2311 1666 dilectione
2335 1615 2644 1681 parent'um,
2670 1611 2870 1681 partim
2901 1611 3152 1684 tuaJnos
3173 1611 3484 1667 laetiﬁcave-

1827 1738 1870 1794 Β
1895 1709 2043 1757 runt.
2077 1700 2183 1768 Qui
2197 1717 2329 1757 vero
2357 1712 2580 1757 econtra
2610 1704 2976 1773 quorumdam
3018 1719 3317 1774 pravorum
3347 1718 3485 1759 con-

1900 1794 2025 1850 silio
2048 1809 2212 1849 aures
2249 1803 2467 1850 nostras
2504 1795 2935 1850 molestaverunt
2961 1804 3043 1863 ,ut
3091 1795 3305 1866 priores
3344 1796 3488 1850 hila-

1899 1902 2036 1954 rem,
2063 1885 2145 1942 sic
2177 1885 2391 1941 sinistri
2438 1902 2540 1942 nos
2561 1887 2843 1942 reddidere
2871 1887 3106 1942 tristem.
3151 1885 3307 1943 Nunc
3336 1903 3485 1954 vero,

1899 1979 2028 2049 quia
2049 1993 2146 2048 per
2171 1976 2473 2033 Hubertum
2495 1979 2668 2034 ﬁlium
2696 1987 2947 2035 nostrum
2979 1978 3359 2034 audivimuste
3387 1994 3485 2048 pa-

1900 2070 2071 2124 ternis
2099 2069 2345 2125 consiliis
2372 2070 2742 2140 acquiescere,
2774 2086 3069 2140 pravorum
3100 2087 3232 2126 vero
3261 2071 3490 2126 omnino

1901 2161 2210 2228 dimittere,
2261 2161 2532 2217 laetamur.
2577 2161 2807 2232 Insuper
2858 2177 3148 2218 monemus
3185 2170 3239 2217 et
3266 2171 3492 2232 paterae

1902 2268 2212 2323 precamur,
2262 2261 2325 2307 ut
2368 2253 2536 2308 menti
2575 2263 2682 2308 tuae
2724 2269 2940 2324 semper
2988 2253 3060 2308 sit
3087 2253 3315 2308 inﬁxum
3362 2253 3493 2324 quia

1903 2360 2068 2414 quam
2107 2343 2234 2398 forti
2261 2361 2462 2411 manu,
2506 2360 2672 2416 quam
2702 2344 2981 2416 divulgata
3021 2346 3195 2416 gloria
3226 2345 3493 2416 quidquid

1904 2444 2057 2505 pater
2079 2443 2208 2491 tuus
2227 2435 2506 2506 possideat
2532 2436 2602 2491 ab
2643 2452 2739 2492 ore
2768 2435 3122 2492 inimicorum
3159 2437 3490 2504 extraxerit,

1907 2528 2086 2583 sciens
2114 2535 2298 2582 tamen
2353 2543 2413 2583 se
2462 2542 2574 2582 non
2627 2527 2681 2582 in
2711 2536 3036 2598 perpetuum
3063 2528 3270 2595 vivere,
3297 2529 3392 2584 sed
3423 2530 3493 2585 ad

1907 2619 2012 2673 hoc
2036 2626 2150 2672 tam
2178 2618 2408 2672 viriliter
2446 2617 2701 2674 insistere
2739 2625 2802 2672 ut
2827 2617 3030 2672 hzeredi
3064 2617 3230 2673 alicui
3268 2633 3372 2673 suo
3411 2619 3497 2674 di-

1909 2709 2165 2763 mitteret.
2197 2707 2404 2764 Caveas
2431 2724 2582 2780 ergo,
2605 2708 2681 2764 ﬁli
2704 2708 3079 2775 dilectissime,
3109 2709 3494 2777 admonemus,

1909 2813 1979 2852 ne
2003 2797 2204 2852 abhinc
2224 2813 2522 2868 pravorum
2549 2799 2797 2855 consiliis
2823 2799 3146 2868 acquiescas
3173 2799 3378 2870 quibus
3407 2815 3500 2869 pa-

1911 2899 2049 2946 trem
2075 2889 2318 2945 oﬂ‘ehdas
2344 2898 2397 2945 et
2445 2898 2680 2945 matrem
2715 2889 3078 2946 contristeris.
3115 2887 3236 2943 Sint
3272 2889 3372 2943 tibi
3410 2889 3499 2943 in-

1910 2980 2304 3038 dissolubiliter
2326 2980 2494 3035 inﬁxa
2523 2989 2794 3051 praecepta
2821 2987 2875 3035 et
2900 2979 3106 3034 monita
3126 2978 3312 3034 divina
3340 2998 3352 3033 :
3384 2977 3501 3032 Ho-

1837 3103 1878 3161 c
1911 3093 2042 3130 nora
2063 3083 2288 3145 patrem,
2313 3082 2362 3127 et
2385 3081 2626 3141 matrem,
2649 3081 2709 3127 ut
2735 3073 2810 3127 sis
2841 3071 3106 3142 longaevus
3128 3087 3284 3141 super
3305 3079 3503 3124 terram

1915 3165 2115 3238 (Exod.
2145 3181 2250 3234 xx;
2282 3163 2434 3220 Deut.
2467 3164 2543 3236 v).
2574 3163 2642 3218 Et
2671 3163 2843 3219 illud:
2891 3163 2995 3228 Qui
3017 3161 3357 3217 maledixerit
3399 3178 3502 3233 pa-

1916 3260 2008 3328 tri,
2031 3258 2111 3314 vel
2151 3259 2336 3324 matri,
2375 3267 2542 3312 morte
2563 3257 2827 3311 moriatur
2862 3254 3060 3328 (Exod.
3089 3254 3226 3326 ιιι).
3269 3253 3325 3308 Si
3371 3270 3503 3324 vero

1914 3366 1982 3407 ex
2000 3351 2208 3406 honore
2232 3349 2404 3421 patris
2426 3359 2480 3404 et
2500 3349 2693 3404 matris
2719 3346 2933 3420 longior
2954 3344 3054 3401 tibi
3107 3345 3365 3400 tribuitur
3416 3345 3503 3398 vi-

1918 3451 1992 3509 ta,
2017 3449 2240 3497 econtra
2267 3440 2316 3496 si
2337 3440 2688 3507 dehonestas,
2723 3439 2855 3510 quid
2884 3437 3182 3503 tribuatur,
3233 3436 3398 3492 liceat
3425 3436 3508 3490 vi-

1918 3535 2072 3591 deas.
2125 3531 2184 3587 Si
2221 3541 2403 3588 autem
2437 3547 2504 3588 ex
2526 3531 2834 3588 maledictis
2878 3537 3110 3586 mortem
3160 3522 3296 3584 ﬁlio
3321 3527 3507 3585 divina

1921 3627 2208 3698 Scriptura
2234 3627 2466 3692 intonat,
2497 3625 2672 3681 multo
2699 3623 2902 3680 certius
2943 3637 3012 3678 ex
3031 3620 3334 3678 malefactis
3386 3637 3508 3677 cer—

1922 3721 2118 3776 tiorem
2155 3727 2384 3775 mortem
2416 3717 2680 3793 insinuat.
2734 3715 2877 3783 Quid
2895 3730 3026 3786 ergo
3050 3723 3240 3782 restat,
3264 3715 3311 3770 si
3333 3729 3508 3769 mem-

1922 3813 2082 3868 brum
2110 3810 2317 3867 Christi
2361 3810 2446 3866 vis
2480 3810 2666 3866 vivere
2691 3817 2746 3865 et
2771 3809 2827 3862 in
2864 3807 3071 3863 mundo
3123 3807 3229 3862 isto
3277 3806 3508 3862 honeste

1925 3903 2274 3960 conversari?
2297 3901 2600 3957 Pravorum
2619 3900 2845 3957 consilia
2868 3915 2936 3956 ex
2961 3898 3136 3954 oﬂicio
3161 3906 3349 3954 nostro
3371 3912 3511 3968 prte-

1926 3997 2158 4066 cipimus
2180 3995 2398 4065 penitus
2420 3993 2684 4060 dimittas,
2705 3991 2884 4047 Patris
2895 3990 3163 4047 voluntati
3186 3990 3242 4044 in
3255 3987 3510 4045 omnibus

1927 4089 2269 4160 acquiescas.

1995 4181 2131 4236 Data
2163 4178 2374 4245 Romae,
2410 4193 2508 4231 vm
2531 4174 2659 4231 Idus
2686 4174 2832 4242 Maii,
2867 4173 3161 4229 indictione
3183 4187 3264 4227 ιιι.

2421 4287 2757 4343 EPISTOLA
2783 4285 3020 4340 XXVIII.

2285 4399 2352 4439 AD
2379 4397 2671 4438 EPISCOI’UH
2716 4393 3058 4435 BENEVENTAN
3067 4391 3156 4432 UH.

2522 4473 2704 4546 (Anno
2742 4469 2926 4542 I080.)

1946 4569 2071 4626 Vult
2101 4576 2160 4622 ut
2191 4566 2472 4638 quemdam
2499 4567 2793 4620 convictum
2832 4562 3138 4638 hazreticum
3164 4559 3443 4638 exquirat
3465 4565 3517 4611 et

2005 4627 2301 4699 examinet;
2327 4637 2375 4690 si
2405 4639 2795 4706 resipiscentem
2844 4633 3116 4706 invenerit,
3157 4631 3213 4706 in
3243 4627 3390 4706 nullo
3423 4627 3519 4683 lte-

2009 4727 2127 4764 sum
2152 4709 2388 4762 dimittat
2413 4725 2432 4773 ,°
2461 4701 2546 4762 sin
2568 4709 2762 4771 minus,
2792 4721 2884 4775 per
2907 4702 3271 4775 paenitentiam
3318 4701 3388 4754 ad
3424 4716 3519 4752 sa-

2009 4797 2134 4835 nam
2175 4779 2475 4832 doctrinam
2506 4777 2752 4832 reducere
2780 4773 2967 4839 curet;
2997 4775 3043 4829 si
3081 4773 3424 4837 obstinatum,
3457 4783 3522 4822 ea:

2010 4851 2468 4920 archiepiscopum
2519 4848 2749 4920 expellat
2784 4855 2949 4920 _utque
2975 4845 3119 4920 __ejus_
3149 4859 3366 4920 causam
3415 4853 3523 4920 una

2009 4939 2128 4976 cum
2150 4914 2347 4974 abbate
2367 4919 2558 4973 montis
2582 4914 2795 4974 Cassini
2819 4914 2873 4970 et
2896 4914 3214 4987 quibusdam
3264 4914 3526 4985 episcopis

2010 4993 2252 5062 deﬁniat.

2013 5084 2316 5104 ηγ-.-------
2362 5097 2647 5104 -_.----_-_--
2706 5091 2897 5104 hanc..-
2932 5094 3211 5104 -ιι-..‹Α--οοιι

3263 5079 3333 5104 ὶΑὲ
3421 5077 3538 5104 θνη-
