3972 5390
147 379 248 438 533

1236 369 1442 433 LIBER
1477 366 1835 433 OCTAVUS;
1862 399 1936 411 --
1971 370 2193 432 EPIST.
2230 370 2274 432 l.

3270 376 3277 383 ’
3292 372 3398 431 δτι

122 508 176 547 se
207 490 470 554 cernitur,
502 498 684 567 tamen
718 499 870 548 extra
897 488 1189 554 aediﬁcium
1230 489 1395 560 jacet.
1431 487 1696 556 Quintum
1724 487 1772 553 Α
1799 485 2019 545 lectioni
2046 503 2180 545 vero
2205 496 2317 545 tua:
2353 485 2555 545 iterum
2601 486 2930 546 inculcanda
2960 487 3300 546 mandamus
3332 497 3396 545 ut

121 599 331 654 ηιιυιιιιρ
358 584 655 645 concilium
694 583 894 654 pariter
934 599 1200 651 veneror,
1234 583 1289 639 in
1335 598 1446 654 quo
1473 580 1703 652 cpistola

120 693 233 744 qlia:
259 674 361 727 Iba:
396 674 601 732 dicitur
636 677 849 753 erroris.
866 676 1022 747 plena
1060 676 1405 747 reprobatur,
1457 672 1706 729 Theodo-

123 784 209 822 rus
238 782 531 835 personam
550 766 863 824 .llediatoris
888 767 979 825 Dei
1014 778 1071 827 et
1093 768 1381 827 hominum
1402 766 1456 824 in
1483 765 1701 825 duabus

119 860 435 921 substantiis
481 875 748 937 separatis
784 861 852 916 ad
901 861 1200 931 impietatis
1228 859 1509 931 perﬁdiam
1560 857 1704 915 ceci-

118 953 257 1007 disse
278 952 652 1019 convincitur,
683 954 884 1026 scripta
945 969 1169 1025 quoque
1221 951 1559 1018 Theodoriti,
1606 965 1704 1021 per

119 1060 232 1113 qmc
263 1044 408 1098 heati
438 1044 633 1117 Cyl-illi
663 1045 795 1101 fides
822 1046 1261 1116 reprehenditur,
1312 1061 1453 1101 ausu
1480 1045 1704 1102 demen-

118 1137 202 1193 tia:
228 1137 439 1205 prolata
480 1137 809 1201 refutantur.
840 1137 1081 1195 Cunctas
1121 1153 1254 1196 vero
1293 1153 1433 1209 quas
1477 1135 1702 1208 praefata

118 1226 414 1280 veneranda
439 1228 680 1283 concilia
703 1242 971 1298 personas
1000 1238 1268 1300 respuunt
1295 1243 1532 1299 respuo,
1562 1242 1704 1298 quas

119 1328 438 1377 venerantur
467 1319 802 1391 amplector;
858 1320 1189 1390 quiatdum
1220 1319 1519 1376 universali
1571 1328 1704 1375 sunt

118 1420 378 1483 consensu
445 1409 773 1475 constituta,
801 1425 860 1466 se
885 1419 941 1467 et
962 1424 1072 1473 non
1120 1411 1212 1469 illa
1253 1411 1506 1477 destruit,
1541 1409 1700 1481 quis,-

118 1498 232 1566 quis
261 1500 554 1568 pnesumit
574 1511 673 1557 aut
694 1502 908 1571 solvere
932 1516 1077 1572 quos
1125 1502 1317 1575 ligant,
1347 1512 1444 1559 aut
1470 1502 1702 1574 religare

119 1590 504 1658 quossolvunt.
536 1592 802 1664 Quisquis
824 1608 955 1665 ergo
996 1593 1146 1653 aliud
1194 1594 1358 1666 sapit,
1408 1594 1698 1653 anathema

120 1681 205 1736 sit.
231 1681 321 1738 llis
346 1684 539 1755 itaque
564 1685 903 1742 sanctissimi
939 1686 1045 1747 viri
1092 1687 1463 1759 prmeipuique
1508 1686 1700 1745 docto-

120 1772 196 1828 ris
233 1775 409 1831 verbis
460 1776 755 1849 diligenter
786 1775 1099 1845 declaratis,
1145 1779 1491 1850 prudentiam
1545 1787 1694 1834 tuam

118 1865 387 1927 charitatis
436 1867 639 1925 affectu
706 1870 1164 1927 oommonendam
1222 1871 1544 1928 censuimus
1565 1911 1582 1936 ,
1643 1882 1702 1926 ιιι

118 1957 404 2017 clausulam
427 1975 601 2030 quam
624 1960 681 2016 in
709 1961 801 2017 illa
831 1962 993 2023 laude
1028 1962 1363 2043 subjungitis
1396 1984 1410 2019 :
1462 1963 1702 2025 Sanctus

116 2047 291 2118 Deus,
329 2061 557 2109 sanctus
596 2053 757 2110 fortis
783 2095 799 2120 ,
845 2063 1068 2111 sanctus
1118 2056 1481 2125 immortalis;
1537 2057 1700 2118 istam

114 2140 406 2198 videlicet:
474 2141 583 2211 Qui
636 2144 935 2203 cruciﬁxus
988 2162 1072 2214 es,
1144 2146 1327 2220 (torte,
1370 2166 1450 2206 es.
1496 2148 1698 2224 1].“th

116 2248 218 2302 pro
248 2234 432 2304 nobis,
477 2236 745 2307 quoniam
782 2238 929 2296 nulla
956 2237 1344 2308 Orientalium,
1374 2252 1570 2313 praeter
1606 2260 1701 2299 ve-

116 2335 299 2393 stram,
324 2329 417 2397 sed
448 2345 551 2388 nec
582 2340 773 2388 saneta
803 2331 1055 2389 Romana
1101 2334 1268 2391 habet
1293 2334 1561 2403 Ecclesia,
1598 2352 1701 2395 vos

117 2416 276 2471 Latius
296 2418 540 2474 scandali
568 2422 917 2478 occasionem
948 2422 1216 2495 pravique
1270 2424 1580 2481 intellectus
1602 2441 1700 2481 su-

114 2507 400 2576 spicionem
448 2511 723 2580 vitantes,
784 2514 1157 2583 superaddere
1204 2515 1275 2572 de
1316 2525 1517 2573 caetero
1568 2517 1699 2572 mit-

119 2600 255 2655 tatis.
307 2600 365 2655 Si
403 2602 553 2657 enim
589 2619 690 2660 vas
728 2604 1035 2675 electionis,
1082 2606 1439 2666 beatissimus
1493 2608 1699 2668 Paulus

118 2692 181 2745 de
225 2693 503 2749 sumendis
563 2695 705 2751 cibis
763 2696 962 2753 melius
1037 2697 1144 2753 sibi
1169 2714 1298 2755 esse
1372 2716 1480 2756 non
1542 2717 1701 2759 man-

120 2783 303 2839 ducare
336 2800 519 2855 neque
571 2786 762 2843 bibere
811 2804 979 2859 quam
1027 2798 1088 2844 ιιι
1134 2788 1305 2845 frater
1353 2793 1698 2849 scandaliza-

121 2884 256 2928 retur
272 2876 514 2931 asseruit
538 2875 595 2946 (Ι
618 2876 744 2932 Cor.
768 2880 912 2949 vin),
934 2880 1285 2937 considerare
1305 2883 1515 2940 debetis
1534 2901 1700 2955 quam

121 2982 266 3036 grave
283 2976 337 3023 et
361 2968 741 3039 periculosum
763 2971 854 3031 sit.
881 2972 971 3027 ubi
1006 2972 1212 3029 saniori
1238 2974 1510 3031 intellectu
1541 2977 1702 3031 vitari

120 3067 298 3127 potest,
324 3060 597 3119 fratribus
635 3063 704 3117 de
745 3063 849 3119 fide
888 3065 1210 3121 scandalum
1239 3082 1518 3138 generare.
1551 3069 1701 3135 Qua-

120 3159 322 3221 propter
340 3151 668 3209 fraternitas
693 3164 786 3210 tua
811 3154 1069 3212 Ecclesia:
1086 3157 1249 3227 cujus
1269 3158 1373 3214 sibi
1404 3176 1537 3216 cura
1557 3176 1701 3215 com-

121 3244 271 3299 missa
291 3253 376 3300 est
398 3246 707 3308 tenendum
749 3256 922 3316 putet,
948 3256 1005 3303 et
1041 3249 1230 3307 credat
1266 3250 1512 3307 sufﬁcere
1550 3253 1695 3323 quod
1728 3234 1759 3259 υ

121 3336 369 3391 catholica
392 3337 447 3391 in
469 3338 669 3399 orbem
688 3346 962 3396 terrarum
984 3340 1179 3398 diﬁ‘usa
1205 3340 1465 3409 Ecclesia,
1493 3341 1699 3414 Spiritu

123 3437 294 3487 sancto
334 3429 656 3495 illustrante
698 3433 1134 3500 edocta,sentire
1173 3437 1524 3507 cognoscitur
1541 3446 1595 3492 et
1623 3446 1703 3494 te-

123 3534 232 3576 nere
250 3510 591 3578 declaratur.
624 3522 702 3579 De
730 3524 964 3595 reliquo,
994 3526 1123 3596 quia
1145 3528 1502 3598 cognovimus
1523 3528 1704 3586 Eccle-

122 3612 242 3667 siam
268 3623 508 3669 vestram
539 3631 736 3687 azyma
758 3616 1096 3686 sacriﬁcare,
1125 3629 1181 3677 et
1206 3620 1278 3675 ob
1311 3621 1415 3677 hoc
1436 3637 1468 3677 a
1499 3621 1702 3684 Graecis

123 3703 370 3759 duntaxat
398 3706 678 3777 imperitis
712 3709 872 3778 quasi
903 3710 971 3765 de
1004 3710 1196 3773 haeresi
1223 3714 1566 3782 reprehendi,
1607 3731 1703 3770 vo-

122 3794 287 3852 lumus
306 3813 404 3854 vos
424 3798 495 3853 de
517 3800 813 3855 temeraria
847 3803 1169 3873 garrulitate
1206 3804 1428 3862 illorum
1467 3808 1701 3865 multum

124 3887 311 3955 mirari,
338 3889 435 3946 sed
458 3906 563 3953 nec
583 3892 656 3953 ab
676 3892 929 3958 instituto
954 3894 1239 3963 desistere,
1260 3896 1496 3954 scientes
1511 3914 1700 3954 eormn

124 3983 493 4047 procacitatem
517 3999 633 4039 non
660 3985 822 4040 modo
844 3985 1000 4045 vobis
1022 3987 1164 4049 hanc
1184 3989 1348 4053 veluL
1370 3991 1701 4051 calumniam

123 4073 363 4141 ohjicere,
385 4089 583 4129 verum
612 4074 782 4131 etiam
814 4076 882 4132 de
903 4076 1071 4133 simili
1092 4094 1282 4147 causa,
1315 4081 1552 4151 graviori
1575 4100 1703 4141 vero

124 4162 329 4234 injuria,
352 4166 652 4237 hucusque
676 4176 869 4223 contra
889 4179 1138 4239 sanctam
1174 4171 1476 4229 Romanam
1518 4173 1706 4232 Eccles-

123 4256 244 4310 siam
267 4258 580 4327 insurgere,
609 4274 736 4328 quae
756 4274 855 4329 per
873 4261 1095 4323 beatum
1117 4261 1359 4332 Petrum,
1382 4267 1543 4337 quasi
1566 4283 1705 4338 quo-.-

123 4347 231 4402 dam
252 4348 564 4421 privilegio,
588 4351 662 4405 ab
683 4350 822 4420 ipsis
842 4351 968 4408 ﬁdei
988 4355 1309 4424 primordiis
1333 4374 1365 4413 a
1387 4361 1596 4417 sanctis
1611 4360 1707 4416 Pa-

126 4439 281 4499 tribus
300 4442 553 4503 omnium
575 4450 756 4497 mater
784 4441 1158 4503 Ecelesiarum
1197 4448 1521 4519 adstruitur,
1550 4462 1604 4508 et
1629 4455 1704 4509 ita

1804 580 1873 637 de
1899 580 2311 652 suprascriptis,
2346 588 2404 636 et
2438 580 2508 637 de
2545 580 2671 638 aliis
2691 596 2819 652 qua:
2843 581 2912 638 ad
2933 580 3095 637 ﬁdem
3119 580 3392 653 pertinere

1804 680 2124 738 cernuntur,
2153 671 2390 742 qualiter
2418 680 2606 728 teneas
2638 687 2739 743 per
2763 679 3130 728 memoratum
3164 672 3391 743 presby-

1804 771 2007 830 terum,
2028 773 2125 821 aut
2143 778 2238 833 per
2263 764 2433 820 alium
2461 764 2720 820 idoneum
2750 764 3006 822 nuntium
3035 774 3162 820 tuas
3189 764 3257 819 ad
3286 778 3390 819 nos

1802 855 2012 913 litteras
2051 856 2269 912 mittere
2294 857 2535 913 studeas.
2579 856 2806 929 Insuper
2843 858 3029 924 etiam,
3069 857 3196 913 licet
3218 856 3392 913 soler-

1803 950 1934 1005 tiam
1960 958 2110 1007 tuam
2130 949 2270 1006 bene
2289 949 2508 1005 doctam
2530 949 2841 1017 credamus,
2882 965 2952 1006 ex
2994 949 3179 1006 debito
3206 958 3387 1004 tamen

1802 1056 1923 1096 eam
1946 1041 2229 1098 charitatis
2255 1040 2453 1098 affectu
2481 1042 2672 1113 paucis
2691 1056 3001 1109 monemus,
3021 1041 3181 1113 quasi
3202 1041 3390 1099 distri-

1803 1133 1876 1188 cti
1897 1134 2166 1190 examinis
2178 1134 2332 1190 .diem
2356 1148 2573 1205 semper
2594 1136 2708 1205 prae
2728 1134 2904 1190 oculis
2946 1134 3153 1191 habens
3175 1174 3193 1202 ,
3232 1146 3389 1188 com-

1805 1226 2117 1285 missaesibi
2135 1227 2523 1284 sollicitudinis
2549 1226 2824 1283 sarcinam
2844 1227 3063 1299 cogitet;
3103 1235 3180 1293 et,
3208 1239 3392 1298 quan-o

1805 1327 1920 1374 tum
1946 1314 2099 1374 illum
2129 1318 2249 1376 sine
2276 1319 2538 1375 dilatione
2572 1317 2821 1375 celeriter
2852 1318 3232 1391 approximare
3257 1332 3392 1373 con-

1802 1410 2025 1475 siderat,
2057 1416 2211 1468 tanto
2239 1411 2309 1468 de
2340 1411 2613 1467 reddenda
2638 1411 2884 1482 pecunia:
2912 1411 3124 1465 ratione
3150 1424 3392 1481 propen-

1786 1503 1921 1559 sius
1958 1503 2184 1575 vigilare
2223 1519 2333 1560 non
2374 1503 2610 1576 negligat
2649 1518 2762 1575 quo
2788 1518 3014 1560 severus
3050 1498 3391 1568 Faenerator,

1802 1594 2055 1665 idemque
2083 1595 2293 1668 rigidus
2316 1595 2534 1651 Arbiter
2564 1611 2673 1650 non
2695 1595 2764 1651 de
2784 1595 2927 1652 male
2955 1595 3167 1651 infossa
3186 1593 3393 1648 talento

1800 1687 1931 1756 quid
1953 1688 2174 1757 deputet
2200 1688 2377 1758 poenis
2397 1687 2656 1754 inveniat,
2679 1687 2772 1743 sed
2802 1687 2870 1742 de
2902 1686 3262 1757 multiplicato
3304 1685 3393 1740 lu-

1802 1793 1899 1834 ero
1920 1779 2167 1835 arridens
2193 1796 2292 1835 vos
2314 1780 2380 1836 ad
2405 1780 2647 1836 fructum
2676 1780 2848 1835 beata-
2867 1766 3246 1835 retributionis
3268 1792 3394 1848 per-

1806 1871 2118 1941 cipiendum
2140 1871 2350 1927 invitet.
2374 1868 2733 1943 Omnipotens
2754 1870 2921 1938 Deus,
2944 1871 3104 1941 cujus
3125 1878 3208 1925 est
3233 1868 3394 1939 quid—

1790 1964 1936 2035 quid
1984 1973 2131 2021 recte
2178 1963 2424 2035 sapimus
2449 2006 2464 2031 ,
2514 1963 2784 2020 sentimus
2822 1970 2879 2019 et
2920 1962 3239 2028 credimus,
3275 1960 3393 2030 ipse

1806 2066 2045 2113 mentem
2074 2064 2183 2114 tua:
2224 2055 2584 2113 fraternitatis
2628 2056 2856 2111 uberius
2897 2046 3258 2110 illuminanda
3292 2066 3393 2122 per

1805 2149 1925 2205 sani
1953 2148 2261 2205 intellectus
2302 2150 2572 2205 tramitem
2601 2148 2820 2219 dirigat,
2863 2156 2918 2203 et
2945 2156 2999 2203 te
3039 2146 3094 2201 in
3130 2142 3391 2201 concordi

1804 2240 2045 2297 ﬁdelium
2072 2241 2282 2297 unitate
2310 2256 2645 2297 conservans
2686 2241 2760 2295 ita
2803 2240 3070 2312 gubernet
3096 2248 3261 2308 atque
3292 2249 3391 2290 c1-

1803 2333 2008 2390 stodiat
2028 2342 2090 2389 ut
2114 2342 2168 2390 et
2190 2333 2466 2404 subjectos
2488 2332 2582 2388 tibi
2607 2330 2840 2403 populos
2875 2330 3165 2407 eﬁicaciter
3202 2328 3272 2384 de
3304 2325 3390 2381 di-

1801 2425 1927 2481 vina
1952 2424 2181 2481 scientia
2205 2425 2380 2497 possit
2400 2425 2694 2493 instruere,
2715 2432 2914 2479 etcum
2936 2422 3072 2494 ipsis
3099 2417 3389 2489 sempiter-

1804 2533 1931 2572 nam
1962 2517 2190 2599 gloriam
2216 2516 2471 2589 ingredi,
2516 2533 2619 2591 pro
2658 2516 2741 2575 eis
2777 2530 2909 2573 vero
2947 2514 3132 2575 valeas
3166 2508 3390 2587 praemia

1804 2623 2018 2665 summa
2040 2610 2342 2682 percipere.
2392 2682 2395 2685 _

1872 2699 2006 2757 Data
2033 2690 2229 2758 octavo
2256 2700 2383 2758 ldus
2409 2698 2576 2759 Junii.

2100 2794 2251 2867 (400)
2286 2793 2656 2848 Juramentum
2683 2789 2899 2845 Roberti
2924 2791 3096 2845 ducis.

1874 2882 1988 2956 Ego
2017 2884 2311 2951 Bobcrtus,
2344 2884 2443 2940 Dei
2480 2883 2649 2955 gratia
2673 2891 2728 2937 ct
2762 2882 2935 2938 sancti
2959 2881 3124 2945 Petri,
3160 2879 3387 2950 Apulia},

1804 2983 1859 3031 et
1877 2974 2143 3033 Calabria:
2165 2984 2220 3034 ct
2248 2976 2445 3033 Sicilire
2466 2975 2575 3031 dux
2601 3016 2616 3042 ,
2660 2973 2730 3028 ab
2757 2974 2861 3029 hac
2892 2974 3023 3028 hora
3049 2980 3103 3028 et
3134 2971 3391 3040 deinceps

1803 3085 1898 3125 cro
1928 3054 2101 3125 ﬁdelis
2142 3077 2345 3124 sancte
2386 3067 2646 3123 Romana:
2678 3065 2954 3131 Ecclesiae,
2981 3073 3037 3120 et
3076 3062 3391 3143 apostolicae

1798 3144 1918 3215 sedi
1948 3170 2001 3215 et
2023 3160 2142 3228 tibi,
2171 3160 2394 3215 domino
2424 3173 2550 3215 meo
2575 3155 2858 3228 Gregorio,
2890 3154 3184 3239 universali
3213 3168 3386 3224 papae.

1810 3250 2120 3308 lniconsilio
2150 3254 2231 3308 vel
2262 3252 2427 3320 facto,
2452 3252 2595 3307 unde
2625 3250 2791 3306 vitam
2821 3258 2916 3305 aut
2944 3250 3250 3306 membrum
3272 3263 3393 3318 per—

1806 3345 1924 3412 das,
1944 3348 2028 3401 vel
2049 3355 2243 3417 captus
2264 3345 2342 3402 sis
2363 3344 2505 3400 mala
2528 3343 2779 3414 captione
2800 3358 2911 3399 non
2927 3356 3042 3397 ero.
3060 3340 3389 3405 Consilium,

1794 3438 1951 3509 [quod
1975 3438 2107 3493 mihi
2130 3436 2428 3493 credideris
2448 3445 2503 3492 et
2523 3434 2923 3514 contradixeris
2951 3449 3020 3489 ne
3051 3433 3182 3488 illud
3212 3431 3391 3487 mani.

1806 3530 2000 3588 festem
2024 3572 2041 3597 ,
2078 3545 2187 3585 non
2235 3527 2599 3584 manifestabo
2640 3528 2705 3582 ad
2749 3535 2911 3605 tuum
2946 3526 3208 3605 damnum
3235 3566 3250 3590 ,
3304 3539 3392 3578 me

1807 3624 2031 3681 sciente.
2082 3621 2295 3678 Sanctae
2323 3621 2587 3677 Romana:
2626 3610 2887 3676 Ecclesia:
2924 3619 3132 3690 tibique
3174 3616 3393 3686 adjutor

1806 3731 1901 3772 cro
1924 3716 1992 3778 ad
2016 3714 2331 3781 tenendum,
2354 3712 2768 3784 acquirendum,
2791 3720 2845 3767 et
2873 3708 3269 3787 defendendum
3301 3724 3391 3764 re-

1806 3808 1944 3878 galia
1997 3806 2171 3864 sancti
2218 3805 2385 3872 Petri,
2434 3790 2663 3876 ejusque
2708 3802 3084 3875 possessiones
3128 3816 3228 3871 pro
3269 3816 3393 3857 meo

1806 3916 1969 3971 posse
1990 3908 2181 3955 contra
2212 3914 2403 3954 omnes
2433 3897 2706 3963 homines,
2736 3903 2961 3966 excepta
3002 3902 3154 3966 parte
3182 3892 3393 3946 Firma-

1808 4008 1890 4046 na:
1918 3991 2196 4058 marchim,
2219 3999 2273 4045 et
2297 3986 2525 4044 Salerno
2553 3996 2717 4059 atque
2746 3986 3019 4057 Amalplii,
3045 3986 3188 4041 unde
3212 3985 3393 4040 adhuc

1809 4082 1949 4139 facta
1979 4099 2086 4139 non
2112 4091 2196 4137 cst
2235 4081 2480 4136 deﬁnitio
2505 4123 2519 4147 ,
2549 4088 2605 4136 et
2628 4079 2900 4151 adjuvabo
2930 4086 2980 4133 te
3009 4086 3070 4132 ut
3116 4092 3308 4133 secure
3337 4085 3394 4131 et

1807 4175 2102 4231 honoriﬁce
2125 4183 2310 4228 teneas
2341 4166 2600 4242 papatum
2633 4169 2962 4225 Romanum.
2986 4169 3210 4247 Terram
3248 4167 3391 4221 Sa"-

1806 4267 1877 4322 cti
1906 4248 2070 4332 Petri,
2104 4281 2267 4336 quam
2306 4280 2452 4319 nunc
2482 4272 2654 4328 tenes,
2682 4262 2769 4317 vel
2789 4262 3075 4325 habiturus
3117 4275 3197 4324 es,
3238 4264 3363 4329 post
3396 4298 3419 4307 κ

1806 4375 1969 4431 quam
2000 4358 2209 4414 scivcro
2250 4365 2356 4411 tua:
2391 4370 2512 4413 esse
2548 4353 2861 4426 potestatis,
2885 4368 2984 4406 nec
3011 4350 3264 4405 invadere
3291 4366 3394 4427 nec
3462 4340 3519 4371 ’θ

1806 4451 2092 4522 acquirere
2118 4464 2384 4521 qureram,
2408 4462 2511 4503 nec
2536 4445 2702 4502 etiam
2729 4443 3029 4515 depraedari
3061 4454 3391 4513 prtesumam

125 4549 279 4606 usque
304 4538 359 4592 in
381 4538 554 4594 ﬁnem
577 4552 803 4608 semper
826 4538 1119 4599 habebitur
1142 4559 1156 4597 :
1186 4542 1243 4598 in
1273 4559 1382 4614 qua
1404 4546 1588 4603 nullus
1610 4562 1712 4603 un-
1744 4558 1787 4614 ι)
1813 4544 2018 4614 absque
2040 4551 2129 4598 tua
2153 4552 2485 4611 tuorumque
2504 4551 2911 4603 successorum,
2926 4535 3020 4608 qui
3036 4524 3104 4589 ad
3122 4534 3389 4589 honorem

123 4641 267 4695 quam
296 4629 590 4687 haereticus
619 4628 914 4701 praefuisse
941 4632 1301 4704 dignoscitur,
1340 4652 1437 4693 nec
1459 4655 1699 4710 unquam

126 4719 530 4787 praticiendum,
559 4722 875 4792 praesertim
905 4721 1138 4780 Domino
1159 4727 1529 4797 promittente,
1574 4747 1705 4787 con-

127 4808 339 4866 ﬁdimus.
362 4814 452 4868 Ait
493 4814 648 4869 enim
674 4813 951 4873 Dominus
964 4814 1127 4873 Jesus
1150 4836 1163 4871 :
1190 4816 1300 4889 Ego
1319 4837 1413 4890 pro
1434 4832 1482 4876 te
1504 4825 1705 4893 rogavi,

127 4900 281 4970 Patre,
306 4915 490 4962 utnon
512 4908 738 4978 deﬁciat
762 4907 895 4977 ﬁdes
921 4919 1014 4963 tua
1037 4907 1191 4979 (Luc.
1216 4912 1375 4984 xm).
1398 4912 1465 4968 Et
1488 4915 1565 4970 illi
1585 4916 1710 4986 qui-

128 4992 229 5055 dem
248 5011 404 5052 suum
424 4997 830 5075 fermentatum
850 5001 1317 5070 commendantes,
1330 5007 1709 5075 reprehensio-

130 5084 196 5141 nis
213 5086 267 5140 in
289 5103 383 5145 nos
402 5076 695 5147 levissima
720 5074 889 5145 verba
906 5092 1316 5154 contumaciter
1340 5074 1573 5165 ioculari
1597 5113 1707 5155 non

129 5174 374 5236 desinunt.
416 5181 530 5238 Nos
554 5197 699 5238 vero
720 5196 976 5252 azymum
996 5190 1260 5247 nostrum
1302 5184 1707 5260 inexpugnabili

127 5271 393 5302 ου’-Α-..
417 5273 731 5304 “Λ“²“.“““
779 5274 995 5306 ωηοῖιιηη
1023 5274 1374 5308 Aaron-'Auinn

1460 5298 1471 5308 Ι
1480 5298 1539 5308 κη
1549 5297 1644 5310 Α“.“
1653 5298 1703 5310 sum

1805 4637 1979 4693 sancti
2008 4635 2151 4691 Petri
2184 4635 2420 4690 ordinati
2460 4632 2682 4699 fuerint,
2725 4638 2874 4687 certa
2913 4628 3152 4696 licentia,
3197 4636 3395 4707 praeter

1804 4728 1953 4783 illam
1985 4744 2150 4798 quam
2184 4736 2242 4783 tu
2290 4716 2424 4782 mihi
2474 4725 2740 4782 concedes
2767 4764 2784 4791 ,
2831 4723 2918 4779 vel
2957 4722 3036 4778 tui
3078 4717 3395 4776 concessuri

1807 4828 1937 4875 sunt
1962 4833 2329 4876 successores.
2359 4817 2686 4874 Pensioncm
2720 4816 2787 4870 de
2820 4824 2965 4871 terra
2989 4813 3176 4869 Sancti
3205 4810 3396 4878 Petri,

1807 4929 1972 4983 quam
2003 4928 2102 4985 ego
2124 4922 2282 4967 teneo
2304 4922 2399 4967 aut
2420 4911 2634 4977 tenebo,
2658 4908 2800 4964 sicut
2829 4916 3094 4964 statutum
3123 4915 3227 4973 est,
3250 4915 3399 4963 recta

1810 5005 1915 5070 lide
1960 5005 2191 5061 studebo
2219 5015 2280 5059 ut
2302 5006 2451 5059 illam
2481 5002 2791 5061 annualiter
2813 5010 3001 5058 sancta
3027 4999 3272 5055 Romana
3297 4998 3399 5053 ha-

1808 5097 1934 5152 beat
1956 5096 2217 5151 Ecclesia.
2238 5082 2455 5151 Omnes
2483 5109 2704 5166 quoque
2734 5090 3033 5159 Ecclesias,
3055 5107 3178 5163 quae
3199 5091 3262 5147 in
3280 5107 3402 5147 mea

1808 5188 2110 5260 persiStttiit
2147 5187 2521 5242 dominatione
2545 5203 2672 5243 cum
2703 5185 2924 5241 illarum
2962 5179 3405 5256 possessionibus

1809 5282 2077 5312 Ain-Illam
2100 5280 2152 5312 in
2185 5287 2275 5312 Iun
2304 5289 2574 5312 nnlnolnin
2622 5288 2672 5312 nl
2698 5276 2961 5312 ιῘιίΓιιηε-Λσι
2981 5294 3075 5312 (“In
3096 5277 3314 5312 illos-nm
3340 5276 3403 5312 ut.
