3972 5390
469 4271 523 4317 14.
538 4266 543 4271 Ι

578 372 581 375 ι
598 347 712 405 575

573 556 695 612 *περ
711 559 1084 629 suprascripta
1110 559 1413 617 observabo
1443 574 1645 623 sancta
1686 568 1947 631 Romana
1983 575 2174 635 Eccle-

597 647 696 704 sia
719 689 735 716 ,
786 658 843 705 et
873 650 981 706 tibi
1029 667 1154 708 cum
1180 661 1325 709 recta
1376 655 1484 712 ﬁde
1506 698 1524 725 ,
1576 668 1632 715 et
1677 660 1820 720 hanc
1864 665 2177 728 ﬁdelitatem

587 738 903 797 observabo
952 742 1060 799 tuis
1106 747 1521 806 successoribus
1566 751 1636 807 ad
1684 753 1950 813 honorem
2001 764 2178 822 sancti

588 831 742 887 Petri
787 833 1091 905 ordinatis,
1133 837 1229 908 qui
1277 838 1452 908 mihi,
1480 841 1530 897 si
1564 854 1687 900 mea
1731 847 1888 918 culpa
1932 866 2042 908 non
2083 871 2174 911 re-

588 923 879 992 manserit,
921 924 1261 985 ﬁrmaverint
1284 930 1661 990 investituram
1692 952 1734 993 ‘a
1776 947 1828 995 te
1863 943 1997 999 mihi
2036 961 2176 1002 con-

587 1026 830 1071 08883111.

661 1104 860 1162 Actum
882 1109 1122 1181 Ciprani,
1153 1113 1315 1169 tertio
1326 1114 1603 1175 Kalendas
1629 1118 1780 1178 Julii.

646 1195 971 1257 Investitura
994 1203 1203 1286 domini
1224 1204 1462 1286 Gregorii
1482 1226 1653 1286 papa,
1674 1231 1781 1286 qua
1807 1216 2090 1276 Robertum

1130 1276 1649 1337 ducem-iiwes'ticit.‘
1686 1276 1698 1286 ’
1858 1297 1873 1311 ·

659 1359 774 1433 Ego
805 1361 1101 1437 Gregorius
1128 1383 1267 1440 papa
1296 1369 1526 1428 investio
1557 1382 1628 1443 te,
1678 1375 1913 1443 Roberte
1939 1381 2070 1451 dux,
2100 1383 2171 1441 de

585 1456 733 1507 terra
751 1469 915 1525 quam
940 1456 1035 1511 tibi
1063 1471 1452 1518 concesserunt
1491 1474 1864 1528 antecessores
1899 1473 2007 1529 mei
2034 1468 2172 1531 san-

578 1550 687 1616 ,cta
708 1547 984 1605 memoria
1014 1546 1271 1619 Nicolaus
1303 1561 1360 1610 et
1390 1554 1714 1621 Alexander.
1751 1560 1828 1618 De
1861 1563 1953 1620 illa
1980 1575 2165 1623 autem

583 1642 731 1690 terra
775 1653 941 1708 quam
988 1640 1192 1713 injuste
1239 1652 1411 1715 tenes,
1463 1648 1607 1706 sicut
1650 1660 1737 1708 est
1782 1652 2064 1726 Salernus,
2109 1666 2166 1715 et

578 1725 868 1798 Amalphia
903 1739 960 1787 et
990 1749 1119 1804 pars
1148 1739 1407 1795 marchia
1431 1740 1703 1801 Firmana
1725 1786 1741 1813 ,
1788 1763 1937 1806 nunc
1974 1758 2028 1807 te
2063 1764 2165 1820 pa-

578 1817 779 1879 tienter
825 1823 1071 1880 sustineo
1093 1866 1111 1895 ,
1159 1826 1216 1882 in
1261 1831 1588 1890 conﬁdentia
1626 1834 1732 1891 Dei
1776 1817 2161 1912 omnipotentis
2191 1836 2235 1895 Β

576 1916 633 1963 et
681 1917 789 1967 tua
844 1912 1144 1986 bonitatis,
1203 1927 1266 1976 ut
1304 1930 1363 1979 tu
1403 1934 1596 1995 postea
1635 1928 1829 1987 exinde
1867 1932 1936 1988 ad
1982 1934 2160 1991 hono-

569 2015 713 2077 rem,
740 2002 837 2063 Dei
875 2015 931 2062 et
970 2010 1146 2066 sancti
1184 2011 1331 2070 Petri
1370 2015 1447 2071 ita
1486 2026 1540 2074 te
1578 2019 1813 2090 habeas,
1856 2025 2000 2081 sicut
2021 2036 2077 2083 et
2107 2036 2160 2084 te

575 2106 737 2164 agere
757 2103 812 2152 et
832 2112 924 2154 me
948 2103 1227 2176 suscipere
1244 2106 1400 2164 decet
1425 2110 1544 2167 sine
1564 2113 1807 2184 periculo
1832 2118 2030 2176 anima
2051 2127 2160 2177 tua

574 2192 631 2239 et
657 2201 811 2245 mea.

608 2328 615 2333 ,
644 2276 843 2337 Actum
873 2290 934 2339 ut
951 2299 1138 2356 supra.

484 2414 489 2417 .
575 2366 898 2453 Constitutio
923 2377 1175 2453 reddendi
1199 2399 1405 2453 census,
1428 2386 1485 2441 in
1507 2388 1595 2443 die
1620 2394 2019 2449 resurrectionis
2044 2395 2157 2450 Da-

562 2500 568 2533 :
639 2441 792 2533 mini,
814 2445 1091 2533 duodecim
1115 2452 1355 2533 videlicet
1373 2441 1713 2533 denariorum
1734 2461 2016 2533 Papiensis
2039 2482 2153 2521 mo-

558 2517 572 2601 t
640 2519 795 2601 aeta,
821 2516 886 2570 de
910 2524 1023 2572 tota
1047 2520 1267 2591 Apulia,
1296 2523 1550 2582 Calabria
1578 2538 1628 2584 et
1655 2516 1865 2588 Sicilia.

640 2600 755 2696 1:330
776 2603 1071 2696 Hebenus,
1099 2610 1195 2669 Dei
1222 2617 1396 2687 gratia
1424 2625 1480 2675 et
1506 2621 1679 2677 sancti
1712 2620 1880 2692 Petri,
1902 2624 2110 2696 Apulia
2132 2670 2148 2696 ,

568 2700 624 2747 et
642 2692 909 2754 Calabria
928 2707 984 2755 et
1013 2700 1212 2760 Sicilia
1238 2706 1371 2775 dux,
1398 2708 1467 2764 ad
1488 2692 2152 2773 conﬁrmationem—tradi;

568 2783 733 2843 tionis
759 2796 815 2844 et
840 2791 908 2847 ad
944 2794 1370 2865 recognitiOnem
1409 2799 1705 2871 ﬁdelitatis,
1734 2804 1801 2860 de
1825 2808 1976 2864 omni
2004 2816 2150 2867 terra

566 2895 733 2950 quam
757 2896 859 2955 ego
883 2892 1044 2943 teneo
1082 2889 1302 2959 proprie
1339 2893 1443 2948 sub
1469 2892 1713 2952 dominio
1739 2913 1881 2967 meo,
1904 2908 1960 2956 et
1982 2916 2148 2972 quam

566 2972 748 3030 adhuc
767 2978 903 3033 nulli
925 2978 1470 3045 Ultramontanorum
1495 2987 1570 3044 ita
1592 2991 1843 3047 concessi
1863 2999 1926 3048 ut
1943 3000 2146 3063 teneat,

566 3067 828 3137 promitto
865 3086 954 3128 me
991 3075 1302 3132 annualiter
1329 3093 1430 3149 pro
1456 3095 1792 3153 unoquoque
1813 3083 1948 3156 jugo
1975 3085 2143 3142 boum

1244 349 1301 405 S.
1345 350 1673 411 GREGORII
1709 356 1801 414 VH
1836 362 2040 421 ΡΑΡᾹΞ
2074 365 2151 423 0P

2250 338 2359 430 LUDl
2395 375 2578 438 rans
2615 383 2655 439 ι.
2696 418 2764 427 -
2797 381 3231 452 Βεριετηυωὶ

598 474 694 527 tur
710 472 769 522 et
794 464 1079 523 ordinetur
1104 467 1172 523 ad
1192 467 1457 526 honorem
1495 477 1671 531 sancti
1712 477 1878 536 Petri.
1911 479 2036 541 Hae
2063 500 2182 541 om-

3761 407 3889 463 576

2208 482 2257 547 λ
2282 493 2417 549 tutia
2447 498 2710 559 adversus
2745 504 2886 562 beati
2923 507 3068 565 Petri
3108 512 3482 572 auctoritatem
3525 532 3633 574 non
3674 520 3892 576 timuit

2279 582 2584 661 insurgere,
2612 603 2667 651 et
2696 606 2914 655 centum
2945 602 3113 658 millia
3140 604 3425 663 hominum
3448 650 3464 676 ,
3512 610 3609 681 qui
3650 612 3883 671 laboris

2277 680 2453 734 nostri
2478 682 2760 756 diligentia
2783 691 2851 745 ad
2873 692 3016 747 viam
3058 695 3304 753 veritatis
3333 698 3514 756 redire
3534 680 3838 773 saepeiam
3855 748 3885 772 ,

2275 782 2375 838 per
2399 778 2803 845 suggestionem
2826 798 2980 837 suam
3008 784 3062 838 in
3083 787 3374 855 pristinum
3409 806 3656 849 errorem
3685 796 3876 851 nedu-

2276 874 2417 918 cere.
2442 864 2615 937 Cujus
2646 870 2919 942 iniquitati
2943 890 3051 931 non
3080 876 3257 933 solum
3283 889 3337 935 te
3362 884 3712 941 consensisse
3742 903 3872 941 non

2273 955 2570 1027 credimus,
2603 976 2794 1018 verum
2819 965 2983 1023 etiam
3003 983 3104 1038 pro
3126 968 3464 1030 immanitate
3498 976 3719 1033 sceleris
3754 994 3873 1032 no-

2271 1043 2485 1103 biscum
2508 1051 2740 1122 tristari,
2774 1064 2828 1113 et
2848 1057 2916 1112 ad
2938 1060 3295 1117 exercendam
3320 1063 3559 1120 debitam
3586 1067 3866 1124 ultionem

2270 1137 2518 1195 animum
2563 1142 2764 1201 habere
2796 1146 3146 1219 intelligimus
3168 1192 3185 1218 ,
3221 1156 3525 1223 prasertim
3563 1173 3690 1213 cum
3719 1159 3863 1214 fidei

2270 1238 2471 1287 nostra
2498 1235 2787 1306 antiquum
2814 1240 3060 1309 prabeas
3083 1244 3515 1313 experimentum
3544 1249 3615 1304 de
3641 1250 3861 1307 honore

2268 1331 2473 1379 sancta
2499 1324 2761 1386 Romanae
2778 1328 3036 1388 Ecclesia
3066 1332 3209 1390 idem
3235 1336 3522 1394 nobiscum
3549 1341 3775 1409 sentire,
3799 1354 3863 1401 et

2267 1414 2337 1469 ad
2367 1420 2773 1477 exsecutionem
2805 1421 3033 1493 justitia
3057 1465 3076 1492 ,
3101 1440 3229 1496 qua
3246 1468 3263 1494 ,
3292 1426 3621 1499 frigescente
3661 1433 3855 1489 chari-

2266 1511 2396 1574 tate,
2417 1507 2532 1578 jam
2554 1525 2692 1581 pene
2729 1514 2893 1569 terris
2932 1516 3188 1585 excessit,
3221 1517 3532 1576 libertatem
3558 1522 3852 1578 rectitudi-

2266 1597 2357 1653 nis
2383 1614 2711 1660 reservasse.
2734 1602 2820 1660 Ab
2846 1604 2951 1663 hac
2968 1606 3157 1679 utique
3178 1609 3349 1666 animi
3382 1622 3653 1683 concepta
3679 1615 3853 1669 certi-

2265 1689 2452 1747 tudine
2482 1694 2666 1751 nullus
2689 1712 2901 1765 rumor,
2928 1700 3080 1756 nulla
3106 1703 3381 1773 suggestio
3396 1704 3602 1776 poterit
3635 1720 3737 1762 nos
3760 1706 3853 1762 di-

2261 1780 2484 1851 vellere;
2519 1785 2614 1841 sed
2645 1803 2823 1858 neque
2848 1789 2948 1858 illi,
2975 1791 3071 1861 qui
3108 1792 3175 1847 de
3199 1794 3385 1853 multis
3418 1797 3713 1854 adversum
3743 1815 3851 1855 vos

2260 1876 2492 1946 negotiis
2512 1888 2879 1948 murmurant,
2906 1888 3032 1938 ante
3063 1891 3278 1955 tempus
3314 1885 3577 1945 fraterna
3604 1889 3848 1946 collocu-

2258 1965 2424 2024 tionis
2457 1968 2526 2023 ad
2548 1970 2940 2042 suspicandum
2968 1974 3113 2030 aliud
3133 1983 3387 2045 poterunt
3411 1978 3576 2036 nobis
3610 1982 3851 2037 scanda-

2255 2058 2370 2115 lum
2399 2076 2678 2132 generare.
2710 2062 2866 2133 Nam,
2890 2072 2952 2121 ut
2970 2066 3037 2122 de
3064 2067 3188 2124 aliis
3217 2076 3516 2139 taceamus,
3546 2087 3690 2142 pene
3717 2089 3844 2129 om-

2254 2166 2353 2208 nes
2370 2152 2466 2223 qui
2486 2153 2775 2211 nobiscum
2792 2166 2923 2213 sunt
2943 2156 3165 2228 fratres,
3188 2161 3294 2216 nisi
3316 2160 3471 2219 freno
3491 2164 3725 2221 rationis
3748 2182 3849 2221 no-

2253 2251 2384 2299 stra
2406 2244 2795 2315 retinerentur,
2825 2258 3068 2305 amorem
3108 2250 3179 2306 ab
3205 2252 3287 2309 eis
3324 2253 3448 2310 loco
3473 2264 3663 2312 vestro
3686 2256 3849 2312 exhi-

2253 2334 2427 2392 bitum
2454 2338 2509 2393 in
2534 2354 2752 2410 gravem
2774 2340 3115 2398 inimicitiam
3143 2345 3558 2403 convertissent.
3594 2345 3847 2418 Quapro-

2250 2437 2390 2499 pter,
2452 2430 2681 2486 salutem
2720 2440 2980 2502 vestram,
3026 2434 3173 2491 sicut
3217 2446 3485 2506 nostram,
3526 2438 3839 2510 diligentes,

2250 2534 2537 2579 monemus
2572 2531 2635 2578 ut
2668 2524 2916 2582 subditos
2962 2534 3179 2584 vestros
3224 2529 3560 2600 corrigentes
3583 2571 3600 2597 ,
3637 2528 3836 2599 bujus~

2250 2612 2396 2667 modi
2418 2615 2867 2672 murmurationis
2894 2617 3238 2675 occasionem
3257 2620 3573 2692 religionem
3594 2628 3837 2676 vestram

2242 2703 2596 2775 diligentibus
2622 2706 2780 2763 nobis
2817 2723 2926 2763 non
2961 2710 3270 2779 prabeatis.
3302 2710 3623 2782 Specialiter
3648 2721 3834 2767 autem

2248 2795 2607 2854 admonemus
2629 2806 2692 2853 ut
2723 2798 3021 2855 Robertum
3046 2800 3225 2870 illum,
3252 2802 3347 2872 qui
3378 2802 3709 2873 supradicta
3728 2803 3833 2857 ini-

2244 2886 2474 2956 quitatis
2510 2897 2703 2945 auctor
2738 2891 2948 2947 exstitit
2972 2933 2987 2960 ,
3028 2893 3124 2963 qui
3168 2893 3434 2950 diabolica
3481 2895 3835 2967 suggestione

2248 2975 2595 3048 Hispaniensi
2616 2980 2875 3038 Ecclesia
2902 2991 3117 3039 tantum
3150 2985 3453 3056 periculum
3492 2985 3724 3053 invexit,
3760 2986 3831 3040 ab

2238 3068 2471 3128 introitu
2510 3074 2790 3141 ecclesia,
2822 3074 2968 3130 etab
2992 3076 3141 3132 omni
3177 3076 3482 3133 ministerio
3515 3093 3705 3134 rerum
3743 3092 3831 3132 ve-

563 3162 885 3231 pensionem
909 3207 925 3234 ,
960 3166 1249 3225 duodecim
1294 3162 1502 3228 scilicet
1554 3173 1811 3231 denarios
1858 3176 2145 3249 Papiensis
2172 3186 2216 3246 c
2247 3168 2507 3232 δίνδτυων
2538 3166 2820 3235 separetis:
2853 3166 3025 3223 donec
3053 3167 3122 3222 ad
3152 3183 3246 3223 V03
3279 3167 3485 3237 “de”:
3519 3178 3576 3225 θ(
3606 3171 3827 3225 Wﬁ‘

565 3263 822 3322 monetae,
860 3258 1270 3328 persoluturum
1308 3263 1469 3319 beato
1503 3263 1684 3334 Petro,
1719 3275 1777 3324 et
1806 3267 1905 3324 tibi
1924 3269 2147 3327 domino

565 3360 689 3401 meo
724 3346 986 3421 Gregorio
1016 3367 1188 3424 papa,
1218 3362 1273 3411 et
1297 3355 1554 3413 omnibus
1578 3361 1991 3419 successoribus
2011 3364 2142 3433 tuis,

562 3446 659 3492 aut
686 3454 1068 3498 successorum
1098 3452 1321 3501 tuorum
1347 3449 1573 3505 nuntiis.
1602 3449 1779 3522 Hujus
1806 3462 1987 3511 autem
2006 3470 2144 3526 pen-

563 3527 820 3587 sionaria
862 3534 1180 3594 redditionis
1232 3539 1337 3611 erit
1392 3556 1609 3611 semper
1661 3545 1931 3604 terminus
1989 3547 2143 3606 ﬁnito

561 3635 783 3694 quoque
816 3639 960 3681 anno
981 3636 1183 3685 sancta
1203 3633 1619 3690 resurrectionis
1641 3635 1758 3692 dies
1796 3636 2136 3697 Dominicus.

564 3710 680 3768 Sub
706 3713 811 3771 hac
826 3730 959 3773 vero
992 3719 1302 3778 conditione
1329 3722 1495 3794 hujus
1517 3727 1889 3795 persolvenda
1917 3732 2129 3803 pensio

560 3803 649 3859 nis
675 3805 857 3878 obligo
886 3824 973 3865 me
992 3819 1049 3866 et
1066 3827 1220 3869 meos
1242 3812 1356 3870 sive
1377 3814 1621 3874 haredes
1648 3819 1765 3876 sive
1792 3836 2140 3882 successores

557 3893 659 3950 tibi
700 3897 924 3956 domino
970 3917 1093 3959 meo
1135 3903 1396 3976 Gregorio
1441 3923 1596 3979 papa
1636 3919 1691 3967 et
1729 3916 2140 3975 successoribus

558 3987 691 4045 tuis.

1124 4085 1463 4146 EPISTOLA
1506 4088 1570 4147 Il.

543 4181 610 4238 Si
802 4191 873 4231 an
909 4188 1159 4236 nuconsu
1193 4196 1439 4238 annnam
1475 4199 1887 4245 cnumacsnseu.

1151 4270 1332 4345 (Anno
1363 4274 1546 4349 l080.)

555 4350 874 4442 Perstringit
904 4361 1074 4442 scelus
1111 4362 1607 4442 Roberti_inonaclii
1631 4368 1942 4442 Simoniaci,
1981 4391 2135 4442 quem

614 4426 770 4507 jubet
797 4426 863 4507 at
887 4431 1084 4507 abbate
1095 4436 1191 4507 suo
1213 4438 1429 4507 corrigi,
1474 4447 1526 4493 et
1563 4442 1629 4495 ab
1657 4426 2134 4505 introiiu'é'cclés'ié

562 4536 566 4541 ’
612 4501 1596 4602 ίηῖἔίιὲῗῇῗολὲιὲᾷξὲἠῗ
1609 4515 1912 4602 ,ἶῖηῗῗαῗίί
1944 4515 2134 4599 Belle“
2164 4536 2211 4594 ι)
2236 4543 2643 4602 sollicitaturos.

587 4619 604 4643 ε.
621 4571 1004 4651 φμοᾳιιςὶηἱαε
1029 4574 1517 4651 fraudedeceptam
1548 4571 1748 4637 moneri
1769 4584 1900 4651 vult,
1926 4571 2135 4647 ηἱδῖτέ.

620 4639 844 4722 sipuerit
861 4639 1466 4728 3Ιεέιεεοξιξῃιιιτιὶςειιηιζαηι
1493 4651 1640 4728 fore,
1665 4662 1714 4728 et
1749 4639 1925 4728 omnes
1954 4639 2134 4728 ﬁdeles

622 4710 693 4789 iit
729 4713 972 4789 partibus
1023 4713 1307 4787 Hispaniis
1356 4720 1468 4789 fere
1493 4710 1904 4781 'sollicitandos.
1954 4710 2135 4785 'Monet

614 4781 785 4862 etiam
812 4781 1288 4882 abbatemﬁarare.
1313 4781 1371 4843 ut
1395 4791 1494 4882 Jsui
1524 4795 1786 4876 marrae/ii,
1824 4797 1891 4850 in
1930 4781 2135 4882 napi;

619 4851 735 4932 nite.
772 4854 1015 4922 partibus
1048 4857 1324 4932 φερετρξῖ
1352 4860 1423 4914 ad
1450 4864 1725 4932 proprium
1756 4851 2136 4925 monasterium

618 4919 856 4995 redeant;
888 4933 939 4979 et
973 4919 1179 4981 nullam
1212 4919 1408 4984 ibidem
1444 4919 1830 4989 ordinationem
1866 4919 2008 4993 sire}
2028 4919 2131 4995 id:

614 4989 850 5066 biturum
873 4995 1160 5066 signiﬁcat,
1189 5000 1295 5053 nisi
1322 5016 1440 5066 qua:
1459 5002 1621 5066 legati
1642 4989 2130 5066 apostoli—cinnata-

2249 3254 2378 3309 tatis
2401 3271 2516 3311 sua
2541 3256 2761 3329 dignam
2784 3258 3049 3314 ultionem
3079 3260 3361 3332 suscipiat.
3384 3259 3589 3332 Regem
3610 3277 3830 3333 quoque

2245 3344 2393 3402 illius
2420 3345 2611 3404 fraude
2634 3350 2919 3420 dereptum
2946 3351 3233 3424 diligenter
3253 3351 3450 3409 litteris
3485 3352 3601 3409 tuis
3623 3353 3823 3409 intelli-

2243 3453 2369 3509 gere
2392 3438 2565 3497 facias
2611 3441 2755 3497 beati
2793 3441 2939 3497 Petri
2969 3443 3108 3498 iram
3149 3452 3208 3499 et
3247 3444 3700 3517 indignationem,
3739 3455 3823 3501 at-

2242 3545 2368 3600 que,
2397 3531 2447 3587 si
2483 3547 2594 3589 non
2622 3533 2936 3605 resipuerit,
2958 3535 3337 3606 gravissimam
3360 3536 3650 3593 adversum
3690 3553 3751 3594 se
3772 3545 3825 3593 et

2240 3636 2469 3694 regnum
2507 3640 2670 3681 suum
2697 3626 2959 3683 ultionem
2988 3642 3317 3699 provocasse
3339 3671 3355 3697 ,
3396 3629 3544 3711 quod
3585 3628 3821 3701 legatum

2241 3711 2501 3770 Romanae
2542 3716 2801 3774 Ecclesia
2833 3718 3146 3776 indecenter
3182 3720 3473 3788 tractavit,
3500 3729 3556 3776 et
3598 3720 3825 3777 falsitati

2237 3805 2421 3877 potius
2444 3823 2609 3878 quam
2654 3810 2869 3865 veritati
2896 3810 3143 3867 credidit.
3169 3810 3246 3867 De
3274 3812 3476 3884 quibus
3510 3811 3678 3885 digne
3713 3812 3827 3868 Deo

2235 3906 2293 3953 et
2312 3899 2471 3955 beato
2493 3899 2657 3958 Petro
2689 3901 3095 3972 satisfacturus,
3127 3903 3271 3959 sicut
3300 3904 3537 3975 legatum
3569 3913 3817 3959 nostrum

2233 3990 2613 4049 dehonestavit
2636 4036 2652 4063 ,
2696 3994 2771 4049 ita
2811 4010 2871 4050 se
2910 3994 3013 4050 sibi
3043 4011 3141 4065 per
3171 3995 3407 4051 debitam
3455 3994 3820 4052 humilitatem

2234 4091 2292 4140 et
2311 4087 2638 4160 condignam
2660 4088 3022 4145 reverentiam
3047 4088 3536 4144 commendabilem
3567 4086 3737 4145 faciat
3756 4102 3819 4142 ac

2234 4174 2514 4234 devotum.
2548 4177 2870 4252 Signiﬁcare
2898 4179 3063 4235 etiam
3094 4188 3146 4236 te
3172 4179 3276 4236 sibi
3306 4178 3529 4252 dignum
3562 4179 3819 4235 ducimus

2233 4281 2338 4323 nos
2382 4283 2508 4325 eum
2533 4312 2550 4338 ,
2596 4271 2643 4327 si
2681 4272 2896 4343 culpam
2944 4287 3103 4329 suam
3150 4287 3260 4327 non
3314 4271 3651 4349 correxerit,
3696 4285 3817 4327 esse

2233 4363 2805 4421 excommunicaturos
2828 4406 2845 4432 ,
2889 4371 2945 4421 et
2976 4372 3249 4437 quotquot
3281 4370 3409 4420 sunt
3448 4364 3507 4419 in
3563 4363 3817 4436 partibus

2234 4449 2509 4522 Hispania
2533 4454 2718 4512 ﬁdeles
2745 4457 2921 4513 sancti
2954 4455 3099 4514 Petri
3130 4456 3197 4512 ad
3233 4454 3615 4512 confusionem
3656 4470 3812 4512 suam

2676 4544 2783 4614 Qui
2822 4546 2871 4603 si
2889 4546 3072 4603 minus
3091 4546 3441 4618 praceptioni
3463 4554 3671 4602 nostra
3696 4538 3817 4602 obe-

2226 4634 2427 4703 dirent,
2468 4653 2578 4692 non
2604 4653 2825 4709 gravem
2865 4638 3306 4696 existimaremus
3344 4638 3588 4694 laborem
3615 4652 3721 4693 nos
3748 4637 3814 4694 ad

2228 4725 2547 4798 Hispaniam
2579 4729 2875 4799 proﬁcisci,
2905 4738 2962 4785 et
2986 4730 3277 4785 adversum
3298 4745 3425 4785 eum
3452 4728 3813 4800 quemadmo-

2227 4818 2360 4875 dum
2390 4817 2718 4876 Christiaua
2747 4820 3031 4892 religionis
3051 4820 3333 4876 inimicum
3354 4820 3491 4876 dura
3529 4831 3585 4875 et
3619 4836 3814 4891 aspera

2234 4911 2435 4966 moliri.
2467 4911 2572 4967 Tui
2609 4913 2776 4969 etiam
2802 4913 2967 4969 studii
2998 4911 3073 4969 sit
3115 4919 3177 4969 ut
3212 4912 3471 4968 monachi
3514 4912 3569 4967 in
3603 4912 3813 4968 eisdem

2233 5004 2482 5066 partibus
2514 5004 2718 5066 injuste
2743 5003 2981 5066 dispersi
3015 5005 3076 5060 ad
3126 5005 3407 5066 proprium
3446 5003 3669 5060 redeant
3694 5018 3814 5057 mo-
