3972 5390
117 319 234 373 577

699 427 1033 486 EPISTOLA
1068 426 1160 482 lll.

443 543 512 582 AD
550 540 858 582 ALPI’ONSUI
895 535 1180 576 CASTELLzl-Z
1219 532 1415 573 REGEI.

729 617 909 685 (Anno
948 612 1132 681 1080.)

124 710 319 764 Monet
351 719 441 776 ut,
485 711 700 764 remotis
728 707 884 761 malis
919 703 1242 776 consiliariis
1268 745 1283 768 ,
1319 701 1482 776 legati
1511 709 1725 776 aposto-

199 783 304 834 lici
340 771 672 834 salutaribus
708 778 919 830 monitis
957 775 1286 829 accuiescens
1312 814 1327 837 ,
1370 771 1432 825 de
1477 771 1723 824 eruenda-

197 854 350 905 tione
383 868 484 904 sua
515 865 570 902 se
604 859 654 902 et
686 847 784 901 Dei
818 846 1110 899 Ecclesiam
1146 842 1378 911 lwtiﬁcet
1401 884 1415 907 ,
1472 841 1723 894 illicitum

193 921 531 975 conubium
575 935 694 972 cum
741 921 923 970 uxoris
969 931 1079 968 sutr-
1109 913 1497 990 consanguinea
1531 912 1725 990 initum

201 1000 444 1061 respuat,
473 999 525 1061 et
558 1006 622 1043 ne
651 1005 704 1042 se
730 988 793 1040 ab
830 989 1040 1061 incesta:
1079 981 1318 1061 mulieris
1350 997 1526 1034 amore
1550 981 1726 1059 abripi

202 1053 372 1116 sinat.
409 1053 699 1114 Robertum
741 1057 1052 1110 monachum
1075 1094 1090 1117 ,
1122 1053 1446 1106 seductorem
1480 1066 1542 1103 ac
1579 1053 1726 1119 regni

201 1138 651 1201 perturbatorem,
659 1128 865 1201 debitas
893 1123 1205 1180 temeritatis
1229 1139 1291 1175 ac
1315 1120 1524 1176 sceleris
1545 1135 1726 1190 poenas

199 1199 467 1255 daturum
495 1199 784 1270 signiﬁcat.

208 1299 527 1355 GIEGOIIUS
554 1297 865 1367 episcopus,
891 1309 1081 1349 servus
1104 1306 1388 1347 servorum
1411 1288 1509 1344 Dei
1534 1331 1549 1356 ,
1590 1288 1729 1344 dile-

129 1392 391 1448 clissimo
418 1391 473 1445 in
505 1389 726 1445 Christo
751 1389 862 1443 filio
884 1385 998 1458 regi
1021 1385 1391 1450 Ansaruoxso,
1421 1381 1654 1438 salutem
1676 1388 1732 1436 et

131 1482 502 1554 apostolicam
530 1480 989 1536 benedictionem.

211 1573 327 1628 Dici
375 1587 490 1628 non
537 1580 737 1642 potest,
786 1571 862 1624 ﬁli
911 1567 1258 1635 charissime,
1305 1573 1572 1637 quantum
1607 1581 1729 1635 nos,

138 1668 413 1724 referente
462 1667 578 1722 ﬁlio
625 1664 816 1722 nostro
860 1666 1170 1737 apostolica:
1225 1664 1371 1720 sedis
1418 1665 1592 1735 legato
1638 1663 1734 1720 Ri-

139 1761 368 1829 chardo,
410 1759 573 1816 nobis
599 1760 813 1831 cognita
857 1759 1118 1814 nraeclara
1145 1766 1237 1811 tua
1265 1757 1570 1811 obcdientia
1596 1757 1732 1812 lacti-
1763 1767 1806 1822 Β

138 1853 418 1908 ﬁcaverat.
446 1850 530 1907 Tu
556 1851 706 1907 enim
739 1866 923 1904 coram
953 1849 1065 1904 Deo
1107 1865 1320 1919 semper
1347 1849 1400 1902 in
1429 1848 1732 1906 visceribus

141 1943 350 2000 nostris
367 1957 520 2010 eras,
544 1949 604 1996 tu
626 1942 770 2012 apud
794 1941 1044 1997 homines
1065 1941 1365 1996 maximum
1381 1941 1538 1996 nobis
1557 1957 1736 1997 exem—

143 2036 293 2106 plum
315 2034 554 2106 egregia:
587 2033 806 2089 virtutis
847 2049 990 2100 eras,
1019 2034 1086 2088 de
1130 2042 1182 2088 te
1230 2033 1373 2103 apud
1413 2033 1549 2087 alios
1577 2048 1734 2104 reges

146 2126 526 2198 gloriabamur
549 2167 565 2192 ,
608 2134 664 2181 te
701 2140 828 2180 vere
850 2124 1222 2180 Christianum
1257 2141 1439 2195 regem
1466 2166 1482 2192 ,
1522 2133 1577 2180 et
1613 2125 1734 2180 ideo

147 2234 273 2274 vere
292 2233 484 2290 regem
512 2233 617 2272 nos
646 2217 847 2272 habere
874 2217 929 2271 in
956 2225 1109 2287 parte
1136 2216 1350 2271 Domini
1383 2215 1513 2272 Jesu
1544 2224 1732 2272 contra

151 2310 396 2365 membra
423 2310 627 2365 diaboli
651 2310 1043 2381 gaudebamus.
1076 2307 1231 2364 Unde
1257 2317 1309 2364 et
1330 2309 1472 2363 bona
1501 2317 1593 2364 tua
1621 2309 1734 2364 fra-

149 2403 364 2473 grantia
395 2403 600 2456 multas
617 2403 732 2470 jam
754 2403 1007 2474 regiones
1029 2411 1358 2472 asperserat,
1385 2409 1440 2456 et
1470 2402 1618 2457 velut
1654 2403 1736 2457 sol

149 2485 374 2563 quidam
406 2495 464 2546 in
489 2494 737 2549 occiduis
778 2505 940 2550 natus
980 2495 1244 2549 orientem
1285 2511 1476 2550 versus
1501 2495 1737 2552 ctelestis

152 2585 380 2640 luminis
417 2587 604 2642 radios
640 2587 940 2643 emittebat.
974 2587 1046 2641 At
1075 2601 1224 2641 nunc
1267 2596 1547 2657 comperto
1591 2589 1736 2659 quod

149 2678 405 2734 diabolus
444 2689 556 2736 tuae
585 2681 750 2736 saluti
787 2691 842 2736 et
874 2683 1119 2736 omnium
1149 2681 1244 2752 qui
1281 2698 1376 2752 per
1410 2691 1464 2738 te
1493 2685 1738 2741 salvandi

153 2779 331 2836 erant,
373 2787 528 2826 more
575 2787 680 2828 suo
729 2773 996 2840 invidens,
1051 2790 1147 2845 per
1199 2775 1506 2830 membrum
1555 2793 1737 2843 suum,

155 2864 451 2932 quemdam
488 2863 792 2920 Robertum
819 2867 1378 2936 pseudomonacbum,
1403 2877 1457 2922 ct
1477 2884 1572 2937 per
1599 2871 1740 2923 anti-

153 2971 323 3026 quam
348 2957 678 3027 adjutricem
709 2975 886 3025 suam,
917 2959 1179 3030 perditam
1220 2958 1475 3014 feminam
1501 3002 1517 3028 ,
1559 2961 1742 3016 viriles

118 3065 124 3070 ’
153 3047 373 3102 animos
398 3057 524 3103 tuos
554 3063 585 3104 a
622 3059 771 3106 recto
800 3052 994 3107 itinere
1023 3052 1360 3118 deturbavit;
1385 3061 1648 3122 quantum
1675 3054 1741 3108 de

158 3143 210 3189 te
236 3137 420 3206 primo
445 3138 730 3196 fueramus
767 3142 975 3214 gavisi,
1007 3150 1219 3197 tantum
1264 3158 1412 3196 nunc
1452 3142 1743 3198 confundi-

157 3243 314 3294 mur,
355 3231 738 3289 erubescimus
761 3273 778 3300 ,
835 3234 1244 3290 contristamur.
1293 3232 1633 3304 Quapropter
1684 3242 1746 3290 ut

155 3334 464 3390 cognoscas
491 3331 761 3392 quantum
791 3325 936 3380 circa
963 3333 1018 3380 te
1046 3326 1134 3396 pie
1158 3324 1376 3380 solliciti
1400 3341 1612 3393 sumus,
1651 3343 1748 3396 per

157 3409 460 3466 bonitatem
483 3422 538 3467 et
561 3413 790 3485 gloriam
800 3414 1008 3472 Christi
1025 3425 1076 3471 te
1084 3425 1306 3487 paterna
1319 3432 1450 3472 voce
1461 3433 1748 3474 monemus

160 3514 213 3558 et
233 3511 634 3573 contestamur,
659 3523 878 3564 remove
897 3525 928 3564 a
963 3517 1016 3563 te
1034 3508 1363 3580 quantocius
1396 3511 1749 3566 .consiliarios

159 3593 439 3664 falsitatis;
467 3610 809 3670 corrumpunt
833 3601 1032 3671 quippe
1066 3618 1233 3656 mores
1283 3603 1441 3656 bonos
1486 3603 1750 3674 colloquia

159 3703 326 3758 prava
359 3687 415 3758 (1
444 3688 569 3745 Cor.
595 3694 708 3762 xv).
724 3692 1022 3763 Acquiesce
1049 3703 1231 3750 autem
1257 3710 1353 3764 per
1373 3695 1554 3750 omnia
1578 3696 1751 3767 legato

163 3790 352 3835 nostro
365 3780 523 3835 fratri
539 3781 827 3852 Richardo;
840 3802 1002 3855 quem
1017 3786 1124 3844 nisi
1143 3787 1460 3856 prudentem
1471 3797 1526 3843 et
1537 3789 1752 3859 religio-

162 3887 284 3926 sum
314 3874 725 3944 cognovissem,
750 3887 966 3941 nostras
995 3878 1044 3932 ei
1071 3879 1220 3934 vices
1258 3879 1565 3935 nullatenus
1601 3896 1754 3936 com-

164 3964 468 4019 misissem.
493 3964 614 4021 Non
649 3976 702 4023 te
741 3985 774 4024 a
799 3970 1133 4026 salutaribus
1162 3971 1385 4026 monitis
1411 3980 1574 4042 atque
1597 3972 1754 4028 insti-

165 4056 296 4111 tutis
345 4059 560 4113 nostris
602 4059 822 4117 incestze
849 4062 1095 4118 mulieris
1125 4077 1282 4118 amor
1313 4063 1576 4134 abripiat,
1624 4065 1752 4136 quia

167 4146 416 4202 mulieres
459 4160 767 4219 apostatare
812 4155 1019 4224 faciunt
1063 4155 1326 4225 sapientes
1371 4154 1566 4225 (Eccli.
1612 4155 1752 4226 nx).

166 4238 352 4309 Ipsum
375 4241 581 4312 quippe
601 4260 782 4314 regem
811 4247 1275 4315 sapientissimum
1303 4245 1650 4303 Salomonem
1671 4249 1758 4302 in-

164 4341 354 4386 cestus
382 4335 677 4389 mulierum
704 4337 932 4407 turpiter
952 4354 1108 4393 amor
1126 4339 1342 4409 dejecit,
1369 4348 1422 4394 et
1442 4340 1760 4396 ﬂorentissi-

169 4439 319 4479 mum
354 4441 585 4496 regnum
615 4426 782 4482 Israel
803 4428 896 4483 Dei
912 4430 1122 4500 judicio
1142 4447 1280 4501 pene
1301 4441 1476 4487 totum
1498 4433 1564 4487 de
1586 4449 1749 4488 manu

169 4518 505 4583 posteritatis
528 4519 653 4588 ejus
681 4521 938 4590 abripuit.
967 4521 1199 4577 Proinde
1225 4539 1321 4592 per
1342 4523 1632 4579 Dominum
1653 4539 1754 4580 no-

169 4615 343 4662 strum
366 4607 556 4664 Iesum
593 4610 878 4666 Christum
901 4655 916 4680 ,
945 4622 1000 4668 et
1033 4630 1129 4684 per
1163 4615 1459 4684 potentiam
1489 4617 1754 4672 adventus

171 4698 286 4768 ejus
307 4741 324 4766 ,
357 4715 460 4756 nec
485 4717 599 4756 non
622 4710 678 4757 et
695 4719 763 4758 ex
789 4705 1114 4760 auctoritate
1141 4705 1589 4763 beatissimorum
1620 4723 1754 4779 apo-

169 4791 436 4847 stolarum
466 4793 613 4848 Petri
648 4801 706 4849 et
731 4793 886 4850 Pauli
907 4797 1102 4852 iterum
1133 4813 1420 4854 monemus
1439 4807 1603 4870 atque
1623 4815 1756 4870 prte-

172 4883 425 4953 cipimus,
445 4901 515 4942 ne
545 4894 597 4941 te
623 4887 802 4958 ipsum
825 4888 1114 4960 despicias,
1144 4905 1213 4945 ne
1239 4890 1295 4945 in
1325 4892 1497 4964 gloria
1525 4901 1616 4948 tua
1638 4908 1756 4948 ma-

173 4976 350 5030 culam
386 4994 583 5047 ponas,
630 4996 701 5034 ne
742 4982 1115 5052 posteritatem
1144 4984 1326 5039 carnis
1367 4987 1755 5041 tuae-inutilem

175 5076 226 5121 et
261 5072 553 5140 reprobam
595 5071 787 5128 facias.
823 5072 981 5130 Vires
1001 5089 1238 5142 resume;
1268 5077 1512 5133 illicitum
1542 5093 1757 5134 connu-

177 5158 345 5228 binm,
387 5165 537 5232 quod
578 5181 704 5220 cum
750 5167 938 5222 uxoris
981 5175 1092 5222 tute
1132 5170 1534 5240 consanguinea
1569 5170 1754 5241 inisti,

179 5254 390 5320 penitus
420 5272 640 5326 respue.
671 5256 750 5312 De
791 5266 884 5313 tua
921 5258 1300 5315 emendatione
1341 5276 1446 5318 nos
1485 5272 1540 5319 et
1583 5269 1755 5321 totam

183 5341 472 5390 Eccleein:.~.
504 5349 598 5390 Ὠ.γῖ
630 5350 740 5390 ρίιη
769 5351 975 5390 lenimen
1032 5365 1102 5390 nn
1153 5350 1197 5390 εἰ
1244 5351 1558 5390 innhmlinnn
1589 5354 1755 5390 (num!

1236 310 1436 367 LIBER
1473 304 1816 366 OCTAVUS.
1855 335 1924 348 --
1962 305 2178 361 EPIST.
2221 304 2288 360 νς

1748 425 1798 486 Α
1827 423 2157 478 monachum
2196 423 2538 478 seductorem
2565 421 2643 476 tui
2664 428 2719 477 et
2745 420 3174 492 perturbatorem
3203 423 3353 493 regni
3379 466 3396 490 ,

3292 306 3323 361 5
3331 306 3398 362 78

1821 515 1890 570 ab
1917 514 2145 568 introitu
2174 513 2419 568 ecclesia:
2458 522 2790 584 separatum,
2835 512 2976 566 intra
3003 512 3242 567 claustra
3280 529 3402 569 mo-

1821 604 2047 660 nasterii
2068 603 2446 659 Cluniacensis
2482 604 2536 658 in
2572 596 2946 674 pamitcntiam
2981 603 3182 658 retrudi
3213 604 3402 659 decer-

1822 696 2024 751 nimus.
2057 693 2163 749 Sed
2188 695 2357 751 abbas
2381 695 2758 750 Cluniacensis
2788 709 2890 749 nos
2917 694 3180 750 imitando
3222 695 3274 751 id
3320 695 3402 750 fa-

1822 788 1968 855 ciet;
2009 786 2196 841 eadem
2239 787 2382 842 enim
2420 786 2506 841 via
2535 828 2550 853 ,
2597 787 2786 840 eodem
2831 801 2995 842 sensu
3022 827 3037 852 ,
3081 787 3270 841 eodem
3296 787 3405 858 spi-

1823 878 1932 932 ritu
1981 877 2347 932 ambulamus.
2407 877 2551 932 Deus
2603 885 2783 931 autem
2830 877 3174 946 omnipotens
3201 893 3302 932 nos
3336 878 3404 932 de

1825 976 1918 1023 tua
1963 968 2301 1023 correctione
2347 969 2456 1023 cito
2499 968 2806 1022 exhilarare
2832 967 3101 1039 dignetur,
3153 969 3227 1025 lili
3269 969 3404 1024 cha-

1825 1059 2062 1114 rissime.

2385 1127 2724 1184 EPlSTOLA
2761 1126 2854 1185 ιν.

2337 1237 2414 1276 Δί)
2499 1236 2912 1276 BICIIABDUI.

2422 1310 2602 1377 (Anno
2641 1309 2824 1380 1080.)

1828 1401 2147 1460 Consolatur
2191 1418 2307 1455 eum
2338 1401 2401 1454 de
2450 1401 2679 1455 hostium
2706 1400 3173 1472 persecutionibus.
3205 1399 3288 1454 Ad
3314 1417 3414 1471 ρας

1898 1475 2141 1527 tientiam
2177 1472 2441 1537 hortatur,
2491 1471 2803 1541 promittens
2845 1488 2899 1525 se
2948 1471 3162 1526 interim
3193 1482 3412 1526 curatu-

1895 1561 2017 1667 rl-umt
2034 1553 2091 1596 ut
2117 1542 2367 1596 Robertus
2387 1541 2870 1612 pseudomonachus
2895 1543 2978 1595 sui
3000 1541 3152 1596 scclet
3165 1542 3208 1596 is
3227 1542 3411 1613 "plenas

1925 1631 1992 1666 ua
2023 1654 2037 1667 .

1925 1631 2037 1667 ιιαι.

1900 1704 2208 1760 ϐιιιεειοιιιυε
2241 1704 2553 1774 episcopus,
2593 1719 2786 1759 servus
2815 1720 3101 1760 servorum
3144 1704 3262 1773 Dei,
3313 1704 3412 1760 RI-

1831 1811 2038 1852 annno
2074 1796 2402 1851 cbarissimo
2431 1795 2564 1864 ﬁlio,
2591 1795 2822 1852 salutem
2851 1805 2906 1852 et
2933 1797 3288 1868 apostolicam
3316 1797 3414 1852 be-

1833 1887 2220 1942 nedictionem.

1899 1977 2036 2046 Quia
2069 1977 2258 2035 missis
2302 1978 2502 2036 litteris
2557 1977 2879 2051 signiﬁcasti
2923 1978 3084 2035 nobis
3129 1978 3414 2051 antiquum

1832 2071 2046 2148 hostem
2094 2086 2233 2141 opus
2271 2079 2450 2139 tuum,
2480 2072 2548 2126 ad
2600 2061 2891 2126 utilitatem
2935 2069 3302 2127 Christianam
3349 2086 3418 2126 ex

1833 2155 1989 2234 parte
2015 2163 2305 2232 directum,
2333 2163 2449 2235 'per
2475 2164 2721 2219 membra
2759 2178 2880 2230 sua,
2905 2179 3016 2218 non
3043 2171 3239 2241 praeter
3283 2163 3418 2218 soli-

1834 2263 1972 2322 tum,
2029 2253 2343 2326 impedisse,
2385 2255 2490 2310 hac
2544 2271 2642 2326 per
2690 2255 2794 2310 hoc
2840 2254 3238 2310 {aeternitatem
3270 2262 3421 2310 tuam

1835 2347 2117 2402 tristitiam
2154 2348 2380 2402 nimiam
2419 2347 2740 2413 incurrisse,
2780 2363 2881 2402 nos
2909 2361 3130 2417 quoque
3172 2346 3272 2401 tibi
3301 2362 3420 2401 me-

1837 2439 1944 2494 rito
1983 2439 2396 2509 compatientes,
2434 2440 2625 2494 eodem
2655 2448 2834 2494 tecum
2865 2437 3130 2494 allicimur
3158 2453 3422 2495 maerore.

1840 2529 1945 2586 Sed
1973 2545 2099 2584 cum
2131 2529 2406 2586 memoria:
2429 2530 2709 2586 reducitur
2747 2537 2949 2600 quanta
2996 2539 3050 2585 et
3076 2530 3258 2600 qualia
3288 2545 3420 2600 apo-

1837 2621 1982 2687 stoli,
2010 2636 2357 2677 successores
2385 2621 2547 2677 etiam
2598 2625 2812 2688 eoi-um,
2837 2621 2891 2676 in
2912 2622 3271 2679 :ndiﬁcatione
3300 2622 3425 2678 fun-

1837 2709 2080 2765 damenti
2108 2709 2364 2766 Ecclesiae
2385 2712 2580 2780 partim
2620 2728 2651 2766 a
2688 2713 2936 2784 paganis,
2970 2714 3166 2782 partim
3198 2730 3229 2768 a
3269 2713 3424 2770 falsis

1839 2800 2166 2856 Christianis
2193 2802 2304 2856 sint
2333 2803 2503 2871 passi,
2532 2803 2599 2857 de
2631 2803 3006 2858 misericordia
3047 2804 3263 2860 Domini
3292 2821 3425 2860 con-

1840 2892 1925 2948 fisi
1956 2893 2286 2948 resumimus
2321 2895 2487 2962 vires,
2519 2895 2761 2950 victoriae
2801 2896 3140 2966 triumphum
3170 2898 3426 2968 plenissi-

1844 2997 1931 3037 ma
1974 2983 2169 3038 ﬁducia
2199 2985 2266 3039 de
2306 2986 2497 3040 eodem
2523 2987 2680 3042 hoste
2707 2989 3106 3057 proculdubio,
3149 2999 3209 3043 ut
3249 2989 3424 3045 nostri

1771 3121 1815 3180 α
1845 3074 2077 3142 priores,
2100 3086 2498 3146 exspectantes.
2530 3078 2799 3134 Patientia
2828 3088 2992 3151 atque
3019 3083 3424 3153 perseverantia

1849 3165 2337 3233 impraesentiarum
2362 3169 2608 3240 religioni
2638 3178 2746 3225 tua:
2769 3171 2994 3226 omnino
3016 3180 3145 3226 sunt
3167 3188 3425 3228 necessa-

1847 3255 1962 3321 rias,
1995 3254 2188 3311 scienti
2231 3258 2437 3314 dictum
2480 3261 2551 3316 ab
2588 3261 2850 3332 Apostolo
2888 3278 2996 3317 non
3027 3264 3279 3318 coronari
3317 3266 3426 3320 nisi

1847 3343 1939 3416 qui
1962 3345 2198 3418 legitime
2219 3351 2510 3406 certaverit
2541 3350 2628 3422 (11
2659 3351 2795 3407 Tim.
2827 3354 2912 3423 ιι),
2936 3353 3114 3409 debita
3145 3353 3427 3424 praemissa

1847 3439 2260 3507 exhortatione;
2299 3457 2402 3498 nos
2430 3452 2614 3498 tamen
2650 3445 2832 3500 studio
2861 3453 2956 3500 tuo
2982 3447 3038 3500 in
3070 3447 3220 3500 nullo
3247 3447 3429 3501 deeri-

1849 3544 1994 3596 mus,
2020 3529 2367 3587 Cluniacensi
2397 3533 2579 3589 abbati
2609 3536 2876 3591 mittendo
2903 3537 3138 3607 querelae
3165 3545 3273 3591 tum
3294 3537 3431 3591 litte-

1849 3636 1941 3677 ras
1964 3637 2073 3676 una
2093 3637 2218 3678 cum
2245 3625 2470 3693 nostris,
2485 3636 2756 3697 quatenus
2781 3626 3080 3683 Robertum
3096 3629 3429 3698 pseudomo-

1849 3714 2088 3770 nacbum
2133 3718 2468 3786 quamcitius
2517 3720 2586 3774 ad
2633 3721 3028 3776 monasterium
3061 3719 3240 3776 redire
3278 3721 3431 3775 com-4

1849 3807 2033 3878 pellat,
2076 3809 2329 3866 eumdem
2379 3812 2449 3866 ab
2497 3813 2748 3885 ingressu
2789 3813 3034 3870 ecclesiae
3071 3821 3342 3881 coerceat,
3377 3821 3432 3868 et

1851 3907 1964 3954 tam
2015 3900 2197 3970 gravis
2244 3903 2577 3972 poenitentia:
2630 3905 2884 3976 squalore
2938 3907 3152 3963 diutino
3190 3907 3388 3964 alliciat
3412 3952 3427 3977 ,

1851 3990 1997 4062 quod
2033 3990 2086 4045 in
2131 4007 2300 4062 pravo
2329 4003 2520 4051 contra
2553 4004 2631 4064 te,
2678 3998 2791 4051 imo
2819 4007 3009 4055 contra
3054 3997 3248 4068 Deum,
3280 4017 3433 4057 com-

1853 4084 2024 4138 misso
2051 4096 2236 4153 Opere,
2267 4086 2678 4142 mulctationem
2707 4091 2906 4145 sentiat
2933 4092 3281 4161 pmnitentim.

2413 4197 2751 4255 EPISTOLA
2789 4199 2855 4256 Υ.
3175 4276 3186 4290 1

2105 4306 2173 4346 ΔΙ)
2210 4303 2490 4347 ενιεεοροδ
2522 4306 2731 4346 ΛΡΠιῙιΕ
2768 4306 2840 4346 ΕΤ
2877 4306 3171 4349 οΑιΑιιιιιιε.

2435 4381 2616 4454 (Anno
2655 4381 2840 4455 1080.)

1782 4477 1830 4537 D
1857 4471 2108 4556 Queritur
2142 4472 2206 4556 de
2245 4473 2596 4556 quorumdam
2631 4475 2994 4556 episcoporum
3024 4479 3434 4556 praesumptione

1929 4551 2115 4618 contra
2143 4542 2437 4618 Romanam
2462 4542 2755 4618 Ecclesiam
2780 4542 2954 4618 {quos
2987 4542 3182 4616 tamen,
3204 4542 3268 4604 ut
3297 4552 3432 4606 alios

1929 4611 2152 4692 similes,
2198 4623 2308 4666 tum
2352 4613 2647 4692 Alexandri
2682 4611 2849 4686 papa."
2877 4634 2996 4692 cum
3048 4635 3144 4674 suo
3171 4611 3432 4692 tempore,

1929 4684 2174 4758 con[_usos
2214 4685 2532 4758 remansisse
2581 4684 2786 4755 narrat,
2824 4689 2916 4742 sed
2954 4698 3133 4758 postea
3175 4684 3434 4747 obdurato

1931 4754 2106 4819 corde,
2135 4755 2225 4825 qui
2255 4755 2325 4808 ad
2355 4771 2565 4810 sensum
2603 4754 2777 4813 redire
2814 4754 3101 4813 debuerant
3131 4762 3302 4816 denuo
3336 4764 3438 4817 ad-

1930 4841 2106 4904 versus
2133 4825 2378 4904 eamdem
2397 4828 2758 4904 conspirasse,
2777 4839 2825 4884 et
2854 4829 3209 4904 Ravennatem
3230 4835 3434 4904 episco-

1929 4911 2054 4966 pum
2077 4895 2481 4973 Itaeresiarcham
2512 4895 2859 4973 constituisse.
2893 4899 3070 4966 Quare
3097 4895 3310 4973 sperans
3349 4923 3438 4960 eo-

1932 4981 2050 5020 rum
2071 4967 2372 5044 snperbiam
2410 4986 2649 5044 princeps
2679 4971 3037 5044 ruit_uram_,_et
3067 4967 3290 5044 quietem
3314 4993 3438 5032 san-

1932 5035 2322 5119 ctw‘ltjcclesiw
2355 5035 2597 5119 confusis
2623 5041 2880 5119 lto's‘tibus
2917 5035 3253 5119 dilatandam
3294 5047 3437 5119 fore,

1931 5107 2180 5230 hortati?
2199 5124 2284 5160 eos
2307 5117 2362 5162 ut
2386 5107 2651 5165 laboranti
2673 5109 2931 5168 Ecclesia:
2957 5107 3306 5172 orationibus.
3325 5107 3445 5176 suc-'-

1932 5193 2125 5230 curran
2157 5219 2169 5230 .

1932 5193 2169 5231 currant.

1929 5266 2240 5323 GREGORIUS
2291 5269 2598 5341 episcopus,
2649 5288 2842 5334 servus
2883 5292 3168 5336 servorum
3209 5278 3330 5350 Dei,
3362 5287 3448 5342 di-

1859 5360 2014 5390 ‘nnI:n
2047 5361 2100 5390 ἶ.-
2140 5359 2361 5390 ριιιιίμιη
2406 5358 2667 5390 Ρξηιηειι..-
2706 5377 2751 5390 ΑΔ
2791 5387 2800 5390 -
2919 5374 2930 5385 ⁶
