3972 5390
498 285 603 343 579

1140 284 1199 343 s.
1238 283 1567 344 casconu
1602 282 1695 341 vn
1732 281 1938 344 ΡΑΡΕ
1976 277 2261 343 orntum
2298 278 2482 340 rans
2513 248 2557 338 ἰ.
2599 311 2670 324 -
2708 280 3130 340 REGISTRUM.

3700 277 3819 336 580

497 415 694 459 versas
732 412 986 472 regiones
1025 409 1321 457 censentur
1367 400 1631 473 episcopi,
1682 402 1952 459 diabolica
2005 403 2088 458 in-
2117 403 2164 461 Α
2188 399 2494 456 orationem
2513 397 2659 454 beati
2676 383 2987 469 Petri,quae
3011 380 3292 452 Simonem
3320 394 3560 468 Magum,
3584 410 3819 454 eorum

500 490 766 547 flammati
814 488 1088 561 superbia,
1145 498 1392 547 sanctam
1438 490 1743 547 Ronianam
1788 491 2086 549 Ecclesiam

503 582 686 638 conati
721 590 850 640 sunt
891 579 1255 649 confundere;
1287 582 1383 638 sed
1414 598 1511 652 per
1543 583 1807 638 auxilium
1833 584 2086 655 omnipo-

503 676 667 739 tentis
692 675 808 743 Dei,
836 684 889 731 et
907 675 1288 731 auctoritatem
1316 674 1462 730 beati
1490 674 1655 742 Petri,
1683 675 1868 747 iniqua
1894 690 2087 732 eorum

504 764 875 836 praesumptio,
911 763 1055 820 sicut
1079 764 1162 821 eis
1192 764 1578 821 verecundiam
1603 773 1659 820 et
1684 763 2087 834 confusionem,

505 855 579 909 ita
611 854 921 924 apostolica:
944 853 1057 909 sedi
1083 852 1309 925 gloriam
1333 855 1562 910 contulit
1588 863 1644 910 et
1678 855 2085 911 exaltationem.

509 944 788 1021 Siquidem
828 962 858 1001 a
899 946 1129 1002 minimo
1162 962 1339 1018 usque
1379 948 1447 1002 ad
1494 949 1816 1016 maximum,
1840 948 2093 1005 videlicet

506 1036 620 1092 ll...
672 1037 899 1112 [scilicet
930 1037 1484 1112 llenricumoregem]
1523 1040 1618 1110 qui
1668 1049 1854 1096 vertex
1906 1056 2091 1113 regem

507 1129 695 1203 [for-te,
726 1147 937 1202 regum.
970 1122 1193 1204 nmq,
1218 1120 1334 1202 ‘qui
1364 1139 1550 1187 vertex
1592 1140 1646 1186 et
1693 1142 1887 1189 auctor
1926 1134 2093 1204 pesti-

506 1221 610 1279 feri
638 1221 855 1279 consilii
890 1222 1062 1278 fuisse
1092 1222 1373 1294 probatur,
1401 1240 1499 1294 per
1522 1224 1757 1294 plurima
1799 1240 2092 1297 corporum

509 1324 566 1372 et
601 1304 908 1370 animarum
937 1306 1177 1384 pericula
1207 1315 1475 1385 persensit
1496 1325 1731 1387 quantas
1770 1318 1913 1385 beati
1950 1317 2094 1376 Petri

511 1407 811 1463 auctoritas
851 1407 917 1461 ad
946 1406 1310 1462 ulciscendam
1345 1422 1537 1463 eorum
1579 1404 1923 1480 iniquitatem
1952 1411 2094 1469 vires

509 1498 771 1554 obtineat.
821 1496 984 1555 Scitis
1023 1500 1166 1554 enim
1209 1500 1338 1572 quia
1374 1484 1619 1572 tempore
1661 1501 1869 1558 domini
1920 1505 2096 1559 nostri

511 1607 665 1662 papa:
867 1589 1207 1664 [Alexandri]
1246 1593 1393 1663 quod
1435 1593 1577 1649 idem
1609 1592 1746 1649 IL...
1781 1594 2096 1670 [Henricus]

513 1683 732 1760 injuria:
758 1682 1018 1740 Ecclesia:
1058 1683 1209 1740 Beati
1245 1684 1393 1740 Petri
1413 1701 1511 1755 per
1530 1685 1798 1742 Cadulnm
1823 1686 1937 1760 [qui
1965 1687 2097 1743 alibi

2187 493 2378 563 utique
2415 489 2760 562 magistrum,
2790 489 2859 545 ad
2888 489 3084 545 altiora
3119 489 3431 544 tendentem
3457 488 3821 545 mirabiliter

2187 583 2403 655 dejecit,
2429 596 2715 653 speramus
2741 581 2959 636 ruinam
2989 595 3183 636 eorum
3213 595 3323 635 non
3344 580 3440 635 diu
3470 588 3822 660 remoratu-

2187 689 2330 741 ram,
2357 682 2412 730 et
2434 674 2672 745 quietem
2713 680 2917 729 sancta:
2946 671 3225 739 Ecclesiae,
3255 669 3416 728 victis
3455 681 3512 728 et
3534 666 3821 729 confusis

2189 766 2445 822 hostibus
2499 764 2637 833 suis,
2686 780 2840 820 more
2890 765 3054 821 solito
3110 762 3505 836 gloriosissime
3550 764 3823 819 dilatan—

2190 858 2337 914 dam.
2375 854 2488 913 Vos
2534 856 2738 927 itaque,
2762 842 3113 912 dilectissimi
3162 855 3382 923 fratres,
3409 855 3821 910 innocentiam

2191 948 2501 1005 communis
2525 938 2719 1003 matris
2741 958 2938 1003 vestrae
2969 955 3173 1003 sanctae
3212 945 3478 1003 Romana:
3526 945 3823 1003 Ecclesia

2128 1091 2133 1095 .
2192 1039 2607 1112 perpendentes,
2636 1046 2692 1094 et
2723 1047 2990 1111 quantum
3021 1040 3273 1095 diabolus
3303 1039 3549 1095 membra
3578 1056 3694 1095 sua
3738 1037 3820 1092 ad

2192 1124 2530 1187 inferendam
2566 1130 2805 1203 praefatae
2836 1122 3098 1187 Romana:
3144 1131 3400 1188 Ecclesia:
3441 1130 3821 1202 inquietudi-

2194 1239 2321 1279 nem
2363 1232 2632 1291 exerceat,
2665 1223 3097 1290 considerantes,
3145 1224 3292 1279 sicut
3339 1223 3516 1289 decet,
3543 1230 3601 1278 et
3625 1221 3821 1277 ofﬁcii

2192 1316 2360 1372 vestri
2412 1316 2654 1372 debitum
2702 1315 2891 1387 exigit,
2926 1316 3270 1372 orationibus
3304 1315 3539 1386 aliisque
3584 1314 3817 1380 modis,

2196 1408 2397 1479 quibus
2432 1408 2705 1465 laboranti
2754 1408 2917 1463 matri
2944 1407 3396 1479 succurrendum
3437 1415 3543 1473 est,
3567 1421 3819 1477 operam

2197 1500 2548 1571 studiumque
2580 1499 2900 1570 ,impendite,
2932 1508 3204 1571 quatenus
3239 1508 3504 1579 appareat
3530 1514 3633 1555 vos
3652 1500 3817 1570 legi-

2197 1592 2363 1647 times
2388 1592 2508 1663 ejus
2548 1590 2691 1647 filios
2721 1606 2864 1658 esse,
2903 1591 3190 1663 ipsiusque
3224 1591 3642 1659 contumeliam,
3664 1608 3817 1662 par-

2201 1681 2297 1739 tita
2338 1684 2626 1739 nobiscum
2678 1680 2884 1739 laboris
2916 1683 3219 1756 diligentia,
3246 1700 3312 1739 ex
3354 1683 3523 1740 corde
3566 1685 3813 1755 sentire.

513 1758 808 1852 Gadalous.
846 1775 1016 1861 llann.
1056 1774 1329 1859 cedulam]
1360 1777 1560 1834 inferre
1595 1780 2005 1852 excogitaverit,
2047 1788 2103 1836 et
2133 1750 2175 1807 Β
2203 1774 2360 1844 Quod
2383 1776 2428 1832 si
2452 1775 2664 1832 fueritis
2694 1775 2829 1832 socii
2850 1776 3468 1853 compassionis,eritis,
3500 1772 3817 1832 auxiliante

515 1870 571 1924 in
619 1878 881 1940 quantam
930 1885 1206 1945 quamque
1248 1870 1641 1941 turpissimam,
1695 1874 1901 1929 mundo
1943 1882 2099 1943 teste,

517 1961 864 2035 confusionis
893 1960 1111 2018 foveam
1146 1978 1274 2018 cum
1303 1964 1494 2019 eodem
1524 1963 1734 2020 Cadulo
1768 1966 1965 2022 cadere
1988 1982 2105 2022 me-

521 2038 651 2123 ruit,
670 2043 728 2110 et
747 2065 953 2125 quanto
976 2054 1186 2111 honore
1205 2055 1535 2126 quantisque
1552 2056 1845 2128 triumphis
1872 2058 1929 2113 in
1949 2074 2107 2115 excr—

519 2148 785 2203 citatione
813 2143 958 2219 illius
986 2146 1302 2203 certaminis
1331 2147 1397 2201 Β.
1434 2147 1496 2203 P.
1523 2146 1843 2221 [reverenda
1868 2152 2107 2222 paterni-

521 2247 627 2306 tas,
653 2240 748 2294 hoc
769 2249 845 2294 est
876 2239 1203 2310 respublica.
1237 2237 1438 2313 illam]
1461 2250 1647 2297 nostra
1668 2241 1980 2313 profecerit.
1997 2243 2112 2301 Sci-

523 2331 596 2387 tis
631 2332 798 2386 etiam
847 2346 1015 2402 quam
1064 2330 1397 2388 detestandis
1437 2333 1938 2404 conspirationibus
1984 2345 2110 2392 ante

523 2439 702 2479 annos
724 2426 854 2490 tres,
877 2424 1148 2495 przecipuc
1173 2421 1661 2496 Langobardorum
1679 2425 1918 2497 episcopi
1942 2443 2001 2483 se
2015 2429 2112 2485 ad-

523 2532 747 2589 versum
778 2532 898 2594 nos,
941 2516 1131 2575 eodem
1345 2516 1709 2588 principante,
1738 2528 2109 2588 armaverunt,

527 2608 756 2679 etquod
785 2623 883 2678 per
921 2606 1295 2677 defensionem
1333 2608 1478 2664 beati
1517 2608 1663 2664 Petri
1692 2610 1845 2668 illaasi
1873 2621 1929 2667 et
1955 2613 2111 2669 inco-

526 2700 705 2773 lumes
726 2715 834 2755 non
857 2698 975 2755 sine
988 2715 1186 2772 magna
1200 2709 1407 2768 nostra,
1426 2710 1853 2775 nostrorumque
1875 2704 2115 2762 fidelium

528 2793 758 2849 honoris
794 2792 1124 2849 cxaltatione
1152 2793 1538 2851 remansimus.
1578 2793 1689 2851 Illis
1716 2812 1848 2851 vero
1876 2797 2114 2868 priorem

528 2885 922 2943 arbitrantibus
941 2900 1052 2941 non
1070 2885 1317 2942 suilicerc
1336 2886 1440 2943 sibi
1466 2886 1868 2954 confusionem,
1884 2906 1914 2944 a
1934 2891 2117 2961 planta

528 2980 682 3052 pedis
713 2994 888 3051 usque
927 2979 994 3034 ad
1025 2979 1284 3034 verticem
1326 2980 1639 3051 apostolicm
1681 2981 1904 3038 ultionis
1944 2999 2120 3053 quan-

529 3081 648 3128 tum
696 3071 901 3127 ferierit
938 3069 1356 3144 [al.,‘ferverit.
1412 3070 1612 3146 [ham]
1662 3073 1892 3146 gladius,
1942 3075 2191 3155 adliucc

529 3164 688 3237 plaga
717 3163 1036 3220 incurabilis
1064 3172 1287 3234 praestat
1311 3158 1595 3221 indicium.
1622 3165 1728 3222 Sed
1749 3166 1806 3221 in
1833 3167 1919 3223 bis
1940 3168 2119 3222 omni-

528 3257 638 3314 bus
665 3258 963 3312 obduratas
988 3297 1004 3323 ,
1027 3257 1378 3313 meretricum
1404 3254 1577 3325 mere,
1608 3256 1817 3314 frontes
1846 3269 2117 3330 gerentes,

530 3358 589 3405 et
616 3348 950 3423 impudentia
1000 3363 1098 3404 sua
1128 3348 1264 3403 iram
1312 3349 1416 3404 sibi
1446 3349 1584 3420 justi
1621 3348 1812 3419 judicii
1841 3351 2119 3406 thesauri-

532 3448 742 3506 zantcs,
766 3439 861 3509 qui
904 3449 1153 3510 respectu
1179 3427 1533 3497 contumeliae
1550 3456 1664 3496 sua:
1685 3441 1752 3496 ad
1775 3456 1998 3497 sensum
2027 3457 2118 3499 re-

532 3529 651 3586 dire
677 3531 999 3598 debuerant,
1031 3540 1238 3601 patrem
1266 3548 1430 3588 suum
1454 3532 1650 3600 secuti,
1680 3532 1776 3604 qui
1804 3534 1942 3589 dixit
1978 3550 1990 3587 :
2017 3534 2123 3590 Po-

534 3638 658 3676 nant
683 3618 857 3677 sedem
874 3638 1052 3694 [meam
1079 3623 1143 3677 ab
1165 3624 1431 3695 aquilone,
1466 3635 1518 3680 et
1548 3641 1638 3679 ero
1675 3626 1868 3681 similis
1896 3625 2118 3683 Altissi-

534 3729 621 3768 mo
662 3712 821 3784 (Isai.
855 3714 991 3786 xiv),
1026 3715 1311 3786 pristinam
1347 3716 1809 3788 conspirationem
1857 3720 2125 3779 adversus"

536 3804 831 3863 Dominum
855 3816 910 3863 et
940 3817 1186 3865 sanetam
1215 3797 1581 3866 universalem
1613 3809 1916 3869 Ecclesiam
1938 3817 2120 3872 conati

534 3908 668 3955 sunt
712 3901 991 3968 innovare,
1021 3910 1077 3957 et
1101 3902 1378 3959 hominem
1423 3904 1770 3976 sacrilegum,
1820 3915 1876 3963 et
1920 3918 2122 3966 sanctae

536 3991 798 4067 Romana:
819 3991 1077 4053 Ecclesia:
1104 3995 1405 4067 periurum,
1420 3990 1531 4053 nec
1556 4013 1666 4053 non
1689 4014 1786 4070 per
1805 4002 2120 4061 universum

536 4084 651 4142 Β...
684 4086 805 4160 [Itoc
840 4096 918 4142 est
967 4087 1296 4145 Romanum.
1330 4088 1530 4164 Hann]
1560 4091 1747 4148 orbem
1794 4093 2123 4155 nefandissi-

535 4181 642 4237 mis
669 4180 966 4238 sceleribus
991 4182 1479 4247 denotatum.W...
1515 4183 1637 4258 [ltoc
1670 4194 1748 4241 est
1792 4186 2118 4249 Wiveicum.

537 4271 688 4330 "ARD
718 4316 734 4342 ,
767 4273 1072 4349 Gibertum]
1099 4276 1336 4334 dicimus
1361 4287 1565 4335 sanctae
1585 4278 1919 4341 Ravennatis
1944 4286 2121 4343 eccle-

537 4368 635 4425 sia:
678 4368 1107 4438 devastatorem,
1156 4370 1557 4428 Anticbristum
1599 4373 1705 4429 sibi
1750 4385 1807 4432 et
1833 4378 2122 4437 haeresiar-

535 4463 697 4519 cbam
723 4463 1079 4521 constituere.
1106 4462 1162 4518 In
1185 4480 1296 4535 quo
1316 4466 1579 4521 nimirum
1610 4465 1826 4526 Satanae
1849 4484 2121 4531 conventu
2156 4446 2203 4500 D

539 4557 615 4611 illi
652 4556 949 4611 interfuere
980 4572 1217 4627 quorum
1247 4566 1331 4613 est
1356 4559 1466 4615 vita
1508 4559 1863 4633 detestabilis,
1888 4574 1945 4622 et
1976 4569 2126 4625 ordi-

540 4649 689 4703 natio
713 4648 962 4704 haeretica
1006 4648 1370 4705 immensitate
1398 4653 1706 4711 multimodl
1729 4656 1996 4716 criminis.
2034 4660 2125 4717 Si-

539 4740 761 4810 quidem
797 4741 872 4810 ad.
904 4737 1048 4796 lianc
1079 4726 1351 4797 insaniam
1379 4743 1469 4799 illa
1498 4745 1717 4801 demum
1744 4763 1841 4805 eos
1866 4751 2125 4822 despera-

540 4833 620 4887 tio
656 4833 821 4888 traxit
843 4834 993 4904 quod
1034 4849 1215 4905 neque
1241 4836 1515 4906 precibus,
1569 4854 1747 4910 neque
1777 4843 2125 4902 servitiorum

542 4930 639 4979 aut
662 4939 951 4993 munerum
982 4926 1463 4999 promissionibus,
1487 4929 1754 4989 scelerum
1777 4950 2005 4993 suorum
2028 4954 2126 4995 vc-

544 5015 693 5072 niam
719 5016 863 5086 apud
887 5033 990 5075 nos
1018 5019 1273 5075 maluerit
1294 5021 1612 5093 impetrare,
1636 5025 1744 5082 nisi
1768 5026 1907 5085 forte
1930 5030 2133 5088 vellent

544 5107 749 5164 iudicio
764 5108 1142 5164 ecclesiastico
1154 5121 1468 5164 nostr-amne
1488 5130 1736 5164 censura:
1761 5135 1820 5164 an
1858 5124 2132 5164 mmlinnla

2206 1867 2337 1935 Deo,
2363 1867 2562 1923 laetitiae
2583 1867 2879 1939 participes
2911 1875 2967 1923 et
2992 1869 3405 1925 consolationis.
3440 1867 3653 1925 Caetera
3676 1886 3817 1940 qua

2205 1944 2316 2016 non
2349 1961 2703 2029 inscruimus,
2735 1960 2927 2039 legatis
2964 1961 3191 2030 nostris,
3225 1962 3429 2033 quibus
3458 1963 3609 2019 sicut
3644 1964 3817 2019 nobis

2206 2053 2426 2110 credere
2456 2053 2705 2123 potestis,
2729 2052 3014 2110 referenda
3035 2054 3440 2111 commisimus.

2277 2143 2412 2200 Data
2439 2140 2649 2215 Cicani,
2675 2145 3003 2203 duodecimo
3029 2145 3301 2203 Kalendas
3330 2147 3590 2220 Augusti.

2764 2258 3107 2316 EPISTOLA
3140 2259 3231 2317 Vl.

2834 2368 2903 2407 AD
2943 2369 3172 2409 EOSDEII.

2797 2442 2983 2516 (Anno
3017 2445 3203 2517 1080.)

2218 2532 2286 2590 Ut
2319 2533 2576 2610 Micltaeli
2611 2535 2919 2610 imperatori
2942 2536 3510 2610 .Constantipolitarw,
3543 2539 3613 2594 ab
3644 2541 3811 2610 intpeo

2284 2607 2490 2680 ratoria
2520 2606 2780 2680 dignitate
2808 2606 3004 2680 injuste
3029 2609 3213 2680 ejecta,
3242 2606 3293 2664 et
3323 2611 3640 2680 apostolica:
3670 2606 3808 2665 sedis

2286 2692 2349 2751 (re
2396 2674 2606 2751 Roberti
2631 2676 2783 2751 {lacis
2812 2674 3077 2751 auxilium
3099 2674 3442 2751 imploranti,
3474 2681 3806 2736 subveniunt.

2286 2746 2543 2818 Prwcipit
2571 2746 2832 2818 militibus
2853 2750 2943 2818 qui
2965 2749 3108 2818 apud
3136 2746 3255 2803 eum
3280 2752 3521 2805 "militare
3550 2751 3811 2806 voluerint

2228 2868 2231 2873 λ
2288 2827 2347 2872 ιιι
2389 2819 2439 2873 ei
2467 2816 2700 2899 ﬁdeliter
2736 2816 3057 2899 inserviant;
3096 2820 3417 2899 mandatque
3451 2823 3719 2892 episcopis
3753 2833 3811 2876 ut

2287 2904 2374 2942 eos
2407 2888 2600 2963 milites
2631 2898 2896 2955 moneant,
2922 2899 2978 2943 ut
3002 2899 3199 2963 rectam
3219 2888 3379 2959 ﬁdem
3406 2888 3537 2963 erga
3560 2888 3687 2947 eunt
3704 2910 3812 2947 sero

2290 2968 2426 3031 rent,
2452 2959 2769 3031 timorem‘et
2789 2975 3021 3013 amorem
3044 2959 3141 3014 Dei
3161 2977 3272 3031 pra:
3295 2959 3744 3027 oculis/labeant,
3762 2973 3812 3018 et

2291 3030 2359 3155 ὺῖ
2374 3030 2522 3152 beluis
2543 3028 2783 3153 (ttperibus
2811 3028 3353 3104 perseverent,'sicque
3372 3031 3500 3087 illos
3522 3051 3556 3087 a
3581 3036 3812 3104 peccatis

2294 3118 2326 3155 α
2362 3116 2420 3154 so
2445 3116 2545 3154 van
2574 3139 2589 3155 .

2294 3116 2589 3155 aosowant.

2289 3191 2599 3249 ϐιεθοιιιυε
2620 3192 2932 3264 episcopus,
2949 3208 3142 3250 servus
3172 3209 3457 3251 servorum
3485 3193 3607 3263 Dei,
3632 3195 3815 3251 fratri-

2218 3283 2323 3340 bus
2344 3293 2400 3339 et
2437 3283 2776 3354 coepiscopis
2799 3283 2855 3339 in
2877 3283 3070 3354 Apulia
3100 3295 3155 3341 et
3175 3285 3432 3341 Calabria
3464 3302 3815 3343 commoran-

2217 3375 2386 3442 tibus,
2414 3376 2645 3431 salutem
2670 3384 2729 3431 et
2753 3376 3109 3446 apostolicam
3138 3377 3604 3434 benedictionem.

2288 3466 2490 3524 Notum
2514 3481 2638 3524 esse
2665 3468 2971 3538 prudentiae
2989 3477 3187 3525 vestras
3208 3486 3319 3525 non
3347 3469 3675 3527 dubitamus
3698 3473 3814 3542 glo-

2219 3559 2590 3619 riosissimum
2662 3559 3049 3630 imperatorem
3112 3560 3810 3634 Constantinopolitanum,

2220 3650 2536 3709 Michaelem
2574 3650 2826 3707 videlicet
2848 3650 3021 3724 (ml),
3049 3653 3121 3708 ab
3156 3653 3455 3724 imperialis
3482 3656 3817 3712 excedentia:

2221 3727 2461 3800 culmine
2492 3743 2713 3814 indigne
2754 3743 2939 3815 potius
2966 3753 3021 3800 et
3041 3745 3331 3813 malitiose,
3361 3762 3535 3817 quam
3553 3751 3707 3818 juste
3726 3757 3819 3803 aut

2221 3836 2640 3904 rationabiliter,
2670 3851 2795 3893 esse
2812 3836 3107 3908 dejectum,
3130 3838 3225 3909 qui
3256 3839 3526 3896 auxilium
3550 3841 3698 3897 beati
3725 3841 3819 3897 Pe-

2222 3928 2313 3995 tri,
2358 3943 2572 3984 necnon
2616 3927 2714 3983 lilii
2762 3929 2937 3985 nostri
2968 3930 3350 4001 gloriosissimi
3386 3933 3549 3989 ducis
3598 3933 3817 3990 Roberti

2222 4018 2564 4091 “agitaturus
2582 4017 2793 4074 Italiam
2809 4020 2984 4091 petiit.
3002 4021 3346 4095 Quaproer
3376 4039 3498 4092 nos,
3522 4025 3655 4081 licet
3680 4026 3817 4081 indi.

2224 4111 2336 4183 gni,
2359 4111 2505 4169 sedis
2528 4110 2702 4181 ipsius
2722 4112 2913 4167 curam
2930 4123 3202 4185 gerentes,
3222 4116 3632 4187 compassionis
3651 4119 3821 4174 visceo

2222 4202 2378 4260 ribus
2405 4203 2559 4270 moti,
2590 4202 2845 4274 precibus
2884 4198 3055 4275 illius,
3081 4222 3183 4262 nec
3215 4222 3326 4264 non
3350 4208 3599 4279 ejusdem
3640 4210 3814 4276 ducis,

2224 4296 2578 4352 annuendum
2602 4311 2726 4353 esse
2753 4297 3090 4365 censuimus,
3121 4307 3175 4355 et
3203 4316 3235 4355 a
3261 4300 3522 4356 ﬁdelibus
3545 4301 3698 4357 beati
3719 4300 3818 4357 Pe—

2225 4386 2295 4441 tri
2327 4385 2761 4443 subveniendum
2783 4389 2889 4445 sibi
2928 4389 3045 4446 fore
3091 4393 3425 4462 putavimus.
3475 4391 3651 4465 Igitur
3692 4395 3816 4465 quia

2225 4480 2369 4537 inter
2400 4490 2596 4536 cetera
2639 4481 2962 4538 multimoda
3005 4483 3284 4558 suﬂ'ragia,
3310 4485 3457 4540 istud
3495 4501 3610 4541 non
3640 4487 3819 4541 minus

2225 4571 2571 4644 profuturum
2585 4574 2871 4630 memorati
2897 4576 3172 4647 principes
3200 4577 3570 4645 exsistimant,
3590 4580 3817 4647 scilicet,

2226 4672 2287 4720 ut
2315 4665 2515 4721 milites
2544 4660 2917 4733 auxiliatores,
2963 4657 3113 4724 recta
3153 4668 3278 4738 fide,
3321 4685 3431 4724 non
3460 4669 3819 4729 dissimilibus

2228 4756 2425 4814 aliimis
2458 4758 2540 4813 ire
2570 4767 2881 4816 constanter
2915 4760 2971 4815 in
3001 4761 3333 4832 adjutorium
3361 4770 3416 4817 et
3443 4763 3815 4822 defensionem

2228 4848 2437 4921 praefati
2482 4850 2831 4920 imperatoris
2870 4844 3124 4921 debeant,
3166 4855 3464 4926 apostolica
3493 4859 3817 4913 auctoritate

2228 4940 2578 5012 praecipimus
2605 4951 2879 5014 quatenus
2898 4944 2976 4999 illi
2999 4946 3095 5016 qui
3118 4946 3368 5004 militiam
3400 4947 3576 5023 ipsius
3613 4950 3816 5006 intrare

2230 5033 2541 5100 statuerint,
2564 5034 2621 5089 in
2651 5036 2978 5091 contrariam
3008 5047 3216 5108 partem
3239 5040 3542 5111 proditoris
3563 5042 3816 5115 tergiver-

2232 5123 2443 5164 εεηίηηό
2463 5125 2702 5164 IMnhiI-n
2723 5143 2831 5164 nnn
2855 5128 3088 5164 nutricant
3133 5146 3323 5164 νοηπη
3352 5131 3517 5164 [ιη-ΛΑ
3546 5130 3781 5164 Plu-{nolo
