3972 5390
182 150 285 207 58!

1267 138 1470 195 LIBER
1507 136 1853 195 OCTAVUS.
1893 165 1967 179 -—
2002 134 2222 193 EPIST.
2262 134 2355 191 IX.

3351 134 3473 193 582'

182 237 368 320 uentis
382 259 709 333 condignam
724 257 1100 333 paenitentiam
1114 270 1295 328 agere,
1306 263 1362 310 et
1374 262 1581 311 rectam
1592 252 1775 317 ﬁdem,
1805 263 1854 322 Α
1945 251 2060 333 ejus
2093 252 2390 333 conjugem,
2417 256 2477 333 ut
2506 246 2839 333 tam
2865 255 3092 333 patrono
3119 251 3462 305 numnam

180 356 337 413 sicut
357 354 516 410 decet
541 350 907 416 Christianos,
935 350 1081 405 circa
1106 349 1230 403 illos
1254 362 1497 412 servare,
1528 345 1584 400 in
1608 344 1782 400 omni-

183 460 290 503 uus
329 445 545 501 actibus
573 443 692 500 suis
724 444 977 499 timorem
1006 440 1105 496 Dei
1126 449 1179 495 et
1205 453 1449 495 amorem
1472 453 1583 509 pra:
1604 437 1779 493 oculis

182 540 395 596 habere
423 580 439 604 .
478 546 535 594 et
568 538 625 593 in
670 537 831 593 bonis
874 534 1134 606 operibus
1172 546 1555 603 perseverare;
1591 530 1780 599 sicque

182 633 313 687 illos
339 630 462 685 fulti
486 637 679 685 nostra
704 627 1049 695 auctoritate,
1075 625 1188 681 imo
1207 623 1351 681 beati
1373 621 1520 678 Petri
1549 630 1783 693 potesta-

181 735 256 789 te,
289 737 325 777 a
355 722 601 794 peccatis
619 721 901 778 absolvite.

253 815 399 872 Data
426 822 624 873 octavo
648 812 921 869 Kalendas
944 808 1200 883 Augusti.

738 925 847 982 EPI
854 922 1079 982 STOLA
1116 920 1230 977 VII.

651 1034 720 1077 AD
758 1032 1046 1075 UNIVERSOS
1082 1028 1322 1070 FIDELES.

792 1112 973 1184 (Anno
1010 1106 1195 1179 1080.)

187 1208 497 1265 llultorum
521 1206 824 1277 principum
845 1203 1109 1277 auxilium
1134 1200 1453 1272 promissum
1474 1198 1574 1251 sibi
1592 1204 1785 1266 prcsto

255 1297 374 1335 esse
402 1274 739 1349 significans,
762 1292 816 1329 se
842 1274 1395 1349 Ravennamnrmata
1422 1285 1581 1349 manu
1604 1277 1786 1349 centu—

257 1367 386 1405 rum
418 1340 518 1414 ait,
548 1340 621 1400 ἰιι
660 1340 777 1401 eam
811 1345 1088 1399 ecclesiam
1125 1342 1190 1396 de
1229 1341 1472 1414 manibus
1502 1340 1786 1409 impiorum

246 1422 482 1490 eripiat.
506 1411 690 1484 Quare
729 1417 975 1470 hortatur
995 1423 1055 1468 ut
1088 1428 1269 1467 eorum
1293 1411 1787 1490 impiorumsuper-

259 1480 415 1545 bium
432 1498 486 1545 et
513 1480 736 1543 conatus
756 1504 864 1541 una
888 1500 1064 1541 secum
1101 1488 1466 1543 contemnant;
1497 1480 1635 1532 unde
1662 1495 1788 1532 san—

208 1620 211 1623 _
259 1572 367 1616 ειιτ
397 1559 660 1614 Ecclesia:
684 1575 866 1630 pacem
893 1557 1073 1611 divina
1102 1553 1382 1608 clementia
1412 1548 1788 1605 stabiliendum

261 1634 381 1702 {ore
402 1640 633 1701 sperent.
1510 1634 1513 1635 ⁷
1822 1651 1864 1705 Β

262 1723 584 1779 Caesonius
620 1720 929 1792 episc0pus,
976 1731 1169 1775 servus
1201 1728 1484 1771 servorum
1524 1710 1642 1779 Dei,
1673 1710 1787 1767 l'ra-

195 1818 375 1873 tribus
407 1826 462 1872 et
488 1810 828 1887 coepiscopis
856 1810 1229 1869 Christianam
1256 1808 1577 1879 religionem
1597 1804 1788 1861 delen-

196 1912 480 1979 dentibus,
529 1908 853 1978 caeterisque
898 1904 1167 1961 clericalis
1216 1917 1283 1958 ac
1331 1900 1539 1957 laicalis
1581 1900 1790 1955 ordinis

200 2000 388 2062 Sancti
416 2004 568 2059 Petri
589 2002 862 2069 ﬁdelibus,
893 2000 1125 2058 salutem
1157 2006 1211 2053 et
1244 1995 1600 2068 apostolicam
1622 1994 1789 2050 bene-

197 2100 519 2155 dictionem.

208 2176 217 2181 -
265 2192 473 2247 Notum
497 2191 571 2247 sit
598 2188 874 2247 dilectioni
899 2194 1098 2244 vestrae
1118 2201 1240 2251 nos,
1264 2191 1378 2238 tam
1400 2197 1498 2254 per
1522 2196 1623 2236 nos
1646 2180 1793 2251 ipsos

200 2272 362 2359 quam
397 2295 453 2341 et
491 2301 589 2356 per
616 2285 824 2356 legatos
858 2290 1094 2346 nostros,
1124 2293 1249 2332 cum
1301 2276 1437 2330 duce
1486 2274 1623 2329 IL...
1656 2273 1793 2346 [Ro-

199 2356 403 2454 lierto],
445 2388 503 2435 et
546 2376 787 2433 Iordane
834 2375 1155 2444 ett-terisque
1200 2368 1596 2441 potentioribus
1630 2356 1794 2421 Nort-

203 2488 537 2528 mannorum
567 2471 909 2543 principibus
954 2468 1124 2523 fuisse
1162 2466 1396 2529 locutos,
1419 2461 1516 2532 qui
1552 2460 1797 2531 profecto

202 2567 543 2643 unanimiter
571 2565 898 2636 promittunt
930 2578 989 2618 se
1027 2560 1191 2632 (sicut
1214 2557 1386 2629 jurati
1420 2556 1570 2628 sunt)
1600 2555 1668 2611 ad
1698 2554 1795 2610 de.

203 2659 512 2716 lensionem
539 2643 746 2715 sancth
768 2653 1029 2712 Romanae
1050 2652 1308 2709 Ecclesia:
1328 2649 1613 2719 nostrique
1632 2650 1800 2704 hono-

204 2753 282 2810 ris
328 2762 527 2811 contra
579 2767 773 2807 omnes
817 2748 1076 2805 mortales
1121 2744 1383 2800 auxilium
1430 2743 1796 2813 impensurus.

205 2840 451 2919 ldipsum
482 2860 706 2917 quoque
745 2844 922 2911 nobis,
946 2851 999 2897 et
1017 2833 1111 2912 qui
1141 2838 1285 2894 circa
1312 2835 1512 2890 Urbem
1540 2835 1700 2905 longe
1722 2834 1802 2887 la-

207 2949 370 3011 teque
390 2949 543 3005 sunt,
566 2949 621 2995 et
649 2939 704 2994 in
735 2937 936 2993 Tuscia
965 2934 1288 3011 ueterisque
1310 2929 1626 3008 regionibus
1651 2926 1802 2997 prin-

211 3035 357 3105 cipes
386 3033 620 3089 firmiter
651 3031 997 3107 pollicentur.
1032 3026 1188 3082 Unde
1214 3031 1337 3095 post
1374 3020 1647 3097 Kalendas
1669 3018 1804 3089 Sep-

212 3127 466 3193 tembris,
511 3134 803 3197 postquam
852 3132 1067 3193 tempus
1094 3117 1386 3190 frigescere
1430 3113 1676 3185 cmperit,
1703 3128 1802 3167 cu-

212 3223 426 3292 pientes
468 3228 720 3276 sanctam
767 3217 1133 3272 Ravennatem
1167 3209 1249 3281 (S.
1287 3208 1378 3279 R.)
1412 3206 1701 3263 ecclesiam
1738 3207 1806 3261 de

213 3314 477 3370 manibus
509 3313 692 3382 impiis
727 3311 958 3381 eripere,
999 3316 1055 3363 et
1090 3304 1240 3359 Patri
1287 3318 1391 3358 suo
1434 3301 1596 3365 beato
1643 3298 1806 3355 Petro

214 3408 529 3474 restituere,
544 3414 729 3477 partes
752 3403 873 3460 illas
889 3409 1096 3457 armata
1113 3413 1278 3453 manu
1305 3395 1469 3469 (sicut
1489 3394 1556 3450 dc
1576 3392 1813 3467 Domino.

217 3501 532 3573 speramus)
556 3507 828 3570 petemus,
852 3511 917 3552 ac
941 3510 1037 3566 per
1062 3491 1235 3564 ipsius
1255 3488 1521 3544 auxilium
1556 3505 1656 3544 uos
1683 3503 1805 3543 eam

217 3595 553 3669 liberaturos
594 3591 743 3647 haud
782 3589 945 3647 dubie
981 3584 1275 3643 credimus.
1318 3580 1661 3652 Quapmpter
1705 3596 1814 3657 nos

218 3686 511 3745 audaciam
536 3685 855 3755 impiorum,
878 3692 1179 3748 eorumque
1198 3673 1296 3746 qui
1321 3689 1444 3740 nos,
1468 3673 1581 3728 imo
1601 3672 1659 3728 in
1685 3673 1810 3728 bea-

218 3789 333 3839 tum
353 3779 607 3844 Petrum,
635 3792 696 3833 se
720 3780 1037 3837 erexerunt,
1057 3766 1489 3826 machinationes
1518 3782 1619 3838 pro
1638 3767 1811 3823 nihilo

219 3874 507 3938 ducentes,
551 3870 805 3926 volumus
844 3876 1007 3943 atque
1041 3868 1325 3920 hortamur
1361 3875 1461 3917 vos
1498 3861 1826 3943 superbiam,

221 3975 567 4035 conatusque
612 3962 834 4018 illorum
895 3938 1049 4031 teque
1102 3954 1392 4011 nobiscum
1439 3938 1815 4021 contemnere,

222 4068 375 4116 tanto
393 4059 464 4115 de
482 4056 648 4114 ruina
673 4070 866 4112 eorum
892 4038 1154 4109 certiores
1173 4056 1380 4119 quanto
1407 4062 1502 4103 eos
1529 4046 1595 4101 ad
1618 4046 1813 4102 altiora

222 4156 323 4211 niti
366 4152 669 4210 ascendere
708 4148 953 4207 cernitis.
995 4143 1221 4201 Talibus
1260 4155 1502 4212 namque
1541 4139 1814 4210 Propheta

226 4249 537 4321 imprecaris
562 4246 639 4302 ait
666 4262 680 4298 :
709 4242 969 4315 Superbia
985 4255 1165 4296 eorum
1194 4237 1285 4309 qui
1313 4244 1361 4290 te
1381 4235 1604 4290 oderunt
1632 4252 1839 4295 ascen-7

227 4342 302 4396 dit
322 4357 529 4411 semper
556 4336 735 4413 (Psal.
773 4332 997 4406 Lxxm);
1026 4339 1211 4403 aperte
1244 4329 1530 4385 declarans
1553 4327 1682 4400 quia
1712 4345 1812 4384 au-
1845 4346 1891 4401 ι)

226 4433 332 4489 dax
356 4433 614 4505 impietas
636 4446 705 4487 eo
729 4428 906 4500 magis
930 4424 1084 4481 casui
1108 4421 1341 4479 vicinior
1364 4429 1544 4476 exstat
1562 4436 1673 4491 quo
1693 4436 1815 4475 am-

230 4526 373 4596 plius
408 4541 473 4582 se
503 4522 821 4581 ascendisse
865 4518 1162 4575 existimat.
1189 4513 1302 4570 Vos
1348 4529 1481 4586 ergo
1517 4513 1613 4585 qui
1640 4512 1818 4569 Deum

234 4619 456 4686 timetis,
483 4627 540 4676 et
557 4615 704 4672 beati
732 4612 881 4669 Petri
915 4610 1227 4667 ﬁdelitatem
1257 4607 1471 4673 tenetis,
1495 4606 1563 4663 de
1597 4606 1818 4661 miseri-

234 4714 419 4771 cordia
443 4709 661 4768 Domini
684 4707 996 4769 nullatenus
1020 4703 1335 4760 htesitantes
1346 4715 1570 4771 prorsus
1581 4708 1819 4770 sperate,

176 4852 182 4857 .
235 4816 286 4866 et
312 4806 682 4865 nefandorum
709 4799 1172 4873 perturbationem
1192 4794 1386 4851 merita
1415 4794 1575 4850 ruina
1598 4794 1708 4849 cito
1734 4809 1822 4851 se-

234 4902 490 4967 dandam,
514 4906 571 4956 et
616 4903 822 4952 sanctae
857 4891 1115 4957 Ecclesize
1154 4902 1344 4960 pacem
1393 4896 1449 4942 et
1473 4885 1822 4945 securitatem

239 4994 401 5065 (sicut
428 4992 495 5051 de
532 4989 720 5048 divina
748 4985 1027 5069 clementia
1063 4966 1399 5041 conﬁdentes
1425 4977 1822 5053 promittimus)

239 5086 484 5157 proxime
502 5067 907 5141 stabiliendam.
976 5067 983 5097 ί
1038 5068 1057 5095 ²’
1308 5086 1312 5091 ‘

771 5192 1106 5253 EPISTOLA
1141 5183 1285 5244 vni.
1416 5250 1419 5253 _

436 5305 506 5345 AD
550 5301 829 5344 Αιιιωυκ
868 5299 1159 5347 εριεεορωί
1196 5293 1626 5337 ελιειικιτλιωκ.

1052 5382 1065 5390 ι
1083 5374 1186 5390 ΛΛΛ

1948 319 1998 377 et
2018 319 2267 376 honorem
2295 321 2537 375 decenter
2556 319 2865 386 exhibeant,
2881 320 3067 390 etejus
3086 335 3237 390 opem
3255 336 3462 391 prome-

1949 393 2056 447 reri
2076 391 2414 446 contendant.

1950 482 2259 539 Gnscoaws
2285 482 2594 552 episcopus,
2618 495 2810 535 servus
2846 494 3131 535 servorum
3159 478 3275 548 Dei,
3307 480 3464 539 fratri

1880 583 1935 630 et
1951 574 2275 645 coepiscopo
2293 571 2639 628 Salernitano
2660 571 2910 627 ALPKANO
2933 564 3165 629 salutem
3177 583 3230 629 ct
3246 580 3466 646 aposto-

1881 659 2044 722 licam
2072 665 2528 722 benedictionem.
2611 678 2619 687 ‘
2991 659 3001 678 ‘
3140 706 3141 713 η
3214 672 3219 679 ³
3370 719 3375 727 ,

1953 758 2160 816 Divina:
2196 758 2413 830 pietatis
2452 755 2723 829 respectui
2751 756 2955 828 gratias
2996 755 3241 828 ingentes
3277 755 3469 812 referi-

1884 867 2030 919 mus,
2078 852 2236 922 cujus
2274 850 2516 922 dignatio
2569 851 2889 905 thesaurum
2943 865 3199 921 magnum
3260 849 3469 919 totique

1884 944 2090 1000 mundo
2121 942 2469 1014 profuturum
2502 926 2706 996 nostris
2733 940 3070 1011 temporibus
3096 939 3467 995 misericordi-

1887 1044 1968 1091 ter
1994 1036 2271 1091 revelavit.
2309 1033 2431 1089 Non
2470 1033 2744 1089 immerito
2787 1040 2893 1101 tua:
2924 1047 3142 1102 quoque
3188 1031 3468 1087 dilectioni

1885 1129 2246 1200 gratulamur,
2264 1144 2398 1203 qum
2420 1135 2584 1182 tantae
2611 1124 2808 1179 laetitia:
2833 1124 3047 1178 cmlitus
3068 1140 3255 1178 revera
3282 1132 3470 1179 osten-

1888 1236 1963 1277 sae
1990 1220 2286 1291 participes
2308 1236 2410 1275 nos
2438 1218 2647 1274 clliccre
2670 1215 2897 1273 sollicite
2924 1215 3256 1286 procuravit.
3284 1214 3474 1270 Credi—

1888 1330 2012 1369 mus
2060 1312 2329 1383 siquidem
2364 1320 2419 1366 et
2457 1310 2838 1366 incunctanter
2876 1306 3201 1374 asserimus,
3231 1307 3296 1361 de
3338 1306 3473 1361 tanti

1888 1394 2135 1476 eorporis
2162 1404 2495 1470 inventione,
2527 1419 2634 1457 non
2671 1401 2849 1456 solum
2882 1394 3061 1471 ipsum
3085 1400 3304 1454 beatum
3339 1396 3477 1452 Mat-

1890 1497 2091 1555 thaeum
2121 1496 2451 1567 apostolum,
2484 1509 2674 1549 verum
2697 1492 2859 1546 etiam
2888 1499 3113 1545 caeteros
3132 1482 3476 1567 conpostolos

1889 1606 2014 1646 cum
2038 1590 2243 1646 sanctis
2284 1588 2561 1654 omnibus,
2590 1585 2833 1656 ipsisque
2857 1583 3169 1638 cmlestibus
3194 1583 3477 1653 spiritibus

1890 1691 1943 1738 et
1965 1681 2197 1753 gloriosa
2217 1678 2314 1735 Dei
2336 1678 2595 1750 genitrice
2617 1676 2807 1740 Maria,
2832 1662 3154 1730 mortalibus
3169 1674 3479 1746 congaude-

1890 1792 1969 1841 re,
2003 1784 2164 1845 atque
2185 1774 2428 1843 ipsorum
2477 1768 2725 1825 omnium
2776 1767 2955 1821 studia
2984 1765 3130 1821 circa
3171 1765 3477 1820 humanum

1891 1852 2060 1940 genus
2112 1869 2214 1922 hoc
2250 1876 2492 1937 tempore
2543 1880 2706 1933 quam
2755 1861 2875 1915 aliis
2921 1860 3093 1914 multo
3123 1860 3480 1930 propensiora

1893 1962 2238 2030 multumque
2274 1951 2397 2013 esse
2434 1954 2787 2010 ubcrantiora
2826 1952 2890 2025 [f.
2931 1952 3371 2017 exuberantiora,
3401 1953 3479 2005 sic

1891 2062 1939 2107 et
1971 2054 2027 2106 in
2052 2051 2167 2105 cod.
2202 2047 2445 2121 Mutila].
2478 2046 2535 2101 Si
2563 2046 2709 2101 enim
2741 2043 2952 2119 czcteris
2983 2042 3322 2114 temporibus
3349 2058 3480 2096 san-

1894 2130 2107 2200 etorum
2144 2159 2244 2198 nos
2266 2140 2566 2213 patrocinia
2604 2139 2690 2209 pia
2717 2154 2825 2192 non
2855 2137 3139 2203 dbscrunt,
3174 2134 3483 2190 certissime

1893 2248 2027 2294 tunc
2057 2236 2403 2307 potissimum
2428 2233 2696 2307 speranda
2724 2239 2852 2288 sunt
2885 2246 3075 2285 eorum
3107 2229 3332 2295 auxilia,
3355 2243 3483 2283 cum

1896 2329 2244 2386 sanctissima
2267 2344 2458 2383 eorum
2495 2341 2723 2395 corpora
2763 2323 2922 2379 nobis
2946 2321 3107 2394 quasi
3130 2320 3370 2377 rediviva
3400 2319 3486 2375 di-

1894 2418 2025 2476 vino
2048 2429 2181 2475 nutu
2208 2418 2659 2495 rnanifestantur;
2688 2425 2743 2470 ct
2768 2416 2911 2471 sicut
2938 2430 3034 2485 per
3053 2412 3301 2491 corporei
3322 2426 3484 2482 aspe-

1898 2498 2020 2569 ctus
2044 2490 2317 2566 intuitum
2333 2518 2594 2579 tanquam
2616 2507 2750 2561 ﬁdes
2770 2506 3032 2572 cernitur,
3058 2488 3183 2575 spes
3199 2503 3317 2575 jam
3340 2512 3488 2558 tene-

1898 2615 2009 2674 tur,
2040 2606 2112 2660 ita
2135 2619 2328 2659 eorum
2357 2601 2621 2656 bcnelicia
2665 2608 2794 2653 tunc
2813 2613 2943 2669 erga
2971 2597 3197 2651 devotos
3230 2593 3487 2649 renovari

1899 2699 2235 2768 uberiusque
2274 2694 2578 2750 redundare
2608 2690 2936 2747 credendum
2966 2696 3067 2744 est.
3102 2686 3255 2743 Unde
3281 2695 3335 2742 et
3369 2686 3491 2756 jam

1901 2801 2091 2848 sancta
2121 2788 2449 2846 universalis
2478 2784 2743 2851 Ecclesia,
2768 2783 2975 2845 dudum
3003 2780 3217 2851 magnis
3249 2778 3499 2839 turbini‘,

1899 2887 2004 2941 bus
2016 2884 2293 2954 variisque
2315 2872 2700 2967 tempestatum
2726 2875 2980 2947 procellis
3004 2872 3264 2943 impulsa,
3288 2871 3493 2927 clamo-
3582 2928 3597 2941 θ

1830 3000 1871 3056 C
1904 2994 2016 3033 rem
2040 2992 2201 3032 suum
2237 2991 2268 3029 a
2295 2973 2525 3029 Domino
2546 2964 2863 3026 exauditum
2902 2982 3011 3022 non
3041 2965 3271 3052 dubitet,
3297 2964 3391 3049 sed
3420 2964 3495 3031 ad

1903 3071 2073 3144 quieti
2096 3069 2292 3125 littoris
2323 3070 2673 3123 securitatem
2696 3063 2905 3118 alacres
2924 3060 3112 3116 oculos
3139 3075 3171 3114 e
3190 3046 3371 3115 vicino
3399 3058 3489 3115 in-

1905 3164 2152 3237 tendens,
2202 3162 2345 3217 beati
2400 3144 2637 3214 Matthaei
2689 3154 2925 3227 apostoli
2976 3153 3289 3225 praesidium
3331 3151 3492 3223 juxta

1905 3255 2302 3326 contempletur
2314 3253 2574 3325 quoniam
2597 3250 2713 3321 jam
2746 3264 2893 3304 nunc
2919 3247 3082 3301 dubie
3108 3244 3218 3317 agit
3245 3245 3301 3299 in
3328 3253 3493 3323 portu

1907 3342 1994 3403 cui
2025 3320 2181 3403 suam
2209 3320 2555 3418 praesentiam
2582 3320 2821 3399 Ostendit
2846 3340 3177 3413 gubernator
3205 3320 3491 3408 antiquus.

1907 3440 2249 3512 Quapropter
2289 3438 2354 3494 de
2379 3438 2513 3492 tanti
2543 3434 2789 3492 thesauri
2817 3432 3144 3490 revelatibne
3168 3438 3263 3485 tua
3291 3427 3494 3485 frater-

1908 3534 2051 3589 nitas
2105 3532 2342 3588 exsultet
2391 3530 2445 3585 in
2507 3528 2764 3596 Domino,
2822 3525 3168 3581 beatissimas
3232 3523 3503 3597 reliquias,

1908 3626 2104 3681 dcbitaa
2115 3623 2482 3681 venerationis
2503 3621 2783 3693 obsequiis
2803 3614 3360 3694 dignisamplectens,
3384 3615 3511 3688 glas

1908 3719 2120 3774 riosum
2147 3718 2342 3775 ducem
2382 3704 2523 3772 RQ...
2552 3715 2836 3786 ipsiusque
2872 3712 3272 3769 nobilissimam
3304 3708 3498 3779 conju-

1911 3825 2031 3883 gem
2068 3810 2318 3866 hortetur
2341 3817 2397 3865 et
2431 3814 2673 3883 moneat,
2700 3813 2971 3877 quatenus
2999 3814 3108 3860 tam
3158 3786 3359 3876 insigni
3396 3818 3498 3874 pa-

1916 3908 2096 3969 trono,
2120 3902 2215 3972 qui
2231 3917 2291 3957 se
2308 3888 2398 3956 eis
2423 3881 2803 3956 demonstrare
2830 3897 3086 3968 dignatus
3109 3905 3213 3963 est,
3242 3909 3497 3951 reveren-

1913 3995 2045 4050 tiam
2064 4003 2119 4050 et
2141 3995 2406 4050 honorem
2429 3993 2680 4047 decenter
2697 3989 3037 4067 exhibentes,
3063 3988 3251 4065 ipsius
3265 3985 3497 4062 gratiam

1912 4096 1967 4144 et
1993 4086 2259 4142 auxilium
2294 4084 2396 4142 sibi
2427 4084 2654 4154 suisque
2698 4080 3000 4153 promereri
3028 4079 3243 4134 nisibus
3269 4090 3502 4133 summa:

1913 4178 2221 4237 devotionis
2249 4176 2598 4234 contendant.
3228 4218 3235 4239 _.

1985 4272 2119 4329 Data
2167 4267 2356 4328 Romae
2376 4311 2393 4339 ,
2440 4268 2654 4327 decimo
2693 4274 2891 4339 quarto
2925 4263 3199 4320 Kalendas
3225 4260 3500 4329 Octobris.

2475 4405 2816 4464 EPISTOLA
2849 4403 2948 4462 IX.

2520 4519 2589 4557 AD
2611 4515 2909 4557 GERIANOS.

2501 4595 2684 4668 (Anno
2728 4592 2914 4664 1080.)

1922 4689 2308 4748 Calamitatum
2350 4687 2604 4745 Ecclesia:
2651 4703 2868 4743 causam
2898 4684 3127 4756 peccatis
3148 4680 3392 4756 ascribit;
3413 4677 3506 4736 sed

1992 4762 2251 4834 patientia
2278 4769 2327 4814 et
2357 4779 2449 4834 sper
2477 4777 2606 4832 aput
2628 4777 2739 4814 esse
2760 4752 3006 4834 ostendit.
3040 4752 3308 4834 Hortatur
3327 4753 3510 4834 itaque

1991 4824 2227 4906 primum
2265 4824 2594 4906 sacerdotes,
2635 4839 2693 4885 ut
2725 4829 3066 4906 subditorum
3080 4824 3510 4906 actionescorri-

1994 4894 2153 4978 'gam;
2190 4903 2382 4978 deinde
2428 4894 2648 4960 crateras
2690 4916 2897 4967 omnes,
2942 4908 3001 4954 ut
3030 4897 3285 4978 ﬁduciam
3312 4898 3372 4978 in
3400 4894 3511 4950 Do-

1994 4966 2144 5056 mino
2182 4975 2543 5056 constituant;
2580 4980 2757 5056 sperat
2791 4980 2968 5025 tamen
2986 4966 3267 5053 nonnullos
3294 4969 3365 5023 ad
3394 4983 3514 5039 gre-

1996 5048 2165 5103 mium
2186 5040 2375 5099 matris
2413 5040 2670 5102 Ecclesia:
2702 5060 3005 5099 conversum
3028 5040 3137 5096 iri.~

1996 5139 2308 5198 Gnsoonms
2348 5136 2666 5209 episcopus,
2693 5152 2886 5199 servus
2926 5150 3211 5194 servorum
3243 5131 3367 5200 Dei,
3393 5144 3515 5187 oni-

1925 5235 2093 5296 uibus
2129 5214 2561 5311 archiepiscopis
2578 5270 2596 5297 ,
2623 5231 2933 5303 episcopis,
2958 5228 3269 5299 diversique
3302 5225 3515 5282 ordinis

1922 5318 1994 5387 ac
2039 5321 2328 5390 potestatis
2373 5321 2592 5385 clericis
2618 5331 2689 5390 et
2727 5323 2883 5383 laicis
2915 5325 2974 5381 in
3014 5320 3317 5390 Teutonico
3344 5330 3515 5387 regno
