3972 5390
478 211 585 268 583

1115 209 1173 265 S.
1215 207 1544 268 GREGORII
1577 206 1670 264 Vll
1703 206 1905 266 ΡΑΡΑΞ
1945 206 2075 265 ΟΡΕ

2173 205 2230 264 In
2269 204 2450 265 mus
2490 207 2530 265 ι.
2571 241 2640 251 -
2679 161 3102 267 neclsrnvu.

3639 216 3734 275 584

545 324 822 392 Quoniam
871 322 1007 378 nihil
1048 325 1103 378 in
1151 333 1295 379 terra
1324 325 1440 380 sine
1479 329 1644 378 eausa
1681 325 1742 395 ﬁt
1777 323 1920 398 (Job.
1964 324 2019 395 v)
2040 365 2054 392 ,
2088 327 2134 384 Α
2160 325 2426 380 honorem
2465 331 2520 381 et
2555 326 2913 382 reverentiam
2941 326 3120 399 legato
3142 333 3331 382 nostro
3356 324 3737 398 Populouiensi

477 417 624 474 sicut
647 417 911 487 sapientis
937 415 1102 471 verba
1131 423 1405 471 testantur
1421 457 1438 483 ,
1466 416 1618 486 quod
1642 415 1847 470 dudum
1873 425 2058 470 sancta

479 505 724 564 Ecclesia
764 507 1030 564 ﬁuctuum
1097 506 1571 577 procellarumque
1615 507 1760 562 mole
1807 507 2060 562 concuti-

481 607 610 664 tur,
675 599 934 669 quodque
988 597 1288 669 tyrannica:
1347 597 1721 667 percussionis
1796 597 2062 654 hactenus

478 689 687 744 rabiem
735 689 972 759 patitur,
1027 703 1136 744 non
1188 689 1297 745 nisi
1335 689 1576 760 peccatis
1611 687 1815 745 nostris
1841 688 2064 760 exigen-

481 781 628 837 tibus
671 781 892 836 evenire
927 780 1262 836 credendum
1299 788 1404 836 est.
1446 778 1582 835 Nam
1607 779 1815 850 judicia
1841 779 2064 851 quidem

480 871 577 926 Dei
604 872 889 928 verissime
918 871 1107 926 omnia
1131 871 1282 942 iusta
1318 879 1477 939 sunt;
1515 872 1610 927 sed
1639 871 1781 927 inter
1808 871 1925 927 haec
1952 888 2067 927 om-

477 963 569 1018 nia
586 1004 601 1030 ,
631 963 944 1032 clarissimi,
967 963 1345 1034 dispositionis
1371 963 1572 1018 divina:
1598 964 1871 1035 patientia:
1890 965 2068 1019 virtus

479 1056 727 1112 habenda
755 1064 840 1112 est
867 1064 922 1112 et
946 1056 1063 1127 spei
1090 1055 1360 1112 ecrtitudo
1392 1055 1458 1110 ad
1482 1056 1724 1112 caelestis
1748 1055 2066 1116 misericor-

477 1146 582 1203 diae
608 1156 863 1218 respectu
891 1148 1122 1203 ﬁrmiter
1149 1155 1234 1203 est
1269 1147 1608 1203 extendenda
1634 1165 1649 1216 ;
1681 1147 1842 1219 cujus
1870 1163 2069 1203 manus

478 1254 583 1294 nec
609 1240 678 1294 ad
705 1240 1051 1295 exaltandam
1079 1241 1320 1296 ﬁdelium
1344 1240 1710 1295 humilitatem
1740 1239 2029 1295 imbecillis
2050 1279 2067 1308 ,

479 1347 585 1387 nec
621 1330 690 1387 ad
726 1333 1086 1402 dejiciendam
1126 1333 1344 1388 hostilis
1371 1333 1623 1388 elationis
1646 1331 1954 1402 superbiam
1992 1332 2072 1388 in-

479 1424 699 1480 venitur
747 1425 1004 1479 invalida.
1056 1423 1215 1491 Quod
1261 1425 1308 1479 si
1339 1425 1627 1495 culparum
1657 1424 1862 1480 morbis
1889 1423 2068 1494 pumi-

481 1517 666 1571 tentiaa
725 1517 1065 1572 medicamen
1120 1515 1566 1583 adhibuerimus,
1593 1523 1647 1571 et
1694 1531 1955 1571 excessus
2007 1531 2070 1571 ac

2162 419 2418 489 episcopo
2450 416 2547 474 νυ.
2630 459 2645 473 .
2725 459 2739 474 .
2821 460 2836 474 .
2926 459 2940 473 .
3013 419 3262 476 exhibuit
3297 436 3396 476 :ac
3417 420 3645 491 proinde
3668 425 3736 481 ita

2163 511 2503 568 devotionem
2547 523 2698 568 tuam
2748 512 2806 566 in
2854 511 2948 567 illo
2989 514 3349 585 suscipimus,
3376 515 3538 587 quasi
3562 517 3736 581 nobis,

2164 603 2276 661 imo
2319 604 2478 659 beato
2517 602 2682 660 Petro
2715 605 3060 674 praestiteris,
3089 607 3302 662 dicente
3336 606 3613 664 Domino:
3640 607 3739 674 Qui

2165 712 2252 750 vos
2293 698 2510 768 recipit,
2534 715 2616 754 me
2647 700 2835 770 recipit
2859 700 3076 772 (Matth.
3113 702 3193 774 ι).
3235 702 3596 759 Dilectioncm
3615 719 3741 776 ergo

2164 798 2314 844 tuam
2357 806 2673 860 monemus,
2706 801 2766 848 ut
2795 807 2858 847 ea
2889 809 3012 863 qua:
3037 810 3066 848 a
3091 793 3317 866 praafato
3346 797 3528 868 legato
3564 807 3748 853 nostro

2166 890 2330 953 atque
2377 883 2562 940 Azone
2601 885 2854 956 prudenti
2881 887 3002 940 viro
3032 888 3325 958 audivisti,
3355 889 3465 944 alta
3488 893 3748 947 memoria

2167 989 2379 1046 semper
2419 977 2676 1044 retineas,
2703 978 2750 1033 si
2778 977 2858 1039 tui
2879 979 3199 1034 memoriam
3221 979 3276 1035 in
3305 982 3463 1037 nobis
3491 991 3619 1038 ante
3644 982 3750 1039 Do-

2168 1067 2377 1124 minum
2416 1069 2622 1142 jugiter
2660 1085 2783 1126 esse
2813 1070 3112 1128 desideras.
3144 1071 3256 1128 Nos
3285 1073 3432 1128 enim
3463 1077 3752 1130 memorati

2167 1161 2408 1233 episcopi
2449 1161 2670 1218 hortatu
2699 1171 2754 1218 et
2780 1164 3037 1234 precibus
3060 1205 3075 1232 ,
3099 1165 3195 1236 qui
3218 1180 3277 1220 se
3303 1182 3336 1220 a
3364 1175 3417 1226 te
3439 1177 3755 1224 reverenter

2170 1262 2488 1325 susceptum
2535 1254 2944 1326 honoriﬁceque
2983 1265 3274 1312 tractatum
3318 1265 3585 1325 testatur,
3609 1259 3754 1329 apud

2171 1347 2323 1402 illum
2350 1387 2365 1415 ,
2419 1348 2578 1419 cujus
2623 1347 2742 1404 vice
2790 1347 2918 1403 licet
2965 1347 3176 1420 indigni
3229 1348 3551 1422 fungimur,
3606 1357 3658 1407 te
3694 1351 3752 1406 in

2170 1449 2351 1496 mente
2372 1441 2677 1513 specialiter
2696 1441 2952 1512 deinceps
2972 1441 3172 1498 habere
3186 1453 3461 1514 optamus.
3485 1442 3760 1501 Nolumus

2171 1542 2354 1589 autem
2400 1532 2745 1604 prudentiam
2785 1541 2937 1588 tuam
2977 1534 3204 1591 moleste
3225 1536 3471 1606 accipere
3491 1538 3642 1608 quod
3663 1554 3756 1592 ar-

481 1608 838 1679 negligentias
867 1617 1086 1664 nostras
1111 1608 1212 1678 ipsi
1245 1608 1492 1663 districte
1533 1607 1858 1679 corrigendo
1892 1606 1956 1662 ad
1986 1605 2072 1678 ju—
2104 1671 2145 1696 ῃ
2173 1625 2581 1696 ουίερίεοοριιω
2602 1633 2844 1681 vestrum
2864 1624 3127 1682 1300mm
3149 1605 3537 1684 εοηεηέωάίηῇ
3556 1640 3763 1686 επακ

481 1700 643 1756 stitia
660 1699 892 1754 formam
909 1714 1092 1755 mores
1114 1709 1335 1756 nostros
1359 1698 1782 1765 instituerimus,
1802 1697 2068 1770 profecto,

481 1807 720 1863 superna
763 1792 969 1847 virtute
1009 1792 1348 1860 auxiliante,
1395 1799 1451 1848 et
1498 1791 1848 1846 inimicorum
1888 1790 2094 1846 rabies

480 1882 591 1938 cito
625 1882 826 1954 peribit
851 1891 905 1938 et
932 1882 1025 1938 diu
1053 1883 1421 1938 desideratam
1456 1898 1645 1954 pacem
1676 1890 1841 1953 atque
1870 1883 2075 1938 securi-

481 1981 652 2029 tatem
678 1973 921 2030 Ecclesia
958 1981 1150 2030 sancta
1186 1974 1430 2044 recipiet.
1462 1973 1644 2041 Quare
1674 1975 1830 2030 vobis
1857 1974 2071 2044 specia-

480 2065 624 2134 liter,
654 2067 750 2136 qui
779 2066 836 2120 in
863 2066 1220 2122 sacerdotalis
1253 2065 1538 2139 regiminis
1567 2066 1720 2137 apice
1748 2066 2070 2137 praesidetis,

483 2173 632 2213 nunc
655 2158 932 2229 loquimur
954 2199 969 2225 ,
999 2159 1068 2213 ad
1115 2173 1350 2228 quorum
1375 2158 1798 2214 sollicitudinem
1835 2159 2077 2216 subdito-

484 2265 605 2305 rum
631 2250 742 2304 vita
769 2251 1041 2320 pertinere
1068 2250 1442 2321 dignoscitur,
1461 2259 1515 2305 et
1531 2266 1671 2322 quos
1699 2251 1766 2306 de
1793 2252 2074 2308 commissi

484 2340 664 2412 gregis
707 2357 841 2396 cura
889 2341 948 2396 in
992 2350 1228 2397 venturo
1267 2342 1520 2397 examine
1549 2343 1818 2398 rationem
1851 2343 2076 2399 reddere

485 2433 768 2499 convenit,
805 2441 868 2488 ut
899 2433 1274 2504 subiectorum
1306 2443 1462 2490 actus
1488 2441 1542 2489 et
1563 2432 2036 2490 conversatidnem
2055 2476 2072 2503 ,

485 2527 633 2582 nulla
670 2527 844 2598 gratia
880 2527 966 2582 vel
997 2527 1194 2582 timore
1217 2527 1615 2597 prmpedicute,
1663 2527 1951 2598 diligenter
1991 2527 2077 2582 in-

485 2618 748 2689 spiciatis,
761 2619 1072 2676 etdiscretaa
1089 2618 1446 2675 correctionis
1466 2619 1583 2675 acie
1602 2635 1725 2691 quae
1745 2619 2076 2690 amputanda

485 2720 616 2766 sunt
636 2727 906 2778 resecare,
937 2711 1240 2767 secundum
1263 2711 1409 2781 quod
1433 2727 1463 2766 a
1487 2721 1662 2767 matre
1675 2720 1859 2767 vestra
1887 2719 2075 2768 sancta

487 2803 732 2859 Romana
770 2803 1012 2860 Ecclesia
1059 2803 1367 2874 accepistis,
1420 2819 1530 2859 non
1573 2804 1887 2876 negligatis;
1943 2804 2076 2860 illud

484 2896 864 2967 propheticum
908 2896 964 2951 in
994 2895 1258 2951 memoria
1297 2911 1514 2966 semper
1543 2895 1808 2952 habentes
1841 2915 1852 2951 :
1888 2895 2075 2952 Sacri-

2174 1717 2434 1779 ltomana:
2473 1716 2763 1786 Ecclesiae,
2805 1718 2998 1774 matris
3041 1719 3287 1775 omnium
3335 1718 3712 1778 Ecclesiarum
3740 1764 3762 1790 ,

2171 1804 2474 1882 vestraque
2507 1809 2814 1882 specialiter
2850 1810 3072 1868 obedire
3094 1812 3393 1884 coegimus,
3429 1814 3644 1870 scilicet
3678 1825 3762 1883 ut,

2172 1904 2632 1976 quemadmodum
2661 1902 2831 1959 totius
2862 1903 3213 1960 occidentalis
3241 1902 3498 1959 Ecclesia:
3535 1905 3719 1961 clerus
3743 1948 3762 1972 ,

2173 1997 2242 2051 ab
2264 1995 2401 2066 ipsis
2419 1995 2544 2052 ﬁdei
2569 1994 2897 2050 Christiana:
2916 1994 3253 2066 primordiis,
3276 1995 3505 2052 barbam
3533 1999 3762 2054 τωρωι

2175 2103 2386 2144 morem
2399 2077 2604 2155 tenuit,
2635 2087 2710 2142 ita
2729 2096 2783 2143 et
2809 2087 2925 2158 ipse
2949 2086 3120 2144 frater
3146 2098 3333 2144 noster
3357 2098 3539 2146 vester
3586 2092 3742 2147 archi

2174 2181 2466 2253 episcopus
2484 2181 2718 2237 raderet.
2747 2179 2902 2236 Unde
2921 2180 3230 2237 eminentia:
3253 2196 3475 2252 quoque
3495 2193 3607 2238 tum
3630 2200 3766 2254 prae-

2175 2274 2411 2344 cipimus
2451 2283 2510 2330 ut
2544 2275 2745 2344 ipsum,
2781 2288 2878 2328 ceu
2915 2289 3193 2344 pastorem
3213 2283 3268 2329 et
3289 2275 3631 2345 spiritualem
3663 2293 3762 2347 pa-

2175 2376 2344 2435 trem,
2383 2367 2690 2438 suscipieus
2730 2374 2784 2421 et
2825 2366 3144 2422 auscultans
3169 2405 3186 2434 ,
3217 2381 3342 2422 cum
3379 2369 3611 2423 consilio
3643 2370 3768 2440 ejus

2175 2476 2394 2517 omnem
2441 2466 2552 2515 tuac
2593 2457 2880 2529 potestatis
2913 2458 3119 2514 clerum
3141 2457 3344 2514 barbas
3369 2459 3564 2515 radere
3591 2459 3766 2517 facias

2177 2564 2343 2626 atquc
2377 2552 2711 2623 compellas;
2754 2566 2847 2606 res
2877 2566 3097 2622 quoque
3135 2550 3360 2606 omnino
3381 2553 3763 2620 renuentium,

2177 2647 2283 2703 nisi
2317 2645 2538 2702 demum
2561 2644 2962 2710 consenserint,
2989 2644 3255 2714 publices,
3288 2644 3342 2699 id
3365 2652 3450 2699 est
3470 2644 3589 2715 juri
3612 2644 3766 2700 Cala-

2178 2739 2370 2794 ritanae
2389 2737 2647 2793 Ecclesia:
2674 2735 2880 2804 tradas,
2910 2745 2964 2791 et
2991 2752 3058 2791 ne
3079 2736 3308 2793 ulterius
3337 2737 3464 2792 inde
3493 2753 3554 2793 se
3588 2738 3766 2793 intro-

2179 2832 2396 2886 mittant
2442 2831 2823 2902 constringas,
2875 2845 2976 2897 nec
3022 2845 3130 2884 non
3169 2829 3349 2900 ipsum
3387 2830 3455 2884 ad
3498 2831 3764 2886 honorem

2178 2924 2548 2981 Ecclesiarum
2600 2922 2998 2978 defendendum
3048 2922 3455 2994 promptissime
3517 2923 3762 2993 adjuves.

485 2989 646 3091 ff“?
700 2988 1030 3091 “frigidm”
1071 2988 1364 3091 Ϊ¹⁸³¹ίξξ⁰³χ
1398 2998 1448 3042 et
1494 2997 1702 3091 5pm"?
1746 2989 1804 3042 in
1847 2988 2074 3043 Domino
2102 3035 2144 3091 (ς
2177 3015 2448 3070 Prteterca
2517 3014 2774 3069 nolumus
2845 2988 3131 3068 scientiam
3189 2988 3340 3067 tuam
3393 3013 3563 3067 latere
3584 2988 3765 3067 Vnobis

487 3079 664 3152 (Psal.
704 3081 800 3152 iv).
843 3079 920 3137 De
960 3088 1159 3136 caetero
1187 3079 1532 3136 dilectionem
1555 3081 1801 3136 omnium
1829 3089 2074 3136 vestrum

488 3174 1004 3244 monemusfatque
1051 3172 1381 3240 hortamur,
1425 3171 1683 3228 ﬁduciam
1732 3180 1972 3228 vestram
2020 3172 2073 3227 in

486 3264 722 3320 Domino
760 3273 816 3320 et
846 3264 901 3320 in
929 3264 1171 3336 potentia
1207 3262 1430 3318 virtutis
1454 3262 1574 3333 ejus
1597 3263 1912 3339 constituite
1939 3278 2078 3334 quo-

488 3358 637 3412 niam
682 3356 779 3411 ﬁni
836 3355 1298 3426 appropinquavit
1337 3354 1781 3410 adversariorum
1832 3355 2075 3423 malitia,

487 3450 566 3505 ita
586 3457 649 3504 ut
679 3447 776 3519 qui
815 3448 1174 3518 desperantes
1197 3447 1251 3502 in
1283 3446 1576 3502 Dominum
1603 3455 1656 3503 et
1681 3455 1926 3503 sanctam
1963 3447 2078 3503 lio-

489 3556 732 3606 manam,
768 3539 1016 3594 omnium
1039 3547 1294 3606 matrem,
1319 3538 1619 3594 Ecclesiam
1643 3555 1702 3595 se
1722 3541 2075 3604 extulerunt,

488 3631 812 3688 temeritatis
859 3647 1088 3702 poenas,
1134 3631 1278 3686 haud
1326 3630 1559 3685 multum
1598 3631 1848 3686 tardante
1887 3631 2078 3687 merita

489 3725 652 3779 ruina
672 3766 687 3791 ,
708 3722 1039 3794 persolvant.
1067 3721 1326 3778 Nonnulli
1353 3731 1557 3789 tamen,
1595 3723 1742 3794 quod
1768 3723 1834 3779 de
1869 3723 2081 3779 cunctis

491 3825 811 3887 optaremus
832 3858 847 3883 ,
874 3831 971 3888 per
1002 3815 1438 3872 misericordiam
1464 3813 1559 3869 Dei
1587 3814 1653 3870 de
1675 3830 1861 3870 errore
1900 3830 2003 3870 suo
2029 3825 2082 3872 ct

493 3909 801 3980 iniquitatis
833 3908 922 3962 via
962 3906 1289 3978 pmnitcntes
1327 3905 1395 3962 ad
1431 3906 1700 3978 gremium
1730 3906 1922 3964 matris
1945 3923 2080 3963 con-

490 4008 781 4056 vertuntur
814 3999 1092 4056 Ecclesiae.

563 4093 698 4150 Data
728 4109 762 4150 ι
797 4092 929 4155 Kal.
955 4089 1226 4149 Octobris.

1059 4180 1400 4240 EPISTOLA
1443 4180 1516 4238 Χ.

758 4294 825 4334 Αἰ)
853 4292 1132 4334 οιηοεεωι
1159 4293 1384 4334 ιυυιεεκ
1414 4288 1814 4331 ῦΑιΑιιιτΑΝυκ.

492 4371 833 4428 Devotionem
855 4370 969 4440 ejus
997 4385 1125 4440 erga
1164 4369 1372 4423 beatum
1396 4367 1616 4422 Petrum
1637 4367 1694 4420 in
1729 4367 1922 4420 honore
1945 4381 2082 4440 pror-

567 4445 691 4498 stito
714 4436 891 4512 legato
923 4436 1212 4512 apostolico
1242 4455 1526 4512 agnoscens
1545 4480 1560 4504 ,
1585 4446 1757 4491 monet
1793 4447 1852 4490 ut
1883 4452 2002 4512 qua:
2018 4436 2082 4489 ab

565 4516 674 4570 iiso
709 4506 880 4584 legato
911 4506 1130 4584 audivit
1161 4506 1414 4584 ntenioria
1452 4517 1664 4584 teneat,
1706 4523 1829 4562 neve
1870 4506 2085 4584 titoleste

577 4587 714 4656 [erat
759 4576 921 4656 vquod
995 4579 1276 4656 quemdam
1354 4579 1822 4656 archiepiscopum_
1866 4576 2085 4656 turbant

566 4647 752 4710 radere
774 4647 981 4724 coegit;
1004 4647 1094 4705 sed
1115 4651 1288 4720 ipsum
1311 4659 1368 4703 ut
1389 4647 1654 4724 pastorem
1676 4647 1991 4724 suscipiens,
2022 4647 2088 4701 de

565 4727 681 4797 ejus
721 4718 944 4779 consilio
961 4718 1185 4797 omnem
1211 4718 1486 4797 potestatis
1509 4735 1619 4773 sua:
1639 4718 1836 4772 clerum
1863 4718 2084 4797 barbam

567 4788 750 4851 r'adere
771 4794 1069 4867 compellat.
1097 4791 1164 4867 _Se
1203 4788 1374 4867 noluit
1408 4791 1486 4867 ait
1533 4805 1812 4867 assensum
1835 4789 1924 4867 _iis
1955 4788 2084 4867 dare

566 4869 668 4940 qui
682 4877 876 4920 terram
888 4859 1062 4936 ipsius
1090 4862 1374 4940 invadendi
1398 4861 1722 4940 facultatem
1744 4860 1846 4912 sibi
1869 4859 2083 4940 concedi

567 4930 824 5011 petierunt
840 4978 854 5002 ,
878 4930 1045 5011 neque
1067 4935 1338 4996 (laturum,
1363 4933 1408 5011 si
1428 4932 1586 5002 ﬁdem
1607 4947 1811 5011 servare
1825 4930 2084 5011 poluerit;

569 5001 675 5065 imo
699 5050 714 5075 ,
745 5009 791 5061 si
831 5001 962 5076 quis'
990 5007 1045 5059 id
1073 5001 1442 5076 attentarcrit,
1477 5020 1509 5056 a
1541 5001 2080 5076 se-proltibitugnt‘iri,

567 5070 786 5151 eumque
820 5070 956 5151 beati
995 5076 1148 5151 _Pe_t_ri
1177 5073 1441 5128 auxilium
1464 5115 1479 5140 ,
1508 5074 1556 5127 si
1594 5070 1649 5126 in
1689 5072 1803 5142 ejus
1823 5070 2086 5142 ﬁdelitate

566 5146 917 5223 pernianserit
934 5189 948 5212 ,
985 5146 1310 5199 habiturum.

567 5245 880 5300 Gneconws
920 5237 1211 5307 episcopus
1238 5278 1253 5303 ,
1289 5250 1484 5292 servus
1511 5251 1796 5292 servorum
1833 5232 1927 5289 Dei
1971 5232 2085 5304 glo-

498 5337 644 5390 rioso
672 5331 838 5390 iudici
868 5329 1180 5384 Calaritano
1201 5325 1448 5383 Onzocco
1474 5327 1637 5390 [forte
1664 5327 1838 5380 verius
1871 5323 2082 5378 Onzoc-

2180 3116 2380 3163 terram
2443 3114 2680 3161 vestram
2735 3120 2766 3160 a
2809 3105 2995 3160 multis
3043 3105 3298 3178 gentibus
3341 3119 3464 3159 esse
3505 3106 3765 3175 petitam,

2178 3200 2418 3255 maxima
2475 3197 2738 3264 servilia,
2793 3196 2840 3253 si
2895 3213 3018 3252 eam
3068 3198 3508 3268 permitteremus
3548 3197 3763 3264 invadi,

2178 3290 2350 3348 fuisse
2400 3290 2693 3362 promissa.
2733 3289 2808 3344 ita
2872 3298 2934 3344 ut
2991 3289 3334 3344 medietatem
3392 3289 3565 3346 totius
3612 3299 3766 3345 terra-

2179 3362 2370 3441 nostro
2415 3381 2540 3437 usui
2585 3383 2786 3438 vellent
2824 3381 3133 3452 relinquere
3173 3390 3497 3453 partemque
3536 3381 3762 3436 alteram

2179 3478 2249 3532 ad
2297 3475 2608 3532 ﬁdelitatem
2649 3482 2895 3530 nostram
2953 3472 3057 3528 sibi
3107 3473 3326 3528 habere.
3370 3473 3626 3544 Cumque
3663 3473 3765 3529 hoc

2181 3586 2290 3628 non
2348 3569 2527 3626 solum
2571 3581 2603 3622 a
2649 3564 3044 3633 Nortmannis,
3085 3572 3138 3620 et
3165 3581 3194 3620 a
3225 3563 3421 3620 Tuscis
3449 3582 3513 3621 ac
3552 3565 3764 3636 Longo-

2179 3662 2365 3719 bardis
2381 3703 2397 3729 ,
2421 3660 2516 3718 sed
2534 3659 2697 3715 etiam
2717 3673 2749 3712 a
2771 3656 3099 3728 quibusdam
3117 3655 3553 3712 Ultramontanis
3575 3657 3764 3712 crebro

2179 3773 2248 3814 ex
2303 3753 2465 3811 nobis
2512 3759 2658 3808 esset
2705 3749 3042 3821 postulatum
3067 3790 3081 3815 ,
3123 3749 3325 3804 nemini
3368 3748 3422 3802 in
3465 3764 3530 3803 ea
3578 3765 3640 3803 re
3669 3765 3764 3802 un-

2181 3863 2346 3922 quam
2376 3859 2665 3902 asscnsum
2689 3842 2821 3898 dare
2850 3841 3227 3906 decrevimus,
3263 3841 3436 3898 donec
3462 3841 3531 3896 ad
3562 3857 3663 3896 vos
3689 3841 3761 3896 le-

2181 3949 2367 4014 gatum
2407 3946 2659 3995 nostrum
2695 3935 2972 3990 mittentes
3003 3934 3248 3992 animum
3291 3942 3538 3989 vestrum
3575 3933 3762 4003 depre-

2183 4034 2567 4092 hendercmus.
2633 4027 2804 4100 igitur
2854 4027 2981 4099 quia
3025 4027 3369 4082 devotionem
3404 4025 3568 4080 beato
3608 4024 3762 4080 Petro

2184 4135 2235 4183 te
2283 4125 2486 4182 habere
2528 4121 2583 4176 in
2619 4120 2796 4193 legato
2826 4133 2928 4175 suo
2964 4118 3318 4184 monstrasti,
3351 4117 3398 4173 si
3433 4131 3589 4184 eam,
3629 4116 3763 4172 sicut

2182 4225 2425 4291 oportet,
2473 4229 2692 4272 servare
2724 4211 3000 4281 volueris,
3041 4227 3152 4268 non
3181 4211 3357 4267 solum
3389 4223 3485 4280 per
3507 4223 3612 4264 nos
3638 4208 3759 4263 nulli

2185 4323 2388 4369 terram
2415 4307 2747 4378 vestram‘vi
2781 4304 3118 4378 ingrediendi
3146 4303 3358 4359 licentia
3389 4301 3647 4366 dabitur,
3674 4300 3758 4356 sed

2115 4398 2159 4454 Ῑ)
2184 4408 2378 4471 etiam,
2417 4403 2464 4461 si
2505 4401 2629 4474 quis
2657 4397 3031 4465 attentaverit,
3071 4405 3126 4453 et
3150 4393 3488 4452 smeulariter
3519 4400 3578 4448 et
3615 4391 3762 4462 spiri-

2184 4503 2403 4558 tualiter
2431 4497 2810 4572 prohibebitur
2837 4509 2869 4549 a
2899 4490 3060 4548 nobis
3098 4505 3163 4545 ac
3187 4485 3578 4560 repulsabitur.
3612 4484 3762 4540 Auxi-

2183 4596 2319 4652 lium
2353 4594 2590 4665 denique
2622 4590 2683 4646 B.
2714 4586 2893 4654 Petri,
2924 4583 2973 4640 si
3008 4582 3065 4638 in
3093 4581 3268 4654 ipsius
3297 4579 3559 4636 ﬁdelitate
3584 4592 3758 4647 νει-ως

2183 4687 2533 4746 veraveritis.
2577 4682 2769 4756 procul
2810 4678 3014 4744 dubio,
3049 4673 3197 4747 quod
3221 4688 3332 4728 non
3370 4670 3544 4727 deerit
3579 4669 3757 4734 vobis,

2183 4794 2238 4840 et
2263 4784 2353 4838 hic
2380 4790 2436 4837 et
2456 4781 2510 4836 in
2540 4778 2786 4834 futurum
2809 4769 3200 4845 promittimus.

2256 4875 2390 4930 Data
2434 4873 2593 4928 tertio
2627 4869 2813 4924 Nonas
2847 4862 3122 4921 Octobris.

2751 4997 3092 5057 EPISTOLA
3116 4993 3210 5050 Xl.

2694 5114 2763 5152 AD
2802 5108 2977 5150 REGE!
3023 5103 3222 5146 SUECIB
3232 5125 3244 5138 .

2777 5197 2958 5270 (Anno
2981 5188 3165 5260 l080.)

2186 5309 2392 5368 Gaudet
2437 5302 2694 5363 quosdam
2739 5284 3750 5390 sacrioverbi'm‘inis‘trf‘s

3160 5380 3180 5390 ι.
3210 5375 3346 5390 ...μη
3379 5372 3630 5390 ...ιη-..κη
3675 5355 3751 5390 Im-
