3972 5390
393 4766 416 4816 l

498 270 615 332 681-

1124 277 1181 332 S.
1216 270 1540 333 GREGORII
1575 263 1665 325 VII
1701 267 1906 325 ΡΑΡΈ
1938 265 2064 324 σΡΕ

2159 263 2522 322 lM’PARS'l.
2553 273 2634 306 '-—-
2667 255 3091 321 REGiSTRUM.

485 397 688 460 nitente,
723 397 755 448 a“
774 380 1022 447 naniam
1041 389 1248 455 divisit,
1287 379 1414 458 quae
1457 387 1681 452 damna,
1725 398 1849 454 quae
1891 382 2060 438 detri-
2091 386 2134 440 Α
2161 379 2321 434 nibus
2349 379 2642 450 episcopis,
2687 377 2998 442 abbatibus,
3049 371 3362 438 comitibus,
3399 378 3570 442 sum
3595 347 3738 424 mis;

485 491 670 542 menta
697 491 807 539 non
823 483 988 539 modo
1009 479 1310 552 religionis,
1334 477 1430 533 scd
1447 477 1614 532 etiam
1637 476 1908 530 bonorum
1929 487 2060 527 suo-

483 593 608 634 rum
637 579 840 632 vestra"
871 571 1114 645 pertulit,
1169 569 1518 638 maximeque
1575 581 1674 636 per
1715 563 2058 637 tyrannidem

484 669 569 726 Vn
663 709 676 722 .
705 707 719 722 .
763 663 1038 739 [Wiberti,
1065 661 1262 728 illum,
1298 660 1380 714 sic
1415 659 1548 713 etin
1571 657 1688 711 cod.
1719 653 1946 726 ﬁlatim]
1969 653 2058 708 di-

433 764 441 772 '
482 762 556 817 eti
579 755 994 828 archiepiscopi;
1020 760 1284 826 quantam
1311 751 1367 805 in
1395 758 1628 820 utraque
1647 763 1709 804 re
1731 745 2062 803 destructio-

481 865 608 907 nem
643 862 900 920 perpessa
925 846 998 902 sit
1039 845 1180 900 satis
1212 854 1312 898 vos
1337 840 1444 912 ipsi
1491 839 1741 895 novistis.
1796 836 1864 892 Et
1895 835 2062 906 hujus

429 921 435 926 ’
479 941 700 1013 quidem
709 943 861 995 tante
881 936 1222 994 vesaniorem
1237 930 1645 990 dilacerationis
1663 941 1911 984 morsum
1928 939 2060 981 sus-

479 1033 670 1098 tinuit,
717 1037 924 1102 quanto
965 1041 1092 1083 eum
1137 1023 1564 1096 desperatiorem
1615 1017 1886 1090 impurior
1919 1029 2060 1073 con-

476 1123 706 1180 scientia
726 1123 1034 1177 retrorsum
1043 1117 1194 1174 abire
1211 1113 1443 1186 subegit.
1466 1111 1710 1183 Denique
1729 1109 2060 1174 scelerosus,

478 1215 780 1286 sacrilegus
806 1219 970 1282 atque
991 1209 1266 1281 perjurus,
1285 1213 1578 1278 postquam
1605 1199 1730 1275 [ob]
1745 1199 2062 1270 hujusmodi

477 1305 688 1362 nefaria
711 1306 768 1359 in
799 1301 1096 1358 universali
1132 1299 1344 1372 synodo
1365 1295 1554 1370 [ἐπῇ-α,
1579 1295 1644 1350 in
1663 1292 1874 1365 synodo
1896 1289 2058 1345 Rom.

478 1395 833 1472 Ir],'cunctis
887 1393 981 1464 qui
1011 1393 1240 1447 aderant
1281 1387 1556 1460 episcopis
1591 1379 2063 1441 consentientibus

477 1486 642 1560 atque
662 1485 1029 1551 laudantibus,
1069 1483 1230 1555 digna
1260 1481 1377 1538 suis
1417 1479 1666 1536 moribus
1693 1473 2063 1532 damnationis

476 1577 952 1636 animadversione
979 1575 1246 1631 multatus
1289 1581 1394 1640 est,
1423 1587 1535 1628 non
1581 1567 1872 1625 confestim
1917 1565 2061 1622 resi-

471 1667 697 1742 piscens
731 1669 800 1725 ad
831 1667 954 1724 sani
978 1666 1161 1724 cordis
1191 1663 1481 1722 consilium
1509 1661 1699 1727 rediit,
1727 1660 1821 1716 sed
1848 1664 2058 1729 patrem

475 1775 640 1818 suum
663 1759 944 1816 diabolum
972 1757 1217 1823 imitans,
1232 1755 1450 1825 sibique
1475 1752 1614 1808 iram
1637 1751 1693 1805 in
1713 1749 1914 1806 dicit-ae
1937 1747 2060 1803 the-

475 1851 761 1909 saurizans
791 1849 964 1923 (Rom.
989 1849 1074 1920 ιι),
1091 1845 1355 1919 quidquid
1377 1845 1598 1918 gravius
1621 1838 2060 1914 cogitare,quid—

477 1941 611 2014 quid
652 1940 1108 2013 superbissimum
1149 1937 1328 2009 potuit
1371 1935 1572 1992 audere
1609 1935 1836 1990 molitus
1860 1938 1964 1988 est.
1992 1929 2060 1985 Et

477 2029 608 2102 quia
629 2045 688 2087 se
714 2045 883 2085 unam
905 2044 972 2085 ex
1000 2026 1360 2084 nobilissimis
1387 2025 1687 2082 Ecclesiam
1721 2031 1962 2078 vestram
1989 2037 2057 2077 ex

478 2122 717 2178 maxima
747 2129 902 2193 parte
925 2120 1264 2177 destruxisse
1303 2129 1498 2189 parum
1521 2115 1894 2182 existimabat,
1924 2128 2057 2170 san-

477 2224 625 2270 ctam
651 2211 957 2268 Romanam
989 2211 1197 2278 sedem,
1225 2211 1372 2267 sicut
1398 2223 1594 2266 omnes
1619 2215 1808 2279 aperte
1827 2213 2052 2264 norunt.

475 2305 754 2372 invadere,
785 2309 1082 2374 secumque
1121 2316 1244 2358 eam
1293 2302 1346 2356 in
1373 2301 1592 2356 ruinam
1623 2307 1679 2354 et
1697 2298 2056 2370 praecipitium
2089 2321 2093 2344 ι

467 2397 698 2461 trahere
731 2403 818 2452 est
852 2394 1168 2452 meditatus.
1212 2391 1450 2454 Proinde
1481 2389 1747 2462 quoniam
1794 2405 1918 2459 nos,
1957 2404 2060 2461 pro
2090 2427 2094 2432 -

475 2487 773 2544 eminentia
798 2487 910 2542 loci
943 2487 1066 2556 cui,
1092 2483 1208 2540 Deo
1246 2482 1500 2549 auctore,
1541 2483 1797 2554 quamvis
1827 2481 2054 2554 indigni,

476 2578 856 2650 pimsldemus,
879 2593 1005 2634 cum
1032 2576 1458 2635 sollicitudinem
1485 2583 1732 2632 nostram
1767 2587 2058 2630 monemur

475 2671 752 2728 universis
777 2670 1090 2738 extendere,
1122 2678 1240 2726 tum
1281 2669 1429 2724 circa
1452 2666 1861 2738 quodammodo
1897 2665 2058 2722 nobis

475 2762 886 2834 conjunctiores
933 2761 1250 2834 diligentius
1300 2760 1681 2831 compellimur
1734 2758 2052 2831 invigilare,

476 2853 736 2912 Ecclesia
763 2862 969 2910 vom
981 2853 1412 2910 devastationem
1439 2867 1550 2908 non
1585 2851 1821 2907 alienam
1853 2858 2053 2921 putan-

471 2955 597 3012 tes,\
616 2944 714 3001 sed
741 2945 902 3016 quasi
929 2954 1156 3013 nostrai,
1186 2944 1347 3014 cujus
1375 2943 1628 3015 specialis
1657 2943 1770 2998 illia
1789 2950 1896 3010 est,
1917 2956 2054 2998 con-
2091 2953 2094 2956 ’

2161 472 2306 525 tibus
2329 470 2382 524 in
2416 469 2674 541 parochia
2701 467 3153 535 Ravennati,etin
3173 464 3482 535 Pentapoli,
3501 477 3611 516 nec
3629 472 3738 516 non

2159 573 2214 618 et
2235 563 2288 617 in
2322 561 2565 616 marchia
2593 560 2870 626 Firmana,
2895 567 2950 616 et
2978 559 3032 614 in
3055 559 3256 613 ducatu
3280 555 3570 627 ijiletino
3599 565 3741 609 rom-

2161 653 2522 720 morantibus,
2554 651 2662 708 illis
2699 652 2948 708 videlicet
2973 650 3069 722 qui
3115 649 3335 704 beatum
3361 647 3594 702 Petrum
3617 645 3738 701 dili-

2159 753 2316 816 gunt,
2363 759 2540 823 neque
2583 743 2816 800 vinculis
2844 739 3436 798 excommunicationis
3455 745 3764 803 tenentur,

2161 837 2394 892 salutem
2415 843 2470 891 et
2497 833 2854 906 apostolicam
2880 833 3344 890 benedictionem.

2229 927 2430 984 Notum
2459 927 2616 983 vobis
2655 941 2779 983 esse
2821 926 3116 992 credimus,
3154 923 3356 979 fratres
3400 921 3738 984 eharissimi.

2161 1020 2291 1092 quia
2325 1018 2530 1090 ubique
2563 1024 2847 1074 terrarum
2888 1015 3130 1088 religiosi
3149 1013 3260 1070 viri
3302 1013 3491 1070 clerici
3517 1019 3582 1068 et
3613 1001 3770 1068 laici'

2161 1125 2260 1183 per
2279 1111 2509 1184 gratiam
2531 1107 2626 1164 Dei
2652 1124 2756 1165 nos
2775 1108 3100 1180 diligunt,et
3117 1120 3184 1162 ea
3205 1120 3334 1178 qua
3358 1105 3600 1162 dicimus
3625 1105 3744 1161 sive

2161 1202 2510 1275 prateipimus
2537 1201 2768 1257 libenter
2788 1201 3092 1272 approbant
3117 1205 3174 1254 et
3204 1197 3528 1254 obed-ienter
3557 1197 3742 1252 susei-

2162 1295 2339 1365 piurit,
2387 1293 2468 1348 illi
2512 1293 2764 1350 videlicet
2791 1292 2887 1364 qui
2919 1291 3195 1363 justitiam
3217 1289 3546 1346 discenth
3573 1298 3631 1345 et
3651 1289 3742 1344 in-

2162 1387 2460 1441 tentionem
2486 1392 2734 1441 nostram
2775 1389 3133 1456 cognoscunt.
3167 1379 3380 1436 inimici
3403 1387 3590 1435 autem
3613 1389 3743 1435 cru-

2161 1477 2244 1533 cis
2281 1475 2506 1542 Christi,
2550 1476 2666 1530 imo
2709 1475 2896 1530 hostes
2935 1473 3248 1528 animarum
3269 1485 3524 1538 suarum,
3547 1469 3605 1524 in
3641 1483 3748 1525 nos

2163 1568 2464 1640 insurgere,
2487 1575 2561 1634 et,
2584 1565 2876 1622 dementia:
2888 1565 3134 1621 caecitate
3155 1561 3415 1635 perculsi,
3431 1568 3630 1618 contra
3649 1576 3746 1617 ειν

2161 1659 2328 1716 lutem
2358 1675 2536 1728 suam,
2569 1666 2816 1714 sanctam
2857 1655 3156 1712 Scelesiam
3184 1658 3514 1715 conculcarc
3535 1671 3748 1712 conan-

2159 1761 2266 1807 tur.
2323 1750 2480 1818 Quod
2525 1751 2759 1806 multum
2803 1749 3050 1821 profecto
3099 1751 3424 1824 gaudemus,
3461 1749 3747 1804 intuentes

2159 1842 2282 1899 illos
2307 1843 2402 1914 qui
2423 1841 2595 1898 Deum
2617 1841 2852 1919 diligunt
2881 1842 3050 1899 rebus
3074 1841 3282 1898 nostris
3302 1840 3517 1908 favere;
3543 1847 3603 1896 et
3631 1851 3746 1893 non

2159 1934 2284 2001 hos,
2307 1933 2404 1990 sed
2431 1931 2558 1990 illos
2603 1934 2872 1990 duntaxat
2894 1933 2992 2006 qui
3035 1931 3272 1988 oderunt
3299 1931 3544 1986 animam
3583 1945 3744 1986 suam

2159 2025 2336 2102 (Psal.
2373 2025 2430 2098 ιι)
2469 2025 2722 2082 inimicos
2751 2025 2911 2082 nobis
2954 2024 3208 2081 existere.
3241 2022 3492 2092 Quorum
3517 2021 3743 2094 quidem

2157 2117 2343 2175 odium
2373 2119 2478 2174 hac
2517 2118 2756 2175 maxime
2781 2117 2852 2174 de
2899 2131 3098 2186 causa,
3121 2117 3265 2173 sicut
3305 2131 3412 2172 vos
3447 2115 3630 2182 scitis,
3657 2113 3742 2169 in-

2157 2211 2456 2278 currimus,
2476 2210 2604 2282 quia
2627 2211 2777 2282 ipscs
2793 2211 2864 2266 de
2879 2209 3097 2282 laqueis
3129 2208 3332 2266 diaboli
3359 2222 3562 2266 eruere
3579 2216 3636 2264 et
3671 2205 3742 2261 ad

2157 2303 2341 2359 sinum
2383 2303 2576 2359 matris
2624 2301 2886 2358 Ecclesiae
2927 2303 3189 2358 reducere
3227 2300 3570 2358 curavimus.
3625 2297 3742 2353 Vos

2157 2394 2362 2465 itaque,
2393 2408 2534 2466 quos
2573 2393 2644 2448 ab
2667 2391 2888 2448 illorum
2925 2393 3150 2464 perﬁdia
3177 2401 3422 2450 remotos
3450 2400 3509 2448 et
3525 2391 3742 2447 alienos

2156 2486 2574 2554 existimamus,
2613 2483 2866 2556 oportere
2901 2493 3038 2542 tunc
3084 2484 3360 2542 credimus
3405 2491 3470 2539 ut
3517 2482 3742 2554 qualem

2157 2577 2405 2635 habeatis
2441 2577 2688 2634 animum
2717 2577 2861 2634 circa
2891 2591 3035 2648 “nos,
3067 2575 3180 2632 imo
3203 2574 3265 2631 Β.
3299 2573 3550 2644 Petrum,
3579 2573 3743 2645 cujus

2157 2669 2300 2738 vice,
2348 2669 2476 2726 licet
2509 2660 2739 2742 indigni,
2787 2667 3090 2740 fungimur,
3141 2663 3562 2735 demonstretis;
3589 2673 3645 2722 et
3669 2665 3741 2731 si,

2156 2760 2613 2835 quemadmodum
2635 2759 2986 2828 arbitramur,
3011 2775 3112 2816 vos
3129 2757 3360 2816 ﬁdeliter
3385 2754 3601 2830 geritis,
3618 2771 3743 2812 ma-

2156 2853 2371 2910 nifestis
2399 2853 2635 2922 indiciis,
2667 2869 2794 2911 cum
2837 2853 3052 2925 tempus
3079 2851 3234 2908 adest
3263 2859 3318 2908 et
3349 2865 3440 2908 res
3477 2857 3745 2922 exposta--

2156 2947 2252 3014 lat,
2276 2946 2584 3003 declarctis.
2607 2944 2704 3002 Est
2725 2954 2909 3001 autem
2933 2945 2989 3000 in
3008 2959 3120 3016 quo
3131 2941 3474 3000 devotionem
3496 2949 3742 2998 vestram

473 3037 895 3128 dolentes,cum
943 3036 1177 3093 consilio
1211 3045 1377 3106 atque
1419 3035 1626 3091 auxilio
1681 3035 1929 3090 omnium
1961 3049 2058 3090 ve-
2081 3071 2122 3128 ε
2153 3039 2370 3112 egregie
2413 3038 2643 3120 potestis
2671 3036 2977 3104 ostendere,
3004 3036 3052 3092 si
3081 3035 3299 3092 decreta
3327 3043 3496 3106 atque
3533 3039 3743 3091 statuta

472 3137 652 3184 suum
673 3127 770 3198 qui
797 3127 968 3184 Deum
995 3127 1222 3195 timetis,
1239 3127 1496 3200 volumus
1516 3135 1572 3182 et
1589 3127 1964 3182 desideramus
1986 3125 2054 3181 ad

472 3220 764 3290 antiquum
815 3219 1093 3288 specimen
1129 3227 1186 3274 et
1215 3217 1497 3290 religionis
1535 3214 1848 3285 statum,'in
1875 3231 2019 3288 quas
2041 3244 2055 3258 -
2089 3227 2094 3232 '

471 3319 618 3377 tum,
648 3308 884 3368 Domino
919 3310 1206 3386 largiente,
1244 3310 1570 3381 poterimus,
1609 3325 1734 3364 eam
1771 3307 2050 3364 reducere.

471 3399 762 3472 Igitur-illo
788 3401 1010 3470 putrida
1027 3401 1280 3458 membro
1317 3399 1499 3472 gladio
1523 3399 2055 3458 excommunicatio—
2089 3436 2094 3442 -

474 3493 566 3567 nis
585 3491 794 3559 exciso,
829 3500 1000 3563 cuius
1041 3492 1118 3548 ita
1157 3500 1230 3548 ut.
1267 3491 1412 3548 inter
1443 3489 1758 3550 sacerdotes
1800 3491 2052 3546 etiamin
2090 3521 2098 3528 -

471 3591 742 3652 aeternum
790 3596 904 3652 non
947 3582 1144 3640 debeat
1175 3581 1566 3642 connumerari
1611 3581 1880 3653 deposito,
1927 3581 2058 3637 dile-
2093 3617 2098 3627 ι

469 3673 712 3733 ctionem
735 3681 972 3742 vestram
1001 3687 1293 3730 monemus
1317 3687 1387 3730 ac
1417 3687 1522 3744 pro
1553 3674 1732 3730 salute
1757 3682 1938 3730 vestra
1959 3686 2054 3739 rp-

419 3818 428 3848 ;
470 3771 776 3842 gamusut
801 3772 938 3822 toto
975 3763 1184 3836 adiectu
1219 3763 1532 3835 mentisque
1558 3765 1866 3822 intentione
1890 3764 2056 3820 talem
2091 3779 2096 3784 ‘

468 3869 766 3928 personam
803 3871 914 3932 una
951 3872 1081 3916 cum
1107 3855 1482 3916 confratribus
1517 3857 1724 3914 nostris
1759 3856 2053 3928 episcopis,
2093 3897 2100 3906 ι

465 3945 934 4013 etarcliidiaeono
961 3947 1288 4019 ceterisque
1301 3947 1572 4015 diaconis,
1598 3962 1742 4019 quos
1766 3956 2053 4020 propterea

468 4037 542 4101 ad
567 4051 669 4096 vos
692 4046 890 4096 nostra
906 4037 1026 4096 vice
1051 4038 1356 4118 direximus
1381 4039 1648 4098 studentis
1678 4039 1900 4112 eligere,
1929 4056 2052 4112 qua:

465 4137 626 4206 tanto
654 4127 882 4196 honori,
911 4130 1127 4208 scilicet
1161 4130 1332 4196 vestri
1359 4130 1866 4208 archiepiscopatus
1905 4132 2051 4203 regi-

465 4220 628 4287 mini,
651 4221 958 4290 .secnndum
984 4219 1162 4288 Deum
1198 4221 1795 4294 videaturcompetere.
1819 4221 1940 4279 Non
1963 4223 2052 4280 ul-

461 4313 641 4382 terius
668 4310 972 4384 Ecclesiam
985 4321 1233 4373 vostrast}
1248 4314 1506 4370 ancillari
1535 4315 1800 4372 servitute
1817 4315 2052 4386 opprimi

2156 3131 2303 3187 sedis
2341 3131 2655 3203 apostolicae
2700 3144 2802 3202 pro
2849 3143 3013 3201 posse
3055 3137 3238 3184 vestro
3287 3127 3524 3184 studetis
3574 3135 3744 3198 atque

2155 3223 2404 3296 satagitis
2429 3223 2708 3294 adjuvare.
2756 3220 2928 3294 Igitur
2957 3220 3328 3277 Ravennatem
3364 3219 3746 3292 archiepisco-

2155 3331 2286 3386 pum
2313 3314 2539 3372 fratrem
2555 3323 2805 3372 nostrum
2837 3313 2975 3371 ll....
3007 3327 3179 3384 quem.
3201 3321 3327 3384 post
3353 3312 3550 3384 longas
3574 3319 3634 3368 et
3658 3311 3745 3367 in.

2155 3423 2414 3464 numeras
2439 3423 2796 3480 pervasurum
2825 3407 3213 3478 occupationes
3233 3405 3572 3476 nuperrime,
3598 3403 3745 3461 sicut

2154 3500 2283 3556 olim
2304 3515 2338 3556 a
2364 3501 2523 3556 beato
2548 3499 2710 3557 Petro
2751 3499 3142 3571 Apollinarem,
3175 3499 3253 3554 ita
3278 3494 3748 3554 nuncRavennas

2153 3591 2225 3647 ab
2247 3589 2490 3648 Ecclesia
2517 3591 2763 3648 Romana
2785 3593 2988 3648 meruit
3015 3591 3284 3662 accipere,
3311 3589 3560 3646 studium
3586 3587 3745 3646 vobis

2155 3684 2248 3750 sit,
2270 3693 2386 3738 tum
2412 3693 2634 3756 propter
2663 3700 2906 3741 amorem
2935 3683 3271 3740 sanctissimi
3293 3681 3561 3756 martyris
3581 3681 3742 3752 cujus

2155 3775 2280 3831 sede
2306 3784 2360 3831 et
2387 3776 2634 3847 reliquiis
2660 3777 2751 3833 illa
2779 3777 3068 3833 decoratur
3087 3774 3352 3844 Ecclesia,
3374 3782 3492 3830 tum
3517 3772 3745 3846 propter

2154 3868 2466 3938 apostolicae
2513 3869 2660 3926 sedis
2687 3869 2922 3924 debitam
2973 3867 3356 3935 reverentiam,
3406 3866 3658 3924 consiliis
3687 3877 3742 3924 et

2153 3959 2392 4016 auxiliis
2421 3961 2622 4017 vestris
2668 3960 3016 4028 conﬁrmare,
3048 3969 3213 4031 atque
3243 3959 3297 4016 ei
3343 3968 3544 4018 contra
3595 3959 3742 4016 illius

2153 4052 2330 4108 sancti
2359 4053 2464 4108 loci
2509 4054 2833 4126 sacrilegum
2876 4054 3304 4123 damnatumque
3335 4052 3742 4111 devastatorem

2153 4144 2329 4202 Vu....
2361 4147 2538 4202 modis
2562 4147 2820 4203 omnibus
2855 4145 3166 4202 subvenire.
3189 4142 3558 4216 Praecipimus
3581 4160 3742 4202 nam-

2151 4251 2260 4310 que
2289 4247 2368 4305 ut,
2393 4239 2550 4310 juxta
2575 4237 2869 4294 consilium
2906 4237 3071 4308 legati
3098 4236 3273 4292 nostri
3300 4236 3396 4306 qui
3428 4236 3613 4293 defert
3640 4237 3742 4294 bas

2151 4329 2362 4387 litteras
2387 4373 2402 4398 ,
2457 4331 2718 4402 pracdicto
2762 4327 3023 4387 confratri
3070 4337 3261 4386 nostro
3319 4328 3743 4401 archiepiscopo

463 4403 544 4461 ab
569 4403 754 4476 impiis
787 4403 1044 4460 mallibus
1069 4403 1378 4474 Patimini»
1421 4405 1540 4472 ωδ,
1581 4407 1726 4462 Bia“
1761 4407 2047 4473 Nullam,
2081 4418 2128 4474 D
2151 4421 2439 4480 consilium
2465 4431 2519 4478 et
2543 4421 2806 4478 auxilium
2851 4429 3096 4478 vestrum
3121 4421 3198 4478 ita
3232 4419 3466 4477 firmiter
3500 4423 3739 4492 promit-

462 4507 588 4552 eam
615 4493 904 4570 nobiscum
937 4495 994 4552 in
1039 4503 1364 4563 matermm,
1389 4495 1500 4552 hoc
1524 4505 1611 4553 est
1647 4495 1912 4556 Romanae
1945 4497 2051 4554 Ec-
2097 4541 2102 4544 .

462 4583 666 4653 elesiat,
706 4585 1010 4645 libertatem
1037 4585 1336 4655 vindicare
1383 4588 1638 4660 satagite,
1685 4598 1960 4660 quatenus
1997 4601 2053 4647 et

464 4675 734 4736 honorem
781 4676 898 4745 Dei,
929 4678 1064 4734 dum
1109 4693 1336 4750 sponsas
1369 4680 1515 4752 ejus,
1549 4689 1756 4738 sancta:
1775 4681 2049 4750 Ecclesiae,

461 4767 770 4824 libertatem
795 4769 1165 4840 diligitis,.vos
1189 4772 1496 4830 ostendatis
1511 4787 1725 4840 amare,
1749 4783 1808 4830 et
1835 4783 2054 4832 atoma:

439 4857 818 4919 beatitudinis
864 4859 1257 4930 haereditatem,
1281 4863 1444 4935 quasi
1488 4864 1648 4921 liberi
1701 4865 1818 4934 ﬁlii,
1854 4868 2052 4924 merito

462 4947 688 5019 possitis
720 4956 776 5004 et
802 4949 1044 5008 debeatis
1069 4967 1316 5024 sperare.
1386 4973 1395 4978 ·

534 5038 671 5096 Data
696 5037 886 5096 idibus
909 5039 1206 5113 Octobris,

933 5157 939 5162 ’
991 5151 1328 5212 EPISTOLA
1362 5158 1506 5216 Χιν.

537 5261 543 5267 .
623 5237 687 5278 AD
717 5235 1082 5288 RAVENJATES,
1113 5239 1393 5292 ιηιιιιλιιοε,
1421 5247 1492 5286 B‘I‘
1533 5246 1883 5290 ενοιετιιιοε.

876 5359 888 5390 ὲ
1000 5381 1011 5390 ⁸
1062 5292 1244 5364 (Anno
1268 5297 1452 5387 i980.)
1493 5367 1500 5374 ᾔ

2151 4515 2300 4582 tatis,
2328 4523 2408 4582 ut,
2433 4515 2564 4572 dum
2587 4513 2797 4572 inimici
2817 4513 3113 4583 audierint,
3137 4513 3305 4571 rebus
3324 4514 3446 4570 suis
3461 4517 3739 4586 cogantur

2150 4615 2204 4662 et
2223 4605 2350 4677 jure
2400 4607 2614 4676 possint
2643 4607 2867 4676 timere;
2915 4619 3042 4664 cum
3082 4621 3214 4662 vero
3250 4606 3414 4662 amici
3445 4615 3502 4662 et
3550 4607 3739 4664 ﬁdeles

2151 4698 2326 4753 nostri
2365 4701 2738 4771 cognoverint,
2767 4713 2876 4756 una
2897 4699 3186 4757 nobiscum
3212 4699 3281 4756 de
3317 4699 3615 4770 promissis
3643 4715 3738 4756 ve-

2151 4789 2280 4845 stris
2308 4791 2612 4846 certissime
2645 4797 2848 4862 queant
2869 4805 3111 4862 sperarc.
3658 4805 3664 4810 '

2223 4881 2356 4938 Data
2385 4883 2547 4940 tertio
2569 4881 2696 4940 ldus
2724 4883 3056 4941 Decembris.

2690 4997 3030 5056 EPISTOLA
3061 4999 3159 5055 xv
3225 4965 3229 4968 λ

2729 5087 2796 5126 AD
2818 5086 3138 5128 VALVENSES.

2740 5163 2921 5235 (Anno
2956 5161 3140 5234 1080.)

2155 5254 2428 5310 [avehitur
2453 5255 2509 5310 in
2531 5253 2926 5310 Trasmundum
2951 5254 3266 5378 lucidam,
3296 5256 3390 5329 qui
3417 5274 3450 5312 ιι
3480 5274 3535 5312 se
3557 5259 3729 5312 incre-

2220 5336 2378 5378 natus
2409 5327 2548 5378 auod
2572 5327 2932 5378 enisconatum
2991 5326 3298 5378 miseriter
3320 5329 3554 5378 monitus
3583 5345 3649 5378 ne
3675 5345 3729 5378 ιιι

2220 5336 2378 5390 potus
2409 5327 2548 5390 quod
2572 5327 2932 5390 episcopatum
2951 5326 3234 5390 dimiserit,
3248 5326 3554 5384 et'mom'ﬂt's
3583 5345 3649 5383 ne
3675 5345 3734 5382 se
