3972 5390
130 398 249 457 389

1206 395 1407 451 LIBEII
1444 392 1787 453 OCTAVUS.
1828 424 1897 439 --
1946 392 2176 451 EPIST.
2218 393 2379 451 XVII.

134 511 308 565 uilius
332 508 391 567 in
407 504 729 580 episcopatu
754 502 1011 563 Valvensi
1045 505 1425 580 [Valvancnsi]
1477 507 1723 565 habitam
1748 513 1795 568 Α
1822 516 1978 579 parte
2018 508 2159 565 beati
2208 507 2356 563 Petri
2399 507 2746 577 pracipimus
2773 506 2929 565 vobis
2954 517 3016 565 ut
3058 507 3413 571 Narbona“

132 602 312 665 tibus,
341 599 643 670 majoribus
683 607 848 669 atque
875 598 1204 662 minoribus,
1234 598 1348 653 sive
1395 604 1721 668 potestatem

135 692 195 746 in
230 707 306 748 eo
346 690 695 754 habentibus.
724 691 822 761 qui
868 690 1100 762 gratiam
1126 689 1274 754 beati
1308 688 1456 746 Petri
1475 689 1721 760 cupiunt,

136 775 378 839 salutem
404 791 462 838 et
479 782 837 853 apostolicam
860 782 1315 855 benedictionem.

209 872 638 929 Trausmundus
656 881 837 929 vester
877 872 1059 929 dictus
1081 872 1371 944 episcopus
1402 872 1473 929 ad
1498 887 1601 929 nos
1627 887 1724 928 ve-

138 962 244 1026 nit,
281 977 449 1032 quem
488 962 751 1018 nimirum
789 979 891 1020 nos
918 963 1075 1020 duris
1117 963 1298 1018 verbis
1334 963 1726 1033 increpuimus,

138 1061 434 1123 propterea
454 1054 607 1123 quod
641 1055 1013 1125 episcopatum
1042 1049 1163 1110 sine
1190 1053 1401 1110 ratione
1421 1054 1723 1111 dimiserat.

141 1143 517 1214 Praeepimus
545 1145 711 1200 etiam
764 1146 864 1213 illi,
897 1154 1120 1216 propter
1150 1146 1312 1201 istam
1334 1146 1642 1211 stultitiam,
1671 1153 1731 1201 ut

143 1236 213 1292 de
233 1235 557 1307 episcopatu
588 1250 647 1291 se
673 1236 867 1292 deinde
908 1252 1018 1292 non
1064 1236 1472 1302 intromitteret,
1498 1238 1593 1293 sed
1629 1238 1732 1293 iret

144 1327 214 1382 ad
236 1324 479 1382 Montem
499 1325 814 1394 Cassinum,
840 1326 1024 1398 ibique
1039 1327 1227 1383 tandiu
1245 1336 1390 1383 esset
1408 1327 1583 1384 donec
1604 1344 1730 1385 eum

148 1419 271 1489 ipso
299 1417 513 1488 prafati
544 1418 653 1475 loci
696 1419 892 1476 abbate
929 1418 1164 1490 aliisque
1203 1418 1474 1491 religiosis
1516 1427 1570 1475 et
1602 1435 1728 1489 pru-

145 1509 407 1566 dentibus
434 1509 573 1565 viris
615 1510 902 1566 consilium
944 1525 1266 1581 caperemus
1305 1511 1435 1581 quid
1462 1510 1530 1567 de
1563 1510 1658 1566 illo
1681 1518 1735 1565 et

147 1609 333 1656 vestra
358 1599 605 1656 Ecclesia
620 1610 763 1657 esset
784 1600 1115 1658 faciendum.
1140 1599 1298 1669 Quod
1318 1611 1567 1658 nostrum
1594 1618 1735 1673 pra—

151 1701 371 1763 ceptum
392 1692 564 1761 (sicut
577 1693 909 1764 audivimus)
937 1702 1314 1761 contemnens,
1340 1702 1388 1749 et
1417 1710 1514 1765 per
1544 1696 1733 1751 inobe-

151 1785 411 1840 dientiam
440 1784 763 1841 idololatria
790 1785 969 1842 scelus
1003 1785 1308 1851 incurrens,
1337 1801 1506 1843 ausus
1535 1797 1619 1843 est
1641 1801 1733 1843 ec-

1826 598 2103 665 Ecclesia,
2122 599 2235 670 jam
2258 614 2326 653 ex
2353 600 2515 669 longo
2561 608 2803 670 tempore
2831 614 2865 655 a
2905 600 3170 658 membris
3198 602 3419 662 diaboli.

1823 704 2088 760 pervasa,
2135 699 2382 761 prompte
2424 690 2830 759 subvenientes,
2884 689 3112 749 fratrem
3152 701 3402 753 nostrum

1827 778 2156 836 Dalmatium
2183 781 2678 851 archiepiscopum,
2703 796 2866 852 quem
2888 782 3108 839 tandem
3140 784 3417 843 canonico

1825 879 1882 926 et
1906 870 2207 927 secundum
2238 870 2532 929 Dominum
2571 873 2806 929 electum
2842 881 2902 930 et
2938 874 3251 933 ordinatum
3289 892 3409 934 me-
3488 870 3503 909 ἶ

1827 962 1939 1019 ruit
1982 964 2248 1033 accipere,
2276 963 2456 1019 modis
2497 964 2755 1021 omnibus
2799 964 3065 1025 studeatis
3102 966 3367 1039 adjuvare
3386 988 3423 1035 ςι

1828 1051 1908 1108 illi
1946 1069 2077 1111 vero
2114 1053 2416 1125 pervaseri,
2466 1054 2561 1124 qui
2590 1069 2699 1111 non
2740 1068 2837 1125 per
2869 1054 3091 1122 ostium,
3115 1063 3179 1111 ut
3194 1067 3408 1127 pastor,

1830 1145 1925 1200 sed
1950 1145 2190 1210 aliunde,
2232 1154 2294 1201 ut
2333 1144 2424 1201 fur
2450 1154 2507 1202 et
2527 1146 2672 1203 latro
2694 1144 3171 1218 ingressus,.oves
3202 1146 3423 1209 Christt

1831 1243 2033 1291 mactat
2053 1243 2109 1290 et
2127 1222 2306 1306 perdit
2328 1233 2511 1305 (Joan.
2538 1235 2616 1306 x),
2646 1236 2758 1290 imo
2782 1234 3001 1291 diabolo
3018 1235 3207 1304 tradit,
3232 1237 3421 1294 modis

1833 1324 2035 1394 quibus
2067 1325 2296 1395 potestis
2339 1324 2602 1391 resistite,
2642 1324 2691 1380 si
2738 1325 2972 1396 gratiam
3017 1326 3416 1397 omnipotentis

1835 1415 1931 1470 Dei
1952 1416 2276 1472 desideratis
2291 1416 2555 1474 obtinere.
2588 1416 2745 1489 Agite
2775 1431 2928 1488 ergo,
2953 1424 3010 1472 et
3030 1418 3257 1474 omnino
3286 1434 3417 1490 pro-

1835 1516 2021 1562 curate
2045 1507 2261 1563 beatum
2295 1506 2537 1575 Petrum,
2558 1509 2945 1579 apostolorum.
2966 1507 3292 1581 principem,
3319 1526 3420 1567 vo-

1836 1598 1921 1653 bis
1963 1598 2296 1668 adjutoretn,
2346 1600 2458 1655 imo
2499 1600 2803 1657 debitorem
2851 1598 3064 1668 facere,
3093 1602 3190 1672 qui
3239 1610 3425 1673 potest

1835 1689 1994 1746 vobis
2018 1689 2183 1760 hujus
2210 1690 2335 1747 vita
2353 1699 2410 1746 et
2436 1689 2636 1747 futura
2674 1690 2906 1747 salutem
2926 1700 2982 1747 et
3002 1692 3265 1750 honorem
3286 1694 3439 1751 dare.

1837 1780 1920 1836 vel
1943 1780 2150 1845 tollere,
2174 1781 2378 1852 quique
2399 1781 2577 1837 nescit
2601 1782 2789 1838 fideles
2810 1797 2942 1840 suos
2964 1776 3294 1855 relinquere,
3323 1785 3422 1841 sed

154 1876 376 1932 cleaiam
421 1876 774 1932 interdictam
825 1877 892 1931 ad
946 1884 1299 1948 augmentum
1352 1876 1574 1933 malitia
1624 1893 1738 1934 sua
1769 1852 1813 1908 Β
1839 1872 2021 1941 potius
2062 1871 2214 1928 novit
2242 1872 2495 1942 superbis
2528 1872 2807 1940 resistere,
2839 1881 2896 1931 et
2937 1852 3290 1943 confundere,
3316 1875 3424 1932 hu-

152 1967 470 2038 pervadere,
495 1981 732 2038 eamque
759 1980 907 2022 nunc
927 1968 1280 2038 pertinaciter
1301 1983 1412 2023 non
1436 1967 1629 2024 metuit
1652 1984 1757 2026 oc-'

156 2072 373 2128 mpare.
423 2056 663 2114 Proinde
703 2060 1002 2130 apostolica
1031 2061 1354 2115 auctoritate
1394 2060 1740 2131 praecipimus

156 2150 306 2207 vobis
327 2158 424 2217 ut,
448 2149 497 2205 si
526 2150 758 2221 gratiam
786 2149 880 2207 Dei
903 2160 958 2206 et
995 2150 1137 2206 beati
1158 2150 1304 2206 Petri
1342 2151 1587 2223 diligitis,
1618 2151 1739 2208 ani—

158 2254 482 2313 marumque
525 2249 838 2298 vestrarum
891 2242 1194 2312 periculum
1257 2244 1494 2309 timetis,
1554 2243 1741 2300 nullus

158 2343 394 2390 vestrum
420 2332 791 2404 episcopalem
829 2334 1192 2389 reverentiam
1220 2333 1299 2390 illi
1323 2335 1738 2401 exhibeat,'sed,

159 2425 291 2480 bona
314 2424 569 2481 ecclesia
589 2424 659 2480 de
688 2424 943 2480 manibus
971 2425 1119 2481 illius
1139 2425 1452 2497 eripientes,
1476 2442 1602 2483 eum
1631 2426 1741 2481 sic-

159 2525 216 2571 ut
265 2518 584 2573 invasorem
615 2515 887 2583 habeatis,
916 2525 971 2571 et
1017 2526 1121 2573 res
1146 2518 1391 2574 ecclesia:
1430 2534 1498 2575 ne
1538 2519 1743 2574 distra-

163 2609 285 2665 here
312 2608 502 2664 valeat
537 2624 569 2663 a
599 2615 868 2679 potestate
902 2609 1076 2680 ipsius
1105 2609 1426 2666 defendatis.
1462 2609 1748 2669 Nihilomi-

164 2717 261 2758 nus
293 2715 523 2773 quoque
544 2700 874 2757 mandamus
907 2709 969 2756 ut
986 2702 1118 2757 huic
1136 2702 1315 2775 legato
1341 2713 1530 2761 nostro
1550 2703 1744 2760 Joanni

164 2794 513 2859 subdiacono,
544 2808 711 2863 quem
733 2792 800 2848 ad
826 2792 931 2848 hoc
950 2793 1104 2849 vobis
1127 2793 1451 2863 direximus,
1481 2797 1746 2852 auxilium

72 2888 75 2891 ’
165 2882 217 2938 in
254 2885 339 2941 bis
363 2900 497 2957 qua
538 2883 858 2941 necessaria
886 2882 1093 2939 fuerint
1135 2886 1445 2955 prabeatis,
1476 2897 1748 2959 quatenus

167 2971 273 3043 ipse
290 2991 402 3032 una
420 2973 721 3032 vobiscum
747 2974 949 3047 quain
978 2974 1084 3031 bac
1120 2990 1180 3032 re
1207 2975 1457 3033 facienda
1479 2987 1608 3033 sunt
1635 2993 1749 3034 me—

169 3063 267 3122 lius
286 3067 467 3139 possit
497 3066 754 3137 implere.

232 3157 353 3216 Data
381 3159 640 3217 secundo
666 3157 797 3215 ldus
817 3157 1153 3215 Decembris.
1266 3202 1269 3205 .

697 3270 1039 3329 EPISTOLA
1073 3271 1214 3328 XVI.

846 3380 912 3419 AD
940 3379 992 3419 Ν.
1023 3380 1075 3419 Ν.

766 3453 949 3527 (Anno
977 3454 1161 3524 1080.)

176 3543 370 3602 Laudat
396 3547 541 3619 quod
570 3554 1105 3619 parentum_suorum
1134 3548 1352 3619 vestigia
1376 3548 1574 3603 imitati
1594 3549 1752 3604 devo-

236 3627 343 3671 tam
386 3616 635 3690 animiin:
678 3633 805 3690 erga
849 3617 1145 3690 Remanent
1188 3616 1490 3690 Ecclesiam
1533 3629 1748 3690 gerant,

235 3696 392 3771 atque
413 3689 473 3771 in
510 3703 573 3771 eo
599 3687 796 3771 inﬁdi'es
826 3688 994 3771 magis
1014 3687 1293 3771 proﬁciant
1317 3687 1753 3771 hortatui_.'Co‘m-

237 3756 592 3842 menda-eis
635 3756 1502 3842 1)(ιίιιιιιῑὶιύξιίιιι-ειιιίερὶεεοιιίιιιι⁶
1541 3757 1753 3842 Narbo-

238 3830 413 3883 nensis
457 3826 720 3884 Ecclesia
760 3828 1008 3883 canonice
1044 3826 1263 3881 electum
1286 3869 1301 3890 ,
1348 3826 1405 3880 at
1445 3845 1585 3894 eum,
1633 3839 1753 3884 tan-

238 3913 400 3969 quam
428 3914 610 3954 rerum
633 3906 920 3969 pastorem,
949 3897 1214 3968 adjacent,
1250 3906 1301 3952 et
1326 3899 1596 3967 pervasori
1624 3902 1754 3955 resi-

242 4079 554 4138 Gncoaws
594 4081 905 4153 episcopus,
945 4096 1135 4138 servus
1170 4096 1453 4137 servorum
1489 4079 1605 4149 Dei,
1637 4081 1750 4140 R...

180 4179 231 4226 et
262 4170 395 4237 8...,
418 4173 698 4228 nobilibus
722 4173 1033 4240 comitibus,
1058 4174 1290 4229 salutem
1314 4181 1370 4229 et
1398 4175 1752 4245 apostolicam

182 4256 630 4320 benedictionem.
1073 4278 1085 4287 ‘

245 4352 522 4421 Quantum
559 4356 761 4412 domus
806 4364 987 4412 vestra
1007 4356 1226 4411 beatum
1280 4356 1505 4413 Petrum
1544 4357 1758 4428 jamdu-

184 4443 308 4501 dum
354 4447 629 4515 dilexerit,
679 4456 1057 4520 quantumque
1103 4448 1204 4519 ipsi
1257 4448 1432 4505 fidelis
1460 4450 1754 4516 exstiterit,

1838 1963 2061 2033 milibus
2088 1971 2280 2019 autem
2303 1965 2536 2035 gratiam
2566 1965 2698 2021 dare
2722 1964 2865 2038 (Jac.
2910 1965 3008 2039 tv),
3037 1981 3242 2039 eosque
3265 1966 3422 2025 exal-

1837 2063 1974 2111 tare.

1913 2100 2045 2203 Data
2064 2146 2278 2204 decimo
2300 2100 2572 2205 Kalendas
2595 2147 2863 2205 Januarii.

2362 2258 2704 2316 EPISTOLA
2736 2260 2898 2317 XVII.

2129 2362 2193 2407 AD
2228 2366 2441 2408 ειειιυιι
2470 2368 2539 2407 ετ
2568 2368 2810 2409 ρονυιυιι
2837 2366 3138 2410 ιιειίεκεειί.

2434 2443 2619 2517 (Anno
2650 2441 2835 2514 1080.)

1844 2530 2043 2606 Arguit_
2084 2512 2384 2590 Manassem
2410 2512 2564 2606 olim
2597 2512 3050 2606 archiepiscopum
3100 2534 3430 2606 Rementem.
3464 2557 3484 2581 ο

1876 2625 1884 2632 ·
1913 2604 2003 2686 qui
2024 2604 2185 2686 legati
2212 2605 2492 2686 apostolici
2518 2604 3101 2686 sententiaaalrnuatus
3129 2604 3433 2686 Ecclesium

1878 2718 1883 2722 .
1918 2673 2090 2746 ipsum
2139 2673 2383 2731 inuadere
2416 2676 2830 2746 prosumpserit.
2865 2673 3044 2744 Quare
3080 2685 3255 2746 monet
3293 2677 3434 2746 αισι

1918 2742 2088 2817 modis
2113 2746 2354 2799 omnibus
2405 2742 2676 2817 resistant,
2699 2750 2749 2799 et
2782 2745 2847 2800 de
2864 2742 3096 2817 episcopi
3120 2742 3335 2801 Diensi:
3354 2745 3434 2802 le-

1952 2815 2031 2889 a_ti
2077 2826 2342 2889 consensu
2369 2814 2536 2889 alium
2563 2814 3092 2889 pastoremeligan't,
3127 2817 3219 2889 qui
3250 2831 3435 2872 eorum

1939 2885 2183 2938 aboranti
2213 2884 2467 2941 Ecclesia
2489 2884 2763 2941 suliuenire
2787 2884 2978 2940 ualeat.

1919 2973 2231 3030 GREGOBIUS
2263 2976 2574 3047 cpiscopus,
2619 2991 2813 3032 servus
2845 2990 3131 3032 servorum
3166 2974 3284 3043 Dei,
3314 2976 3437 3032 uni-

1849 3082 2010 3123 versa
2059 3066 2346 3126 Remensis
2385 3068 2644 3126 Ecclesia
2681 3068 2826 3125 clero
2863 3075 2919 3124 et
2952 3067 3169 3140 populo,
3197 3068 3436 3125 salutem

1776 3200 1818 3254 α
1851 3166 1906 3213 et
1938 3158 2292 3229 apostolicam
2313 3159 2765 3217 benedictionem.

1918 3253 2038 3310 Non
2071 3254 2388 3311 dubitamus
2424 3255 2493 3311 ad
2531 3254 2781 3310 notitiam
2835 3261 3074 3311 vestram
3120 3252 3465 3325 pervenisse

1849 3346 1995 3417 quod
2026 3344 2331 3412 Manasses,
2374 3345 2508 3401 olim
2535 3346 2717 3402 dictus
2756 3346 3204 3418 archiepiscopus
3227 3353 3436 3413 vester,

1849 3440 2165 3512 synodalem
2191 3440 2560 3498 damnationis
2589 3456 2716 3509 sua.
2729 3442 3075 3510 sententiam,
3093 3442 3441 3515 exigentibus

1850 3541 2024 3612 culpis
2050 3541 2188 3609 suis,
2212 3540 2560 3612 adjudicante
2587 3541 2864 3599 confratre
2891 3550 3083 3601 nostro
3109 3542 3295 3600 Diensi
3322 3545 3442 3616 epi-

1850 3648 2036 3705 scopo,
2092 3641 2297 3691 sancta
2341 3634 2603 3693 Romana
2651 3635 2911 3694 Ecclesia
2954 3637 3133 3710 legato
3186 3636 3469 3696 subierit.’

1849 3716 2026 3788 Quam
2055 3720 2240 3792 itaque
2265 3721 2553 3794 diligenter
2586 3733 2997 3795 perscrutantes
3022 3734 3076 3782 et
3096 3741 3198 3798 pro
3221 3728 3442 3799 magni-

1851 3817 2040 3873 tudine
2087 3817 2438 3890 iuiquitatum
2467 3819 2587 3892 ejus
2610 3819 2978 3892 iustissimam
3020 3821 3195 3881 fuisse
3241 3839 3442 3897 appro-

1850 3909 2146 3977 bantes,co
2165 3916 2353 3965 tenore
2372 3910 2426 3965 in
2456 3910 2703 3967 Romana
2731 3913 2942 3985 synodo
2968 3910 3440 3984 conﬁrmavimus,

1854 3992 2044 4074 rogatu
2064 4004 2362 4059 multorum
2386 4002 2642 4071 fratrum,
2662 4013 2747 4072 ut,
2766 4007 3042 4063 concessis
3059 4006 3165 4063 sibi
3180 4007 3438 4075 induciis,
3470 4012 3480 4021 ”

1855 4088 1902 4143 si
1935 4096 2139 4159 posset,
2172 4089 2240 4144 ad
2267 4089 2681 4160 expurgandum
2721 4104 2782 4146 se
2828 4090 2897 4145 de
2928 4090 3159 4162 objectis
3185 4090 3443 4150 veniendi

1855 4181 2129 4237 licentiam
2171 4181 2397 4236 haberet
2424 4196 2490 4235 ac
2529 4180 2758 4235 liberam
2788 4181 2856 4236 de
2885 4196 2944 4237 se
2983 4168 3176 4254 agendi
3213 4182 3443 4241 faculta-

1857 4264 1997 4337 tem;
2024 4270 2102 4325 ita
2127 4278 2311 4326 tamen
2342 4277 2405 4325 ut
2432 4269 2648 4325 interim
2677 4269 2943 4344 regimine
2978 4270 3153 4344 ipsius
3183 4271 3442 4331 Ecclesia
3470 4264 3477 4271 ’

1858 4360 2093 4427 cederet,
2128 4369 2183 4416 et
2223 4360 2278 4414 in
2318 4358 2668 4416 Cluniacensi
2708 4360 2795 4415 vel
2846 4360 2901 4416 in
2949 4361 3135 4432 aliquo
3184 4361 3475 4437 religioso"

1859 4455 2193 4511 monasterio
2220 4454 2459 4526 degeret,
2486 4461 2551 4509 ut
2585 4454 2745 4525 cujus
2773 4456 3094 4514 obedientia
3115 4456 3445 4531 quantaque
3474 4448 3479 4465 ⁵

185 4536 424 4606 profecto
467 4555 581 4596 non
628 4539 795 4595 modo
821 4540 964 4611 apud
1003 4555 1102 4595 vos
1143 4540 1335 4605 scitur,
1366 4540 1463 4596 sed
1500 4542 1665 4597 etiam
1706 4542 1761 4597 in
1795 4545 1840 4599 D
1864 4536 2199 4605 humilitatis
2219 4555 2366 4604 esset
2414 4548 2756 4623 probaretur.
2781 4548 2985 4607 Verum
3016 4550 3182 4624 (sicut
3207 4568 3306 4609 vos
3336 4553 3443 4624 ipsi

187 4628 427 4697 pluribus
457 4629 801 4687 diversarum
830 4630 1070 4701 gentium
1106 4630 1355 4700 partibus
1376 4639 1566 4688 notum
1589 4632 1761 4688 habe-

186 4726 288 4775 tur.
327 4719 483 4779 Unde
508 4731 564 4778 et
596 4721 667 4777 de
694 4721 930 4777 inimicis
960 4721 1268 4789 victoriam,
1308 4731 1362 4778 et
1394 4739 1507 4795 pra
1549 4726 1763 4780 cateris

188 4812 403 4879 paribus
417 4814 535 4871 suis
561 4815 830 4870 honorem
852 4820 907 4868 et
930 4812 1158 4885 gloriam
1180 4813 1446 4871 hactenus
1461 4816 1764 4872 obtinuisse

190 4901 338 4976 longe
371 4905 591 4977 lateque
616 4898 976 4975 dignoscitur.
1022 4903 1163 4971 Quia
1197 4920 1329 4960 vero
1355 4915 1641 4976 parentum
1670 4922 1765 4963 vc-

190 5003 441 5073 strorum,
470 4986 951 5053 sicuLnobilitatis
972 4995 1200 5061 lineam,
1230 4995 1303 5051 ita
1325 5012 1543 5072 quoque
1572 4999 1762 5069 probi-

192 5085 353 5142 ta'tum
375 5089 557 5147 studia
575 5101 678 5143 vos
697 5085 901 5141 imitari
922 5086 1297 5162 cognovimus,
1323 5103 1425 5158 pro
1438 5099 1588 5147 certo
1609 5092 1765 5147 valde

191 5177 432 5235 latamur
476 5188 533 5235 et
574 5186 642 5234 ut
671 5177 927 5234 devotum
961 5180 1211 5236 animum
1246 5177 1393 5234 circa
1423 5180 1642 5238 beatum
1664 5181 1766 5239 Pe-

1864 4641 2039 4713 sritis)
2069 4656 2179 4697 non
2208 4639 2386 4696 solum
2410 4640 2540 4696 huic
2572 4639 2874 4698 definitioni
2900 4658 3010 4699 non
3036 4643 3291 4711 obedlvit,
3324 4646 3442 4713 sed,
3476 4632 3487 4646 ’

1865 4735 1933 4790 ad
1994 4740 2368 4804 contemptum
2417 4732 2815 4789 interdictionis
2865 4743 3085 4802 nostra,
3140 4735 3444 4794 Ecclesium

1864 4834 2103 4882 vestram
2133 4824 2386 4880 invadere
2414 4839 2479 4879 ac
2499 4818 2800 4903 impudenti
2819 4825 3193 4884 devastatione
3206 4827 3443 4886 confun-
3478 4844 3483 4851 ‘

1863 4917 1990 4973 dere
2018 4916 2387 4989 prasumpsit,
2418 4923 2606 4987 utpote
2648 4932 2815 4986 quam
2856 4933 2966 4973 non
2995 4934 3095 4990 per
3126 4920 3352 4990 ostium,
3383 4931 3449 4978 ut.

1865 5017 2072 5080 pastor,
2110 5008 2204 5064 sed
2233 5007 2472 5074 aliunde,
2499 5015 2559 5062 ut
2593 5006 2683 5062 fur
2707 5014 2762 5062 et
2788 5008 3127 5067 savissimus
3150 5014 3334 5083 prado
3362 5015 3445 5070 iu-

1868 5099 2049 5164 travit,
2078 5100 2146 5155 ad
2169 5100 2275 5155 hoc
2300 5098 2511 5154 scilicet
2540 5106 2601 5153 ut
2625 5113 2843 5170 gregem
2870 5098 3217 5161 Dominicum
3247 5116 3448 5164 mactet

1866 5199 1922 5246 et
1949 5190 2160 5262 perdat,
2206 5204 2315 5244 non
2344 5197 2406 5243 ut
2431 5188 2710 5254 vigilantia
2728 5193 2970 5250 pastoris
3004 5196 3253 5246 ambigat
3274 5205 3330 5242 at
3356 5199 3454 5240 ιιι..

3486 840 3501 887 ἃ
