3972 5390
530 440 549 447 ”
576 440 685 503 595

1215 448 1271 503 s.
1312 440 1770 503 ensconu‘vn
1803 440 2008 500 parm
2045 438 2344 501 orsnuu'
2366 438 2553 500 PARS
2582 442 2625 500 ι.
2663 472 2734 485 -
2769 428 3190 502 REGISTRUM.

3702 396 3837 499 i596

534 578 537 589 ί
577 558 731 617 sione
749 557 949 632 ligandi
964 569 1130 631 atque
1150 552 1870 631 solvendiapotestatePetri
1884 575 1944 617 se
1956 558 2143 615 exclu-
2169 562 2215 619 A
2243 540 2392 614 Sedis
2427 559 2647 615 decreta
2690 558 2897 615 violare
2924 553 3419 630 'prmsumpseriut,
3465 554 3708 611 scribens
3742 552 3835 609 ad

532 674 537 677 η
576 668 701 708 sum
718 666 842 709 esse
878 652 1185 720 existimat,
1210 648 1315 707 nisi
1344 651 1483 707 forte
1502 650 1686 706 infelix
1708 652 1797 708 ille
1821 652 1936 723 qui,
1956 653 2149 725 iugum

530 756 535 761 ’
574 738 793 797 Domini
809 751 1024 812 portare
1044 741 1256 808 nolens,
1286 741 1491 797 diaboli
1503 754 1562 797 se
1575 742 1797 811 subiicit
1824 743 1997 810 oneri,
2021 753 2075 799 ’et
2093 744 2150 799 in

573 848 804 889 numero
825 834 1008 889 ovium
1044 831 1249 889 Christi
1277 846 1400 889 esse
1428 834 1682 889 recusat?
1707 833 1794 889 cui
1824 843 2007 889 tamen
2044 835 2150 891 hoc

571 924 639 979 ad
666 924 924 981 miseram
963 926 1269 982 libertatem
1297 927 1521 982 minime
1562 926 1777 997 prolicit
1811 928 1958 998 quod
1990 936 2148 998 pote-

569 1025 768 1072 statem
804 1016 974 1087 Petri,
1016 1018 1281 1075 divinitus
1316 1017 1423 1074 sibi
1456 1033 1798 1086 concessam,
1836 1035 1868 1075 a
1915 1020 2148 1089 superba

569 1108 780 1193 cervice
806 1111 1032 1178 excutit,
1064 1094 1326 1201 quoniam
1367 1118 1575 1181 quanto
1608 1125 1729 1165 eam
1768 1110 2020 1181 quisque,
2050 1125 2149 1181 per

566 1198 881 1270 elationem,
920 1198 1063 1257 ferre
1100 1198 1352 1275 abnegat,
1390 1209 1545 1257 tanto
1580 1202 1773 1257 durius
1806 1202 1875 1257 ad
1914 1202 2145 1258 damna-

512 1292 515 1295 ’
568 1289 776 1347 tionem
806 1306 965 1348 suam
1004 1292 1060 1346 in
1085 1279 1292 1362 judicio
1323 1299 1521 1362 portat.
1558 1288 1709 1347 Hane
1740 1290 1924 1361 itaque
1949 1290 2148 1350 divina:

566 1381 866 1438 voluntatis
894 1381 1316 1449 institutionem,
1344 1385 1451 1439 hoc
1489 1382 1891 1438 ﬁrmamentum
1921 1382 2143 1454 dispen-

569 1475 803 1553 sationis
826 1474 1100 1543 Ecclesiae,
1126 1477 1231 1533 hoc
1266 1478 1608 1549 privilegium
1636 1478 1796 1533 beato
1823 1476 1986 1533 Petro
2004 1493 2144 1549 apo-

569 1558 838 1623 stolorum
870 1571 1098 1640 principi
1141 1570 1349 1627 caelesti
1377 1572 1596 1627 decreto
1633 1570 2003 1642 principaliter
2033 1580 2147 1629 tra-

535 1658 742 1714 ‘ditum
787 1669 951 1732 atque
997 1661 1273 1717 ﬁrmatum
1315 1664 1491 1719 sancti
1530 1662 1720 1719 Patres
1763 1680 1890 1720 cum
1946 1679 2144 1736 magna

535 1751 915 1828 veneratione
952 1749 1309 1820 suscipientes
1352 1762 1515 1823 atque
1559 1744 1859 1823 servantes,
1897 1766 2142 1813 sanetam

564 1840 871 1899 Romanam
919 1842 1218 1901 Ecclesium
1252 1854 1362 1899 tam
1408 1847 1465 1901 in
1508 1847 1852 1918 generalibus
1893 1848 2140 1906 conciliis

563 1944 732 2007 quam
757 1934 921 1990 etiam
938 1932 1001 1991 in
1032 1938 1243 1994 caeteris
1268 1938 1491 2008 scriptis
1517 1946 1572 1995 ct
1600 1940 1766 2011 gestis
1795 1940 1912 1997 suis
1936 1941 2149 1996 univer-

565 2026 738 2087 salem
775 2034 1007 2084 matrem
1064 2030 1503 2100 appellaverunt;
1542 2040 1598 2087 et
1639 2034 1783 2089 sicut
1820 2036 1940 2105 ejus
1978 2035 2149 2091 docu—

530 2130 537 2134 '
565 2126 751 2173 menta
773 2118 829 2175 in
858 2112 1274 2181 conﬁrmatione
1307 2121 1433 2178 ﬁdei
1453 2131 1508 2179 et
1528 2124 1834 2182 eruditione
1859 2142 2028 2184 sacrae
2057 2143 2145 2184 re-

533 2209 804 2281 ‘ligionis,
840 2210 916 2267 ita
939 2212 1105 2269 etiam
1126 2214 1333 2285 judicia
1371 2226 1746 2286 susceperunt,
1778 2219 1834 2274 in
1874 2221 1980 2277 hoc
2015 2238 2147 2279 con-

564 2301 882 2371 sentientes,
912 2313 967 2361 et
994 2308 1152 2377 quasi
1179 2320 1290 2363 uno
1312 2307 1508 2378 spiritu
1537 2317 1593 2365 et
1626 2324 1734 2366 una
1759 2326 1893 2369 voce
1918 2327 2147 2371 concor-

533 2392 777 2461 dantes,
825 2384 1305 2469 omnesmajores
1350 2413 1438 2475 res
1476 2409 1532 2457 et
1580 2402 1855 2477 praecipua
1906 2407 2142 2478 negotia,

564 2497 667 2540 nec
685 2496 807 2540 non‘
833 2488 1080 2543 omnium
1102 2487 1469 2546 Eeeleslarum
1495 2491 1723 2563 iudicia,
1746 2496 1813 2550 ad
1837 2511 1959 2557 eam
1985 2500 2144 2573 quasi

564 2576 634 2632 ad
663 2586 893 2659 matrem
920 2589 974 2635 et
1009 2591 1173 2653 caput
1210 2582 1408 2638 debere
1439 2582 1651 2652 referri,
1682 2587 1751 2643 ab
1779 2601 1844 2643 ea
1871 2604 2143 2661 nusquam

522 2736 525 2739 _
565 2668 847 2738 appellari,
879 2671 1087 2742 judicia
1130 2673 1251 2745 eius
1279 2689 1309 2729 a
1351 2675 1570 2732 nemine
1610 2681 1894 2735 retractari
1929 2690 2023 2737 aut
2060 2698 2147 2739 re-

472 2725 525 2797 ν’
563 2725 676 2815 réiii
695 2725 900 2818 debere
913 2725 997 2819 ai
1013 2725 1218 2835 saga."
1225 2725 1384 2822 hic;
1396 2725 1598 2824 71.351115
1610 2725 1869 2829 "dies;
1877 2725 1998 2827 lvii“
2004 2725 2145 2847 ng}.

567 2850 866 2910 Anastasio
908 2855 1225 2927 imperatori
1269 2860 1513 2924 scribens
1565 2858 1789 2935 (epist),
1827 2864 2009 2922 divina
2033 2866 2144 2922 ful-

564 2950 654 3000 tus
680 2948 1026 3018 auctoritate,
1050 2950 1183 3022 quid
1220 2961 1275 3007 et
1300 2952 1536 3023 qualiter
1571 2939 1639 3010 de
1672 2956 1979 3029 principatu
2018 2975 2145 3015 san-

561 3044 665 3093 etas
708 3047 764 3094 et
796 3041 1109 3111 apostolicae
1153 3044 1298 3111 sedis
1343 3048 1546 3103 sentire
1583 3047 1804 3105 deberet
1837 3050 1945 3106 hoc
1982 3051 2145 3108 modo

517 3140 520 3145 '
561 3143 691 3186 eum
734 3131 992 3191 instruxit
1025 3156 1037 3195 :
1094 3156 1113 3189 ι
1143 3135 1287 3203 Etsi,
1333 3139 1538 3213 inquit,
1569 3142 1782 3198 cunctis
1822 3144 2145 3218 generaliter

2254 650 2545 719 quemdam
2576 650 2894 707 Senatorem
2924 651 3175 705 abbatem
3196 648 3283 704 his
3312 647 3493 704 verbis
3518 666 3533 702 :
3571 666 3591 699 ‹
3623 645 3680 699 Si
3700 645 3834 716 quis

2250 756 2382 797 vero
2403 759 2611 815 regum,
2635 742 2999 808 sacerdotum,
3017 741 3262 815 iudicum
3294 750 3457 808 atque
3487 737 3832 793 saecularium

2248 847 2640 903 personarum,
2690 834 2834 891 hanc
2882 831 3286 888 constitutionis
3334 839 3538 884 nostra
3578 828 3834 899 paginam

2249 905 2541 996 agnoeens,
2578 907 2765 983 contra
2805 910 2926 982 eam
2968 922 3154 977 venire
3196 919 3503 987 tentaverit,
3540 919 3837 990 potestatis

2248 1014 2585 1087 honorisque
2610 1018 2696 1074 sui
2715 1017 2976 1090 dignitate
3006 1023 3212 1084 careat,
3248 1025 3515 1081 reumquc
3549 1025 3610 1065 se
3646 1009 3835 1064 divino

2241 1105 2452 1175 iudicio
2472 1108 2706 1165 existere
2738 1110 2806 1166 de
2835 1120 3145 1181 perpetrata
3184 1104 3470 1179 iniquitate
3500 1109 3831 1172 cognoscat;

2245 1206 2319 1265 et,
2350 1198 2456 1255 nisi
2476 1215 2540 1255 ea
2568 1215 2691 1271 quae
2723 1201 2792 1257 ab
2820 1202 2914 1257 illo
2941 1210 3070 1258 sunt
3097 1201 3238 1256 male
3270 1201 3454 1256 ablata
3497 1192 3831 1260 restituerit.

2243 1290 2330 1345 vel
2357 1291 2520 1362 digna
2543 1293 2861 1362 pmnitentia
2890 1294 3076 1351 illicite
3113 1303 3233 1350 acta
3266 1291 3565 1358 deﬂeverit,
3595 1307 3628 1346 a
3655 1298 3837 1346 sacra-

2212 1381 2462 1438 ‘tissimo
2505 1398 2733 1454 corpore
2780 1401 2845 1443 ac
2884 1388 3150 1458 sanguine
3192 1384 3409 1440 Domini
3448 1376 3832 1452 Redemptoris

2243 1475 2419 1530 nostri
2454 1473 2584 1532 Iesu
2628 1477 2833 1535 Christi
2876 1478 3086 1534 alienus
3127 1480 3241 1544 ttat,
3284 1487 3448 1546 atque
3482 1476 3540 1530 in
3569 1484 3829 1531 eternum

2241 1568 2485 1624 examini
2548 1569 2813 1627 districta
2870 1569 3095 1626 ultionis
3146 1567 3455 1638 subiaceat.
3502 1586 3524 1619 ι
3577 1565 3730 1633 Quod
3778 1567 3830 1621 si

2241 1660 2303 1716 B.
2340 1661 2654 1735 Gregorius,
2686 1663 2878 1719 doctor
2917 1661 3107 1733 utique
3151 1660 3499 1725 mitissimus,
3532 1673 3708 1729 reges,
3735 1657 3831 1727 qui

2250 1763 2453 1812 statuta
2509 1772 2610 1813 sua
2656 1771 2822 1826 super
2867 1771 3038 1811 unum
3107 1754 3511 1811 xenodoehium
3569 1753 3832 1808 violarent

2244 1865 2353 1907 non
2404 1848 2566 1906 modo
2606 1848 2823 1922 deponi,
2871 1849 2966 1904 sed
3009 1849 3174 1905 etiam
3219 1844 3710 1912 exeommunieari,
3747 1853 3832 1897 at.

2246 1960 2353 2021 que
2397 1944 2451 1999 in
2513 1953 2720 2000 aeterno
2774 1942 3027 1999 examine
3081 1942 3331 2001 damnari
3383 1942 3657 2007 decrevit,
3707 1939 3829 2010 quis

2247 2048 2349 2090 nos
2372 2030 2668 2088 Henricum
2696 2047 2803 2087 non
2847 2031 3023 2087 solum
3054 2031 3477 2102 apostolicorum
3500 2029 3828 2099 iudiciorum

2216 2142 2221 2147 '
2246 2131 2697 2196 contemptorem,
2721 2138 2913 2179 verum
2941 2123 3103 2179 etiam
3139 2122 3312 2192 ipsius
3334 2121 3532 2177 matris
3554 2119 3826 2185 Ecclesiae,

2246 2225 2512 2287 quantum
2539 2216 2593 2270 in
2616 2216 2735 2286 ipso
2757 2224 2861 2282 est,
2891 2206 3353 2280 conenieatdrem,
3375 2213 3661 2284 totiusque
3682 2211 3827 2281 regni

2245 2320 2300 2366 et
2327 2310 2698 2367 Ecclesiarum
2724 2309 3193 2380 improbissimum
3234 2307 3551 2378 praedonem
3596 2312 3652 2359 et
3688 2312 3828 2358 atro-

2244 2403 2529 2458 cissimum
2569 2401 2968 2458 destruetorem
3010 2400 3331 2471 deposuisse
3364 2407 3421 2453 et
3459 2397 3828 2452 excommuni—

2225 2509 2401 2581 .easse
2436 2492 2827 2563 reprehendat,
2860 2491 2967 2547 nisi
2999 2490 3140 2547 forte
3175 2488 3370 2545 similis
3399 2487 3563 2560 eius?
3587 2477 3733 2543 sicut
3764 2482 3821 2542 Β.

2426 2584 2544 2657 (hoc
2579 2593 2687 2651 est,
2717 2576 2886 2638 Beato
2920 2582 3101 2638 Petro.
3127 2580 3325 2659 Hann.)
3352 2580 3588 2635 docente
3625 2593 3824 2648 cogno-

2246 2674 2427 2731 vinus
2455 2675 2512 2729 in
2549 2674 2778 2745 epistola
2816 2675 2884 2730 de
2914 2672 3257 2730 ordinatione
3285 2668 3611 2735 Clementis,
3636 2668 3693 2722 in
3723 2683 3824 2738 qua

2247 2766 2325 2822 sie
2355 2766 2432 2821 ait
2459 2782 2473 2823 :
2506 2784 2525 2817 ε
2555 2762 2613 2819 Si
2635 2765 2759 2836 quis
2786 2764 2996 2819 amicus
3025 2761 3189 2817 fuerit
3216 2760 3284 2815 iis
3305 2779 3323 2812 ι
3348 2754 3463 2832 [de]
3489 2757 3696 2829 quibus
3715 2756 3825 2825 ipse

2245 2854 2312 2911 de
2333 2856 2524 2912 eodem
2552 2855 2832 2912 Clemente
2859 2856 3046 2910 dicens
3067 2860 3177 2907 non
3207 2851 3472 2921 loquitur,
3515 2868 3535 2901 ι
3568 2863 3718 2904 unus
3742 2856 3823 2902 est

2214 2954 2300 3003 ’et
2326 2948 2442 3019 ipse
2468 2964 2534 3003 ex
2572 2946 2680 3003 illis
2708 2947 2803 3018 qui
2838 2945 3201 3002 exterminare
3239 2941 3333 2997 Dei
3374 2939 3683 2996 Ecclesiam
3727 2953 3826 2994 vo-

2245 3040 2399 3107 lunt;
2444 3049 2499 3095 et
2537 3040 2584 3095 si
2627 3055 2753 3095 cum
2793 3052 3024 3109 corpore
3067 3035 3355 3091 nobiscum
3396 3047 3524 3088 esse
3553 3030 3823 3096 videatur,

2247 3139 2427 3187 mente
2453 3140 2507 3186 et
2531 3131 2716 3186 animo
2741 3139 2931 3186 contra
2952 3144 3054 3183 nos
3083 3136 3193 3193 est,
3224 3134 3278 3180 ct
3301 3132 3385 3181 est
3404 3124 3583 3179 multo
3598 3122 3827 3192 nequior

563 3223 941 3295 sacerdotibus
974 3237 1121 3285 recte
1147 3229 1328 3293 divina
1356 3205 1718 3291 tractantibus
1742 3205 1981 3290 ﬁdelium
2008 3250 2142 3295 con-
2173 3256 2216 3313 ο
2249 3222 2423 3279 Ῐιοεῑίε
2472 3223 2575 3313 δίς
2613 3238 2779 3293 quam
2832 3220 2909 3275 ίηί
2955 3221 3049 3291 (1lli
3083 3216 3219 3313 fori?
3259 3205 3388 3273 δυηί
3450 3223 3507 3271 εί

537 3330 541 3335 '
564 3314 715 3369 venit
742 3316 881 3373 colla
907 3318 1176 3386 submitti,
1221 3330 1426 3391 quanto
1451 3325 1633 3399 potius
1663 3326 1807 3382 sedis
1835 3327 1980 3384 illius
2004 3344 2143 3397 pra:-

564 3404 671 3459 suli
693 3420 994 3466 consensus
1023 3420 1106 3467 est
1142 3410 1499 3480 adhibendus,
1529 3430 1691 3485 quem
1719 3419 1931 3475 cunctis
1960 3434 2144 3474 sacer-

562 3495 785 3565 dotibus
828 3507 883 3555 et
919 3498 1176 3560 divinitas
1223 3519 1438 3560 summa
1474 3507 1646 3567 voluit
1681 3509 2056 3578 praeeminere,
2093 3520 2148 3566 et

562 3586 905 3659 subsequens
938 3589 1207 3651 Ecclesia:
1250 3596 1517 3669 generalis
1550 3598 1754 3670 iugiter
1794 3602 1967 3672 pietas
2002 3603 2145 3659 cele-
2214 3596 2217 3599 ’

564 3674 771 3741 bravit!
804 3695 823 3733 ι
856 3680 961 3749 Ubi
987 3686 1275 3765 prudentia
1311 3696 1403 3743 tua
1437 3689 1712 3746 evidenter
1745 3692 1976 3751 advertit
2001 3709 2144 3749 nun-

563 3782 753 3840 quam,
779 3772 1022 3855 quolibet
1046 3778 1261 3849 penitus
1292 3778 1535 3847 humano
1563 3783 1814 3852 consilio,
1845 3800 2063 3857 utquam
2088 3802 2148 3843 sc

536 3874 901 3935 quemquam
950 3884 1117 3939 posse
1160 3870 1307 3926 illius
1354 3871 1636 3946 privilegio
1684 3876 1770 3930 vel
1816 3877 2147 3933 confessioni

534 3964 535 3967 ‘
565 3968 731 4023 quem
755 3954 959 4041 Christi
977 3976 1092 4045 vox
1117 3963 1354 4032 praetulit
1379 3965 1667 4033 universis,
1708 3984 1870 4044 quem
1903 3966 2148 4026 Ecclesia

511 4058 514 4062 '
564 4050 865 4117 venerend:
915 4052 1163 4110 confessa
1192 4070 1408 4139 semper
1427 4066 1511 4113 est
1537 4067 1591 4114 et
1624 4059 1785 4118 habet
1812 4062 2002 4118 devota
2031 4062 2138 4146 pri-

532 4146 789 4195 '1naatern.
1010 4154 1013 4157 ⁷
1065 4154 1068 4159 ’
1546 4156 1547 4159 ‘

2248 3313 2477 3369 inimici.
2532 3311 2631 3369 Hic
2672 3312 2817 3369 enim
2855 3326 2953 3383 per
3005 3310 3367 3365 amicitiarum
3423 3306 3668 3378 Speciem
3708 3320 3827 3376 qua

2246 3408 2473 3472 inimica
2503 3414 2632 3463 sunt
2672 3405 2830 3479 gerit,
2871 3412 2927 3459 et
2969 3400 3269 3461 Ecclesiam
3306 3399 3573 3476 dispergit
3622 3411 3689 3452 ac
3734 3411 3828 3451 va-

2246 3509 2373 3557 stat.
2424 3522 2442 3554 ι
3115 3517 3119 3519 ‘
3310 3514 3313 3515 ⁷
3622 3512 3627 3515 ⁷

2314 3636 2455 3694 Nota
2480 3651 2634 3708 ergo,
2663 3634 3004 3700 charissima,
3030 3633 3080 3689 si
3125 3644 3253 3701 eum
3272 3694 3279 3701 .
3296 3643 3462 3701 quem
3506 3625 3673 3700 [forte
3700 3639 3825 3683 cum

2246 3730 2362 3801 qui,
2391 3725 2975 3799 Hxnn.]amicitia_vel
3012 3721 3287 3795 colloquio
3328 3721 3400 3800 iis
3444 3718 3650 3792 quibus
3692 3733 3827 3789 papa

2247 3836 2347 3891 pro
2366 3820 2580 3877 actibus
2606 3818 2724 3875 suis
2751 3818 3015 3873 adversus
3043 3823 3127 3871 est
3158 3813 3430 3899 sociatur,
3454 3820 3568 3881 tam
3593 3810 3829 3883 graviter

2242 3912 2473 3984 iudicat,
2500 3918 2706 3981 quanta
2753 3909 2909 3965 illum
2954 3907 3157 3978 ipsum,
3188 3904 3291 3975 cui
3318 3920 3427 3975 pro,
3448 3903 3667 3958 actibus
3715 3901 3829 3958 suis

2248 4004 2510 4063 adversus
2540 4010 2661 4067 est,
2701 4000 3175 4069 animadversione
3213 3996 3470 4071 damnat?
3499 3994 3609 4051 Sed
3659 4002 3720 4050 ut
3761 3992 3829 4048 ad

2249 4111 2364 4153 rem
2410 4094 2718 4159 redeamus,
2760 4092 2907 4148 itane
2932 4090 3167 4163 dignitas
3204 4105 3241 4144 a
3266 4087 3629 4144 saecularibus
3667 4086 3825 4141 etiam

2250 4186 2422 4243 Deum
2470 4184 2855 4258 ignorantibus
2893 4183 3113 4246 inventa
3132 4196 3242 4238 non
3281 4178 3609 4250 subiicietur
3652 4177 3703 4232 ei
3730 4176 3827 4231 .di-

499 4260 571 4328 κί’
633 4277 768 4337 Item
800 4279 980 4345 Julius
1000 4301 1160 4358 papa,
1180 4286 1548 4347 Orientalibus
1571 4292 1841 4364 episcopis
1869 4294 2145 4363 scribens,
2249 4278 2444 4352 Βηίωῐί
2507 4293 2674 4349 quam
2743 4273 3136 4346 οωυίροῑεηίίδ
3200 4270 3301 4370 Pd
3361 4268 3828 4370 Ρτθγίίίεξθίίδκῖά

532 4416 537 4419 ,
562 4370 635 4431 de
659 4382 929 4444 pomum
952 4379 1197 4449 ejusdem
1226 4390 1430 4438 sanam
1444 4390 1502 4438 ει
1527 4360 2008 4454 mammam,
2030 4360 2145 4442 an;
2216 4412 2221 4419 .
2252 4370 2518 4427 honorem
2565 4383 2728 4426 suum
2770 4367 2998 4437 invenit,
3047 4363 3365 4447 mundoque
3403 4360 3827 4454 misericorditer

536 4492 541 4499 -
568 4480 590 4515 ι
621 4461 889 4527 nocuerat
907 4483 1027 4537 vos,
1051 4469 1267 4538 fratres,
1294 4453 1821 4535 adversussanctam
1846 4479 2149 4535 Romanam
2252 4463 2461 4531 tribuit,
2484 4462 2642 4532 cuius
2662 4459 3024 4543 Filius,.s_ieut
3054 4457 3200 4513 Deus
3226 4465 3281 4519 et
3311 4455 3479 4521 homo
3510 4453 3827 4532 (indubitan-

562 4562 620 4611 et
643 4559 999 4627 apostolicam
1011 4536 1512 4624 Ecclesiamlimate
1531 4576 1587 4625 et
1605 4584 1718 4627 non
1738 4570 1944 4628 ironice
1965 4571 2146 4641 loqui;
2183 4601 2228 4661 υ
2251 4564 2335 4612 εει
2361 4555 2620 4623 creditur.
2656 4555 2731 4610 ita
2762 4536 3026 4661 “marinus
3053 4548 3344 4661 Eacsrdos:
3374 4555 3542 4617 caput
3570 4547 3824 4661 ,οωιιίιῖιξι
3855 4536 3899 4599 κ)

560 4650 829 4716 quoniam
871 4661 927 4709 et
973 4653 1090 4726 ipse
1139 4654 1406 4715 Dominus
1435 4669 1631 4735 poster
1670 4662 1830 4720 Jews
1870 4663 2145 4732 ριηοίειιιε,
2183 4641 2224 4661 ⁶’
2252 4649 2625 4714 sacerdotum,
2652 4647 2721 4703 ad
2745 4646 3024 4713 dexteram
3048 4643 3227 4703 Patris
3250 4641 3530 4735 sedens‘et
3557 4641 3828 4712 pronobis

562 4753 688 4798 eam
713 4742 968 4804 decenter
990 4746 1285 4815 allocutus,
1326 4732 1441 4807 aiti
1478 4750 1556 4807 Tu
1585 4760 1639 4807 es
1671 4752 1888 4821 Petrus,
1915 4764 1967 4808 et
1991 4770 2148 4825 super
2246 4755 2463 4812 semper
2491 4739 2841 4821 imi-"P9118115
2874 4738 3103 4803 habetur
3128 4736 3301 4808 (Rom-
3329 4732 3508 4805 mlo);
3540 4735 3827 4806 (Πύθεω-

563 4830 702 4889 hanc
724 4844 931 4905 petram
956 4839 1233 4912 aediﬁcabo
1258 4840 1557 4901 Ecclesium
1584 4860 1774 4912 meam,
1804 4855 1856 4900 et
1876 4828 2044 4916 portae
2072 4849 2150 4901 ίυ-
2220 4890 2221 4893 η
2248 4836 2368 4895 lare
2409 4849 2637 4906 regnum
2663 4875 2680 4898 ,
2722 4830 2869 4887 unde
2927 4831 3112 4909 saeculi
3154 4830 3253 4885 ﬁlii
3295 4837 3534 4894 ίιιωθιὶῑι
3567 4828 3827 4899 despuit.

564 4922 670 4995 [eri
723 4943 831 4983 non
872 4931 1234 5000 praeualebunt
1276 4934 1524 4991 aduersus
1574 4951 1711 5002 eam,
1754 4947 1805 4992 ει
1862 4938 1960 4994 ubi
2008 4939 2147 4993 dabo
2248 4935 2303 4984 et
2349 4926 2419 4983 ad
2475 4924 2841 4990 sacerdotium
2880 4922 3065 4980 crucis
3104 4930 3444 5001 spontaneus
3475 4921 3673 4977 venit!
3702 4919 3828 4988 Quis

562 5015 738 5075 claves
779 5022 925 5093 regni
954 5024 1206 5080 celerum
1241 5025 1461 5098 (Matth.
1494 5028 1630 5099 xm).
1668 5026 1841 5085 liabet
1874 5029 2021 5085 enim
2052 5045 2145 5100 po-

2252 5018 2463 5081 nesciat
2506 5033 2662 5089 reges
2698 5025 2755 5072 et
2794 5016 2964 5072 duces
3004 5016 3075 5071 ab
3101 5016 3171 5073 iis
3201 5015 3462 5079 habuisse
3480 5013 3825 5085 principium,
