3972 5390
243 331 351 390 597

1368 334 1575 394 LIBER
1610 335 1954 395 OCTAVUS.
1994 370 2062 381 -—
2097 338 2316 398 EPIST.
2354 338 2496 397 XXl.

3384 342 3489 400 598

246 447 594 503 sacerdotum
624 456 789 519 caput
821 448 1088 506 Altissimi
1117 449 1315 507 Filium
1355 459 1591 518 tentans,
1619 462 1675 507 et
1700 467 1789 507 om
1852 455 1899 511 Α
1924 453 2040 509 rius
2078 468 2243 525 quam
2299 456 2345 510 si
2388 451 2592 525 plumbi
2624 453 2898 508 metallum
2947 452 3012 509 ad
3059 453 3176 509 auri
3227 455 3490 529 fulgorem

246 537 338 593 nia
377 536 460 593 illi
498 540 686 597 mundi
729 557 895 612 regna
948 542 1293 613 promittens,
1333 543 1446 598 ait:
1474 542 1603 598 Ilaec
1643 546 1821 598 omnia

1904 561 2226 617 compares.
2251 546 2462 617 Quippe
2501 562 2626 602 cum
2670 546 2855 601 videas
2886 562 3074 619 regum
3100 546 3235 602 colla
3265 558 3317 604 et
3338 548 3493 621 prin-

248 630 343 684 a'bt'
383 631 545 699 dabo,
586 634 632 687 si
653 634 944 704 procidens
986 635 1294 688 adoraveris
1322 636 1442 690 me!
1473 631 1688 704 (Matth.
1724 635 1822 704 tv.)
1920 639 2105 709 cipum
2157 641 2403 697 submitti
2444 641 2673 712 genibus
2712 639 3077 708 sacerdotum,
3105 650 3158 695 et
3184 640 3497 697 exosculata

244 722 382 789 Quis
403 723 619 780 dubitet
636 726 948 783 sacerdotes
971 726 1176 782 Christi
1202 742 1413 798 regum,
1436 737 1489 782 et
1519 727 1824 798 principum
1919 746 2114 788 eorum
2144 734 2375 789 dextera
2414 733 2749 788 orationibus
2775 726 2964 787 eorum
2993 732 3214 787 credant
3248 749 3304 790 se
3343 718 3495 787 coni-
3528 778 3555 807 εδ

245 816 610 888 omniumque
654 818 891 875 ﬁdelium
924 828 1108 891 patres
1152 827 1208 875 et
1259 820 1550 891 mgistros
1583 820 1827 875 censeri?

244 906 438 965 Nonne
456 910 784 968 miserabilis
804 910 1034 967 insania:
1056 926 1180 967 esse
1208 912 1580 983 cognoscitur,
1610 912 1657 967 si
1683 911 1828 968 illius

244 1010 481 1070 patrem,
509 1002 816 1074 discipulus
857 1003 1179 1076 magistrum
1220 1003 1335 1059 sibi
1370 1013 1598 1060 conetur
1633 1003 1827 1074 subju-

242 1108 393 1164 ευρ,
433 1103 491 1150 et
515 1095 727 1167 iniquis
764 1095 1188 1169 obligationibus
1226 1096 1383 1152 illum
1418 1096 1673 1168 potestati
1713 1112 1830 1152 sua:

241 1183 538 1256 subjicere,
578 1203 612 1243 ι
648 1204 763 1259 quo
801 1189 974 1245 credit
1017 1204 1130 1245 non
1176 1189 1357 1246 solum
1399 1190 1457 1245 in
1510 1199 1689 1255 terra,
1731 1190 1829 1245 sed

244 1276 497 1334 etiamin
535 1280 694 1337 ctelis
732 1297 793 1338 se
829 1280 989 1355 ligari
1017 1296 1180 1352 posse
1217 1291 1274 1338 et
1301 1282 1472 1339 solvi?
1504 1280 1659 1349 Hzee,
1688 1282 1831 1338 sicut

245 1369 440 1427 beatus
467 1371 767 1445 Gregorius
811 1375 868 1431 in
911 1374 1142 1445 epistola
1184 1372 1303 1445 (lib.
1339 1391 1413 1440 tv,
1454 1377 1609 1445 epist.
1646 1374 1737 1444 51)
1761 1356 1830 1430 ad

246 1461 574 1521 lauricium
603 1466 984 1538 imperatorem
1009 1465 1215 1522 directa
1245 1477 1661 1534 commemorat,
1692 1465 1832 1522 Con-

236 1556 552 1625 stantinus,
594 1574 827 1633 magnus
868 1559 1190 1631 imperator,
1240 1559 1487 1615 omnium
1536 1574 1726 1631 regum
1778 1570 1833 1615 et

245 1648 560 1720 principum
611 1649 727 1708 fere
781 1653 953 1709 totius
1013 1652 1162 1709 orbis
1214 1651 1508 1718 dominus,
1555 1651 1833 1708 evidenter

241 1739 578 1813 intelligens,
618 1743 675 1798 in
718 1754 907 1801 saneta
956 1742 1174 1803 Nicatna
1225 1744 1434 1817 synodo
1478 1752 1603 1814 post
1641 1758 1833 1799 omnes

240 1833 534 1906 episcopos
565 1835 797 1893 ultimus
839 1837 1110 1905 residens,
1147 1836 1353 1892 nullam
1383 1835 1577 1907 iudicii
1614 1845 1833 1892 senten-

244 1926 377 1981 tiam
412 1943 581 1998 super
629 1944 727 1985 eos
762 1928 896 1985 dare
938 1930 1318 2000 praesumpsit;
1361 1928 1455 1984 sed
1504 1929 1626 1985 illos
1668 1929 1833 1984 etiam

239 2018 374 2075 deos
396 2035 625 2087 vocans,
653 2037 762 2077 non
791 2037 895 2078 suo
914 2021 1114 2079 debere
1142 2021 1368 2077 subesse
1389 2020 1619 2091 judicio,
1646 2037 1833 2083 verum

245 2127 307 2167 se
348 2113 419 2167 ad
465 2113 692 2170 illorum
723 2116 958 2186 pendere
984 2114 1276 2170 arbitrium
1316 2112 1837 2185 judicavit..Supra-

240 2204 391 2260 dicto
410 2220 639 2278 quoque
661 2204 957 2263 Anastasio
991 2205 1309 2278 imperatori
1346 2205 1659 2277 praelibatus
1699 2222 1837 2276 papa

247 2294 503 2352 Gelasius
527 2297 897 2371 persuadens,
930 2314 1002 2354 ne
1046 2298 1136 2354 ille
1154 2298 1462 2353 intimatam
1510 2302 1629 2353 suis
1664 2297 1839 2353 sensi-

246 2387 351 2469 bus
406 2388 702 2445 veritatem
759 2390 1118 2446 arbitraretur
1177 2388 1475 2459 iniuriam,
1530 2388 1837 2455 subintulit,

245 2479 477 2537 dicens:
522 2501 542 2535 ι
586 2480 709 2539 Duo
758 2491 888 2541 sunt
935 2484 1167 2554 quippe,
1210 2480 1507 2551 imperator
1562 2480 1837 2553 Auguste,

244 2573 455 2644 quibus
493 2575 875 2646 principaliter
909 2576 1147 2633 mundus
1177 2575 1267 2631 hic
1291 2574 1519 2644 regitur,
1543 2575 1842 2631 auctoritas

250 2676 467 2722 sacrata
523 2666 847 2737 pontiﬁcum
889 2677 943 2724 et
987 2668 1187 2741 regalis
1220 2673 1493 2737 potestas,
1542 2665 1597 2721 in
1641 2667 1843 2738 quibus

249 2768 406 2815 tanto
426 2759 661 2832 gravius
687 2760 902 2831 pondus
927 2770 1013 2816 est
1039 2759 1385 2817 sacerdotum
1426 2766 1633 2829 quanto
1679 2759 1843 2815 etiam

250 2868 354 2922 pro
393 2852 535 2924 ipsis
561 2853 788 2925 regibus
826 2852 1073 2910 omnium
1096 2853 1153 2907 in
1193 2851 1380 2907 divino
1423 2850 1686 2907 reddituri
1717 2862 1846 2908 sunt

252 2947 509 3003 examine
535 2946 830 3002 rationem.
880 2966 898 2998 ο
930 2946 1018 3014 Et,
1043 2946 1234 3016 paucis
1257 2944 1612 3015 interpositis,
1636 2945 1841 3015 inquit:

260 3057 283 3093 ε
324 3036 480 3095 Nosti
510 3038 700 3110 itaque
726 3039 870 3094 inter
891 3040 1008 3095 haec
1026 3039 1245 3095 illorum
1274 3046 1326 3093 te
1352 3036 1588 3108 pendere
1612 3036 1843 3107 judicio,

1925 826 2148 881 muniri.
2168 846 2187 877 ι
2211 825 2276 881 Et
2296 834 2419 897 post
2440 841 2610 895 pauca
2638 842 2651 878 ι
2684 845 2701 876 ι
2740 822 2865 879 Hazc
2894 834 3110 891 cuncta,
3137 824 3353 890 fratres,
3378 824 3507 878 ideo

1924 934 2027 975 nos
2054 919 2373 989 promisisse
2398 917 2605 973 debetis
2645 932 2970 988 cognoscere
3000 926 3059 972 ut
3087 915 3502 973 ostenderemus

1927 1008 2063 1064 nihil
2103 1025 2225 1065 esse
2264 1010 2317 1064 in
2367 1008 2693 1065 hocsaeculo
2723 1008 3075 1063 excellentius
3104 1006 3501 1071 sacerdotibus,

1928 1102 2064 1157 nihil
2116 1102 2407 1158 sublimius
2470 1100 2737 1173 episcopis
2778 1100 3047 1170 'reperiri.
3105 1122 3123 1151 ι
3195 1098 3508 1169 Meminisse

1929 1194 2092 1251 etiam
2140 1195 2300 1250 debet
2356 1195 2667 1250 fraternitas
2722 1202 2816 1249 tua
2859 1192 2987 1264 quia
3042 1193 3215 1263 major
3267 1174 3507 1263 potestas

1927 1288 2212 1344 exorcistm
2240 1287 2578 1353 conceditur,
2605 1302 2731 1342 cum
2767 1283 3069 1355 spiritualis
3104 1283 3397 1354 imperator
3438 1283 3507 1336 ad

1932 1380 2267 1449 abjiciendos
2295 1379 2571 1435 daemones
2606 1375 2974 1441 constituitur,
3003 1392 3171 1446 quam
3204 1375 3365 1430 alicui
3407 1370 3508 1430 lai-

1932 1487 2123 1528 corunt
2151 1487 2315 1529 causa
2359 1471 2638 1527 saecularis
2675 1467 3065 1525 dominationis
3107 1467 3271 1522 tribui
3314 1465 3505 1539 possit.

1932 1563 2200 1620 Omnibus
2237 1579 2431 1635 nempe
2468 1562 2686 1634 regibus
2720 1570 2773 1617 et
2819 1558 3157 1631 principibus
3198 1552 3375 1613 teme
3412 1544 3507 1635 qui

1934 1656 2185 1728 religiose
2222 1671 2331 1712 non
2366 1632 2559 1710 vivunt
2595 1663 2652 1710 et
2697 1653 2751 1708 in
2792 1638 3007 1708 actibus
3051 1650 3186 1716 suis,
3215 1632 3515 1717 Deum,‘ut

1909 1757 2167 1819 oportet,
2196 1764 2306 1804 non
2349 1755 2625 1812 metuunt,
2659 1746 2952 1810 daemones,
2998 1745 3103 1799 heu
3146 1744 3283 1815 proh
3327 1742 3509 1797 dolor!

1934 1840 2307 1908 dominantur,
2337 1849 2391 1897 ct
2420 1841 2621 1896 misera
2655 1838 2919 1895 servitute
2958 1834 3320 1891 confundunt.
3350 1830 3512 1889 Tales

1933 1950 2043 1991 non
2086 1933 2271 1989 divino
2311 1932 2459 1989 ducti
2490 1946 2695 1995 amore,
2739 1929 2881 1986 sicut
2899 1928 3138 2000 religiosi
3181 1928 3515 1992 sacerdotes,

1933 2029 2003 2084 ad
2044 2030 2307 2083 honorem
2354 2024 2448 2079 Dei
2492 2034 2546 2080 ct
2589 2023 2879 2080 utilitatem
2930 2020 3242 2077 animarum
3284 2035 3521 2089 praeesse

1938 2118 2184 2189 cupiunt,
2242 2115 2336 2172 sed
2400 2124 2462 2171 ut
2521 2111 2916 2169 intolerabilem
2982 2111 3293 2183 superbiam
3361 2126 3517 2165 suam

1938 2217 2233 2275 ostentent,
2263 2206 2540 2279 animique
2574 2204 2853 2261 libidinem
2884 2204 3157 2274 expleant,
3184 2201 3394 2257 steteris
3424 2200 3522 2256 do—

1940 2301 2138 2359 minari
2174 2301 2448 2357 affectant.
2496 2297 2571 2354 De
2602 2296 2806 2370 quibus
2849 2296 3042 2351 beatus
3088 2294 3426 2366 Augustinus
3467 2295 3525 2347 in

1941 2395 2082 2451 libro
2120 2394 2298 2467 primo
2344 2390 2419 2448 De
2462 2388 2712 2448 doctrina
2752 2386 3064 2443 Christiana
3108 2385 3271 2441 dicit:
3321 2404 3339 2437 ι
3383 2384 3523 2438 Cum

1941 2502 2072 2543 vero
2093 2485 2256 2543 etiam
2286 2485 2367 2540 eis
2392 2485 2486 2556 qui
2534 2483 2637 2551 sibi
2679 2480 3001 2549 naturaliter
3034 2495 3195 2557 pares
3238 2486 3388 2543 sunt,
3412 2466 3529 2531 hoc

1942 2588 2027 2636 est
2062 2578 2395 2644 hominibus,
2429 2576 2655 2647 quilibet
2682 2571 2953 2630 dominari
2990 2572 3233 2639 allectat,
3277 2570 3531 2625 intolera-

1945 2674 2068 2729 bilis
2109 2671 2336 2727 omnino
2371 2669 2626 2740 superbia
2670 2676 2772 2721 est.
2823 2685 2841 2717 ι
2887 2664 3063 2720 Porro
3107 2648 3445 2727 exorcistte,
3471 2673 3533 2715 ut

1945 2766 2205 2829 diximus,
2235 2778 2399 2832 super
2424 2761 2700 2816 daemones
2726 2772 2757 2812 a
2795 2752 2906 2812 Deo
2953 2756 3244 2827 imperium
3286 2754 3486 2809 habent
3513 2772 3525 2807 :

1946 2865 2154 2930 quanto
2191 2853 2361 2928 igitur
2386 2852 2561 2924 magis
2586 2865 2753 2921 super
2778 2863 2877 2903 eos
2901 2848 2995 2920 qui
3022 2846 3363 2902 daemonibus
3397 2844 3531 2925 sub-

1943 2950 2073 3021 jecti
2098 2956 2152 3005 et
2174 2945 2418 3003 membra
2445 2951 2574 2999 sunt
2600 2941 2931 2997 daemonum.
2961 2937 3020 2992 Si
3050 2952 3182 3009 ergo
3203 2937 3289 2992 his
3320 2944 3531 3021 tantum

1949 3039 2305 3114 prmemincnt
2338 3034 2655 3101 cxorcistze,
2688 3040 2895 3103 quanto
2923 3029 3160 3101 amplius
3187 3014 3536 3085 sacerdotes?

256 3147 367 3187 non
388 3132 513 3187 illos
542 3132 614 3186 ad
635 3141 790 3186 tuam
814 3131 948 3187 velle
967 3132 1139 3204 redigi
1161 3130 1518 3194 voluntatem.
1562 3147 1580 3181 ι
1625 3127 1848 3185 Talibus
1874 3145 1918 3204 ο
1953 3133 2217 3189 Ρντειρνρει
2238 3128 2418 3185 omnis
2440 3142 2535 3182 rex
2560 3123 2908 3180 Christianus
2944 3122 3012 3178 ad
3046 3121 3251 3177 exitum
3287 3119 3534 3193 veniens,

256 3239 390 3297 ergo
429 3224 701 3281 institutis
746 3224 1059 3295 talibusque
1092 3222 1218 3280 fulti
1259 3220 1698 3287 auctoritatibus,
1730 3223 1847 3293 ple-

256 3317 417 3390 rique
444 3317 777 3389 pontiﬁcum
816 3317 909 3372 alii
929 3332 1108 3390 reges,
1133 3315 1226 3371 alii
1254 3315 1614 3385 imperatores
1633 3329 1852 3370 excom-

264 3411 708 3469 munieaverunt.
740 3407 877 3464 Nam
911 3410 960 3465 si
998 3407 1236 3481 speciale
1272 3406 1494 3478 aliquod
1513 3406 1582 3462 de
1604 3406 1855 3477 personis

263 3503 576 3575 principum
622 3502 942 3573 requiratur
974 3501 1307 3572 exemplum,
1344 3500 1540 3555 beatus
1585 3498 1852 3555 innocen-

263 3597 374 3652 tius
399 3611 542 3668 popa
580 3593 879 3652 Arcadium
914 3595 1328 3666 imperatorem,
1350 3592 1444 3664 qui
1476 3592 1756 3648 consensit
1796 3603 1856 3647 ut

264 3698 493 3746 anuus
531 3686 776 3744 Joannes
814 3685 1241 3762 Chrysostomus
1280 3701 1312 3741 a
1359 3684 1489 3741 sede
1537 3684 1855 3756 pelleretur,

263 3781 788 3841 excommunieavit.

337 3874 501 3932 Alius
523 3875 655 3930 item
678 3872 961 3929 Romanus
981 3870 1245 3945 pontifex,
1266 3868 1566 3926 Zacharias
1586 3868 1857 3936 videlicet,

266 3984 456 4043 regem
502 3966 864 4034 Francorum,
904 3983 1013 4022 non
1041 3973 1153 4021 tam
1193 3980 1294 4036 pro
1320 3963 1438 4020 suis
1482 3961 1860 4033 iniquitatibus

268 4077 439 4134 quam
487 4076 556 4117 eo
600 4059 748 4133 quod
801 4069 965 4115 tantae
1009 4056 1265 4130 pctestati
1307 4071 1416 4111 non
1457 4053 1787 4119 erat’utilis,
1830 4069 1860 4107 a

192 4178 227 4213 ί
270 4170 445 4230 regno
475 4154 751 4229 deposuit,
781 4163 835 4209 et
860 4150 1171 4223 Pippinum,
1206 4147 1390 4207 Caroli
1418 4144 1597 4219 Magni
1630 4145 1864 4215 impera-

271 4246 413 4304 toris
476 4254 712 4319 patrem,
773 4244 829 4299 in
885 4245 1005 4315 ejus
1043 4243 1165 4299 loco
1229 4239 1533 4307 substituit,
1563 4251 1864 4307 omnesque

270 4340 648 4413 Francigenas
681 4354 714 4396 a
749 4337 1065 4409 iuramento
1104 4332 1378 4390 ﬁdelitatis
1412 4331 1558 4405 quod
1598 4329 1677 4386 illi
1718 4327 1863 4385 fece-

270 4442 398 4491 rant
439 4432 692 4489 absolvit.
728 4430 884 4502 Quod
927 4429 1092 4484 etiam
1127 4442 1194 4483 ex
1222 4423 1496 4497 frequenti
1540 4422 1863 4479 auctoritate

1932 3232 2016 3283 'ut
2040 3222 2238 3281 inferni
2262 3234 2540 3277 carcerem
2572 3215 2786 3283 evadat,
2813 3223 2876 3271 ut
2895 3214 2963 3271 de
3000 3213 3241 3270 tenebris
3277 3212 3333 3267 in
3357 3211 3536 3285 lucem

1953 3317 2161 3382 tendat,
2191 3322 2254 3370 ut
2301 3312 2368 3368 de
2404 3318 2755 3384 peccatorum
2802 3306 3041 3364 vinculis
3084 3305 3140 3361 in
3187 3303 3283 3360 Dei
3326 3301 3537 3374 judicio

1956 3406 2242 3466 absolutus
2292 3411 2582 3476 appareat,
2636 3399 2940 3457 sacerdotis
2985 3412 3145 3469 opem
3197 3394 3426 3467 supplex
3473 3409 3545 3448 ac

1957 3500 2302 3559 miserandus
2336 3495 2585 3569 requirit.
2625 3490 2981 3561 Quisautem
3010 3506 3119 3545 non
3153 3488 3316 3544 modo
3348 3478 3538 3544 Sacer-

1957 3595 2170 3659 dolum,
2196 3600 2386 3646 verum
2414 3588 2577 3642 etiam
2623 3585 2919 3649 laicorum,
2951 3581 3006 3637 in
3037 3578 3297 3637 extremis
3329 3578 3555 3659 positus.

1961 3703 2061 3758 pro
2125 3698 2240 3740 sum
2299 3680 2495 3736 animae
2545 3677 2722 3734 salute
2776 3660 2976 3730 terreni
3034 3670 3178 3745 regis
3235 3654 3547 3742 imploravit

1959 3775 2260 3833 auxilium?
2290 3772 2427 3840 Quis
2457 3785 2589 3827 vero
2632 3784 2823 3840 regum
2869 3765 2952 3820 vel
2997 3765 3391 3834 imperatorum
3438 3761 3543 3817 ali-

1960 3884 2123 3941 quem
2175 3866 2552 3921 Christianum
2601 3876 2668 3917 ex
2723 3857 2982 3930 imposito
3016 3844 3135 3913 {sibi
3186 3856 3362 3913 cilicio
3402 3854 3548 3937 valet

1961 3932 2120 4017 sacro
2162 3956 2486 4028 baptismate
2530 3968 2598 4009 ex
2642 3950 2850 4007 diaboli
2898 3958 3167 4020 potestate
3212 3932 3452 4020 eripere,
3490 3956 3548 4003 et

1961 4053 2103 4108 inter
2149 4049 2291 4104 filios
2321 4046 2416 4101 Dei
2460 4057 2880 4108 connumerare,
2910 4049 3210 4111 sanctoque
3247 4039 3548 4095 chrismate

1963 4138 2323 4216 praemunire?
2352 4146 2427 4204 et,
2458 4135 2607 4207 quod
2648 4133 2951 4190 maximum
2997 4141 3082 4187 est
3128 4130 3184 4185 in
3227 4130 3546 4186 Christiana

1966 4233 2249 4305 religione,
2283 4228 2410 4301 quis
2443 4239 2638 4283 eorum
2679 4225 2825 4279 valet
2862 4223 3086 4293 proprio
3129 4237 3224 4276 ore
3252 4235 3454 4291 corpus
3494 4230 3550 4275 et

1965 4323 2290 4397 sanguinem
2332 4319 2550 4376 Domini
2583 4315 2886 4374 coniicere?
2918 4315 3034 4380 vel,
3076 4313 3166 4370 cui
3202 4327 3393 4369 eorum
3420 4312 3548 4368 data

1966 4427 2053 4475 est
2071 4396 2315 4489 potestas
2336 4411 2542 4485 ligandi
2574 4407 2931 4478 solvendique
2955 4406 3013 4461 in
3039 4405 3179 4462 ccelo
3209 4412 3263 4460 ct
3289 4405 3345 4460 in
3376 4396 3551 4461 terra?

270 4542 420 4600 saape
461 4525 573 4601 agit
612 4532 804 4581 sancta
860 4520 1124 4589 Ecclesia,
1154 4534 1279 4575 cum
1317 4516 1520 4574 milites
1561 4515 1791 4572 absolvit
1832 4531 1861 4570 a
1897 4505 1945 4561 D
1969 4512 2049 4567 Ex
2076 4508 2279 4582 quibus
2319 4514 2507 4579 aperte
2544 4501 2819 4574 colligitur
2855 4507 3078 4601 quanta.
3103 4505 3371 4569 potestate
3405 4511 3550 4567 pra:-

272 4619 498 4676 vinculo
538 4615 871 4691 jurameuti,
912 4614 1061 4686 quod
1097 4610 1303 4670 factum
1331 4618 1417 4666 est
1461 4610 1549 4667 his
1595 4609 1865 4680 episcopis

272 4712 371 4784 qui
398 4708 699 4784 apostolica
731 4709 1053 4766 auctoritate
1075 4721 1106 4761 a
1131 4701 1459 4778 ponetificali
1492 4701 1665 4774 gradu
1691 4700 1867 4771 depo-

276 4812 506 4860 nuntur.
548 4801 615 4858 Et
654 4802 852 4859 beatus
891 4798 1244 4864 Ambrosius,
1283 4795 1411 4851 licet
1448 4802 1699 4860 sanctus,
1756 4808 1865 4847 non

274 4907 464 4953 tamen
515 4893 845 4951 universalis
891 4890 1151 4948 Ecclesia
1203 4887 1520 4961 episcopus,
1564 4902 1664 4960 pro
1708 4885 1863 4956 culpa

282 5005 410 5060 qua
445 4988 569 5047 aliis
595 4984 976 5045 sacerdotibus
1016 4999 1127 5040 non
1154 4980 1293 5039 adeo
1334 4979 1517 5053 gravis
1551 4977 1865 5044 videbatur,

1971 4605 2133 4660 celtat
2163 4600 2405 4673 dignitas
2439 4596 2808 4654 sacerdotum.
2842 4590 2952 4651 Aut
2987 4591 3112 4664 quis
3148 4604 3340 4645 eorum
3375 4597 3555 4661 potest

1971 4695 2209 4765 aliquem
2264 4692 2526 4748 clericum
2584 4688 2643 4742 in
2709 4692 2900 4742 sancta
2961 4682 3206 4741 Ecclesia
3261 4682 3554 4752 ordinare,

1972 4794 2178 4859 quanto
2236 4784 2422 4840 minus
2476 4795 2580 4852 pro
2631 4779 2813 4849 aliqua
2858 4776 3023 4847 culpa
3068 4789 3197 4831 eum
3232 4774 3560 4857 deponere?

1972 4854 2221 4950 ﬁamque
2270 4876 2326 4931 in
2378 4871 2772 4931 ecclesiasticis
2828 4869 3120 4925 ordinibus
3181 4854 3410 4935 majoris
3475 4875 3566 4921 est

1973 4969 2261 5043 potestatis
2301 4966 2576 5039 deponere
2618 4976 2789 5039 quam
2826 4962 3107 5017 ordinare.
3130 4956 3388 5028 Episcopi
3412 4956 3564 5015 enim
3651 4964 3674 4991 ‘-

2573 5071 2703 5078 -...--
2754 5052 3012 5078 Α-,Ιξκ-..Α
3065 5047 3157 5078 nm!
3198 5048 3350 5078 ηιιιιΛ
3398 5049 3570 5078 ιῖτςμὲ--
