3972 5390
406 371 419 377 ’
500 380 609 437 599

1143 381 1198 439 s.
1241 380 1567 440 (ςκεοοΜ
1610 383 1697 440 vu
1730 384 1934 442 eam
1971 385 2253 444 cannon
2282 380 2473 445 PARS
2499 390 2537 446 ι.
2572 376 2642 432 Ι-
2683 387 3100 448 REGISTRUM.

3615 348 3747 441 .660.

500 496 673 555 decet.
727 493 822 552 lsti
868 496 1014 552 enim
1074 496 1303 569 gloriam
1363 496 1458 552 Dei
1511 500 1805 568 quaerendo
1859 502 2071 572 seipsos
2098 506 2147 561 Α
2173 512 2318 559 terea
2345 506 2413 560 ad
2455 515 2590 576 quot
2628 496 2848 560 nomina
2882 518 3071 576 regum
3101 490 3189 558 vel
3223 492 3614 572 imperatorum
3639 486 3732 554 ba?

447 587 453 594 ’
503 595 726 643 strenue
760 596 982 658 regunt;
1010 597 1066 643 at
1094 587 1191 653 illi,
1233 603 1343 644 non
1368 604 1491 659 quae
1520 588 1614 644 Dei
1660 601 1787 647 sunt
1829 593 1923 649 sed
1971 607 2073 649 sua
2105 656 2133 663 _
2179 595 2362 652 silicas
2396 610 2491 652 seu
2521 598 2714 652 altaria
2740 595 3011 663 dedicari,
3045 595 3129 650 vel
3166 591 3232 649 ad
3260 592 3731 648 corum-honorem

502 688 809 749 quaerentes
828 656 1070 751 ⁷(ΡΙιηὶρ.
1117 679 1210 750 ιι),
1237 656 1456 735 sibimet
1494 681 1683 739 hostes
1715 683 1852 739 alios
1888 656 2141 755 tyran-?

505 769 626 824 nice
667 768 1020 838 opprimunt;
1064 768 1122 823 hi
1172 785 1303 824 vero
1341 772 1486 842 regis
1531 770 1767 840 Christi,
1816 773 1894 828 illi
1944 788 2076 830 vero

505 858 707 914 diaboli
751 874 952 929 corpus
987 867 1133 914 sunt.
1164 858 1359 931 lstivad
1386 862 1490 918 hoc
1540 863 1647 919 sibi
1697 864 1969 935 imperant
2015 872 2078 921 ut

505 965 629 1019 cum
668 966 885 1021 summo
924 949 1254 1022 lmperatore
1296 954 1624 1011 :eternaliter
1664 965 1917 1027 regnent,
1958 956 2078 1012 illo-

504 1054 629 1096 rum
655 1058 783 1097 vero
808 1042 861 1098 id
887 1051 1130 1113 potestas
1153 1043 1265 1115 agit
1286 1051 1347 1099 ut
1366 1060 1491 1100 cum
1514 1046 1860 1102 tenebrarum
1880 1048 2079 1117 princi-

503 1144 591 1202 pe,
613 1133 708 1203 qui
743 1150 834 1188 rea:
857 1143 935 1188 est
957 1151 1112 1205 super
1134 1151 1308 1192 omnes
1330 1135 1472 1206 ﬁlios
1490 1137 1748 1207 superbia:
1767 1137 1902 1209 (Job
1940 1138 2074 1211 xu),

503 1234 707 1280 aeterna
744 1226 1095 1282 damnatione
1126 1225 1454 1299 dispereant.
1483 1226 1593 1284 Nec
1619 1230 1774 1285 valde
1812 1245 1945 1286 sane
1975 1231 2079 1287 mi-

506 1315 739 1371 randum
765 1326 849 1373 est
871 1319 1018 1388 quod
1043 1316 1494 1389 mali‘pontiﬁces
1514 1320 1702 1391 iniquo
1742 1322 1885 1392 regi,
1914 1337 2078 1392 quem

507 1407 719 1477 adeptis
742 1409 884 1464 male
920 1424 1016 1480 per
1054 1426 1181 1467 eum
1217 1410 1520 1468 honoribus
1547 1412 1779 1484 diligunt
1811 1420 2082 1469 metuunt-

506 1513 635 1568 qne,
659 1500 1026 1568 consentiunt,
1044 1500 1137 1571 qui
1164 1498 1471 1558 Simoniace
1489 1503 1760 1573 quoslibet
1779 1504 2080 1561 ordinando

508 1588 683 1645 Deum
722 1606 825 1662 pro
871 1593 967 1648 vili
1016 1593 1181 1650 etiam
1229 1593 1404 1662 pretio
1453 1595 1710 1650 vendunt.
1753 1593 1891 1650 Nam
1939 1595 2082 1651 sicut

507 1681 668 1737 electi
706 1683 1071 1757 insolabiliter
1109 1699 1213 1740 suo
1247 1683 1425 1755 Capiti
1463 1686 1750 1754 uniuntur,
1783 1687 1857 1743 ita
1899 1695 1954 1742 et
1990 1703 2081 1743 re-

507 1774 666 1844 probi
692 1776 926 1833 maxime
953 1785 1142 1833 contra
1172 1777 1347 1832 bonos
1365 1778 1417 1832 ei
1450 1778 1546 1848 qui
1569 1778 1789 1834 malitiae
1812 1787 1976 1848 caput
1996 1787 2081 1835 est

506 1865 859 1936 pertinaciter
893 1867 1263 1938 foederantur;
1294 1877 1485 1926 contra
1526 1886 1666 1942 quos
1694 1869 1938 1941 profecto
1973 1887 2082 1927 non

509 1964 620 2011 tam
671 1958 1045 2017 disserendum
1097 1978 1263 2033 quam
1320 1977 1419 2032 pro
1480 1963 1563 2019 eis
1624 1973 1709 2020 est
1763 1964 2084 2035 lacrymosis

482 2047 815 2119 planctibus
857 2052 1271 2125 ingemendum,
1297 2063 1359 2110 ut
1396 2056 1740 2125 omnipotens
1770 2054 1914 2111 Deus
1960 2056 2083 2112 illos

508 2142 774 2213 alaqueis
815 2143 1049 2213 Satanae,
1091 2146 1517 2223 quibuscaptivi
1550 2154 1823 2214 tenentur,
1863 2147 2081 2217 eripiat,

507 2241 564 2288 et
583 2236 665 2289 vel
694 2244 819 2306 post
838 2236 1080 2307 pericula
1102 2239 1168 2295 ad
1200 2239 1565 2310 cognitionem
1593 2238 1841 2293 veritatis
1865 2238 2084 2295 tandem

509 2325 807 2396 aliquando
850 2329 1129 2399 perducat.
1162 2328 1287 2385 Haec
1321 2330 1387 2386 de
1428 2330 1647 2405 regibus
1687 2339 1740 2385 et
1787 2330 2082 2401 imperato-

509 2416 686 2485 ribus,
723 2418 818 2489 qui
847 2422 1095 2479 saeculari
1119 2421 1289 2493 gloria
1312 2422 1542 2479 nimium
1568 2422 1785 2490 tumidi,
1815 2438 1925 2478 non
1951 2421 2081 2490 Deo,

512 2507 606 2564 sed
630 2508 736 2565 sibi
749 2520 996 2584 regnant.
1023 2511 1126 2568 Sed
1148 2513 1278 2583 quia
1299 2513 1471 2569 nostri
1506 2522 1587 2569 est
1609 2513 1769 2569 cilicii
1791 2513 2085 2584 unicuique

513 2601 818 2658 secundum
868 2603 1144 2671 ordinem,
1203 2605 1287 2660 vel
1336 2605 1655 2677 dignitatem
1709 2622 1818 2678 qua
1875 2607 2087 2665 videtur

512 2692 714 2765 vigere,
739 2695 1170 2752 exhortationem
1199 2697 1546 2765 distribuere,
1578 2698 1998 2768 imperatoribus
2031 2710 2086 2757 et

510 2784 765 2856 regibus,
810 2776 1129 2858 caeterisque
1158 2788 1524 2859 principibus,
1560 2797 1620 2845 ut
1659 2789 1919 2846 elationes
1964 2807 2086 2846 ma-

510 2874 593 2931 ris
631 2874 807 2947 (Paul.
859 2878 1023 2949 χαι),
1072 2888 1127 2936 et
1173 2880 1440 2950 superbire
1483 2879 1681 2937 lluctus
1727 2883 2086 2953 comprimere

510 2966 748 3034 valeant,
791 2985 945 3027 arma
984 2971 1329 3041 humilitatis,
1373 2972 1482 3028 Deo
1519 2982 1770 3040 auctore,
1800 2975 2086 3045 prbvidere

513 3072 793 3117 curamus.
847 3060 1067 3120 Scimus
1121 3064 1267 3120 enim
1324 3065 1452 3135 quia
1504 3066 1781 3121 mundana
1836 3067 2006 3138 gloria
2032 3075 2087 3123 et

512 3152 792 3209 saecularis
819 3170 952 3212 cura
986 3171 1082 3213 eos
1108 3157 1443 3227 permaxime
1480 3156 1576 3227 qui
1600 3166 1843 3228 praesunt
1872 3158 1942 3213 ad
1969 3158 2085 3212 cla-
2112 3195 2154 3251 Ο

512 3241 719 3299 tionem
766 3245 982 3302 trahere
1038 3248 1203 3315 solet,
1252 3263 1361 3319 qua
1391 3262 1634 3317 semper,
1682 3249 1925 3320 neglecta
1981 3250 2086 3305 hn—

517 3335 773 3403 militate,
821 3339 1099 3409 propriam
1156 3340 1447 3409 quaarendo
1510 3340 1767 3411 gloriam,
1826 3340 2087 3399 fratribus

511 3426 737 3497 cupiant
762 3422 1131 3499 praeeminere.
1173 3426 1404 3486 Proinde
1434 3430 1647 3487 videtur
1687 3432 1818 3488 utile
1851 3433 2089 3490 maxime

515 3516 940 3588 imperatoribus
960 3529 1015 3577 et
1037 3521 1255 3592 regibus
1297 3530 1375 3589 ut,
1411 3536 1534 3577 cum
1572 3536 1730 3578 mens
1766 3524 1986 3580 illorum
2028 3540 2090 3581 se

514 3608 586 3663 ad
617 3610 726 3666 alta
751 3611 962 3682 erigere
982 3621 1034 3667 et
1063 3627 1162 3684 pro
1188 3613 1451 3684 singulari
1470 3614 1777 3684 vultﬁgloria
1796 3616 2086 3684 oblectare,

516 3699 761 3756 inveniat
815 3703 1016 3774 quibus
1060 3719 1121 3760 se
1171 3705 1352 3761 modis
1402 3705 1687 3774 humiliet,
1729 3716 1900 3780 atque
1946 3708 2092 3764 unde

515 3792 751 3863 gaudeat
802 3794 1003 3850 sentiat
1052 3796 1175 3866 plus
1232 3797 1553 3853 timendum.
1607 3795 1907 3871 Perspiciat
1960 3815 2091 3872 ergo

516 3884 806 3957 diligenter
855 3902 1021 3958 quam
1065 3888 1401 3960 periculosa,
1455 3905 1689 3961 quamve
1733 3891 1973 3949 timenda
2020 3893 2093 3948 sit

516 3975 872 4047 imperatoria
911 3979 996 4033 vel
1035 3980 1181 4052 regia
1225 3980 1492 4053 dignitas,
1526 3979 1583 4037 in
1628 3996 1736 4052 qua
1773 3982 2090 4054 paucissimi

515 4068 819 4137 salvantur,
855 4079 911 4126 et
952 4071 1029 4127 illi
1077 4072 1192 4143 qui,
1236 4071 1348 4128 Deo
1384 4074 1709 4142 miserante,
1750 4074 1818 4130 ad
1858 4075 2091 4133 salutem

516 4161 773 4230 veniunt,
822 4178 932 4221 non
984 4180 1157 4234 mque,
1203 4173 1263 4221 ut
1303 4166 1459 4220 multi
1506 4181 1836 4237 pauperum,
1882 4167 2092 4238 judicio

514 4253 692 4313 sancti
734 4253 992 4325 Spiritus,
1031 4256 1087 4311 in
1126 4240 1333 4314 sancta‘
1355 4256 1598 4317 Ecclesia
1635 4258 2020 4315 clariﬁcantur.
2044 4258 2093 4315 A

518 4345 707 4405 mundi
726 4345 1166 4419 enim-principio
1195 4363 1371 4418 usque
1385 4349 1452 4407 ad
1475 4349 1590 4405 haec
1610 4357 1796 4406 nostra
1822 4360 2088 4421 tempora,

517 4435 574 4492 in
597 4445 707 4493 tota
727 4438 1040 4497 authentica
1065 4437 1343 4510 Scriptura
1367 4454 1477 4496 non
1514 4439 1824 4498 invenimus
1857 4439 2091 4510 impera-

2176 694 2365 743 sancta
2417 686 2657 744 Ecclesia
2698 688 2894 744 missas
2931 684 3452 742 statuit‘cclebrari?
3490 674 3737 748 Timeant

2174 790 2332 849 reges
2352 779 2554 849 aliique
2588 779 2880 850 principes,
2904 794 2975 834 ne
2999 785 3203 849 quanto
3230 771 3286 832 se
3315 774 3530 831 caeteris
3565 770 3735 828 homi-

2178 869 2338 925 nibus
2365 869 2421 923 in
2451 871 2555 926 hac
2595 870 2703 926 vita
2745 869 2989 941 praeferri
3032 869 3294 940 gaudent,
3337 876 3487 922 tanto
3515 858 3738 933 amplius

2175 959 2395 1016 mternis
2431 960 2697 1016 incendiis
2731 960 3113 1031 subiiciantur.
3142 957 3296 1012 Unde
3332 953 3597 1025 scriptum
3627 960 3734 1008 est:

2176 1050 2424 1106 Potentes
2451 1061 2690 1122 potenter
2712 1058 2968 1106 tormenta
2984 1051 3259 1121 patientur
3274 1046 3424 1121 (Sap.
3451 1047 3551 1117 vn).
3572 1043 3650 1100 De
3671 1052 3753 1098 tot

2175 1141 2322 1198 enim
2361 1142 2679 1199 hominibus
2718 1141 2829 1199 Deo
2860 1142 3123 1198 reddituri
3148 1149 3275 1196 sunt
3306 1139 3575 1194 rationem
3618 1148 3743 1208 quot

2177 1247 2293 1288 sua:
2318 1233 2675 1290 dominationi
2700 1235 2948 1292 subditos
2972 1233 3301 1288 habuerunt.
3318 1231 3474 1298 Quod
3512 1229 3561 1284 si
3589 1229 3742 1283 alicui

2178 1324 2431 1395 religioso
2474 1323 2685 1397 privato
2720 1342 2826 1381 non
2860 1339 3063 1397 parvus
3092 1323 3246 1380 labor
3267 1330 3351 1378 est
3388 1337 3558 1378 unam
3594 1334 3742 1375 suam

2179 1416 2416 1473 animam
2458 1416 2750 1483 custodire,
2793 1425 3033 1488 quantus
3076 1415 3232 1470 labor
3265 1415 3513 1469 imminet
3545 1410 3743 1483 princi—

2180 1509 2342 1578 Pibus
2365 1524 2530 1579 super
2544 1508 2734 1564 multis
2756 1509 2996 1564 millibus
3027 1506 3374 1563 animarum?
3415 1514 3420 1523 '
3664 1505 3668 1509 ‘
3738 1515 3749 1523 υ

2252 1599 2518 1657 Praeterea
2555 1600 2609 1656 si
2631 1600 2899 1672 judicium
2929 1608 3131 1659 sanctae
3164 1596 3419 1653 Ecclesiae
3445 1593 3604 1651 vaide
3624 1594 3746 1650 con-

2184 1692 2404 1764 stringit
2446 1701 2783 1763 peccatorem
2844 1708 2942 1765 pro
2998 1690 3167 1746 unius
3226 1687 3465 1744 hominis
3532 1683 3749 1741 interfe-

2184 1785 2379 1852 ctione,
2412 1785 2543 1855 quid
2593 1784 2696 1842 erit
2744 1784 2812 1841 de
2861 1784 2930 1839 iis
2981 1781 3078 1853 qui
3136 1780 3306 1835 multa
3364 1778 3539 1833 millia
3593 1776 3749 1831 morti

2114 1850 2166 1905 Β
2185 1850 2405 1933 tradunt
2431 1850 2548 1947 ipro
2591 1875 2759 1946 hujus
2814 1850 3016 1930 mundi
3046 1870 3290 1927 honore?
3330 1869 3449 1940 qui,
3497 1868 3625 1923 licet
3662 1882 3753 1922 ore

2182 1968 2474 2039 aliquando
2522 1967 2746 2025 dicant:
2783 1965 2899 2022 Mea
2938 1965 3096 2035 culpa
3129 1977 3229 2034 pro
3269 1962 3573 2017 multorum
3612 1959 3753 2014 occi-

2182 2061 2354 2129 sione,
2382 2069 2561 2116 tamen
2606 2060 2768 2116 corde
2813 2058 3050 2131 gaudent
3094 2057 3151 2110 in
3195 2056 3283 2111 sui
3324 2054 3486 2126 quasi
3535 2051 3753 2108 bOnoris

2181 2150 2524 2227 extensione,
2570 2150 2869 2219 noluntque
2919 2162 3028 2203 non
3074 2144 3270 2201 fecisse
3313 2142 3461 2214 quod
3510 2149 3751 2214 egerunt,

2182 2256 2359 2311 neque
2387 2239 2570 2295 dolent
2595 2239 2745 2310 quod
2767 2236 2964 2293 fratres
2993 2250 3123 2292 suos
3138 2234 3195 2290 in
3216 2232 3508 2289 Tartarum
3533 2244 3756 2299 compn-

2182 2333 2380 2390 lerunt.
2432 2331 2682 2401 Cumque
2727 2345 2796 2385 ex
2838 2337 2951 2385 toto
2991 2327 3152 2383 corde
3183 2340 3279 2381 eos
3326 2338 3440 2379 non
3498 2320 3752 2393 poenitet,

2182 2439 2359 2494 neque
2389 2424 2579 2479 volunt
2616 2424 2857 2478 humano
2900 2419 3166 2491 sanguine
3210 2416 3481 2487 acquisita
3527 2413 3616 2469 vel
3663 2412 3756 2467 de-

2184 2525 2330 2572 tenta
2360 2515 2629 2580 omittere,
2657 2514 2875 2569 illorum
2915 2509 3229 2584 pamitentia
3272 2506 3414 2579 apud
3434 2506 3616 2561 Deum
3645 2506 3758 2560 sine

2183 2609 2348 2679 digno
2410 2605 2743 2678 poenitentiae
2801 2603 2985 2660 fluctu
3038 2609 3240 2656 manet.
3298 2598 3455 2654 Unde
3516 2596 3756 2669 profecto

2183 2701 2338 2755 valde
2385 2708 2469 2754 est
2506 2696 2841 2764 timendum,
2879 2702 3042 2767 atque
3088 2693 3155 2749 ad
3200 2691 3523 2748 memoriam
3567 2703 3756 2746 eorum

2184 2792 2374 2849 crebro
2414 2790 2781 2847 revocandum
2821 2788 2967 2859 quod
2983 2829 2998 2854 ,
3041 2786 3185 2842 sicut
3229 2782 3440 2855 praefati
3478 2797 3700 2849 sumus,
3726 2795 3759 2836 a

2187 2883 2376 2939 mundi
2423 2882 2694 2954 principio
2731 2879 3050 2951 paucissimi
3096 2893 3192 2949 per
3226 2877 3444 2933 diversa
3484 2883 3758 2930 terrarum

2186 2992 2350 3049 regna
2389 2989 2544 3046 reges
2572 2973 2749 3029 sancti
2780 2987 2848 3028 ex
2875 2968 3256 3027 innumerabili
3280 2982 3474 3024 eorum
3508 2965 3758 3021 multitno

2185 3068 2312 3124 dine
2353 3066 2732 3137 reperiuntur,
2763 3079 2889 3120 cum
2929 3064 2983 3117 in
3030 3077 3139 3117 una
3184 3067 3396 3116 tantum
3438 3057 3760 3129 pontiﬁcum

2186 3158 2428 3216 seriatim
2473 3156 2879 3214 succedentium
2920 3153 3066 3220 sede,
3116 3151 3367 3210 videlicet
3412 3148 3694 3215 Romana,
3730 3161 3761 3201 ι

2188 3261 2432 3321 tempore
2475 3249 2620 3305 beati
2664 3245 2810 3304 Petri
2860 3246 3090 3318 apostoli
3140 3244 3310 3301 ferme
3347 3250 3574 3299 centum
3625 3241 3763 3296 inter

2195 3342 2572 3400 sanctissimos
2624 3348 3025 3412 computentur.
3081 3336 3193 3393 Cur
3246 3344 3428 3391 autem
3487 3336 3626 3399 hoc,
3658 3332 3761 3389 nisi

2186 3436 2316 3507 quia
2365 3449 2520 3505 reges
2565 3442 2726 3489 terra:
2776 3440 2831 3487 et
2856 3430 3127 3501 principes
3177 3443 3317 3485 vana
3363 3425 3537 3499 gloria
3578 3425 3761 3492 illecti,

2188 3527 2332 3582 sicut
2376 3525 2718 3596 praeiibatum
2763 3530 2880 3588 est,
2915 3536 3039 3592 quae
3079 3535 3182 3576 sua
3220 3525 3350 3575 sunt
3382 3516 3763 3588 spiritualibns

2187 3618 2351 3673 rebus
2375 3615 2700 3688 praeferunt?
2735 3613 2974 3685 religiosi
3006 3619 3189 3667 autem
3228 3608 3516 3680 pontiﬁces
3560 3621 3758 3662 vanam

2187 3708 2415 3780 gloriam
2449 3691 2827 3777 despicientes,
2849 3717 2971 3774 qua:
2992 3700 3088 3756 Dei
3107 3708 3236 3755 sunt
3260 3694 3580 3754 carnalibus
3605 3695 3764 3759 rebus

2188 3805 2525 3871 przeponunt.
2564 3794 2645 3851 llli
2670 3796 2721 3850 in
2749 3794 2819 3849 se‘
2831 3793 3207 3863 delinquentes
3246 3787 3404 3846 facile
3435 3787 3761 3858 puniuntur,

2189 3888 2244 3945 in
2282 3887 2455 3942 Deum
2503 3892 2791 3956 peccantes
2831 3896 2994 3953 aequo
3030 3880 3212 3935 animo
3240 3875 3452 3945 ferunt;
3486 3876 3583 3931 isti
3609 3877 3765 3945 inse

2188 3976 2541 4051 peccantibus
2595 3974 2703 4031 cito
2753 3973 3077 4045 ignoscunt,
3140 3969 3309 4025 Deum
3364 3966 3764 4022 oﬁendentibns

2190 4080 2301 4123 non
2343 4065 2532 4120 leviter
2569 4069 2821 4134 parcunt.
2866 4061 2946 4115 llli
2990 4059 3223 4115 terrenis
3269 4056 3482 4113 actibus
3531 4056 3763 4110 nimium

2189 4155 2354 4211 dediti
2403 4155 2705 4226 spiritualia
2758 4152 3184 4224 parvipendunt;
3221 4148 3312 4204 isti
3370 4148 3617 4203 ccelestia
3678 4163 3793 4223 se.»

2190 4248 2319 4303 dulo
2349 4248 2670 4302 meditantes
2695 4261 2817 4317 quae
2847 4252 2979 4299 sunt
3010 4251 3221 4299 terrena
3245 4247 3624 4297 contemnunt.

2176 4338 2600 4411 Admonendi
2638 4353 2767 4410 ergo
2809 4343 2937 4392 sunt
2963 4349 3154 4391 omnes
3182 4330 3479 4389 Christiani
3517 4329 3619 4401 qui
3641 4344 3763 4384 cum

2153 4429 2409 4511 gChristo
2452 4446 2681 4501 regnare
2727 4427 2988 4500 cupiunt,
3034 4441 3103 4482 ne
3146 4423 3439 4480 ambitione

517 4533 665 4582 tores
710 4527 795 4581 vel
833 4543 1010 4600 reges,
1036 4500 1267 4599 quorum
1310 4528 1422 4585 vita
1461 4528 1597 4587 adeo
1635 4526 1800 4585 fuerit
1832 4500 2093 4601 religione
2122 4500 2477 4602 ﬁ‘pOtestatis
2509 4500 2737 4591 regnare
2783 4517 3061 4584 aifectent,
3101 4513 3196 4570 sed
3234 4511 3414 4584 potius
3448 4524 3562 4581 prae
3590 4500 3763 4565 oculis

520 4617 796 4689 praecipua
821 4626 877 4674 et
898 4618 1098 4674 virtute
1128 4618 1410 4690 signorum
1437 4619 1714 4685 decorata,
1748 4619 1890 4679 sicut
1927 4620 2089 4680 innu-

518 4708 796 4767 merabilis
824 4709 1185 4769 multitudinis
1231 4711 1415 4769 saeculi
1462 4720 1922 4782 contemptorum,
1965 4713 2092 4770 licet

520 4799 705 4875 plures
733 4816 923 4857 eorum
957 4802 1248 4859 credamus
1285 4802 1428 4873 apud
1455 4804 1879 4873 omnipotentem
1916 4802 2088 4859 Deum

521 4889 911 4950 misericordiae
963 4894 1192 4949 salutem
1241 4893 1537 4951 invenisse.
1589 4893 1861 4966 Namque,
1913 4904 1974 4950 ut
2021 4894 2090 4953 de

520 4984 784 5055 apostolis
802 4992 857 5039 et
876 4985 1204 5056 martyribus
1226 4993 1523 5053 taceamus,
1546 4986 1670 5057 quis
1697 4980 2087 5056 imperatorum

520 5075 606 5129 vel
660 5089 852 5145 regum
901 5089 1057 5146 eque
1103 5084 1165 5131 ut
1203 5075 1394 5131 beatus
1444 5074 1740 5143 Martinus,
1797 5076 2090 5144 Antonius,

523 5164 872 5233 Benedictus,
899 5163 1179 5225 miraculis
1201 5168 1429 5222 claruit?
1455 5167 1591 5234 Quis
1621 5168 1767 5225 enim
1800 5163 2120 5239 imperator

522 5266 619 5313 aut
669 5273 765 5312 rex
823 5265 1071 5314 mortuos
1125 5257 1439 5325 suscitavit,
1482 5259 1730 5330 leprosos
1780 5258 2091 5327 mundavit,

522 5366 698 5390 nmnnc
718 5349 1076 5390 illuminavit?
1103 5348 1241 5390 Rom
1253 5349 1670 5390 Cnnetnnlinnm
1693 5350 1796 5390 nim
1824 5349 2096 5390 monens-im

2196 4616 2433 4671 habeant
2455 4613 2600 4684 quod
2645 4613 2837 4668 beatus
2877 4606 3171 4680 Gregorius
3206 4620 3347 4677 papa
3381 4601 3764 4660 sanctissimus

2195 4708 2249 4763 in
2286 4707 2450 4764 Libro
2492 4702 2759 4761 Pastorali
2812 4700 3098 4765 admonet,
3145 4698 3331 4752 dicens
3348 4713 3369 4757 ,ε
3405 4714 3425 4747 ι
3468 4692 3619 4748 Inter
3659 4691 3765 4746 hoc

2196 4798 2379 4867 itaque
2402 4795 2533 4872 quid
2575 4793 2910 4871 sequendum
2939 4798 3041 4857 est,
3071 4787 3202 4859 quid
3230 4784 3545 4851 tenendum,
3576 4780 3681 4838 nisi
3705 4791 3763 4837 ut

2194 4888 2488 4944 virtutibus
2524 4886 2735 4958 pollens
2778 4890 3001 4939 coactus
3036 4879 3104 4935 ad
3141 4877 3380 4950 regimen
3400 4874 3611 4942 veniat;
3646 4873 3765 4927 vir-

2199 4980 2404 5036 tutibus
2447 4992 2675 5043 vacuus,
2721 4990 2825 5030 nec
2865 4985 3088 5029 coactus
3128 4968 3383 5026 accedat?
3417 4966 3573 5035 Quod
3612 4965 3658 5021 si
3691 4965 3763 5020 ad

2194 5069 2546 5142 apostolicam
2595 5066 2808 5132 sedem,
2860 5063 2918 5120 in
2972 5078 3085 5133 qua
3127 5060 3229 5115 rite
3275 5057 3515 5114 ordinati
3553 5055 3775 5112 meritis-

2194 5160 2337 5217 beati
2378 5158 2525 5215 Petri
2558 5156 2787 5228 apostoli
2825 5153 3081 5210 meliores
3101 5149 3427 5210 efﬁciuntur.
3454 5148 3552 5220 qui
3589 5147 3760 5203 Deum

2194 5254 2388 5309 timent
2426 5249 2599 5307 coacti
2653 5252 2793 5303 cum
2816 5260 3016 5317 magno
3060 5245 3256 5299 timore
3292 5241 3545 5309 veniunt;
3572 5239 3638 5295 ad
3673 5253 3763 5293 re-

2197 5343 2287 5390 nni
2335 5342 2533 5390 solium
2577 5354 2702 5390 cum
2744 5345 2949 5390 quanto
2998 5335 3192 5390 timore
3233 5334 3567 5390 ac‘tremore
3604 5344 3760 5386 acce-
