3972 5390
1373 396 1579 453 LIBER
1612 395 1865 454 nonus.
1900 404 1975 437 ι-
2009 348 2352 453 ειῖιετίιιι.

3367 396 3470 452 608

218 509 440 565 illorum
486 518 544 568 et
578 519 864 578 nostrum,
908 511 1190 582 veritatem
1226 510 1388 581 silere
1427 495 1803 582 malitiamque
1833 511 1877 567 Δ
1904 523 2157 565 exercere
2209 510 2481 576 ulterius,
2544 511 2852 565 nullatenus
2906 508 3074 567 sinas.
3129 506 3268 575 Quid
3323 508 3468 562 enim

183 593 188 597 ’
216 601 463 671 ipsorum
490 600 839 676 dissimulare
869 602 1270 659 maluissemus.
1304 602 1375 657 At
1418 618 1521 659 nos
1548 612 1694 659 certe
1729 619 1797 659 ex

217 692 386 764 hujus
423 693 552 749 vita:
574 696 833 763 termino,
876 705 933 752 et
972 695 1352 766 temporalium
1381 696 1799 751 commodorum

217 783 481 853 qualitate
505 786 901 855 perpendentes
928 800 1208 857 nunquam
1239 786 1433 841 melius
1465 800 1797 856 quemquam

216 887 379 943 posse
420 873 741 945 episcopum
770 874 1041 930 nominari
1059 916 1076 941 ,
1106 889 1273 945 quam
1303 889 1429 930 cum
1466 874 1800 945 persecutio.

216 976 342 1017 nem
363 964 572 1033 patitur
590 974 811 1036 propter
826 966 1097 1037 justitiam
1119 966 1338 1039 (ﬂatur.
1361 964 1439 1034 v),
1459 965 1801 1022 decrevimus

218 1054 403 1122 potius
445 1054 652 1111 divinis
700 1057 971 1114 mandatis
1023 1056 1448 1128 obtemperando
1507 1072 1800 1127 pravorum

219 1145 534 1203 inimicitias
573 1146 872 1217 incurrere,
893 1164 1059 1220 quam
1081 1149 1190 1205 illis
1215 1150 1357 1207 male
1375 1147 1636 1219 placendo
1659 1149 1800 1206 iram

174 1251 179 1255 ’
220 1234 317 1291 Dei
337 1252 659 1306 provocare.
688 1237 845 1297 Nunc
873 1241 941 1297 ad
969 1240 1295 1297 industriam
1314 1248 1465 1297 tuam
1493 1255 1799 1299 sermonem

219 1328 504 1395 vertimus,
550 1330 877 1389 charissima
914 1332 1012 1388 illi.
1058 1330 1282 1388 Noverit
1324 1332 1644 1389 excellentia
1683 1325 1801 1401 tua,

219 1419 597 1488 dilectissime,
630 1422 767 1478 illud
805 1439 973 1480 unum
1003 1425 1298 1483 admodum
1330 1425 1514 1492 nobis,
1548 1425 1662 1481 imo
1691 1425 1801 1481 cle-

218 1514 438 1569 mentia
472 1513 693 1580 divinat,
726 1514 960 1585 placere,
993 1516 1139 1587 quod
1165 1517 1221 1572 in
1252 1517 1502 1574 ecclesiis
1533 1517 1686 1588 regni
1721 1516 1801 1574 tul

216 1604 409 1661 matris
443 1607 694 1665 omnium
733 1617 934 1665 sancta:
972 1607 1233 1664 Romanae
1264 1607 1518 1665 Ecclesia:
1554 1608 1799 1663 ordinem

215 1695 404 1764 recipi,
439 1705 495 1752 et
512 1714 581 1752 ex
603 1699 833 1769 antiquo
862 1713 1015 1755 more
1041 1699 1302 1755 celebrari
1335 1699 1597 1757 effeceris.
1634 1698 1799 1755 Deni-

209 1799 321 1855 que
353 1787 411 1841 in
439 1787 538 1843 illo
573 1805 740 1859 quem
773 1790 1038 1847 hactenus
1071 1791 1316 1848 tenuisse
1347 1791 1626 1859 videmini,
1657 1792 1802 1848 sicut

1901 610 1988 659 est
2014 598 2218 658 Judaeis
2260 600 2603 658 Christianos
2642 614 2965 670 supponere,
3015 614 3079 654 ac
3112 596 3212 655 bos
3253 596 3470 652 illorum

1895 692 2107 764 judicio
2129 692 2419 762 subjicere,
2452 691 2559 747 nisi
2596 689 2893 747 Ecclesium
2932 687 3026 744 Dei
3055 688 3380 760 opprimere,
3416 696 3472 743 et

1902 781 2120 858 Satanae
2143 769 2475 855 synagogam
2501 780 2776 847 exaltare;
2807 789 2861 836 et
2881 780 3011 835 dum
3047 777 3281 835 inimicis
3304 777 3471 834 Chri-

1899 874 1969 930 sti
1998 873 2132 929 velis
2152 873 2387 951 placere,
2422 872 2602 944 ipsum
2633 871 2917 928 Christum
2952 879 3297 927 contemnere
3316 868 3471 927 ?.Ca-

1898 978 2029 1020 veas
2061 964 2262 1034 itaque,
2291 964 2388 1031 illi,
2415 965 2521 1020 hoc
2546 962 2725 1020 facere
2750 962 2980 1018 Domino
3010 970 3065 1017 et
3085 959 3328 1016 Creatori
3352 968 3469 1026 tuo,

1900 1054 2048 1124 quod
2082 1069 2205 1110 non
2221 1054 2445 1125 impune
2475 1055 2594 1110 fieri
2631 1055 2730 1113 tibi
2761 1053 3063 1110 sustineres
3089 1068 3121 1108 a
3169 1066 3328 1108 servo
3351 1058 3467 1106 tuo.

1901 1145 2173 1202 Memento
2206 1146 2432 1201 honoris
2464 1154 2519 1201 et
2552 1146 2736 1217 gloriae
2762 1160 2927 1216 quam
2953 1141 3050 1198 tibi
3080 1155 3244 1212 super
3279 1154 3473 1196 omnes

1901 1236 2175 1308 Hispaniae
2197 1252 2352 1310 reges
2371 1236 2738 1293 misericordia
2757 1235 2961 1291 Christi
2986 1232 3283 1299 concessit;
3308 1239 3473 1301 atque

1901 1329 2049 1385 illius
2079 1329 2411 1385 voluntatem
2457 1329 2567 1385 tuis
2599 1328 2812 1384 actibus
2848 1326 3009 1397 quasi
3054 1323 3285 1380 formam
3316 1320 3473 1377 adhi-

1902 1422 2098 1489 bendo,
2124 1430 2371 1476 mutuam
2390 1421 2564 1476 vicem
2586 1420 2641 1475 in
2663 1418 2873 1475 cunctis
2892 1417 2943 1472 ei
2965 1414 3258 1487 rependere
3279 1410 3469 1468 stude:

1903 1512 2036 1579 imo,
2060 1520 2121 1567 ut
2148 1512 2238 1567 hic
2260 1520 2315 1566 et
2333 1511 2387 1565 in
2414 1510 2597 1569 futuro
2619 1509 2847 1567 exaltari
2872 1506 3153 1573 merearis,
3179 1512 3230 1589 te
3254 1519 3310 1559 in
3349 1517 3472 1557 om-

1902 1605 2065 1659 nibus
2124 1603 2201 1658 illi
2255 1603 2572 1658 submittere
2643 1617 2858 1673 semper
2921 1590 3255 1655 memineris.
3306 1590 3475 1649 Valde

1901 1696 2101 1767 quippe
2122 1694 2402 1765 indignum
2446 1703 2531 1750 est
2576 1694 2627 1749 ei
2665 1708 2837 1748 unum
2878 1690 3175 1755 hominem,
3225 1684 3476 1740 videlicet

1902 1787 2160 1858 teipsum,
2188 1784 2425 1857 perfecte
2446 1801 2554 1842 non
2580 1784 2867 1855 subjicere,
2889 1782 2983 1853 qui
3005 1780 3104 1834 tibi
3150 1779 3291 1833 ultra
3326 1773 3476 1831 milie

213 1880 632 1949 suggerentibus
682 1881 952 1953 religiosis
1006 1882 1143 1940 viris
1187 1882 1499 1951 didicimus,
1548 1884 1797 1954 quaedam
1830 1863 1874 1920 Β
1904 1877 2187 1933 hominum
2210 1876 2378 1932 millia
2406 1875 2659 1947 subjecit,
2690 1883 2751 1930 et
2785 1872 2994 1945 judicio
3033 1880 3130 1926 tuo
3178 1866 3473 1925 commisit.

211 1977 402 2024 contra
427 1970 757 2027 catholicam
788 1972 949 2028 tidem
976 1973 1180 2031 inserta
1208 1990 1331 2030 esse
1351 1974 1538 2045 patulo
1568 1973 1796 2030 convin-

207 2068 430 2117 cuntur.
456 2060 592 2128 Qua:
610 2078 738 2119 cum
757 2064 1086 2135 relinquere,
1108 2074 1163 2122 et
1182 2066 1251 2121 ad
1262 2066 1500 2136 priscam
1511 2072 1802 2120 consuetu-

210 2150 415 2218 dinem,
462 2153 876 2225 scilicetvhujus
901 2153 1178 2223 Ecclesiae,
1223 2155 1423 2212 reverti
1465 2155 1798 2222 deliberasti,

212 2258 319 2298 non
344 2243 508 2300 dubie
553 2253 608 2301 te
654 2246 874 2302 beatum
900 2245 1121 2303 Petrum
1153 2256 1447 2318 patronum
1494 2256 1711 2318 optare,
1746 2256 1802 2304 et

208 2334 556 2393 subditorum
606 2344 833 2395 tuorum
872 2339 1122 2407 salutem,
1162 2339 1371 2396 calcati
1409 2339 1583 2410 gratia
1625 2338 1799 2408 inspi-

213 2435 384 2494 rante,
426 2427 573 2484 sicut
616 2444 800 2501 regem
824 2431 999 2497 decet,
1028 2445 1225 2487 curare
1263 2430 1603 2487 monstrasti.
1644 2428 1803 2497 Quod

211 2525 394 2573 tamen
424 2520 688 2591 gaudium
732 2521 800 2577 de
831 2522 1095 2593 sapientia
1140 2530 1232 2578 tua
1268 2522 1443 2579 multo
1474 2521 1803 2578 cumulatius

211 2609 523 2679 referimus,
547 2627 675 2667 cum
732 2620 841 2669 tute
894 2614 1221 2671 humilitatis
1274 2614 1543 2672 illustrem
1598 2612 1803 2673 famam

215 2702 494 2757 memoriae
524 2702 802 2760 interdum
820 2704 1154 2771 reducimus,
1180 2714 1237 2761 et
1254 2720 1379 2760 eam
1404 2689 1660 2761 virtutem
1681 2720 1805 2775 qua:

212 2806 339 2846 cum
375 2792 526 2863 regia
555 2794 800 2864 potentia
838 2794 925 2850 vix
954 2806 1051 2851 aut
1083 2796 1366 2853 rarissime
1394 2797 1518 2868 capi
1555 2798 1660 2854 sub
1695 2812 1805 2853 uno

210 2881 493 2938 domicilio
514 2884 823 2952 consuevit,
854 2886 911 2941 in
933 2887 1096 2944 corde
1124 2895 1219 2943 tuo
1244 2887 1527 2945 immorari
1550 2889 1804 2946 conside-

211 2988 421 3039 ramus.
440 2974 727 3034 Caeterum
769 2978 915 3048 quod
946 2977 1013 3035 de
1049 2994 1221 3035 uxore
1266 2987 1358 3036 tua
1397 2988 1453 3036 et
1484 2979 1554 3038 de
1589 2980 1807 3038 ahhatia

212 3062 402 3120 Sancti
425 3063 663 3122 Secundi
690 3069 1013 3138 postulasti,
1054 3071 1448 3141 competentius
1488 3073 1807 3143 responderi

211 3169 313 3225 per
342 3156 518 3212 tilium
547 3166 798 3215 nostrum
824 3158 1159 3217 Richardum
1186 3170 1387 3218 saneta:
1414 3161 1675 3221 Romana;
1703 3163 1806 3222 Ec-

211 3247 393 3304 clesiae
408 3248 748 3307 cardinalem
770 3259 824 3306 et
850 3250 1087 3322 legatum
1113 3293 1129 3319 ,
1158 3258 1213 3307 et
1233 3247 1458 3309 fratrem
1492 3252 1802 3313 Simeonem

208 3339 564 3411 episcopum,
588 3340 843 3415 arbitrati
866 3357 1096 3419 sumus;
1122 3342 1192 3399 de
1227 3343 1322 3399 illa
1348 3352 1533 3401 autem
1571 3361 1804 3416 persona

209 3445 341 3503 quae
361 3432 419 3487 in
448 3433 921 3505 archiepiscopum
954 3433 1135 3491 fuerat
1154 3434 1422 3506 eligenda,
1449 3435 1716 3495 dicimus:
1739 3438 1804 3492 li-

212 3529 300 3578 cet
323 3523 457 3579 satis
481 3525 725 3595 prudens
752 3533 806 3585 et
827 3526 1069 3582 liberalis
1096 3525 1363 3595 videatur,
1391 3534 1575 3582 tamen
1597 3528 1805 3600 (quem-

212 3614 512 3681 admodum
568 3616 750 3693 nobis.
779 3628 970 3677 notum
1019 3628 1103 3676 est
1125 3660 1142 3687 ,
1190 3628 1246 3676 et
1284 3621 1476 3677 litterae
1528 3630 1639 3679 tuae
1693 3637 1804 3679 non

213 3709 445 3779 negant)
498 3708 803 3780 disciplina:
844 3709 1198 3771 fundamento
1222 3753 1237 3779 ,
1297 3712 1547 3768 videlicet
1594 3714 1804 3770 littera-

213 3797 285 3854 lis
346 3800 592 3857 scientiae
643 3801 836 3871 peritia
859 3843 875 3869 ,
927 3802 1153 3874 indiget.
1219 3803 1352 3871 Qua}
1410 3786 1593 3862 virtus
1636 3822 1802 3877 quam

212 3889 289 3945 sit
335 3905 449 3947 non
492 3892 658 3949 modo
701 3893 973 3965 episcopis
999 3934 1016 3960 ,
1064 3909 1257 3950 verum
1298 3895 1462 3950 etiam
1505 3896 1804 3953 sacerdoti-

215 3980 323 4043 bus
366 3984 713 4051 necessaria,
767 3984 884 4055 ipse
914 3984 1052 4042 satis
1103 3985 1391 4058 intelligis,
1447 4002 1575 4043 cum
1617 3988 1804 4044 nullus

212 4073 338 4130 sine
378 4090 445 4131 ea
488 4084 589 4132 aut
632 4076 776 4133 alios
819 4076 1016 4134 docere
1057 4085 1153 4133 aut
1205 4092 1329 4139 sese
1389 4078 1565 4149 possit
1617 4078 1804 4135 defen-

214 4164 365 4222 dere.
394 4165 741 4239 Quapropter
766 4168 1112 4226 serenitatem
1145 4178 1296 4226 tuam
1328 4155 1548 4227 studere
1589 4178 1806 4242 oportet

124 4256 145 4281 ‘
216 4266 280 4313 ut
313 4273 440 4314 cum
470 4259 710 4316 consilio
735 4260 942 4331 praefati
966 4261 1130 4333 legati
1156 4262 1332 4318 nostri
1361 4261 1619 4319 Richardi
1657 4261 1802 4319 Mas-

1901 1968 1976 2025 De
2004 1978 2200 2025 ctetero
2222 1968 2383 2040 regia:
2411 1960 2793 2024 munificentiae
2813 1974 2919 2021 tua:
2938 1963 3293 2038 gratulamur,
3317 1960 3476 2031 cujus

1899 2061 2069 2117 animi
2090 2061 2429 2117 devotionem
2452 2061 2507 2116 in
2537 2076 2603 2116 eo
2626 2060 2784 2131 plane
2807 2058 2940 2115 satis
2985 2055 3351 2127 agnoscimus,
3393 2060 3477 2106 at-

1900 2169 2007 2224 que
2041 2161 2402 2226 agnoscentes
2423 2151 2823 2223 amplectimur,
2857 2148 3002 2220 quod
3033 2145 3223 2219 quanti
3257 2144 3476 2199 beatum

1896 2243 2123 2315 Petrum
2160 2243 2348 2301 fecerit
2394 2260 2463 2301 ex
2493 2243 2638 2300 dono
2679 2250 2925 2314 patenter
2958 2239 3242 2297 ostendere
3283 2235 3474 2291 voluit.

1899 2334 1968 2390 Et
1996 2345 2143 2393 certe
2195 2351 2320 2391 cum
2356 2334 2436 2391 tui
2488 2333 2666 2391 cordis
2693 2347 2935 2388 amorem
2978 2345 3181 2388 munus
3211 2326 3341 2382 illud
3382 2340 3480 2397 per

1900 2442 1960 2484 se
1989 2428 2125 2484 satis
2152 2426 2482 2483 sufﬁcienter
2507 2424 2778 2492 ostendat,
2831 2431 2952 2493 tum
3001 2421 3167 2478 etiam
3200 2428 3308 2474 tute
3348 2415 3479 2471 fidei

1901 2519 2158 2575 meritum
2184 2517 2318 2574 illud
2355 2517 2533 2589 ipsum
2565 2523 2753 2572 mutua
2785 2515 2905 2570 vice
2931 2514 3092 2585 longe
3135 2524 3265 2566 vero
3306 2507 3481 2579 magis

1898 2598 2268 2677 commendat,
2310 2609 2606 2683 multisque
2660 2607 2911 2681 gentibus
2952 2621 2987 2661 θ
3032 2604 3245 2661 cunctis
3290 2599 3481 2655 mundi

1902 2702 2150 2772 partibus
2184 2700 2252 2757 ad
2286 2701 2553 2772 gremium
2575 2699 2768 2756 matris
2791 2704 2992 2754 sanctae
3016 2695 3275 2751 Romanae
3298 2691 3483 2747 Eccle-

1886 2792 1998 2863 Vsiae
2024 2792 2370 2849 venientibus
2400 2792 2467 2847 ad
2501 2791 2760 2847 honorem
2796 2798 2949 2845 tuum
2980 2787 3125 2843 clare
3149 2782 3479 2840 manifestat.

1903 2884 1965 2942 Et
1988 2884 2207 2956 quidem
2229 2883 2355 2937 licet
2380 2881 2510 2937 illud
2532 2897 2733 2937 munus
2770 2889 2882 2936 tam
2906 2879 3145 2948 amplum
3180 2886 3232 2931 et
3274 2874 3485 2946 magni-

1904 2978 2067 3033 ficum
2121 2974 2302 3041 fuerit,
2350 2982 2411 3030 ut
2443 2982 2498 3029 et
2531 2982 2584 3029 te
2634 2987 2815 3044 regem
2849 2970 2999 3036 dare,
3049 2978 3103 3025 et
3149 2968 3209 3023 Β.
3260 2967 3483 3043 Petrum

1904 3069 2146 3138 recipere
2183 3066 2566 3122 convenienter
2591 3062 2871 3129 decuerit;
2899 3069 3078 3117 tamen
3106 3060 3158 3114 in
3184 3059 3278 3113 illo
3312 3056 3483 3112 animi

1905 3160 1984 3215 tui
2037 3157 2378 3214 devotionem
2430 3155 2603 3212 multo
2653 3154 2828 3227 magis
2884 3151 3260 3223 amplectimur
3288 3192 3304 3218 ,
3360 3150 3485 3220 qua:

1830 3216 1873 3276 δ
1907 3250 2097 3322 quanti
2145 3249 2369 3304 beatum
2416 3246 2636 3301 Petrum
2686 3216 2874 3300 fecerit
2924 3216 2994 3299 ex-
3044 3243 3188 3299 dono
3240 3216 3486 3312 patenter

1908 3341 2161 3398 ostendit.
2196 3339 2274 3397 Eo
2307 3339 2493 3412 igitur,
2536 3346 2597 3393 ut
2629 3337 2852 3409 dignum
2874 3343 2977 3402 est,
3013 3334 3266 3391 decenter
3306 3348 3488 3391 susce-

1906 3442 2017 3506 pto,
2079 3432 2284 3489 donum
2332 3430 2500 3502 quod,
2544 3427 2777 3484 Domino
2814 3426 3097 3500 largiente,
3134 3426 3290 3482 sedes
3323 3424 3487 3481 habet

1904 3523 2223 3595 apostolica,
2247 3523 2474 3581 sincera:
2509 3529 2616 3577 tua;
2642 3519 2916 3576 devotioni
2942 3517 3189 3575 remittit.
3404 3508 3409 3511 ’

1975 3613 2331 3686 Omnipotens
2357 3612 2522 3680 Deus,
2562 3612 2807 3668 omnium
2832 3618 3261 3675 rerumcreator
3307 3616 3362 3662 et
3396 3621 3487 3686 re-

1888 3704 2045 3783 ctor,
2082 3684 2437 3778 omniumque
2485 3705 2808 3778 dignitatum
2845 3701 3131 3756 ineﬂ'ahilis
3176 3684 3489 3770 dispositor,

1903 3801 1999 3874 qui
2029 3799 2123 3855 dat
2149 3799 2381 3855 salutem
2414 3797 2658 3871 regibus,
2686 3793 2897 3851 meritis
2930 3791 3210 3847 altissima:
3257 3789 3493 3845 dominae

1904 3892 2184 3967 genitricis
2210 3888 2305 3947 Dei
2336 3889 2540 3956 Mariae,
2565 3888 2921 3958 omniumque
2944 3893 3280 3948 sanctorum,
3305 3888 3493 3936 aucto-

1903 3986 2064 4041 ritate
2106 3986 2392 4042 beatorum
2436 3980 2808 4054 apostolorum
2857 3977 3004 4033 Petri
3041 3986 3097 4032 et
3135 3972 3495 4045 Pauli‘nnbis

1904 4076 2031 4132 licet
2074 4074 2312 4146 indignis
2370 4088 2466 4143 per
2522 4088 2619 4128 eos
2664 4070 3033 4142 qualicunque
3084 4065 3497 4130 commissa,te

1904 4175 2136 4237 tuosque
2164 4163 2348 4227 fideles
2374 4163 2429 4219 in
2458 4161 2679 4216 Christo
2724 4160 2794 4216 ab
2821 4159 3078 4214 omnibus
3122 4154 3359 4227 peccatis
3400 4152 3497 4208 ab-

1903 4260 2095 4323 solvat,
2131 4256 2329 4326 detque
2371 4253 2473 4307 tibi
2500 4252 2780 4307 victoriam
2825 4249 2893 4305 de
2922 4248 3159 4303 inimicis
3188 4244 3497 4301 visibilibus

214 4349 458 4413 snitusis
483 4351 703 4409 abbatis
729 4352 1094 4425 aliorumque
1140 4353 1525 4425 religiosorum
1556 4355 1798 4410 virorum
1890 4342 1958 4408 et
1982 4346 2367 4406 invisibilibus.
2399 4342 2633 4398 Mentem
2671 4350 2823 4396 tuam
2852 4354 3068 4410 semper
3097 4336 3384 4399 illuminet,
3409 4343 3493 4401 ut,

212 4442 448 4513 eligatur
465 4442 614 4510 inde,
638 4443 690 4500 si
709 4444 939 4505 inveniri
962 4454 1175 4516 potest;
1223 4447 1309 4502 sin
1346 4455 1559 4523 autem,
1583 4448 1802 4503 aliunde

1903 4444 2023 4515 ejus
2050 4440 2347 4497 bonitatem
2370 4444 2425 4491 et
2470 4437 2765 4489 humanam
2817 4429 3183 4502 fragilitatem,
3210 4426 3497 4499 diligenter

212 4542 505 4605 expetatur
545 4535 673 4591 talis
704 4550 973 4606 persona,
1028 4538 1189 4609 cujus
1224 4537 1414 4610 religio
1463 4547 1520 4594 et
1544 4517 1799 4595 doctrina
1834 4564 1880 4619 ι)
1905 4529 2304 4605 perspiciendo,
2341 4526 2534 4583 mundi
2566 4524 2803 4619 gloriam
2828 4521 3129 4594 despicias,
3155 4527 3207 4575 et
3232 4517 3299 4574 ad
3334 4525 3494 4599 aeter-

213 4623 476 4682 Ecclesia:
498 4636 697 4685 vestrae
727 4637 783 4685 et
809 4644 980 4700 regno
1007 4630 1258 4691 decorem
1288 4628 1534 4687 conferat
1565 4638 1622 4685 et
1652 4632 1801 4688 salu-

216 4810 384 4877 forte,
421 4811 508 4868 vel
541 4812 771 4868 humilis
801 4812 1086 4884 sanguinis
1118 4813 1319 4880 virum,
1343 4813 1651 4883 dummodo.
1680 4814 1802 4869 ido-

218 4994 400 5057 bonos
427 5005 669 5067 exoptat,
726 4996 977 5065 adscire;
1013 5013 1139 5054 cum
1186 4995 1434 5055 Romana
1478 5001 1804 5073 respublica,

223 5092 288 5141 ut
310 5101 652 5158 paganorum
702 5096 973 5159 tempore,
1021 5089 1103 5145 sic
1136 5097 1195 5144 et
1232 5090 1338 5145 sub
1379 5090 1812 5151 Christianitatis

191 5228 195 5233 .
226 5177 399 5241 titulis
424 5179 549 5235 inde
580 5179 845 5242 maxime,
884 5178 996 5236 Deo
1023 5179 1261 5242 favente,
1303 5184 1624 5242 excreverit.
1660 5188 1811 5242 quod
1894 5237 1902 5242 .

1892 4640 2035 4700 nam
2060 4624 2219 4680 beato
2240 4619 2404 4676 Petro
2425 4619 2563 4674 duce
2590 4617 2894 4690 pervenias.

214 4727 348 4773 tem.
374 4716 563 4790 Neque
614 4735 749 4775 vero
779 4729 832 4776 te
869 4720 1050 4792 pigeat
1095 4730 1192 4778 aut
1234 4722 1435 4792 pudeat
1478 4730 1801 4789 extraneum
1892 4778 1895 4785 ,

2460 4730 2800 4805 EPISTOLA
2824 4728 2912 4784 ιιι.

1892 4847 1979 4899 ,ΑΒ
2002 4843 2293 4885 εριείῑοιιωι
2318 4840 2688 4899 PATLVIENSEM
2711 4839 2780 4877 ΕΤ
2804 4835 3046 4877 ΛΒΒΔἸῈΙ
3062 4832 3501 4874 ιιιιιελυςιεμεειι.

192 4952 195 4957 .
226 4915 370 4961 heus
399 4900 516 4973 sit,
544 4903 614 4958 ad
647 4902 914 4961 Ecclesiae
958 4912 1065 4961 tua:
1096 4903 1360 4975 regimen,
1410 4906 1559 4976 quod
1586 4906 1805 4978 proprie
1894 4898 1899 4987 7‘
2296 4942 2297 4947 η
2516 4898 2609 4987 (Ar

2516 4917 2698 4989 (Anno
2728 4912 2858 4969 lO8l
2870 4915 2909 4984 ).

1921 5036 2201 5105 Signiﬁcat
2235 5032 2487 5105 defuncto
2514 5026 2799 5105 Rodulphq
2819 5044 2935 5099 rege
2960 5021 3275 5105 omnes
3292 5038 3516 5105 ροτριιατ

1984 5090 2112 5161 dere
2146 5114 2205 5159 ut
2246 5090 2538 5159 Hernicum
2568 5101 2625 5154 in
2654 5090 2897 5168 gratia";
2943 5094 3181 5168 recipiat.
3220 5090 3423 5168 Menet_
3454 5090 3515 5145 ut

1993 5175 2308 5241 Mat/tildem
2341 5173 2618 5227 certiorem
2655 5163 2863 5238 faciant
2893 5183 2975 5242 an.
3007 5163 3071 5242 ab
3101 5165 3176 5241 eis
3205 5163 3519 5242 pnesidlunt
