3972 5390
519 304 628 393 σω

1161 329 1220 388 s.
1261 330 1588 389 cneconu
1628 329 1718 386 vu
1756 329 1959 413 rara:
1993 312 2279 388 eranum
2315 319 2498 408 eius
2531 323 2585 385 ι(
2611 359 2680 372 -
2722 328 3146 391 nscnsmuu.

3678 331 3774 394 ϐω

522 451 674 525 lecto
715 448 774 508 in
817 416 1040 506 Christo
1079 431 1236 502 fratri
1291 456 1346 504 et
1403 447 1747 518 coepiscopo,
1781 444 2104 535 ‘Pataviensi
2132 445 2177 504 Α
2204 433 2448 516 ρτορῑθιλ
2477 430 2766 502 fundendte
2815 449 2945 503 sunt
2981 444 3437 518 frequentissima:
3485 449 3771 516 orationes,

423 532 428 536 ’
522 540 732 617 A.......
760 548 818 598 et
836 539 1143 595 venerabili
1172 535 1548 611 llirsaugiensi
1577 539 1757 594 abbati
1785 539 1922 610 W...
2019 555 2103 596 sa-

523 623 694 687 lutem
723 639 778 686 et
805 623 1158 701 apostolicam
1184 630 1639 691 benedictionem.
1994 623 1998 625 ’
2073 635 2076 642 ’

537 711 544 716 ’
575 705 903 798 Prudentia:
931 730 1127 777 vestrae
1159 737 1226 776 ex
1256 723 1360 782 hoc
1389 723 1523 778 satis
1563 711 2100 796 gratulamur,‘quia,

521 801 667 868 sicut
719 811 1026 883 oportebat,
1079 815 1335 869 nuntiare
1379 815 1538 872 nobis
1569 827 1709 871 ‘vera
1757 831 2104 886 summopere

523 903 830 973 studuistis,
857 905 1157 976 praesertim
1179 923 1302 962 cum
1327 909 1500 964 multa
1519 917 1572 964 et
1597 909 1746 964 varia
1768 925 1830 966 ex
1857 913 2104 981 partibus

521 987 723 1053 vestris
746 997 890 1068 apud
925 1002 1027 1070 nos
1048 997 1372 1055 referantur.
1401 998 1760 1058 Notiiicamus
1799 1007 1983 1058 autem
2015 1005 2100 1060 di-

520 1081 737 1161 lectioni
763 1097 979 1160 vestrae,
1003 1105 1143 1160 pene
1181 1107 1371 1150 omnes
1415 1101 1634 1150 nostros
1663 1091 1867 1162 fideles,
1917 1097 2102 1153 audita

520 1193 656 1234 voce
680 1178 828 1252 (406)
877 1178 1148 1252 Rodulpbi
1188 1180 1359 1238 beatas
1386 1185 1664 1243 memoriae
1698 1188 1862 1259 regis,
1893 1187 1992 1242 niti
2034 1189 2104 1245 ad

523 1263 628 1320 hoc
641 1282 745 1322 nos
764 1270 971 1326 crebris
991 1271 1461 1332 adhortationibus
1483 1275 1721 1345 ﬂectere,
1736 1287 1796 1332 ut
1809 1276 2102 1334 llenricum

514 1353 843 1439 jampridem
863 1403 876 1426 ,
901 1361 1043 1418 sicut
1063 1363 1235 1432 scitis,
1258 1365 1413 1438 plura
1441 1365 1620 1425 facere
1645 1369 1803 1426 nobis
1828 1379 2100 1442 paratum,

517 1445 610 1536 cui
645 1445 815 1525 ferme
851 1465 1044 1509 omnes
1073 1453 1241 1511 Italici
1265 1453 1466 1526 favent,
1501 1457 1557 1514 in
1593 1461 1822 1532 gratiam
1857 1471 2128 1536 nostram,

517 1533 848 1612 recipiamus
873 1562 886 1598 :
917 1545 1257 1616 adjicientes,
1282 1549 1328 1606 si
1353 1550 1444 1605 ille
1488 1551 1541 1606 in
1579 1549 1786 1607 Italiam
1803 1595 1820 1621 ,
1843 1569 1942 1624 pro
1964 1553 2104 1610 velle

517 1633 574 1703 et
599 1639 798 1688 conatu
829 1650 938 1690 suo
983 1641 1094 1693 non
1119 1641 1306 1697 valens
1341 1641 1629 1699 nobiscum
1665 1645 1864 1702 habere
1890 1643 2098 1716 pacem,

515 1727 708 1776 contra
734 1735 979 1782 sanctam
1005 1727 1302 1793 Ecclesiam
1331 1734 1560 1802 venerit,
1585 1740 1652 1790 ex
1693 1736 1848 1792 vobis
1895 1737 2098 1796 frustra

2202 545 2257 592 et
2291 536 2614 608 largissimae
2639 535 2832 592 dandae
2858 537 3240 610 eleemosynao,
3275 536 3776 610 omnihusqu'emo-

2199 625 2286 682 dis
2313 625 2642 698 Redemptor
2687 631 2878 683 noster
2905 629 3220 684 exorandus
3245 639 3310 684 ut
3327 630 3544 686 inimici
3591 633 3774 698 nostri,

2199 731 2343 786 quos
2368 731 2472 772 suo
2487 726 2770 788 praecepto
2791 719 3088 792 diligimus,
3119 721 3476 792 resipiscam;
3497 730 3558 780 et
3582 722 3650 778 ad
3672 735 3796 796 ειν

2201 807 2370 862 mium
2400 817 2603 864 sanetae
2625 805 2884 866 Ecclesiae
2907 811 3152 878 redeant,
3181 825 3402 884 sumque
3423 824 3667 882 sponsae,
3685 827 3780 884 pro

2199 913 2308 968 qua
2333 899 2476 953 mori
2503 899 2758 972 dignatus
2781 909 2888 968 est,
2931 900 3277 959 defensorem
3305 911 3361 958 et
3387 908 3682 970 rectorem,
3705 906 3778 960 sic

2200 994 2262 1044 ut
2313 991 2450 1044 «eain
2476 991 2670 1057 adeeet,
2717 991 3022 1048 clementer
3069 993 3298 1048 tribuat.
3342 993 3458 1050 Nisi
3511 995 3678 1050 enim
3709 996 3777 1050 ita

2199 1081 2458 1138 obediens
2492 1090 2552 1137 et
2573 1091 2776 1139 sanctae
2824 1083 3081 1140 Ecclesiae
3124 1085 3410 1141 humiliter
3449 1086 3698 1142 devotus
3720 1101 3779 1142 ac

2200 1172 2371 1239 utilis,
2403 1174 2868 1244 quemadmodum
2889 1174 3282 1232 Christianum
3317 1185 3503 1249 regem
3551 1187 3778 1248 oportet.

2199 1272 2254 1320 et
2296 1263 2440 1320 sicut
2485 1264 2554 1321 de
2599 1265 2904 1337 Rodulpho
2941 1267 3338 1338 speravimus;
3369 1268 3780 1340 fuerin-proud

2201 1355 2368 1411 dubio
2401 1355 2454 1411 ei
2471 1371 2598 1412 non
2617 1345 2784 1414 modo
2808 1353 2996 1414 sancta
3026 1357 3272 1416 Ecclesia
3297 1374 3409 1415 non
3437 1358 3670 1428 favebit,”
3693 1363 3780 1418 sed

2199 1445 2367 1502 etiam
2395 1448 2750 1504 eontradioiet.
2781 1448 2858 1504 De
2879 1450 3142 1520 pmdicto
3165 1439 3311 1506 enim
3341 1451 3640 1522 Rodulpho
3663 1457 3784 1524 iege

2199 1537 2332 1607 quid
2362 1545 2554 1594 sancta
2585 1531 2856 1596 'Romana
2905 1540 3152 1598 Ecclesia
3179 1543 3614 1612 speraverit,-'et
3655 1545 3798 1616 quid

2199 1627 2290 1684 ille
2317 1621 2683 1699 promittebat,
2710 1639 2771 1687 tu
2801 1632 2939 1702 ipse,
2969 1631 3139 1689 frater
3161 1633 3509 1702 charissima,
3533 1635 3672 1692 satis
3689 1649 3780 1691 eo-

2200 1721 2440 1792 gnoscis.
2463 1719 2975 1780 Providendum‘est
2990 1733 3147 1795 ergo
3169 1727 3592 1781 utnOn'miuus
3617 1724 3782 1782 abeo

515 1815 849 1881 sperandum
883 1817 1000 1878 fore
1039 1822 1322 1879 auxilium.
1375 1823 1532 1892 Quod
1575 1827 1798 1898 quidem
1841 1827 1886 1884 si
1915 1831 2090 1900 nobis,

2198 1811 2294 1882 qui
2325 1819 2410 1867 est
2431 1811 2715 1884 eligendus
2739 1814 2798 1868 in
2817 1825 3022 1885 regem,
3055 1815 3200 1870 inter
3223 1823 3325 1871 tot
3352 1816 3601 1886 pericula
3627 1825 3684 1870 et
3709 1816 3784 1870 la-

513 1905 612 1992 qui
633 1905 780 1962 illius
828 1912 1142 1982 superbiam
1193 1915 1662 1988 parvipendimus,
1707 1917 1944 1989 deficiat,
1989 1938 2099 1980 non

509 1994 650 2051 adeo
678 2015 842 2071 grave
885 2003 1114 2060 videtur.
1163 2003 1222 2060 Si
1249 2023 1379 2064 vero
1421 2007 1544 2064 filiae
1585 2019 1790 2066 nostrae
1830 2011 2097 2083 Mathildi,

514 2087 674 2188 cujus
698 2091 932 2148 militum
955 2096 1168 2177 animos
1198 2096 1302 2170 ipsi
1340 2100 1698 2170 perpenditis,
1727 2117 1758 2156 a
1781 2103 1938 2158 vobis
1979 2103 2100 2188 suf-

513 2175 788 2253 fragatum
818 2200 924 2239 non
951 2175 1290 2260 fuerit,quid
1313 2189 1462 2246 aliud
1503 2201 1692 2258 restat,
1719 2193 1825 2248 nisi
1866 2202 1946 2260 ut,
1971 2178 2122 2254 cum
2223 2177 2234 2215 ί

514 2267 600 2324 δαί
642 2273 896 2330 resistere
937 2281 1332 2348 recusaverint,
1374 2299 1540 2354 quam
1585 2285 1774 2356 utique
1802 2287 1906 2342 hac
1940 2288 1995 2342 in
2039 2304 2099 2344 re

513 2375 616 2434 pro
645 2362 838 2422 insana
886 2367 1107 2438 habent,
1157 2371 1274 2442 ipsa
1301 2373 1386 2426 vel
1429 2381 1616 2430 coacta
1640 2377 1770 2446 paci
1812 2377 1960 2434 illius
2001 2396 2098 2435 ac-

511 2450 782 2540 quiescat,
829 2468 925 2514 aut
966 2462 1230 2534 quidquid
1269 2465 1549 2536 possidere
1585 2467 1800 2522 videtur
1843 2469 2100 2526 amittat?

510 2541 880 2610 Quamobrem
903 2567 1250 2626 summopere
1271 2555 1368 2611 niti
1390 2573 1488 2614 vos
1509 2567 1720 2629 oportet
1739 2575 1860 2614 eam
1891 2571 2095 2617 certam

513 2635 843 2724 reddere‘an
874 2659 938 2698 ex
979 2645 1136 2702 vobis
1167 2649 1486 2722 prmsidium
1528 2659 1845 2721 exspectare
1868 2653 2096 2710 ﬁrmiter

508 2725 723 2806 debeat.
755 2729 812 2788 Si
843 2731 1114 2794 Henricus
1145 2737 1284 2796 forte
1327 2741 1758 2814 Longobardiam
1790 2745 2092 2814 intraverit,

511 2819 806 2880 admonere
826 2826 990 2882 etiam
1015 2837 1086 2896 te,
1109 2831 1433 2889 charissime
1466 2833 1683 2902 fratrer,
1711 2835 1965 2894 volumus
1987 2839 2091 2892 du-

511 2925 628 2966 cem
665 2911 1022 2988 Welphonem
1066 2931 1125 2978 ut
1153 2923 1464 2986 ﬁdelitatem
1508 2927 1668 2983 beato
1706 2925 1866 2983 Petro
1908 2928 2090 2997 faciat,

510 3001 656 3062 sicut
680 3021 864 3088 coram
892 3011 1236 3082 imperatrice
1261 3015 1468 3089 Agnete
1488 3026 1542 3074 et
1563 3019 1822 3092 episcopo
1841 3019 2091 3077 Cumano

510 3105 726 3194 meeum
747 3099 1036 3172 disposuit,
1066 3122 1330 3164 concesso
1353 3110 1457 3166 sibi
1480 3119 1604 3182 post
1645 3121 1876 3168 mortem
1917 3111 2090 3183 patris
2117 3149 2160 3208 ο

491 3187 641 3276 εὐς
671 3189 952 3250 beneflcio.
1000 3196 1155 3254 Illum
1197 3201 1344 3256 enim
1387 3209 1561 3257 totum
1607 3203 1660 3258 in
1699 3205 1906 3276 gremio
1945 3205 2090 3260 beati

508 3271 657 3366 Petri
697 3281 1072 3346 desideramus
1110 3291 1398 3360 collocare,
1444 3301 1498 3349 et
1539 3295 1606 3350 ad
1645 3295 1766 3366 ejus
1807 3294 2090 3354 servitium

509 3371 818 3441 specialiter
837 3393 1154 3447 provocare.
1181 3382 1355 3451 Quam
1379 3386 1708 3444 voluntatem
1735 3387 1780 3444 si
1803 3389 1858 3444 in
1889 3405 1974 3456 eo,
2005 3391 2091 3446 vel

491 3463 759 3553 etiamin
785 3459 909 3526 aliis
954 3474 1270 3544 potentibus
1297 3476 1430 3532 viris
1456 3493 1643 3534 amore
1671 3477 1731 3533 Β.
1790 3479 1934 3536 Petri
1989 3477 2090 3553 pro

509 3569 734 3646 suorum
761 3573 1113 3630 peccatorum
1143 3567 1486 3625 absolutione
1509 3569 1711 3637 ductis,
1743 3573 2086 3644 cognoveris,

491 3645 569 3718 'ut
594 3649 878 3720 perﬁciant
903 3653 1144 3724 elabora,
1176 3673 1384 3730 nosque
1408 3669 1588 3716 certos
1611 3661 1836 3718 reddere
1862 3663 2090 3736 diligen-

483 3747 590 3816 _ter
623 3755 876 3812 procura.
915 3740 1030 3803 Hac
1055 3749 1204 3804 enim
1233 3749 1450 3819 fiducia,
1503 3761 1563 3806 ut
1587 3749 1759 3810 Italici
1795 3755 1986 3815 remoti
2017 3755 2088 3812 ab

506 3825 741 3918 llenrieo
794 3829 980 3906 nobis,
1015 3839 1126 3896 imo
1160 3839 1220 3896 Β.
1266 3840 1430 3898 Petro
1470 3842 1700 3901 ﬁdeliter
1752 3847 2084 3918 adhaereant,

503 3915 616 4004 Deo
645 3921 956 4000 adiuvante,
1005 3929 1214 3989 edicere
1243 3933 1536 3990 credimus.
1573 3934 1840 3994 Praeterea
1893 3915 2105 3996 admoQ.

476 4015 676 4090 nandi
695 4027 824 4092 sunt
848 4035 1039 4079 omnes
1089 4023 1145 4079 in
1177 4025 1424 4096 partibus
1451 4028 1647 4084 vestris
1695 4027 1987 4086 Dominum
2015 4033 2086 4088 ti-

475 4116 735 4195 ‘mentes,
767 4126 834 4166 ac
861 4105 1077 4185 sponsae
1101 4115 1305 4173 Christi
1333 4117 1640 4176 libertatem
1682 4121 1992 4195 diligentes,
2025 4135 2085 4180 ut

499 4213 612 4254 non
646 4193 828 4274 aliqua
855 4196 1028 4277 gratia
1071 4209 1330 4266 suadente
1357 4219 1452 4266 aut
1502 4212 1614 4268 ullo
1643 4193 1801 4270 metu
1834 4226 2080 4288 cogente,

497 4303 794 4376 properent
819 4287 940 4354 eam
970 4307 1171 4358 temere
1197 4319 1488 4374 personam
1516 4305 1747 4378 eligere,
1775 4307 1934 4378 cujus
1963 4291 2082 4364 me?

473 4377 586 4470 res
619 4393 674 4469 et
697 4377 890 4444 caetera
909 4406 1032 4460 qum
1057 4392 1170 4464 regi
1197 4403 1410 4464 oportet
1433 4377 1615 4452 inesse
1644 4413 1678 4452 a
1733 4377 2076 4470 suscipienda

2200 1904 2362 1960 bores
2387 1919 2610 1974 sperare
2637 1905 2954 1962 debeamus.
2981 1904 3101 1973 Qua
3121 1906 3193 1962 de
3219 1922 3279 1962 re
3295 1907 3432 1978 quid
3461 1907 3782 1978 promissio-

2200 1994 2288 2050 nis
2303 1995 2621 2066 juramento
2649 2004 2838 2052 sancta
2864 1994 3114 2053 Romana
3136 1996 3377 2054 Ecclesia
3398 1999 3474 2054 ab
3489 1998 3591 2054 illo
3613 1998 3784 2070 requi-

2199 2093 2306 2152 rat,
2333 2087 2392 2142 in
2418 2089 2670 2160 sequenti
2697 2087 3090 2160 signiﬁcamus.

2229 2177 2234 2215 ῑ
2587 2213 2593 2219 -
2702 2179 3079 2235 duramentum
3113 2181 3271 2253 regis.

2263 2269 2293 2322 ἰ
2322 2268 2404 2324 Ab
2429 2270 2532 2326 hac
2565 2271 2699 2326 hora
2741 2272 2808 2344 et:
2831 2271 3102 2343 deinceps-
3128 2272 3304 2329 tidelis
3327 2281 3425 2330 ero
3451 2287 3558 2344 per
3580 2281 3778 2328 meta

2197 2360 2359 2417 ﬁdem
2404 2359 2574 2417 beato
2608 2361 2769 2417 Petro
2819 2364 3069 2434 apostolo
3109 2364 3337 2436 ejusque
3377 2365 3588 2420 vicario
3631 2377 3782 2436 papa

2197 2451 2460 2522 Gregorio
2495 2453 2591 2522 qui
2632 2468 2781 2509 nunc
2806 2454 2865 2508 in
2901 2467 3068 2510 carne
3109 2455 3280 2511 vivit:
3307 2464 3366 2511 et
3415 2457 3780 2526 quodwnque

2197 2543 2334 2598 mihi
2359 2541 2478 2613 ipse
2501 2551 2640 2614 papa
2667 2546 3010 2616 praeceperit,
3037 2547 3144 2602 sub
3175 2547 3262 2603 his
3285 2547 3540 2603 videlicet
3557 2547 3774 2604 verbis:

2197 2634 2304 2690 Per
2329 2649 2506 2689 veram
2533 2635 2908 2704 obedientiam,
2939 2637 3189 2704 fideliter,
3213 2638 3356 2694 sicut
3375 2648 3598 2708 Oportet
3621 2637 3777 2694 Chri-

2195 2726 2456 2794 stianum,
2484 2727 2808 2784 observabo.
2859 2729 2940 2784 De
2979 2729 3323 2786 ordinatione
3353 2741 3492 2786 vero
3517 2728 3778 2786 ecclesia-

2193 2833 2338 2884 rum,
2365 2825 2420 2873 et
2447 2817 2514 2874 de
2543 2819 2706 2876 terris
2731 2821 2815 2875 vel
2845 2836 3014 2877 censu
3037 2837 3160 2892 quae
3186 2819 3583 2878 Constantinus
3607 2819 3776 2891 impe~

2195 2919 2366 2976 rator,
2404 2910 2490 2966 vel
2535 2909 2786 2979 Carolus,
2835 2921 3026 2968 sancto
3062 2912 3228 2970 Petro
3277 2913 3566 2980 dederunt,
3613 2922 3671 2968 et
3711 2912 3776 2967 de

2195 3003 2452 3060 omnibus
2481 3002 2728 3060 ecclesiis
2761 3005 2850 3059 vel
2869 3018 2872 3027 '
2891 3005 3112 3075 praediis
3163 3019 3288 3077 qua:
3315 3004 3636 3076 apostolica
3661 3003 3772 3060 sedi

2193 3095 2264 3151 ab
2289 3095 2562 3164 aliquibus
2581 3095 2713 3151 viris
2735 3097 2818 3151 vel
2838 3095 3156 3152 mulieribus
3177 3097 3360 3168 aliquo
3381 3105 3632 3166 tempore
3647 3103 3778 3152 sunt

2193 3187 2374 3243 oblata
2402 3185 2485 3242 vel
2513 3201 2795 3256 concessa,
2819 3196 2876 3244 et
2915 3188 2973 3242 in
2999 3203 3122 3244 mea
3153 3197 3284 3246 sunt
3313 3189 3398 3244 vel
3428 3187 3640 3244 fuerint
3681 3202 3775 3257 ro-

2191 3285 2405 3346 testate,
2435 3277 2508 3333 ita
2529 3279 2852 3334 conveniam
2874 3292 3002 3336 cum
3027 3293 3187 3351 papa,
3206 3287 3269 3335 ut
3283 3280 3592 3351 periculum
3616 3279 3786 3336 sata-iv-

2191 3371 2317 3444 legii
2339 3377 2393 3426 et
2425 3371 2798 3442 perditionem
2827 3370 3030 3428 animae
3065 3387 3200 3428 mea:
3223 3387 3334 3428 non
3375 3371 3657 3428 incurram
3683 3388 3700 3435 ;
3725 3380 3778 3426 et

2191 3462 2302 3519 Deo
2346 3471 2650 3534 sanctoque
2697 3463 2878 3532 Petro,
2927 3463 3222 3536 adiuvante
3266 3463 3512 3532 Christo,
3553 3463 3774 3536 dignum

2193 3555 2457 3611 honorem
2477 3564 2534 3612 et
2554 3555 2844 3612 utilitatem
2869 3556 3215 3628 impendam;
3247 3565 3304 3612 et
3337 3567 3408 3612 eo
3437 3556 3532 3612 die
3557 3555 3780 3627 quando

2188 3647 2342 3702 illum
2369 3647 2626 3719 primitus
2659 3648 2866 3716 videro,
2889 3647 3120 3706 ﬁdeliter
3152 3663 3250 3720 per
3271 3663 3470 3704 manus
3495 3661 3652 3704 meas
3675 3648 3780 3704 mi-

2187 3739 2268 3796 les
2286 3741 2464 3796 sancti
2481 3737 2630 3796 Petri
2649 3749 2706 3796 et
2725 3741 2872 3796 illius
2891 3739 3159 3798 eiliciarh
3181 3739 3384 3797 Verum
3403 3741 3674 3812 quoniam
3695 3749 3778 3796 re-

2185 3831 2446 3904 ligionem
2471 3842 2623 3888 tuam
2663 3832 2977 3904 apostolicae
3003 3834 3124 3891 sedi
3149 3833 3365 3890 ﬁdelem
3385 3841 3443 3889 et
3484 3832 3776 3904 promissis

2182 3932 2434 3980 tenemus
2459 3931 2514 3980 et
2555 3923 2942 3996 experimentis
2974 3941 3086 3982 non
3115 3924 3456 3993 dubitamus,
3499 3925 3573 3982 de
3600 3925 3693 3980 bis
3725 3924 3776 3979 si

2185 4015 2316 4087 quid
2337 4016 2693 4074 minuendum
2725 4018 2810 4074 vel
2838 4018 3148 4090 augendum
3177 4017 3484 4085 censueris,
3531 4028 3648 4072 nou
3681 4023 3774 4072 'ta-

2185 4121 2308 4163 men
2331 4109 2698 4178 praetermisso
2717 4109 2928 4182 integro
2949 4109 3221 4167 ﬁdelitatis
3235 4110 3420 4178 modo,
3441 4117 3500 4166 et
3515 4109 3779 4166 obedien-

2128 4230 2148 4248 ο
2183 4199 2275 4256 tia:
2297 4201 2681 4271 promissione,
2724 4204 2983 4273 potestati
3007 4211 3134 4271 tuae,
3173 4209 3230 4258 et
3249 4201 3374 4258 ﬁdei
3406 4217 3578 4274 quam
3619 4203 3778 4258 beato
3824 4198 3833 4207 ’

2181 4295 2345 4353 Petro
2368 4297 2556 4364 debes,
2583 4295 3000 4352 committimus.
3027 4294 3184 4362 Quod
3217 4310 3348 4350 vero
3365 4293 3438 4350 de
3471 4292 3776 4350 sacerdoti-

2181 4389 2285 4445 bus
2312 4389 2712 4461 interrogastis,
2745 4389 2922 4458 placet
2951 4388 3112 4444 nobis
3154 4395 3216 4442 ut
3255 4382 3770 4458 impraesentiarum,

494 4461 1141 4552 Christiante’religionis
1162 4461 1476 4559 defensione
1501 4496 1555 4542 et
1584 4489 1714 4543 cura
1745 4461 2076 4546 discordem.
2111 4497 2158 4554 D
2182 4490 2296 4550 tum
2319 4488 2541 4552 propter
2552 4481 2876 4558 Populol'um
2901 4480 3260 4547 ῑιινδᾶίίοηθθν
3283 4486 3402 4534 tum
3437 4479 3608 4534 θιίθω
3649 4487 3775 4550 PN“

493 4561 686 4626 Melius
713 4572 912 4644 quippe
947 4571 1080 4629 fore
1109 4567 1440 4632 arbitramur
1469 4587 1530 4632 ut
1573 4567 1758 4650 aliqua
1793 4596 1946 4636 mora
1984 4597 2072 4639 se-

487 4660 731 4716 cundum
782 4662 1078 4720 Dominum
1115 4667 1183 4722 ad
1237 4667 1503 4724 honorem
1561 4679 1766 4726 sanctae
1814 4670 2074 4730 Ecclesia:

470 4741 844 4818 'provideatur
885 4755 1135 4826 idoncu‘s,
1166 4775 1332 4830 quam
1379 4760 1609 4816 nimium
1661 4760 1970 4822 festinando
2016 4766 2074 4823 in

492 4855 676 4913 regem
708 4845 908 4917 aliquis
955 4851 1240 4906 ordinetur
1269 4851 1544 4924 indignus.
1586 4851 1803 4912 Scimus
1851 4858 2071 4928 quidem

465 4935 642 5004 'quod
687 4935 884 4994 fratres
935 4943 1108 4996 nostri
1165 4943 1328 5014 longo
1389 4946 1688 5002 certamine
1735 4948 2072 5020 diversisque

491 5028 994 5098 perturbationibus
1048 5033 1374 5106 fatigantur;
1428 5037 1666 5096 nobilius
1719 5050 1900 5097 tamen
1947 5049 2070 5099 esse

489 5117 1048 5190 dignosciturmulto
1099 5133 1340 5198 tempore
1393 5143 1493 5198 pro
1552 5129 1826 5188 libertate
1865 5143 2069 5190 sanctas

489 5207 750 5271 Ecclesia:
773 5212 1074 5280 decertare,
1103 5231 1268 5284 quam
1297 5221 1512 5278 misera:
1543 5239 1610 5278 ac
1635 5223 1920 5282 diabolicae
1951 5241 2068 5282 ser-

487 5293 648 5374 vituti
677 5301 978 5374 subjacere.
1033 5303 1256 5364 Certant
1310 5326 1544 5384 namque
1597 5315 1804 5384 miseri,
1863 5317 2069 5374 scilicet

2178 4581 2304 4644 pter
2324 4573 2596 4629 bonorum
2621 4573 2886 4644 inopiam,
2913 4573 3120 4630 scilicet
3139 4571 3267 4642 quia
3285 4571 3609 4642 paucissimi
3647 4578 3776 4628 sunt

2179 4667 2276 4738 qui
2299 4666 2550 4722 ﬁdeli-bus
2587 4663 2918 4722 Christianis
2938 4664 3114 4720 cilicia
3137 4663 3414 4735 religionis
3435 4663 3770 4734 persolvant,

2177 4775 2278 4830 pro
2303 4768 2545 4829 tempore
2565 4755 2798 4829 rigorem
2822 4757 3152 4814 canenicu‘m
3174 4755 3550 4824 temperando,
3575 4754 3771 4810 debea-

2175 4849 2250 4907 tis
2273 4851 2519 4906 suil‘erre.
2543 4847 2621 4904 De
2665 4849 2754 4904 his
2795 4863 3030 4920 namque
3067 4847 3219 4918 pacis
3263 4853 3319 4902 et

2178 4947 2442 5012 tempore,
2467 4941 2637 5012 quod,
2658 4939 3232 5006 Dominomiserante,
3256 4938 3368 4994 cito
3386 4937 3640 4994 futura
3659 4949 3774 4994 cre-

2177 5033 2382 5100 dimus,
2410 5033 2820 5090 convenientius
2843 5025 3066 5089 tractari
3090 5031 3416 5104 pleniusque
3452 5031 3766 5102 poteritca-

2177 5124 2412 5182 nonicus
2435 5125 2572 5182 ordo
2606 5124 2832 5180 servari.
2869 5122 3146 5180 Caeterum
3189 5123 3256 5179 de
3283 5121 3568 5194 Buggone,
3609 5113 3766 5192 cuius

2174 5216 2444 5272 malitiam
2492 5215 2864 5288 signiﬁcastis,
2914 5216 3150 5272 necdum
3191 5222 3400 5270 tantam
3438 5221 3760 5285 potestatem

2173 5309 2426 5366 videlicet
2477 5308 2790 5366 absolvendi
2833 5307 2938 5366 sibi
2990 5315 3102 5364 tam
3140 5317 3346 5363 temere
3388 5306 3756 5370 commisisse.
