3972 5390
500 268 501 271 η
547 244 650 301 όέ9

1187 249 1243 303 S.
1284 246 1613 305 GREGORII
1650 248 1742 305 VII
1774 249 1979 308 PAPE
2018 249 2303 308 OPERUM
2341 249 2523 307 PARS
2560 252 2601 307 Ι.
2642 280 2711 293 --
2748 251 3171 311 BEGIS'I'RL'M.

3694 253 3792 310 6Ξο

539 358 784 416 ternitati
816 360 998 431 itaque
1021 369 1131 416 tuae
1159 362 1419 433 jubemus
1457 372 1518 419 ut
1560 372 1655 421 aut
1695 374 1756 422 tu
1799 366 1935 438 ipse,
1986 366 2128 438 quod
2158 369 2205 427 A
2300 366 2574 439 rependat1
2605 374 2655 421 et
2684 369 2958 438 premissis
2980 368 3320 439 satisfaciens
3344 366 3590 423 Romam
3614 366 3794 423 Eccle-

537 452 714 522 magis
740 460 1014 522 optamus,
1044 453 1112 509 de
1145 455 1250 509 hoc
1277 465 1330 510 et
1361 456 1429 510 de
1472 456 1594 512 aliis
1627 458 1927 527 majoribus
1958 474 2125 529 nego-

537 540 631 595 tiis
677 541 960 597 nobiscum
1007 550 1338 598 tractaturus
1387 545 1644 601 advenias
1669 587 1684 613 ,
1731 555 1825 602 aut
1870 547 2125 603 idoneum

536 629 789 687 nuntium
835 646 960 687 cum
993 630 1189 688 litteris
1233 648 1398 705 super
1427 634 1531 691 hac
1565 651 1625 690 re
1664 629 1997 708 Compositis,
2031 637 2127 708 qui

533 736 648 790 eas,
678 723 727 779 si
767 723 840 779 sit
873 725 1265 796 necessarium,
1304 727 1620 799 juramento
1665 733 1998 803 comprobet,
2043 732 2128 790 di-

538 816 708 884 rigas.

602 909 736 968 Data
767 911 1071 983 Lateranis,
1108 917 1352 973 secundo
1377 934 1551 975 nonas
1574 919 1911 977 Decembris.

1067 1022 1404 1080 EPISTOLA
1440 1025 1582 1082 XVI.

753 1118 819 1157 AD
858 1119 1070 1160 οιειιῑῐιί
1110 1122 1182 1161 ΕΤ
1223 1122 1465 1163 νονυιιωι
1503 1124 1905 1167 ολιικοτεκεεκ.

1120 1198 1300 1272 (Auno
1354 1200 1536 1273 1081.)

531 1289 791 1368 Ρνωςίρὶε
818 1300 879 1346 ut
904 1295 1204 1368 episcopatu
1233 1312 1389 1368 suum
1421 1297 1485 1352 de
1525 1296 1665 1368 falso
1716 1296 1969 1355 Simonidi
2018 1302 2125 1355 cri-

604 1363 743 1417 mine
771 1373 1057 1445 purgatum
1080 1363 1261 1445 debita
1290 1367 1484 1445 honore
1524 1363 1841 1440 suscipiant,
1883 1372 2035 1443 eique
2060 1382 2118 1426 ut

602 1435 816 1503 proprio
841 1436 1046 1504 pastori
1069 1435 1338 1493 obediant.

571 1525 577 1531 ”
605 1521 914 1580 Gusconms
941 1524 1248 1597 episcopus,
1287 1543 1479 1585 servus
1512 1544 1794 1587 servorum
1824 1530 1939 1598 Dei,
1979 1532 2124 1587 clero

531 1624 586 1669 et
605 1616 806 1687 populo
833 1614 1187 1673 Carnotensis
1213 1617 1491 1690 Ecclesiae,
1515 1620 1742 1677 salutem
1779 1630 1833 1678 et
1860 1624 2120 1697 apostoli-

533 1725 653 1765 cam
677 1710 1133 1769 benedictionem.

603 1799 758 1867 Quod
789 1802 1107 1875 episcopum
1145 1814 1389 1862 vestrum
1416 1808 1607 1865 tandiu
1650 1810 1792 1880 apud
1837 1825 1940 1867 nos
1979 1811 2122 1868 deti-

531 1895 775 1964 nuimus,
815 1898 1002 1955 sciatis
1036 1916 1138 1957 nos
1166 1901 1369 1959 idcirco
1396 1905 1573 1976 egisse
1600 1913 1661 1961 ut
1691 1914 1915 1962 causam
1947 1907 2122 1979 ipsius

528 1990 761 2059 pleniter
794 1992 1149 2051 discutientes
1184 1994 1573 2054 irretractabili
1614 1999 1723 2055 ﬁne
1757 2001 2119 2058 concludere-

534 2098 679 2139 mus.
708 2083 839 2139 Inde
860 2086 1026 2141 etiam
1046 2087 1243 2144 litteris
1270 2090 1479 2146 nostris
1503 2091 1572 2146 ad
1597 2091 1837 2163 legatum
1867 2101 2118 2151 nostrum

534 2175 853 2245 episcopum
870 2175 1126 2233 Diensem
1150 2179 1376 2237 directis
1398 2182 1780 2239 mandavimus
1805 2192 1868 2239 ut
1886 2194 1983 2240 aut
2002 2186 2119 2257 ipse

534 2266 602 2319 ad
632 2279 732 2321 nos
759 2266 986 2336 veniret,
1021 2277 1116 2325 aut
1140 2271 1394 2327 nuntium
1432 2289 1595 2329 suum
1624 2288 1750 2330 cum
1779 2276 1976 2333 litteris
2007 2279 2114 2334 hu-

528 2356 622 2427 jus
645 2358 846 2429 negotii
870 2360 1064 2417 seriem
1087 2363 1494 2420 continentibus
1516 2365 1675 2423 nobis
1697 2368 2111 2426 transmitteret.

532 2445 734 2504 Verum
767 2451 1013 2521 apicibus
1037 2452 1183 2510 illius
1212 2457 1481 2527 susceptis
1517 2459 1822 2529 reperimus
1855 2475 1982 2517 eum
2017 2463 2118 2519 ali—

536 2542 863 2609 quantulum
896 2560 927 2599 a
958 2544 1139 2601 verbis
1178 2548 1437 2604 avunculi
1480 2549 1666 2620 hujus,
1712 2551 1921 2609 scilicet
1959 2552 2115 2611 Pari-

532 2631 733 2690 siensis
760 2635 1022 2708 episcopi,
1052 2637 1362 2694 dissentire.
1407 2639 1511 2696 Sed
1537 2642 1907 2701 diversitatem
1939 2646 2115 2717 ipsam

530 2720 945 2793 diligentissime
962 2726 1375 2798 perspicientes,
1398 2731 1756 2802 cognovimus
1775 2736 2115 2805 praelibatum

532 2816 834 2885 negotium,
891 2817 1153 2874 inviolata
1199 2818 1434 2891 justitia,
1484 2839 1596 2879 non
1655 2825 1957 2899 incongrue
1989 2845 2114 2885 cum

532 2906 904 2964 misericordia
938 2925 1101 2981 posse
1137 2915 1381 2970 tractari.
1413 2913 1756 2989 Quapropter
1786 2920 1970 2977 divino
1991 2921 2117 2979 freti

531 2997 760 3067 auxilio,
793 3002 1109 3058 censuimus
1137 3020 1206 3060 ne
1245 3005 1477 3062 ulterius
1511 3008 1659 3065 hunc
1695 3008 1820 3066 falsi
1867 3012 2114 3070 criminis

2297 439 2397 492 sie
2412 438 2482 491 ab
2519 437 2753 494 Henrico
2781 448 2981 495 vexatae
3010 440 3081 497 sit
3105 437 3333 493 auxilio.

2300 527 2608 585 Caesonius
2652 531 2944 602 episcopus
2986 546 3180 587 servus
3222 545 3509 585 servorum
3553 529 3668 597 Dei,
3690 529 3792 587 Ro-

2228 634 2402 674 nnaro
2432 620 2675 691 glorioso
2699 622 2848 690 duci,
2891 622 3124 681 salutem
3155 629 3213 678 et
3248 621 3609 692 apostolicam
3640 623 3789 689 haue-

2226 710 2547 766 dictionem.
2988 750 2992 757 ο
3356 760 3359 763 .
3666 788 3670 791 Ι

2299 801 2457 869 Quod
2505 803 2644 875 gesti
2694 805 2823 861 belli
2864 813 3192 877 proventum
3227 812 3285 862 et
3325 805 3535 877 adeptae
3566 805 3795 863 victoria

2225 894 2464 964 palmam
2488 895 2724 952 nobis‘et
2752 896 3016 953 Romanis
3043 897 3360 973 notiﬁcasti,
3386 897 3445 953 id
3463 898 3609 968 quod
3628 898 3793 955 decuit

2227 984 2482 1055 prudenti
2523 987 2755 1042 consilio
2786 1004 2923 1045 usus
2963 988 3147 1059 egisti,
3182 996 3245 1043 ut
3285 1003 3377 1045 res
3401 1003 3566 1061 quam
3589 1004 3656 1044 ex
3677 998 3794 1044 voto

2229 1076 2531 1131 amicorum
2559 1078 2794 1148 gloriose
2817 1079 3155 1145 obtinueras,
3188 1078 3435 1149 ipsorum
3457 1081 3789 1150 congratula-

2225 1168 2468 1225 tionibus
2493 1168 2785 1239 gloriosior
2811 1170 2911 1225 tibi
2943 1171 3258 1237 redderetur
3293 1178 3459 1240 atque
3491 1170 3791 1240 jucundior.

2225 1255 2452 1328 Oportet
2485 1259 2691 1317 interea
2731 1268 2786 1317 te
2828 1261 2981 1317 illum
3013 1261 3122 1317 alta
3161 1261 3426 1316 memoria
3462 1261 3626 1333 ﬁgere
3649 1262 3795 1333 cujus

2223 1346 2412 1403 favore
2436 1358 2492 1404 et
2524 1350 2728 1406 auxilio
2772 1365 2886 1407 non
2920 1350 3155 1422 ambigis
3200 1368 3291 1408 res
3322 1360 3450 1407 tuas
3487 1353 3792 1423 jamdudum

2224 1440 2536 1512 procedere.
2574 1441 2711 1499 Nam
2737 1444 2881 1499 sicut
2914 1444 3245 1514 ingratitudo
3270 1453 3535 1515 provocat
3556 1446 3791 1517 indigna-

2221 1531 2450 1599 tionem,
2474 1533 2551 1589 ita
2573 1534 2791 1589 devotio
2810 1535 3197 1590 incunctanter
3222 1537 3537 1593 accumulat
3554 1536 3789 1607 gratiam.

2224 1612 2566 1696 Quapropter
2592 1624 2811 1681 licatum
2830 1624 3077 1695 Petrum,
3102 1626 3259 1698 cujus
3281 1627 3375 1682 tibi
3390 1628 3593 1683 adesse
3622 1636 3793 1698 patro-

2153 1728 2197 1783 Β
2221 1714 2679 1787 ciaiumgraudia
2729 1716 2872 1774 facta
2918 1726 3214 1792 testantur,
3239 1733 3353 1790 prae
3399 1712 3577 1774 oculis
3608 1719 3795 1803 habere

2219 1822 2439 1880 semper
2460 1809 2804 1877 memineris,
2831 1810 3063 1881 ejusque
3097 1809 3395 1888 beneﬁciis,
3431 1826 3560 1866 cum
3586 1825 3794 1866 necesse

2219 1908 2323 1967 est,
2350 1908 2562 1972 gratam
2583 1901 2759 1957 vicem
2783 1903 3087 1973 rependens
3120 1901 3299 1972 ipsum
3325 1902 3394 1957 de
3420 1909 3641 1967 caetero,
3659 1901 3793 1975 velut

2217 1990 2540 2058 debitorem,
2576 1990 2788 2048 eﬁicere
2819 1991 2916 2047 tibi
2945 1999 3273 2062 procurato;
3299 1992 3368 2047 de
3393 2005 3507 2061 quo
3544 1993 3791 2045 nimirum

2217 2096 2284 2139 eo
2306 2082 2490 2154 magis
2513 2098 2845 2154 praesumere
2884 2083 3090 2154 poteris
3120 2096 3232 2154 quo
3267 2082 3507 2154 amplius
3529 2083 3791 2153 obsequiis

2216 2173 2372 2230 illum
2429 2173 2525 2230 tibi
2571 2174 2732 2246 quasi
2776 2175 3075 2233 obnoxium
3118 2174 3467 2230 astrinxeris.
3534 2173 3791 2230 Memento

2216 2265 2402 2337 itaque
2423 2266 2615 2324 matris
2645 2275 2755 2323 tua:
2775 2275 2978 2323 sanctae
3007 2266 3269 2321 Romanae
3290 2264 3573 2332 Etclesiaa,
3598 2282 3718 2336 quae
3733 2266 3793 2321 de

2215 2363 2271 2412 te
2299 2357 2443 2413 inter
2464 2366 2699 2415 caeteros
2728 2358 3008 2430 principes
3038 2358 3349 2430 specialiter
3379 2358 3612 2414 conﬁdit
3634 2366 3689 2413 et
3705 2373 3791 2428 pe-

2217 2450 2499 2507 culiariter
2524 2449 2719 2521 diligit.
2758 2448 3029 2507 Memento
3070 2449 3222 2522 quod
3254 2449 3358 2504 sibi
3382 2448 3721 2520 promisisti;
3746 2458 3792 2503 et

2215 2542 2364 2613 quod
2387 2540 2663 2612 pollicitus
2689 2556 2749 2598 es
2775 2542 2886 2613 (cui
2908 2541 3075 2599 etiam
3096 2557 3208 2596 non
3231 2541 3583 2611 promittens,
3603 2556 3671 2597 ex
3683 2542 3795 2612 jure

2215 2634 2650 2694 Christianitatis
2695 2634 2861 2691 debes
2907 2632 3248 2705 adimplere),
3283 2648 3412 2691 cum
3460 2634 3791 2704 promiseris,

2215 2742 2327 2784 non
2358 2727 2590 2783 ulterius
2619 2725 2862 2783 differas.
2885 2724 3006 2782 Non
3032 2728 3181 2783 enim
3205 2726 3427 2798 ignoras
3448 2735 3659 2797 quanta
3682 2741 3793 2797 per-

2215 2819 2457 2876 turbatio
2479 2827 2672 2877 contra
2702 2835 2821 2875 eam
2849 2834 2948 2891 per
2975 2817 3273 2876 Henricum
3297 2817 3509 2874 dictum
3532 2832 3715 2890 negem
3731 2818 3794 2873 sit

2217 2918 2361 2979 orta,
2389 2920 2768 2983 quantumque
2798 2920 2916 2979 tuo,
2962 2910 3060 2984 qui
3103 2928 3240 2968 suus
3282 2927 3343 2967 es
3388 2910 3564 2979 ﬁlius,
3605 2910 3793 2966 auxilio

2218 3003 2473 3075 indigeat.
2517 3003 2632 3075 Age
2653 3017 2804 3074 ergo,
2841 3011 2899 3059 ut
2922 3011 3191 3081 quantum
3221 3003 3406 3059 studet
3425 3003 3580 3060 ﬁlius
3604 3003 3793 3074 iniqui-

531 3090 668 3146 tanti
703 3092 989 3150 dilaniaret
1025 3094 1270 3165 infamia,
1300 3106 1362 3153 ut
1398 3101 1815 3171 praesentialiter
1838 3119 1936 3174 per
1974 3121 2034 3161 se
2063 3115 2118 3161 et
2143 3089 2186 3146 Ο
2217 3095 2345 3152 tatis
2371 3095 2669 3163 adversari,
2701 3110 2813 3150 ηοιι
2835 3095 3021 3153 minus
3048 3095 3242 3150 debet“
3264 3094 3333 3149 de
3363 3102 3474 3149 ῑυὶε
3498 3093 3794 3150 damonis

536 3174 869 3238 avunculum
899 3201 1083 3255 suum,
1106 3188 1234 3243 dato
1264 3206 1430 3262 supra
1459 3194 1891 3250 sacratissimum
1915 3213 2116 3269 corpus

528 3270 678 3326 beati
726 3273 874 3330 Petri
927 3279 1306 3347 apostolorum
1359 3283 1623 3356 principis
1647 3284 1961 3355 juramento
1994 3304 2117 3345 sese

530 3374 807 3436 purgaret.
831 3366 955 3424 Non
975 3370 1119 3426 enim
1147 3381 1240 3428 aut
1262 3374 1553 3445 cujuslibet
1579 3393 1831 3449 persona:
1857 3382 2112 3453 gratiam,

530 3464 627 3512 aut
666 3459 805 3515 lucri
836 3464 1153 3533 temporalis
1184 3467 1435 3523 ardorem
1482 3477 1696 3527 tantum
1722 3473 1905 3530 valere
1934 3476 2114 3531 credi-

530 3547 714 3605 dimus
734 3558 797 3605 ut
825 3553 1025 3625 aliquis
1048 3571 1197 3611 sanae
1225 3560 1425 3615 mentis
1450 3560 1553 3628 vir,
1577 3564 1882 3632 praesertim
1904 3567 2115 3638 episco-

532 3652 658 3710 pus,
689 3650 873 3712 spreto
911 3644 1081 3700 divini
1116 3646 1348 3704 horrore
1376 3649 1592 3720 judicii,
1622 3652 1769 3709 ultro
1810 3657 2113 3728 perjurium

528 3740 637 3787 tam
672 3747 833 3803 grave
878 3737 1007 3792 velit
1035 3746 1274 3809 patrare.
1324 3741 1594 3809 Quocirca
1636 3747 1980 3806 dilectionem
2020 3768 2115 3809 ve-

527 3831 701 3880 stram
748 3837 1058 3897 monentes,
1103 3846 1170 3887 ex
1207 3846 1361 3904 parte
1391 3837 1534 3892 beati
1564 3837 1712 3895 Petri
1739 3842 1896 3899 vobis
1922 3846 2115 3915 praci-

525 3917 707 3987 pimus
730 3930 790 3975 ut
812 3921 1098 3991 praefatum
1124 3926 1443 3997 episcOpum
1471 3937 1715 3987 vestrum
1740 3942 1964 4003 paterna
1986 3952 2113 3992 cum

525 4012 877 4068 veneration‘e
906 4016 1237 4087 suscipiatis,
1262 4019 1423 4091 eique
1452 4021 1695 4079 debitum
1719 4025 1986 4084 honorem
2014 4029 2113 4084 de-

524 4102 785 4172 ferentes,
800 4105 944 4163 sicut
965 4111 1173 4179 pastori
1206 4113 1492 4171 obediatis.
1519 4114 1789 4177 Praeterea
1810 4124 2112 4190 apostolica

523 4195 907 4256 interdictione
928 4200 1240 4261 inhibemus
1262 4222 1330 4263 ne
1349 4223 1475 4264 eum
1500 4225 1665 4281 super
1679 4212 1772 4267 illo
1787 4210 2113 4274 Simoniaca:

522 4285 921 4360 infamationis,
946 4310 1059 4364 quo
1091 4312 1151 4352 se
1196 4301 1468 4371 purgavit,
1505 4302 1694 4359 aliisve
1730 4303 1886 4362 falsis
1922 4308 2111 4365 crimi-

525 4379 709 4449 nibus,
732 4383 991 4456 deinceps
1033 4389 1252 4459 agitari,
1285 4407 1419 4447 neve
1460 4392 1663 4463 ipsum,
1697 4396 1842 4453 sicut
1881 4415 2003 4456 mos
2028 4410 2113 4457 est

2218 3188 2579 3258 opitulatione
2604 3194 2780 3243 mater
2807 3185 3050 3243 Ecclesia
3098 3186 3383 3258 gratulari.
3421 3184 3794 3241 Dubitavimus

2217 3279 2308 3336 hic
2337 3280 2576 3352 sigillum
2623 3278 2943 3351 plumbeum
2988 3293 3211 3349 ponere,
3246 3293 3317 3333 ne
3358 3278 3407 3333 si
3429 3279 3569 3334 illud
3603 3276 3793 3335 inimici

2216 3380 2493 3442 caperent,
2517 3372 2585 3427 de
2612 3385 2680 3427 eo
2716 3368 3011 3427 falsitatem
3037 3370 3278 3442 aliquam
3305 3366 3579 3426 facerent.

2720 3512 3059 3570 EPISTOLA
3087 3511 3274 3568 XVIII.

2806 3628 2987 3701 (Anno
3015 3626 3198 3702 1081.)

2220 3742 2289 3800 Ut
2312 3746 2368 3799 in
2408 3744 2745 3816 Lugdunensi
2786 3743 3028 3800 Ecclesia
3078 3744 3537 3815 ανοὴὶερὶεεοριιπι
3561 3746 3793 3800 idoneum

2243 3826 2248 3833 ”
2284 3814 2641 3887 ordinandum
2679 3824 2859 3887 curet;
2900 3816 3039 3887 quod
3070 3816 3177 3870 nisi
3205 3817 3311 3869 cito
3342 3814 3669 3887 reperiatur,
3694 3818 3792 3887 ἀρα

2282 3886 2399 3958 ejus
2426 3884 2681 3942 Ecclesia:
2706 3884 2938 3959 regimen
2957 3887 3247 3958 suscipiat.

2284 4020 2593 4078 Caesonius
2649 4020 2971 4094 episcopus,
3039 4037 3235 4079 servus
3306 4037 3601 4078 servorum
3666 4022 3788 4089 Dei,

2216 4112 2350 4168 V....
2386 4111 2535 4186 (411)
2585 4113 2787 4169 dilecto
2829 4113 2885 4170 in
2920 4112 3140 4169 Christo
3184 4112 3339 4169 fratri
3363 4123 3416 4170 et
3447 4116 3788 4187 coepismpo,

2213 4206 2445 4261 salutem
2470 4212 2525 4260 et
2545 4205 2904 4276 apostolicam
2928 4204 3382 4262 benedictionem.

2286 4295 2645 4367 Summopere
2687 4297 3092 4367 procurandum
3141 4298 3238 4353 tibi
3267 4297 3353 4353 est
3386 4305 3448 4353 ut
3488 4298 3548 4353 in
3602 4314 3789 4371 magna

2213 4388 2341 4443 sede
2362 4385 2713 4459 Lugdunensi
2741 4403 2854 4445 non
2874 4389 2968 4445 diu
3001 4389 3288 4446 diﬂ'eratur
3312 4389 3565 4446 ordinari
3612 4391 3790 4446 archi-

525 4477 1188 4551 quorumdam,prtelatos
1205 4483 1520 4542 criminosis
1540 4489 1945 4558 suspicionibus
1958 4508 2110 4549 com—
2142 4476 2187 4531 D
2213 4480 2521 4550 episcopus:
2566 4480 2663 4553 qui
2697 4496 2885 4536 revera
2919 4481 2991 4537 είῑ
3019 4481 3177 4538 miles
3214 4480 3424 4538 θιπίείί
3458 4490 3514 4537 εί
3543 4481 3791 4538 defenso”

524 4568 833 4636 maculare,
876 4570 1109 4628 ulterius
1169 4574 1369 4645 injuste
1421 4579 1704 4635 sollicitari
1747 4584 2108 4654 permittatis,

529 4657 625 4711 sed
647 4674 795 4729 eum,
828 4670 890 4717 ut
913 4666 1385 4737 praesignavimus,
1419 4670 1561 4725 sicut
1590 4680 1801 4742 patrem
1848 4676 2109 4746 spiritua-

524 4745 634 4839 lem
665 4764 1008 4824 venerantes,
1045 4759 1351 4816 ostendatis
1388 4776 1488 4818 vos
1519 4770 1571 4817 et
1603 4745 1919 4834 apostolicis
1936 4769 2109 4839 jussis

526 4838 889 4901 obedientiam
914 4865 1120 4919 gerere,
1165 4859 1219 4907 et
1257 4861 1320 4908 ut
1348 4852 1693 4913 Christianos
1735 4867 1953 4930 oportet
1984 4866 2108 4916 aui-

525 4946 742 4989 marum
771 4948 1078 4997 vestrarum
1115 4960 1306 5001 curam
1330 4947 1550 5004 habere.

1050 5055 1387 5115 EPISTOLA
1413 5059 1575 5118 XVII.

1010 5163 1077 5201 AD
1105 5164 1390 5210 ROBER'I‘UI
1416 5170 1611 5213 DUCEI.

1113 5240 1293 5311 (Anno
1327 5243 1510 5321 1081.)

525 5320 659 5370 Cum
689 5320 944 5370 Robertm:
966 5328 1213 5370 minutum
1250 5351 1303 5370 ρο

1333 5339 1568 5370 ..ἴδοιμι-λιιι
1716 5344 1886 5370 ..σθίιέ
1927 5354 1970 5370 -1
2002 5344 2070 5370 η-

2206 4571 2464 4642 iustitiae;
2496 4586 2597 4643 pro
2619 4586 2729 4644 qua
2750 4587 2859 4629 non
2883 4573 3063 4631 solum
3088 4574 3358 4641 laborare,
3385 4573 3482 4629 sed
3502 4574 3673 4630 etiam
3697 4589 3789 4646 pro

2208 4678 2275 4718 ea
2300 4662 2570 4720 desideret
2591 4672 2824 4721 mortem
2851 4665 3035 4721 carnis
3060 4665 3263 4722 subire.
3288 4663 3446 4732 Quod
3470 4664 3520 4720 si
3552 4666 3668 4721 cito
3684 4680 3789 4719 non

2209 4762 2388 4826 potest
2420 4757 2668 4827 reperiri,
2692 4772 2759 4815 ex
2780 4758 3075 4829 apostolica
3104 4759 3202 4814 tibi
3229 4758 3580 4830 praecipimus
3604 4768 3789 4814 aucto-

2210 4849 2374 4904 ritate
2399 4856 2460 4904 ut
2485 4857 2711 4922 rogatus
2740 4866 2774 4906 a
2805 4849 3069 4909 fratribus
3100 4850 3227 4919 tuis,
3238 4858 3293 4906 et
3313 4850 3521 4908 electus
3549 4849 3623 4907 ab
3644 4850 3788 4922 ejus-

2211 4940 2336 4995 dem
2376 4937 2633 4998 Ecclesia:
2707 4941 2859 5011 ﬁliis,
2911 4934 3283 5001 indubitanter
3338 4956 3683 5014 manemus
3722 4944 3787 4998 de

2212 5031 2485 5094 adiutorio
2509 5032 2715 5090 caelesti
2745 5033 2816 5093 ad
2835 5035 3079 5106 regimen
3106 5033 3380 5107 pradictte
3409 5033 3786 5107 Lugdunensis

2209 5132 2415 5181 sancta
2454 5126 2681 5182 accedas
2718 5124 2997 5196 Ecclesiae,
3020 5126 3285 5183 imitando
3304 5126 3589 5183 dominum
3613 5135 3670 5183 et
3689 5140 3784 5197 pa—

2208 5222 2348 5271 trem
2378 5223 2631 5271 nostrum
2679 5216 2903 5274 beatum
2931 5217 3153 5276 Petrum
3199 5219 3532 5289 apostolum,
3582 5217 3696 5303 qui
3715 5217 3783 5272 de

2212 5307 2411 5364 minori
2435 5307 2677 5365 Ecclesia
2704 5308 3045 5367 Antiochena
3067 5311 3368 5369 translatus
3391 5311 3563 5369 estin
3590 5309 3786 5367 Roma-
