3972 5390
230 288 325 343 ’62!

752 398 1092 456 EPISTOLA
1121 396 1259 453 XIX.

523 510 590 549 AD
617 508 1066 551 ARCHIBPISCOPUI
1094 504 1493 546 LUGDUNENSEI.

816 583 997 654 (Anno
1020 580 1205 653 1081.)

239 674 635 734 Terminaudam
673 676 721 730 ei
764 674 1048 728 committit
1072 688 1288 728 causam
1320 671 1550 737 abbatis,
1572 670 1661 723 cui
1689 669 1799 740 ofﬁ-

290 749 427 802 cium
471 755 693 829 propter
754 746 1186 828 contumaciam.
1217 740 1573 825 excusabilem
1600 744 1795 823 tumea,

292 818 670 888 interdixerat;
693 816 833 888 quod
854 825 1070 888 tatu-im
1101 813 1187 868 itit
1206 814 1365 888 reddi
1391 812 1521 866 vult.
1541 810 1800 888 Ρτφριριρ

293 859 675 958 ὲῖἱὲῑῦῖῑῷὶζ
693 859 834 958 ἷιὶὖᾶ
855 859 1413 958 ἓῖιᾷἇὶἓνῖἇῆἓῖἇὶιᾶ
1425 859 1713 958 "mante.
1720 859 1798 934 ταὶ

297 953 599 1012 Aleuaer
623 953 867 1027 pontiﬁce
888 956 1192 1026 subreptum
1214 954 1507 1027 dicebatur,
1524 954 1571 1006 si
1598 953 1678 1027 ita
1699 959 1798 1015 est,

298 1038 528 1110 cessata,
576 1024 840 1099 causaque
888 1024 1153 1110 diaetis”,
1197 1024 1483 1079 secundum
1528 1024 1802 1078 veritatem

292 1099 557 1168 judicium
578 1114 738 1169 super
754 1097 834 1152 ea
852 1097 1111 1167 proferat.

300 1190 608 1246 GIEGOIIUB
626 1189 936 1260 episcopus,
958 1203 1151 1244 servus
1169 1201 1455 1245 servorum
1476 1183 1803 1265 Dei,dilecto

240 1283 287 1338 in
326 1280 546 1336 Christo
596 1280 757 1337 fratri
802 1279 938 1337 11....
988 1278 1238 1352 [Hucoat,
1287 1280 1364 1332 sic
1410 1278 1544 1332 etin
1585 1275 1801 1345 ﬁlatim}

241 1372 579 1444 Lugdunensi
621 1372 1054 1444 archiepiscopo,
1080 1372 1314 1429 salutem
1351 1379 1407 1426 et
1449 1369 1804 1440 apostoiicam

239 1464 683 1520 benedictionem.

299 1556 474 1612 Abba:
495 1555 854 1626 praesentium
886 1556 1029 1611 lator
1058 1555 1244 1611 retulit
1265 1554 1426 1613 nobis
1446 1553 1681 1611 olﬁcium
1703 1552 1805 1611 sibi

239 1647 581 1718 ecclesiteqne
607 1662 722 1705 suae
759 1664 791 1703 a
821 1646 1157 1705 fraternitate
1176 1655 1271 1701 tua
1289 1662 1413 1704 esse
1438 1647 1803 1711 interdictum,

240 1748 507 1809 propterea
552 1740 715 1811 quod
761 1740 897 1797 loco.
926 1739 997 1795 ad
1031 1738 1302 1810 justitiam
1356 1739 1500 1795 inter
1532 1740 1723 1817 ipsum
1756 1750 1811 1794 et
1841 1744 1885 1799 Β

240 1832 470 1887 abbatem
497 1831 569 1887 de
606 1832 753 1888 Casa
791 1831 891 1887 Dei
931 1831 1349 1891 discernendam
1382 1832 1683 1889 constituto
1715 1831 1812 1891 ad-

242 1924 467 1980 monitus
498 1939 620 1980 non
668 1923 951 1992 interfuit;
982 1923 1055 1981 ad
1089 1939 1284 1994 quem,
1315 1922 1460 1980 sicut
1499 1924 1617 1994 ipse
1659 1922 1811 1989 dicit,

214 2050 217 2051 ν
241 2015 407 2072 venire
427 2030 540 2071 non
562 2015 931 2087 contempsit,
954 2016 1050 2087 sed
1072 2024 1293 2087 propter
1315 2015 1666 2081 discordiam,
1690 2030 1813 2085 quae

240 2108 366 2164 inter
386 2108 628 2164 comites
648 2108 795 2163 illius
807 2108 998 2178 patriae
1006 2106 1134 2175 iuit,
1145 2122 1254 2164 non
1279 2122 1448 2163 ausus
1460 2115 1562 2162 est.
1577 2105 1813 2162 Proinde

241 2201 355 2271 quia
392 2215 497 2257 nos
548 2200 980 2259 illiuseausam
1027 2215 1130 2255 nec
1180 2199 1411 2270 pleniter
1457 2198 1685 2266 scimus,
1712 2213 1814 2253 nec

242 2292 447 2348 absente
469 2294 656 2351 altera
676 2302 837 2363 parte
850 2292 1104 2362 judicare
1126 2292 1410 2359 debemus,
1458 2307 1580 2347 eam
1617 2290 1813 2347 frater-

244 2384 381 2438 nitati
431 2393 545 2442 tua!
586 2386 1014 2452 committimus,
1052 2392 1115 2449 ut
1158 2392 1363 2440 statuto
1409 2385 1633 2456 utrique
1670 2386 1812 2456 parti

246 2488 469 2546 congruo
509 2478 726 2533 locozet
758 2477 1023 2544 termino,
1068 2476 1137 2531 ad
1177 2476 1344 2533 tinem
1394 2492 1557 2548 quem
1598 2477 1813 2547 justitia

244 2566 513 2625 dictaverit
537 2584 743 2625 eorum
769 2583 995 2635 causam
1020 2567 1309 2639 perducas.
1342 2568 1610 2625 Volumus
1630 2578 1812 2625 tamen

247 2667 410 2729 tit-pro
431 2673 629 2717 amore
674 2661 821 2717 beati
850 2659 1018 2729 Petri,
1060 2676 1097 2716 a
1131 2675 1245 2731 quo
1293 2660 1411 2717 sine
1439 2662 1812 2717 misericordia

246 2763 391 2804 nemo
401 2752 621 2822 regredi
641 2752 826 2820 debet,
844 2752 902 2807 in
922 2759 1195 2822 quantum
1213 2767 1339 2831 cum
1356 2752 1571 2823 justitia
1587 2752 1811 2823 poteris,

238 2836 395 2898 istum
418 2844 857 2901 misericorditer
874 2853 1101 2912 tractes,
1135 2853 1297 2916 atque
1321 2845 1375 2899 in
1398 2846 1815 2901 mansuetudine

247 2939 329 2988 tua
349 2933 393 2991 is
435 2922 646 2991 sentiat
695 2951 758 2992 se
806 2951 918 2992 non
967 2936 1173 2993 frustra
1221 2944 1431 2992 tantum
1474 2937 1715 2993 laborem
1746 2938 1816 2994 ad

248 3027 584 3096 apostolicam
607 3028 805 3084 sedem
823 3028 1147 3099 sumpsisse.
1170 3026 1389 3083 interim
1411 3029 1576 3083 etiam
1590 3029 1815 3100 dignum

246 3117 459 3197 videtur,
481 3128 538 3174 et
565 3119 834 3175 volumus
865 3128 946 3188 ut,
975 3121 1082 3176 nisi
1114 3119 1220 3175 hoc
1253 3121 1321 3175 ad
1362 3120 1632 3192 justitiam
1655 3136 1813 3178 exse-

245 3210 499 3278 quendam
526 3211 933 3282 impediturum
981 3226 1105 3268 esse
1153 3227 1253 3282 pro
1301 3221 1450 3267 certo
1475 3212 1814 3283 cognoveris,

240 3299 463 3358 cilicium
496 3302 609 3358 sibi
646 3317 877 3373 suaque
918 3303 1167 3358 ecclesiae
1204 3303 1431 3370 reddas;
1457 3310 1731 3374 quatenus
1760 3303 1815 3358 in

247 3393 341 3449 hoc
365 3410 584 3466 quoque
614 3395 939 3465 apostolicae
966 3396 1112 3451 sedis
1143 3395 1408 3449 auxilium
1456 3396 1678 3465 petiisse
1707 3412 1818 3451 non

248 3501 358 3541 eum
405 3487 700 3558 pmniteat.
726 3560 729 3561 ν
756 3486 1024 3543 Praeterea
1080 3487 1224 3542 idem
1268 3488 1372 3542 iste
1418 3486 1586 3543 frater
1633 3489 1821 3545 retulit

247 3577 388 3633 nobis
427 3594 488 3635 se
519 3594 781 3645 causam,
828 3593 994 3649 quam
1025 3594 1148 3634 cum
1178 3579 1507 3649 quibusdam
1533 3581 1819 3637 monachis

248 3667 482 3737 habebat,
534 3672 608 3727 ad
660 3670 999 3726 audientiam
1038 3679 1192 3726 tuam
1225 3671 1514 3740 detulisse;
1552 3673 1713 3744 cujus
1742 3676 1819 3729 rei

249 3762 721 3830 exanimationem,
766 3763 1027 3833 quoniam
1053 3761 1262 3832 prmfati
1303 3765 1558 3819 monachi
1603 3753 1821 3835 privile-

250 3853 382 3922 gium
399 3856 740 3912 venerandae
765 3856 1044 3911 memoriae
1069 3854 1361 3911 Alexandri
1402 3857 1822 3927 prasdecessoris

250 3946 403 4002 nostri
453 3947 895 4019 praetendebant,
932 3947 1174 4004 nolueris
1227 3946 1425 4004 facere.
1485 3946 1823 4020 Quapropter

250 4038 363 4107 quia
409 4040 701 4110 praelibato
753 4040 1091 4096 antecessori
1122 4050 1312 4096 nostro
1345 4056 1376 4096 a
1421 4041 1629 4096 malitia
1681 4057 1822 4112 quo-

250 4132 506 4199 rumdam,
546 4133 701 4189 sicut
728 4131 845 4202 ipse
869 4133 1037 4200 nosti,
1081 4148 1476 4203 nonnunquam
1504 4133 1824 4204 subreptum

250 4232 341 4289 est,
364 4225 615 4296 religioni
639 4234 756 4293 tuae
774 4225 1119 4296 praecipimus
1143 4232 1205 4279 ut
1224 4224 1581 4281 nihilominus
1601 4241 1825 4282 causam

252 4312 410 4383 ipsam
444 4316 758 4382 discutias,
788 4323 862 4380 et,
899 4316 943 4371 si
975 4315 1318 4388 privilegium
1342 4300 1534 4371 contra
1555 4316 1824 4387 justitiam

250 4403 441 4462 factum
480 4423 609 4464 esse
662 4407 1112 4477 deprehenderis,
1164 4422 1231 4462 eo
1280 4416 1518 4475 cassato,
1564 4409 1825 4480 quidquid
1863 4429 1907 4482 ι)

253 4499 464 4568 aequitas
489 4499 863 4580 postulaverit
889 4499 1113 4569 exsequi
1152 4506 1340 4554 nostra
1372 4500 1696 4556 auctoritate
1724 4500 1829 4556 ful-

256 4596 335 4645 tus
353 4606 462 4647 non
490 4590 739 4646 dubites.
791 4590 1065 4662 Quidquid
1115 4599 1296 4645 autem
1332 4606 1496 4663 super
1518 4593 1605 4647 bis
1629 4592 1828 4649 diﬂini-

255 4682 404 4749 veris,
434 4692 647 4767 nostrai
684 4683 1054 4753 intelligentiae
1077 4683 1299 4739 studeas
1321 4683 1580 4740 indicare.

793 4795 1127 4851 EPISTULA
1168 4796 1289 4851 XX.

596 4908 670 4946 Δί)
700 4905 988 4946 ΕΡΙΒΟΟΡΙΙΙ
1012 4907 1473 4947 CANTIIARIENSEI.

847 4981 1026 5051 (Anno
1056 4980 1242 5053 1081.)

262 5071 921 5144 Cantuariensi-episcopo,
945 5090 1061 5128 cum
1088 5074 1313 5130 Romam
1338 5090 1475 5145 saepe
1496 5082 1704 5145 vocatus
1741 5094 1807 5136 ne

1368 280 1573 338 LIBER
1608 277 1859 337 NONUS.
1890 305 1961 318 -—
1990 274 2210 331 EPIST.
2249 272 2391 329 XXI.

1776 464 1779 469 Α
1821 393 1870 451 Α
1893 389 2220 447 Christiana
2259 384 2735 457 comprobatione;
2786 385 2933 455 quod
2978 384 3287 455 hucusque,
3330 384 3476 441 sicut

1896 489 2140 553 apparet,
2167 490 2261 535 aut
2283 478 2516 549 superbe
2546 485 2641 533 aut
2665 478 2997 549 negligenter
3024 487 3211 533 nostra
3241 478 3475 535 abutens

1894 573 2157 644 patientia
2178 572 2460 639 distulisti,
2490 587 2619 626 cum
2648 586 2750 626 nec
2771 571 2935 625 etiam
2968 571 3289 627 canonicam
3314 587 3477 628 excu-

1898 665 2164 721 sationem
2185 664 2557 734 pratenderis.
2582 661 2701 719 Non
2724 662 2868 717 enim
2898 663 3053 718 labor
3072 674 3167 719 aut
3190 664 3477 723 difﬁcultas

1900 757 2111 813 itineris
2133 765 2186 812 te
2210 756 2540 812 sullicienter
2577 762 2820 821 excusat,
2845 771 2970 811 cum
3004 756 3138 812 satis
3185 767 3376 813 notum
3406 757 3479 813 sit

1899 850 2103 906 multos
2124 849 2286 920 longe
2307 855 2568 913 remotos,
2592 846 2719 902 licet
2742 863 2969 917 corpore
3010 847 3279 904 invalidos
3311 858 3367 905 et
3394 851 3479 906 in-

1900 944 2110 1011 ﬁrmos,
2156 952 2212 998 et
2254 958 2287 997 a
2336 941 2551 998 lectulis
2606 940 2698 995 vix
2741 941 2985 996 valentes
3021 956 3263 1012 surgere,
3294 949 3481 999 tamen

1903 1036 2047 1091 beati
2070 1035 2219 1090 Petri
2240 1049 2428 1091 amore
2456 1033 2748 1104 ﬂagrantes
2768 1033 2835 1088 ad
2859 1033 2978 1103 ejus
2999 1033 3186 1089 limina
3210 1035 3479 1092 vehiculis

1901 1143 2215 1199 properare.
2261 1125 2443 1193 Quare
2479 1125 2775 1196 apostolica
2817 1124 2915 1180 tibi
2942 1126 3267 1206 auctoritate
3290 1128 3484 1198 praeci-

1903 1221 2086 1290 pimus
2109 1228 2171 1275 ut
2197 1218 2498 1291 postposita
2532 1218 2823 1274 occasione
2860 1218 2944 1271 vel
2977 1218 3126 1272 inani
3170 1218 3482 1289 formidine,

1904 1312 2045 1368 datis
2095 1311 2332 1368 induciis
2379 1318 2614 1382 quatuor
2663 1310 2936 1366 mensium
2961 1352 2976 1376 ,
3021 1319 3310 1382 postquam
3367 1313 3486 1369 haec

1905 1411 2093 1459 nostra
2122 1405 2379 1459 mandata
2428 1403 2497 1458 ad
2535 1403 2788 1457 notitiam
2835 1410 2986 1457 tuam
3033 1403 3395 1476 pervenerint,
3428 1405 3487 1464 in

1908 1496 2193 1566 praesentis
2237 1495 2370 1551 anni
2426 1492 2569 1550 festo
2606 1491 2863 1548 Omnium
2911 1492 3241 1550 Sanctorum
3298 1493 3488 1551 Romae

1906 1588 2101 1644 adesse
2147 1602 2410 1656 procures
2458 1594 2513 1641 et
2553 1595 2792 1657 satagas,
2841 1594 2896 1641 et
2958 1586 3337 1644 inobedientize
3380 1596 3490 1642 tua:

1908 1688 2120 1736 reatum
2145 1694 2242 1750 per
2266 1689 2478 1735 tantum
2506 1679 2769 1749 temporis
2792 1688 3169 1749 supportatum
3199 1681 3490 1737 emendem

1912 1787 2020 1828 non
2050 1770 2279 1828 ulterius
2299 1771 2559 1842 negligas.
2585 1769 2739 1837 Quod
2769 1770 2814 1825 si
2839 1786 2940 1826 nec
2959 1772 3137 1828 adhuc
3160 1779 3210 1828 te
3232 1774 3489 1828 mandata

1912 1864 2214 1937 apostolica
2242 1863 2534 1930 moverint,
2566 1862 2660 1919 sed
2690 1879 2755 1918 ea
2780 1863 3136 1920 dissimulans
3169 1865 3224 1920 in
3249 1873 3491 1922 contem-

1912 1966 2007 2028 ptu
2051 1958 2253 2012 durare
2305 1956 2595 2021 malueris,
2647 1944 2701 2011 et
2754 1956 3057 2025 periculum
3110 1957 3491 2014 inobedientiae

1912 2049 2194 2103 incurrere
2222 2063 2332 2103 non
2355 2047 2662 2113 erubueris,
2692 2047 2837 2117 quod
2860 2057 2943 2103 est
2969 2050 3129 2119 quasi
3163 2050 3342 2106 scelus
3372 2050 3491 2106 ido-

1913 2140 2163 2207 lolatriae,
2202 2147 2440 2195 testante
2466 2140 2625 2194 beato
2657 2138 2907 2194 Samuele
2936 2139 2989 2211 (Ι
3006 2141 3133 2212 Reg.
3157 2141 3271 2213 xv),
3291 2158 3323 2198 a
3346 2142 3492 2201 beati

1911 2231 2060 2287 Petri
2103 2231 2277 2303 gratia
2308 2232 2448 2287 scias
2486 2239 2539 2287 te
2565 2231 2757 2302 procul
2804 2232 2970 2287 dubio
3004 2235 3414 2304 removendum,
3438 2246 3495 2291 et

1912 2324 2032 2396 ejus
2054 2325 2385 2380 auctoritate
2426 2323 2652 2379 omnino
2677 2323 3004 2393 feriendum,
3034 2327 3110 2383 ita
3144 2327 3394 2384 videlicet
3434 2338 3495 2384 ut

1916 2418 1963 2474 si
1987 2416 2131 2473 infra
2158 2416 2479 2487 praedictum
2514 2417 2749 2488 spatium
2780 2419 2850 2475 ad
2878 2435 2979 2477 nos
3007 2437 3119 2478 non
3159 2420 3396 2493 veneris,
3423 2422 3495 2479 ab

1914 2510 2064 2567 omni
2090 2510 2167 2567 sis
2198 2509 2375 2568 oliicio
2397 2510 2692 2582 episcOpali
2720 2526 3039 2583 suspensus.

2442 2620 2779 2678 EPISTOLA
2813 2624 2957 2682 XXI.

2373 2730 2440 2768 ΔΙ)
2469 2730 2753 2772 υκινειιδοε
2794 2732 3032 2772 ιἰιιιςιιιε.

2514 2806 2694 2877 (Anno
2726 2805 2907 2876 1081.)

2029 2896 2294 2951 Hortatur
2327 2899 2398 2952 ad
2427 2898 2810 2969 persecutiones
2832 2898 3092 2968 patienter
3125 2901 3389 2970 ferendas.

1987 2986 2298 3046 Gneconws
2321 2989 2631 3061 episcopus,
2655 3005 2845 3045 servus
2868 3004 3150 3048 servorum
3170 2991 3288 3061 Dei,
3313 2997 3497 3052 omni-

1844 3088 1885 3144 C
1917 3083 2021 3138 bus
2041 3082 2330 3153 episcopis,
2343 3082 2653 3150 abbatibus,
2676 3081 2890 3138 clericis
2905 3090 2961 3138 et
2980 3083 3154 3151 laicis,
3183 3088 3499 3156 apostolicae

1920 3174 2035 3230 sedi
2056 3174 2325 3241 ﬁdelibus,
2340 3175 2570 3230 salutem
2591 3183 2645 3231 et
2666 3174 3022 3245 apostolicam
3040 3176 3499 3236 benedictionem;

1993 3265 2230 3333 Scimus,
2276 3265 2473 3322 fratres
2511 3266 2844 3333 cbarissimi,
2876 3267 3008 3337 quia
3056 3268 3501 3330 tribulationibus

1918 3367 1975 3415 et
2007 3359 2275 3431 angustiis
2308 3358 2513 3414 nostris
2555 3358 2951 3429 compatimini,
2983 3360 3117 3416 etin
3145 3363 3343 3419 vestris
3371 3374 3501 3422 ora-4

1921 3451 2166 3507 tionibus
2195 3458 2322 3506 ante
2358 3446 2659 3505 Dominum
2694 3451 3015 3506 memoriam
3046 3454 3221 3508 nostri
3266 3454 3499 3513 habetis.

1921 3542 2078 3610 Quod
2105 3543 2247 3597 idem
2278 3557 2380 3597 nos
2413 3558 2542 3613 erga
2563 3558 2661 3597 vos
2687 3558 2845 3614 agere
2870 3558 2979 3597 non
3002 3544 3281 3613 dubitetis,
3304 3555 3359 3602 et
3382 3564 3502 3604 me-

1921 3636 2057 3703 rito;
2110 3651 2239 3690 nam
2272 3634 2568 3706 Apostolus
2601 3634 2733 3691 dicit
2759 3654 2771 3688 :
2795 3632 2855 3690 Si
2895 3637 3100 3706 patitur
3147 3654 3310 3693 unum
3340 3655 3503 3695 mem-

1923 3727 2075 3781 brum
2105 3727 2496 3798 compatiuntur
2533 3735 2588 3783 et
2622 3737 2821 3788 caetera
2851 3728 3083 3783 membra
3129 3728 3181 3801 (1
3217 3729 3340 3786 Cor.
3379 3731 3503 3802 ut).

1923 3817 1985 3873 1n
2013 3819 2119 3874 hoc
2151 3818 2317 3874 etiam
2355 3819 2632 3874 credimus
2679 3821 3001 3876 cbaritatem
3037 3821 3133 3877 Dei
3162 3822 3417 3878 ditiusam
3448 3825 3505 3879 in

1924 3909 2181 3966 cordibus
2204 3910 2430 3977 nostris,
2459 3911 2588 3981 quia
2611 3926 2803 3967 omnes
2834 3929 3005 3968 unum
3031 3915 3306 3983 volumus,
3332 3931 3506 3972 unum

1925 4002 2300 4057 desideramus
2330 4010 2384 4056 et
2408 4002 2475 4056 ad
2502 4018 2676 4057 unum
2703 4004 2996 4060 tendimus.
3023 4004 3206 4061 Unum
3231 4009 3505 4076 volumus,

1924 4094 2175 4150 videlicet
2188 4103 2248 4148 ut
2267 4109 2461 4149 omnes
2484 4094 2634 4165 impii
2659 4096 3002 4165 resipiscam,
3024 4106 3081 4152 et
3102 4099 3171 4154 ad
3189 4099 3507 4157 Creatorem

1878 4235 1884 4241 .
1928 4202 2090 4242 suum
2123 4193 2492 4251 revertantur;
2537 4202 2707 4241 unum
2754 4188 3155 4256 desideramus,
3208 4191 3415 4246 scilicet
3450 4201 3508 4247 ut

1929 4289 2117 4336 sancta
2137 4278 2398 4345 Ecclesia,
2425 4293 2520 4347 per
2540 4285 2712 4333 totum
2736 4280 2926 4335 orbem
2953 4282 3270 4337 conculcata
3299 4291 3354 4338 et
3382 4299 3508 4339 con.

1930 4369 2074 4438 fusa,
2101 4379 2155 4425 et
2182 4375 2279 4441 ‘per
2316 4370 2560 4426 diversas
2600 4380 2785 4440 partes
2816 4372 3066 4440 discissa,
3108 4374 3176 4428 ad
3217 4375 3509 4444 pristinum

1932 4464 2185 4519 decorem
2222 4471 2277 4517 et
2314 4462 2643 4517 soliditatem
2680 4463 2888 4530 redeat;
2919 4465 2986 4519 ad
3012 4481 3183 4527 unum
3213 4467 3508 4533 tendimus,

1931 4554 2060 4626 quia
2089 4562 2149 4609 ut
2180 4553 2322 4610 Deus
2355 4555 2688 4626 gloriﬁcetur
2723 4557 2779 4611 in
2808 4557 2985 4623 nobis,
3026 4566 3079 4612 et
3109 4573 3212 4613 nos
3237 4573 3361 4614 cum
3395 4558 3511 4614 fra-

1933 4647 2108 4701 tribus
2139 4648 2362 4713 nostris,
2400 4647 2565 4702 etiam
2587 4664 2711 4703 cum
2738 4648 2821 4703 his
2842 4650 2935 4719 qui
2963 4665 3065 4704 nos
3084 4660 3512 4721 persequuntur,

1931 4739 2002 4794 ad
2025 4738 2193 4792 vitam
2219 4748 2475 4794 aeternam
2504 4740 2783 4810 pervenire
2807 4756 3138 4808 mereamur,
3155 4752 3512 4813 exoptamus:

1938 4826 2120 4885 Nolite
2144 4830 2350 4896 mirari,
2380 4831 2570 4901 fratres
2599 4830 2919 4898 charissimi,
2958 4834 3004 4887 si
3029 4832 3142 4887 odit
3171 4849 3258 4887 vos
3290 4836 3517 4889 mundus

1940 4923 1993 4996 (1
2018 4921 2178 4977 Joan.
2206 4920 2312 4993 ιιι),
2334 4923 2463 4992 quia
2493 4930 2548 4977 et
2573 4937 2676 4977 nos
2703 4922 2806 4992 ipsi
2826 4939 2951 4980 eum
2979 4933 3169 4981 contra
3207 4941 3310 4981 nos
3332 4927 3512 4983 irrita-

1941 5017 2086 5081 mus,
2122 5014 2215 5082 qui
2238 5013 2384 5069 illius
2406 5013 2675 5068 desiderio
2708 5014 2866 5070 valde
2897 5016 3333 5074 contradicentes
3355 5035 3516 5091 opera

318 5103 1556 5190 2223?.”‘5:":1::..:t?:.:::"‘:$.::t:.:"
1558 5103 1840 5190 67.32:."
1945 5108 2090 5164 illius
2133 5103 2583 5160 εοηάθπιηεῖηυε·
2633 5103 2774 5172 Quid
2822 5117 3008 5167 autem
3044 5110 3248 5165 mirum
3285 5112 3332 5167 si
3368 5112 3521 5184 prin-

3363 278 3583 343 on,
