3972 5390
240 259 369 317 625

1385 268 1588 324 LIBER
1620 268 1869 326 NONUS.
1905 301 1977 311 —
2011 271 2227 329 EPIST.
2268 274 2429 330 XXV.

504 385 681 480 [erant
720 388 1267 480 arcit‘icpiscoponqu‘i
1305 408 1341 480 ρ
1360 392 1566 480 fanti-te
1615 391 1680 473 de
1721 392 1839 447 sedc
1867 392 1914 448 Α
1939 391 2056 447 sine
2082 402 2388 464 temporum
2411 397 2642 455 molesta
2671 399 2932 457 dilatione
2965 404 3179 474 copiam
3214 407 3309 462 tibi
3335 411 3509 480 provi-

317 457 525 526 ejectus
551 465 601 511 et
628 458 774 512 bouis
804 457 1060 515 Ecclesia
1084 457 1322 529 priuatus
1353 461 1548 532 fuerat.
1626 470 1627 473 ‘

319 566 642 626 Caesonius
659 570 969 643 episcopus,
996 588 1189 629 servus
1219 589 1505 630 servorum
1530 573 1646 642 Dei,
1669 574 1836 631 abba-

236 656 427 726 tibus,
456 661 672 718 clericis
691 663 917 721 etlaicis
942 663 1281 723 Turonensis
1311 666 1832 738 archiepiscopatus,

232 757 298 802 et
320 750 679 823 episcopatus
699 753 1123 827 Andegavensis,
1142 757 1235 828 qui
1260 757 1370 813 Deo
1389 767 1443 813 et
1463 757 1623 815 beato
1651 757 1831 828 Petro,

233 850 416 911 atque
437 844 588 902 sedis
626 847 932 917 apostolica
969 849 1181 921 legatis,
1210 851 1491 920 obediunt,
1524 852 1754 908 salutem
1781 861 1835 908 et

234 933 613 1001 apostolicam
638 935 1085 995 benedictionem.

312 1022 526 1082 Notum
555 1028 711 1084 vobis
733 1044 857 1085 esse
894 1020 1005 1086 non
1045 1030 1361 1088 dubitamus
1389 1032 1831 1104 Andegavensem

234 1116 509 1173 comitem
536 1119 610 1174 ob
630 1120 927 1191 nequitiam
951 1137 1107 1177 suam
1130 1137 1252 1179 esse
1275 1124 1829 1191 excommunicatum,

235 1224 416 1277 quam
447 1210 618 1265 etiam
651 1211 706 1266 in
737 1227 834 1267 eos
865 1212 961 1282 qui
993 1213 1099 1268 sibi
1138 1214 1416 1269 adharent
1442 1223 1497 1270 et
1530 1212 1714 1270 favent
1738 1230 1832 1270 ex-

235 1297 398 1353 tendi
422 1299 643 1376 cunctis
669 1315 882 1356 sacram
915 1299 1261 1376 Scripturam
1304 1304 1606 1361 scientibus
1639 1306 1827 1377 liquet.

233 1384 353 1452 Qui
379 1373 946 1460 tandiu'exspectatus
971 1408 1080 1448 non
1111 1393 1288 1448 solum
1319 1394 1386 1450 de
1408 1394 1490 1449 via
1525 1411 1626 1451 sua
1659 1373 1833 1466 μὲεεί-

233 1490 334 1530 ma
375 1476 445 1532 ad
481 1476 676 1547 Deum,
714 1478 856 1538 sicut
900 1481 1273 1539 Christianum
1318 1494 1550 1555 oportet,
1595 1501 1705 1541 non
1747 1497 1832 1543 est

232 1580 573 1638 conversus,
601 1570 695 1625 sed
723 1571 945 1643 insuper
975 1574 1041 1629 ad
1071 1584 1422 1645 augmentum
1466 1577 1687 1633 malitia
1718 1594 1831 1634 sua

231 1652 372 1712 aliis
396 1654 531 1714 item
569 1665 1056 1721 excommunicatis
1089 1667 1437 1737 coniunctus,
1474 1669 1698 1726 fratrem
1730 1688 1829 1727 no-

231 1756 425 1804 strum
452 1749 829 1809 Turonensem
854 1756 1326 1829 archiepiscopum
1357 1760 1423 1815 de
1446 1760 1572 1816 sede
1608 1777 1707 1817 sua
1731 1778 1828 1817 ex-

232 1843 405 1911 pulit,
430 1843 704 1916 bonisque
723 1845 979 1904 Ecclesia
1000 1850 1216 1920 penitus
1237 1853 1579 1922 exspoliavit.
1596 1852 1830 1912 Proinde

233 1932 550 2001 apostolica
588 1934 746 1991 vobis
786 1937 1109 1995 auctoritate
1157 1942 1504 2013 pracipimus
1540 1952 1601 1999 ut
1642 1953 1753 1999 tam
1798 1962 1828 2000 a

232 2019 473 2090 prafato
505 2024 724 2093 comite,
757 2022 925 2098 quam
967 2029 1037 2084 ab
1080 2031 1337 2088 omnibus
1382 2034 1707 2104 sequacibus
1748 2036 1829 2090 vel

232 2113 609 2184 complicibus
628 2116 768 2186 ejus,
786 2117 941 2173 vobis
964 2134 1310 2192 summopere
1328 2124 1587 2192 caveatis,
1607 2126 1830 2180 omnino

233 2217 345 2258 vos
370 2203 708 2262 abstinentes
730 2222 759 2261 a
781 2204 1149 2265 familiaritate
1172 2220 1226 2266 et
1244 2213 1655 2284 participatione
1685 2217 1829 2287 ipso-

232 2313 389 2353 rum.
413 2296 491 2353 De
521 2300 781 2369 praedicto
812 2317 942 2358 vero
978 2302 1145 2359 fratre
1166 2314 1357 2362 nostro
1396 2308 1826 2380 archiepiscopo,

233 2387 335 2456 qui
402 2397 629 2459 propter
686 2390 956 2460 justitiam
1016 2394 1208 2464 pulsus
1277 2403 1331 2450 et
1396 2398 1827 2467 persecutionem

235 2494 540 2549 perpessus
569 2490 655 2536 est
686 2481 904 2553 (Matth.
934 2484 1010 2555 v),
1044 2486 1201 2542 vobis
1234 2487 1593 2546 nihilominus
1639 2491 1830 2559 praei-

234 2570 451 2641 pientes
476 2571 827 2640 mandamus,
855 2584 917 2629 ut
954 2576 1005 2630 ei
1040 2575 1186 2632 sicut
1210 2577 1351 2647 patri
1375 2586 1565 2635 vestro
1604 2579 1830 2636 ﬁdeliter

235 2661 544 2732 devoteque
570 2663 859 2731 obediatis,
895 2680 960 2721 ac
1003 2668 1421 2724 necessitatibus
1461 2670 1654 2740 ipsius,
1689 2672 1831 2729 sicut

236 2752 367 2810 boni
413 2755 543 2824 filii,
609 2756 868 2828 opitulari
927 2760 1158 2816 libenter
1219 2762 1503 2820 studeatis.
1558 2764 1829 2832 Quemad-

236 2845 466 2902 modum
488 2863 729 2919 namque
751 2865 896 2921 saepe
916 2851 1062 2908 dicto
1097 2853 1286 2909 comiti
1308 2854 1553 2913 faventes
1577 2858 1633 2912 in
1652 2874 1711 2914 se
1731 2858 1827 2915 Dei

234 2938 427 2994 odium
471 2941 669 3010 procul
717 2943 885 3000 dubio
922 2955 1243 3016 provocant,
1292 2949 1369 3004 ita
1410 2957 1465 3005 et
1503 2950 1632 3007 huic
1672 2952 1827 3009 fratri

236 3038 453 3129 nostro,
491 3031 547 3086 in
579 3032 782 3103 quibus
809 3049 1031 3093 necesse
1053 3046 1157 3106 est,
1183 3038 1564 3112 sutl‘ragantes,
1597 3059 1706 3100 non
1732 3045 1827 3101 du-
1852 3074 1894 3131 ο

238 3117 323 3173 bie
352 3120 593 3190 gratiam
626 3123 770 3179 beati
794 3123 960 3193 Petri,
988 3142 1324 3201 suorumque
1348 3141 1697 3203 peccatorum
1727 3136 1825 3192 ah-

236 3208 592 3279 solutionem,
625 3223 923 3272 merentur.
970 3217 1236 3276 Praeterea
1272 3222 1620 3293 pracipimus
1644 3228 1824 3284 nomi-

238 3298 411 3354 natim
445 3298 1002 3363 B........'venerabili
1052 3309 1235 3365 abbati
1281 3320 1485 3368 sancta
1519 3313 1720 3385 Maria,
1768 3329 1828 3374 ut

239 3386 460 3445 litteras
495 3401 718 3449 nostras
758 3398 1042 3454 canonicis
1086 3398 1272 3457 Sancti
1316 3401 1555 3473 Martini,
1583 3424 1721 3481 quas
1748 3412 1827 3467 eis

237 3481 550 3556 dirigimus,
588 3485 747 3544 ferat.

763 3608 1098 3667 EPlSTOLA
1132 3614 1321 3672 XXIV.

695 3715 763 3754 AD
797 3716 1083 3759 ιιοιειιτωι
1120 3722 1378 3764 COIITEI.

845 3790 1025 3862 (Anno
1062 3794 1244 3867 1081.)

240 3874 716 3965 Petitionemlejus.
745 3898 902 3965 super
936 3884 1116 3965 electo.
1139 3887 1405 3965 Mflitensi
1449 3894 1690 3965 episcopo
1722 3914 1825 3952 non

307 3964 486 4036 posse?
511 3950 834 4036 adimpleriL,
881 3958 1116 4036 cumnad
1170 3950 1488 4036 Ecclesium.
1514 3950 1825 4036 Regitanarn

305 4021 945 4096 consecratio'pertinere
993 4027 1226 4084 dicatur.
1261 4029 1438 4096 Quare
1468 4021 1679 4089 vultvut
1717 4021 1825 4092 una

305 4104 430 4165 rem
457 4089 651 4162 legatis
664 4089 1028 4165 jiscutiatur,
1051 4114 1123 4153 an
1145 4100 1215 4153 ad
1238 4089 1357 4155 eam
1385 4102 1513 4158 tatis
1542 4089 1822 4162 censeo—ra:

310 4160 628 4244 tio-ipectet.
661 4160 1033 4244 Trajancnseni
1049 4171 1347 4241 episcopum
1383 4173 1496 4228 sine
1521 4160 1825 4244 apostolici:

305 4230 447 4285 sedis
481 4230 805 4313 auctoritate
830 4237 1050 4313 electum
1078 4230 1160 4313 ’δεῖ
1179 4230 1823 4313 εὸριὲεεναιιιηιάἱῑςάάίῆ

309 4310 489 4356 tamen
513 4304 571 4358 in
590 4314 856 4375 posterum
880 4307 1182 4379 hujusmodi
1200 4312 1385 4367 electio
1413 4320 1516 4369 n'on
1540 4306 1658 4385 ﬁat;

1937 483 2140 550 (limus,
2180 484 2425 559 videlicet
2455 497 2515 544 ut
2563 491 2842 549 accersitis
2874 492 3135 553 fratribus
3172 501 3378 558 nostris
3406 500 3510 559 Ba-

1937 573 2084 630 rensi
2112 576 2541 649 archiepiscopo.
2570 578 2866 639 V........et
2886 584 2973 639 W.
3000 585 3232 658 [decstet
3250 590 3505 663 W].......
3583 658 3602 670 .

1935 662 2194 723 Firmano
2230 669 2486 740 episcopo
2518 679 2573 728 et
2600 673 2777 745 legato
2793 684 2984 735 nostro
3302 662 3351 739 si
3388 685 3509 741 fieri

1934 764 2134 826 potest,
2161 773 2288 814 cum
2329 760 2417 816 his
2442 761 2639 839 tribus,
2668 765 2912 837 alioquin
2939 756 3025 823 vel
3065 768 3261 827 horum
3294 774 3509 833 duobus

1934 850 2292 918 prasentibus
2325 868 2493 909 causa
2528 852 2585 909 in
2606 871 2895 915 commune
2928 860 3269 920 discutiatur.
3298 863 3355 921 Si
3378 883 3511 939 ergo

1934 955 2101 996 causa
2123 941 2350 998 solerter
2380 944 2670 1001 eventilata
2700 947 2770 1003 ab
2808 948 2955 1007 illius
2994 962 3260 1023 potestate
3287 956 3508 1015 inventa

1934 1030 2099 1088 fuerit
2127 1033 2317 1102 libera,
2352 1043 2480 1092 tunc
2505 1052 2606 1093 nos
2639 1039 2781 1094 sicut
2805 1044 3075 1112 oportebit
3105 1044 3356 1103 effectum
3377 1050 3508 1106 dare

1933 1124 2187 1194 precibus
2234 1128 2344 1184 tuis
2386 1144 2498 1183 non
2545 1130 2942 1201 pigritabimur.
3000 1134 3094 1190 Sin
3136 1144 3317 1194 autem
3356 1141 3510 1197 decet

1934 1224 2097 1287 atque
2125 1233 2348 1275 necesse
2377 1229 2461 1276 est
2489 1230 2548 1276 ut
2570 1221 2649 1278 sic
2682 1232 2777 1279 tua
2798 1225 3014 1282 devotio
3039 1228 3093 1282 in
3129 1229 3215 1285 his
3240 1233 3508 1304 pracipue

1933 1324 2054 1378 qua
2102 1308 2197 1364 Dei
2237 1320 2365 1367 sunt
2393 1328 2514 1370 sese
2544 1316 2823 1385 aqualiter
2854 1318 3069 1387 haheat,
3094 1331 3362 1392 quatenus
3393 1324 3507 1380 fra-

1933 1406 2100 1456 terna
2135 1401 2420 1460 charitatis
2449 1414 2503 1460 et
2529 1407 2836 1464 concordia
2862 1409 3138 1466 vinculum
3174 1420 3425 1484 rumpere
3456 1425 3511 1471 et

1931 1491 2236 1548 dilectionis
2280 1496 2543 1551 unitatem
2584 1497 2640 1552 in
2679 1499 2912 1555 invicem
2949 1502 3197 1559 scindere
3220 1513 3428 1576 caveat,
3454 1507 3510 1562 in

1933 1593 2113 1639 mente
2135 1584 2341 1641 habens
2365 1589 2512 1658 quod
2538 1589 2803 1659 scriptum
2835 1600 2920 1647 est
2950 1612 2964 1648 :
2999 1591 3060 1648 Si
3083 1603 3217 1649 recte
3238 1597 3431 1667 o/feras
3460 1608 3511 1653 et

1934 1684 2068 1730 recte
2108 1693 2209 1730 non
2260 1678 2528 1749 dijudicas
2573 1679 2873 1756 [dividas],
2909 1688 3158 1753 peccasti.
3202 1686 3279 1743 De
3314 1698 3510 1747 eatero

1931 1768 2059 1838 quia
2102 1767 2489 1839 Trajanensem
2525 1774 2756 1829 electum
2792 1791 2822 1830 a
2860 1776 3017 1833 nobis
3061 1782 3376 1836 consecrari
3412 1797 3508 1851 po-

1874 1928 1878 1937 ,
1931 1860 2122 1926 stulas,
2150 1861 2279 1916 licet
2297 1861 2547 1919 electioni
2572 1864 2692 1934 ejus
2714 1866 2819 1922 hoc
2843 1866 3078 1925 defuerit
3119 1872 3267 1942 quod
3302 1873 3508 1943 legatus

1931 1953 2243 2022 apostolica
2285 1954 2431 2010 sedis
2478 1965 2532 2010 et
2574 1972 2878 2014 consensus
2917 1969 3103 2017 noster
3151 1976 3262 2018 non
3292 1963 3504 2020 adfuit'

1931 2053 2111 2100 tamen
2136 2056 2420 2104 monentes
2446 2063 2514 2103 ne
2537 2048 2605 2103 de
2632 2048 2817 2104 futuro
2840 2050 2893 2106 id
2934 2051 3048 2120 ﬁat,
3079 2062 3187 2110 tua
3209 2054 3505 2122 dilectioni,

1933 2136 2213 2207 ipsiusque
2257 2153 2526 2209 persona,
2562 2141 2819 2197 laudabili
2858 2144 3171 2200 testimonio
3192 2147 3247 2203 id
3272 2146 3338 2202 ad
3372 2163 3508 2218 prae-

1931 2242 2057 2283 sens
2103 2229 2415 2298 annuimus,
2464 2240 2523 2287 ut
2554 2232 2798 2302 veniens,
2860 2232 2970 2290 Deo
3010 2235 3245 2306 favente,
3268 2254 3365 2311 per
3408 2254 3508 2296 nos

1929 2329 2299 2378 consecretur.

2448 2479 2787 2539 EPISTOLA
2824 2481 2989 2537 XXV.

2075 2606 2142 2645 AD
2181 2607 2626 2650 Αιιοιιιειιιεεορωι
2662 2611 2939 2653 CAPUANUI

2515 2709 2693 2780 (Anno
2735 2709 2861 2765 lOBl
2878 2711 2917 2781 .)

1935 2817 2002 2873 Ut
2039 2835 2094 2872 se
2142 2820 2206 2872 ab
2263 2823 2842 2896 excommunicatorum,
2882 2828 3292 2896 participatione
3341 2818 3507 2883 abstio

2000 2898 2187 2966 ticam,
2230 2908 2447 2966 eamque
2488 2891 2613 2946 aliis
2650 2891 2989 2966 interdicunt.
3035 2891 3113 2949 lis
3152 2898 3243 2966 qui
3263 2913 3507 2964 persecu-

2001 2960 2193 3037 tionem
2217 2960 2368 3030 ferre
2390 2973 2742 3037 non__possunt
2771 2960 3041 3037 licentiam
3077 2960 3388 3037 imimrtitur
3414 2976 3507 3022 aut

2001 3029 2070 3084 ad
2098 3029 2273 3084 sedent
2292 3029 2646 3101 apostolicam
2673 3044 2777 3108 aut
2793 3035 2863 3089 ad
2883 3036 3067 3091 ducem
3090 3029 3347 3108 fugiendi.

2987 2613 3055 2652 ΕΤ
3092 2614 3366 2657 CETEROS.

2000 3184 2305 3243 Gnecoaws
2324 3186 2632 3265 episcopus,
2656 3205 2850 3248 servus
2871 3206 3156 3249 servorum
3179 3191 3297 3260 Dei,
3310 3193 3506 3255 dilecto

1930 3276 1983 3331 in
2013 3275 2231 3335 Christo
2279 3277 2435 3341 fratri
2781 3282 3042 3354 Capuano
3071 3285 3502 3357 archiepiscopo,

1927 3370 2243 3441 caterisque
2278 3372 2680 3443 principatuum
2711 3375 3001 3448 episcopis,
3039 3377 3134 3449 qui
3164 3377 3323 3434 beato
3344 3377 3505 3435 Petro

1928 3461 2237 3520 obedientes
2275 3462 2644 3521 Christianam
2696 3467 3013 3539 religionem
3063 3477 3379 3542 constanter
3410 3471 3505 3526 ἀει-

1927 3552 2173 3622 fendunt,
2200 3556 2427 3612 salutem
2453 3565 2509 3612 et
2534 3559 2892 3629 apostolicam
2924 3559 3379 3617 benedictionem.

1995 3668 2454 3741 Congratulamur
2495 3672 2773 3729 dilectioni
2820 3681 3035 3740 vestra,
3063 3672 3260 3730 fratres
3301 3674 3506 3730 charis-

1894 3805 1903 3813 .
1927 3760 2073 3827 simi,
2104 3762 2365 3831 quoniam
2384 3762 2533 3835 digni
2555 3764 2763 3821 inventi
2784 3766 2935 3833 estis,
2960 3766 3055 3836 qui
3078 3782 3176 3838 pro
3192 3764 3502 3823 Christiana

1927 3852 2187 3923 religione
2220 3852 2430 3925 integra
2476 3855 2677 3912 virtute
2709 3856 2947 3927 fortique
2989 3857 3295 3913 constantia
3328 3857 3505 3914 inimi-

1926 3943 2104 4010 citias,
2142 3944 2327 4000 odium
2357 3954 2411 4001 et
2432 3948 2795 4004 contumelias
2812 3949 3098 4019 patiamini
3123 3969 3136 4004 :
3165 3965 3231 4005 ac
3250 3958 3502 4020 optamus

1927 4045 1986 4088 ut
2029 4036 2097 4090 de
2130 4036 2341 4107 reliquo
2397 4037 2664 4096 immobili
2716 4040 2913 4095 robore
2953 4041 3332 4110 perseveretis,
3364 4050 3500 4095 ‘non

1926 4122 2088 4181 modo
2115 4141 2213 4182 vos
2240 4127 2309 4183 ab
2338 4127 2530 4185 .illicita
2569 4138 2624 4183 et
2655 4128 2865 4184 nefaria
2905 4132 3499 4189 excommunicatorum

1925 4218 2336 4288 participatione
2358 4219 2711 4287 abstinentes,
2737 4221 2832 4277 sed
2850 4229 2906 4277 et
2933 4230 3160 4277 cateros
3190 4221 3499 4277 sacerdotes

1925 4310 1993 4365 ab
2015 4325 2206 4368 eorum
2250 4313 2638 4369 communione
2684 4313 3086 4369 interdicentes.
3139 4311 3196 4368 Si
3235 4313 3330 4385 qui
3356 4328 3500 4368 vero

250 4408 253 4415 ’
312 4391 629 4453 anconms
661 4398 973 4470 episcopus,
1016 4417 1208 4459 servus
1245 4419 1532 4461 servorum
1569 4406 1685 4475 Dei,
1711 4407 1822 4463 Ro-
1857 4438 1900 4492 ι)
1928 4402 2126 4458 fuerint
2150 4405 2244 4474 qui
2275 4412 2465 4459 contra
2515 4404 2863 4460 interdictum
2889 4413 3128 4460 vestrum
3149 4413 3205 4460 et
3227 4412 3499 4469 nostrum,

243 4498 418 4543 usuro
452 4487 625 4545 nobili
650 4491 859 4558 comiti,
892 4494 1123 4549 salutem
1151 4501 1205 4550 et
1230 4497 1585 4566 apostolicam
1611 4498 1826 4555 benedi-

246 4576 502 4634 ctionem.
1390 4600 1393 4603 “

315 4666 435 4724 Non
468 4670 681 4728 dubitet
704 4674 991 4743 prudentia
1028 4685 1122 4731 tua
1166 4693 1267 4734 nos
1292 4680 1522 4735 libenter
1575 4683 1823 4752 petitioni

250 4768 351 4816 tua
373 4761 576 4831 favere,
608 4766 666 4820 in
690 4776 957 4837 quantum
980 4785 1105 4824 cum
1128 4768 1238 4825 Deo
1261 4780 1315 4826 et
1335 4773 1451 4827 sine
1471 4772 1701 4828 fratrum
1727 4791 1825 4831 no—

250 4860 484 4910 strorum
517 4857 780 4913 seandalo
810 4858 929 4913 ﬁeri
962 4869 1158 4929 potest.
1200 4861 1318 4916 Non
1352 4871 1438 4919 est
1471 4864 1615 4919 enim
1642 4866 1822 4937 aliqua

251 4945 524 5003 sacularis
544 4949 716 5019 apicis
753 4965 1007 5020 persona,
1044 4954 1134 5007 cui
1166 4954 1315 5008 salva
1356 4955 1568 5026 iustitia
1596 4958 1824 5026 pronius

251 5050 528 5095 assensum
577 5051 833 5099 nostrum
887 5044 1129 5112 prahere
1155 5046 1403 5103 velimus.
1438 5046 1513 5103 De
1547 5063 1614 5103 eo
1642 5058 1822 5106 autem

250 5130 384 5198 quod
414 5148 580 5205 super
598 5135 779 5192 electo
804 5134 1069 5192 Melitensi
1094 5140 1409 5207 postulasti,
1435 5140 1649 5194 noverit
1668 5143 1825 5198 nobi-

250 5219 361 5279 litas
391 5232 482 5280 tua
513 5227 675 5284 nobis
714 5241 841 5283 esse
878 5226 1186 5283 intimatum
1219 5229 1285 5284 ad
1303 5231 1397 5300 jus
1422 5230 1679 5288 Ecclesia
1717 5231 1824 5291 Re-

251 5311 431 5381 gitana
462 5320 761 5390 pertinere.
809 5316 963 5375 Unde
997 5335 1110 5374 non
1150 5320 1306 5375 aliter
1343 5324 1691 5380 annuendum
1723 5341 1825 5390 po-

1924 4495 2317 4551 contumaciter
2358 4497 2558 4552 missas
2599 4504 2652 4551 et
2677 4496 2857 4552 officia
2883 4496 2989 4553 illis
3015 4496 3197 4553 divina
3229 4496 3503 4577 celebrare

1923 4586 2153 4644 subinde
2197 4588 2676 4658 prasumpserint,
2721 4603 2822 4661 pro
2862 4597 3012 4645 certo
3064 4589 3300 4645 habeant
3342 4588 3499 4673 tales),

1924 4689 2196 4735 annuente
2232 4678 2364 4747 Deo,
2415 4681 2586 4736 sacris
2632 4698 2691 4737 se
2740 4680 3078 4746 ministeriis,
3124 4696 3245 4753 qua
3286 4680 3504 4751 indigne

1924 4789 2191 4843 usurpare
2218 4789 2327 4828 non
2363 4782 2631 4841 metuent,
2664 4775 2720 4829 in
2753 4776 3073 4846 perpetuum
3098 4772 3426 4829 abdicandos
3450 4781 3508 4859 et

1925 4867 2042 4921 sine
2086 4881 2181 4935 spe
2232 4866 2659 4936 recuperationis
2700 4868 3050 4923 amovendos.
3105 4864 3189 4920 De'
3224 4873 3419 4921 catero
3458 4865 3503 4920 si

1926 4958 2050 5030 quis
2075 4965 2316 5011 vestrum
2350 4958 2639 5028 impiorum
2673 4964 2986 5027 pressuram
3016 4955 3158 5011 ferre
3185 4973 3295 5013 non
3325 4957 3510 5013 valens

1926 5050 2076 5120 cupit
2103 5048 2372 5116 secedere,
2396 5048 2553 5103 nobis
2591 5063 2700 5103 non
2730 5048 3000 5121 displicet.
3030 5046 3355 5119 Huiusmodi
3381 5063 3511 5118 ergo

1925 5144 2009 5199 vel
2039 5141 2093 5195 in
2127 5147 2445 5210 potestatem
2470 5139 2624 5195 ducis
2650 5140 2880 5210 gloriosi
2903 5144 2987 5199 vel
3013 5138 3203 5203 fratris
3224 5141 3343 5212 ejus
3361 5146 3514 5211 pote-

1925 5237 1999 5291 rit
2024 5234 2128 5299 ire;
2157 5238 2251 5286 aut
2280 5232 2327 5286 si
2358 5233 2427 5287 ad
2465 5246 2566 5286 nos
2596 5232 2780 5309 venire
2817 5231 3096 5298 maluerit,
3123 5247 3227 5289 nos
3253 5230 3517 5289 charitate

1926 5323 2037 5390 qua
2062 5323 2326 5380 debemus
2364 5338 2488 5379 eum
2537 5323 2769 5378 libenter
2819 5326 3206 5390 suscipiemus.
3248 5325 3352 5390 Qui
3387 5335 3518 5375 vero
