3972 5390
495 310 600 367 €27

996 431 1331 491 EPISTOLA
1363 438 1552 496 XXVI.

765 536 833 576 ιω
873 536 1319 583 ΔΒΩΒΙΕΡΙΒΟΟΝῚΠ
1351 546 1777 592 ΝΕΑΡΟΗΤΔΝΠΙ.
1870 586 1874 595 .

1075 616 1255 688 (Anno
1290 622 1472 695 1081.)
1634 616 1649 627 ’

484 700 743 777 Prceipit
776 715 836 760 ut
868 709 1118 777 magistro
1151 712 1385 767 militum
1414 716 1509 770 sub
1552 702 2055 777 excommunicatio-

555 774 637 827 nis
660 792 810 845 paena
839 774 1240 862 interdicat,_ue
1265 784 1486 862 ulterius
1510 784 1739 843 Jordani
1772 774 2054 862 perjurio-et

551 848 1000 901 excommunicato
1033 851 1296 906 auxilium
1322 854 1479 924 ferat.

552 934 856 995 GREGORIUS
878 941 1188 1013 episcopus,
1217 959 1407 1002 servus
1432 963 1716 1006 servorum
1750 950 1868 1019 Dei,
1913 953 2045 1012 L....

478 1023 832 1097 Neapolitano
878 1033 1285 1106 archiepiscopo
1329 1038 1559 1095 salutem
1598 1049 1653 1097 et
1695 1044 2050 1113 apostolicam

478 1116 935 1177 benedictionem.

545 1208 666 1265 NOn
712 1212 928 1283 ignorat
965 1215 1249 1286 prudentia
1292 1228 1384 1276 tua
1430 1223 1589 1279 nobis
1647 1224 1951 1295 imminere,
1990 1239 2050 1284 ut

477 1302 733 1384 omnibus
769 1314 822 1360 et
856 1307 1059 1378 ubique
1096 1310 1355 1366 salutaria
1382 1314 1610 1371 consilia
1643 1316 2045 1387 provideamus,

473 1380 530 1445 et
554 1394 760 1450 monita
783 1398 866 1452 vel
890 1399 1198 1469 interdicta,
1222 1411 1384 1473 prout
1404 1419 1491 1461 res
1511 1380 1789 1477 postulare
1813 1380 2045 1479 videtur,

475 1487 687 1542 cunctis
722 1489 977 1546 exhibere
998 1491 1310 1550 debeamus.
1334 1494 1601 1553 Praeterea
1648 1513 1757 1554 non
1796 1501 1965 1558 latere
1992 1512 2047 1559 te

473 1577 747 1647 volumus,
786 1596 852 1636 ex
898 1598 1007 1653 quo
1031 1583 1385 1646 charissimus
1437 1598 1624 1646 noster
1673 1590 2046 1651 Salernitanus

436 1654 449 1671 ’
472 1670 727 1741 princeps
755 1674 967 1730 noviter
992 1675 1167 1745 rediit,
1215 1695 1317 1736 nos
1345 1690 1401 1736 et
1437 1682 1837 1740 nobilissimum
1869 1688 2044 1758 magi-

473 1771 648 1818 strum
672 1764 925 1834 militum,
949 1775 1003 1823 et
1028 1769 1261 1839 majores
1287 1781 1451 1845 atque
1480 1776 1721 1832 minores
1746 1787 1937 1836 vestrae
1960 1796 2049 1835 ur—
2080 1790 2121 1845 Β

471 1856 557 1912 bis
583 1857 987 1927 quodammodo
1009 1862 1315 1933 specialiter
1354 1868 1584 1937 cmpisse
1615 1868 1854 1940 diligere.
1896 1870 2046 1928 Unde

471 1949 635 2005 modo
664 1951 821 2008 valde
848 1953 1021 2025 magis
1053 1954 1323 2024 dolemus,
1347 1960 1475 2029 quia
1497 1975 1592 2016 eos
1615 1963 1879 2018 auxilium
1912 1964 2046 2019 dare

470 2040 785 2100 hominibus
819 2048 1001 2116 pravis
1022 2055 1076 2103 et
1105 2049 1173 2104 ab
1201 2048 1440 2107 Ecclesia
1466 2062 1629 2123 atque
1650 2053 1761 2110 Deo
1783 2057 2046 2126 separatis

470 2133 797 2192 audivimus.
823 2135 959 2193 Nam
990 2140 1222 2197 relatum
1260 2152 1343 2201 est
1385 2145 1565 2210 nobis,
1606 2147 1753 2217 quod
1799 2146 2047 2215 Jordani,

470 2225 565 2294 qui
594 2227 829 2284 scienter
870 2230 1124 2302 periurus
1147 2235 1307 2290 beato
1335 2234 1497 2291 Petro
1520 2246 1573 2292 et
1595 2239 1752 2294 nobis
1774 2248 1830 2295 et
1848 2241 1919 2296 ob
1942 2242 2045 2297 hoc

471 2318 836 2377 anathematis
885 2325 1045 2380 nodis
1074 2325 1273 2397 ligatus
1304 2337 1406 2395 est,
1440 2330 1773 2400 adjutorium
1816 2331 2040 2389 faciant.

471 2406 605 2475 Quae
632 2427 719 2467 res
750 2413 871 2470 illos
895 2417 1087 2485 procul
1119 2418 1285 2474 dubio
1318 2428 1372 2475 et
1407 2436 1439 2475 a
1484 2423 1657 2492 gratia
1710 2424 1854 2478 beati
1897 2424 2041 2479 Petri

471 2501 679 2560 alienos
701 2512 756 2560 et
783 2507 1072 2565 dilectione
1102 2521 1288 2567 nostra
1327 2508 1578 2586 indignos
1600 2514 1763 2571 eﬂiclt
1788 2534 1800 2569 :
1837 2524 1911 2583 et,
1936 2517 2047 2572 nisi

469 2593 849 2665 rcsipiscentes
906 2599 1193 2669 desinant,
1249 2605 1465 2661 aeternis
1527 2607 1704 2678 pcnnis
1777 2607 2043 2664 obnoxios

471 2686 683 2743 reddet.
733 2686 969 2747 Proinde
1019 2691 1344 2750 fraternitati
1398 2704 1506 2752 tute
1564 2696 1928 2769 praecipimus
1982 2708 2043 2754 ut

471 2775 756 2845 praefatum
781 2780 1101 2853 magistrum
1136 2784 1368 2841 militum
1406 2801 1705 2859 omnesque
1755 2788 1853 2843 tibi
1886 2804 2040 2843 com-

470 2868 670 2925 missos
694 2871 1008 2940 admoneas,
1035 2884 1090 2930 et
1113 2877 1438 2947 pontificalis
1471 2894 1716 2936 censurae
1755 2880 2040 2952 disciplina

469 2960 784 3031 prohibeas,
823 2972 879 3020 et
918 2964 1208 3024 interdicas
1243 2977 1303 3025 ut
1334 2978 1445 3026 tam
1492 2988 1522 3027 a
1553 2972 1778 3043 praefato
1802 2973 2040 3030 Jordano

467 3065 635 3120 quam
675 3068 709 3107 a
741 3056 952 3111 caeteris
982 3057 1127 3114 illius
1162 3061 1517 3134 complicibus
1558 3080 1679 3120 sese
1706 3064 2034 3121 abstineant.
2079 3088 2113 3135 *ν
2211 3056 2464 3135 Ῐ⁶Ρ⁹¹⁸⁶⁷⁶
2495 3056 2763 3135 "‘"ufmn-
2850 3102 2857 3107 .
2926 3102 2931 3105 η
3204 3103 3209 3106 -
3278 3106 3281 3109 -
3336 3095 3366 3108 --
3436 3121 3477 3135 ﬁ
3520 3122 3533 3134 ,
3622 3090 3627 3095 ο

2066 3131 2107 3187 (3
2207 3121 2514 3190 Caesonius
2542 3123 2831 3195 episcopus
2851 3165 2871 3191 ,
2902 3138 3405 3198 servusservorum
3436 3121 3570 3190 Dei,
3608 3123 3720 3201 cle-

2108 3240 2111 3241 ν
2142 3214 2271 3269 ricis
2299 3224 2353 3268 et
2387 3214 2543 3270 laicis
2569 3215 2666 3285 qui
2702 3231 2813 3270 non
2843 3214 3721 3287 tenentmescommunicatione,

468 3140 657 3212 illique
698 3145 905 3221 nullum
962 3163 1189 3217 prorsus
1232 3153 1496 3209 auxilium
1549 3154 1819 3226 tribuant,
1867 3157 2038 3214 donec

467 3229 629 3287 beato
661 3231 824 3289 Petro
875 3236 1198 3294 satisfecerit
1243 3257 1406 3311 quem
1457 3244 1700 3316 perjurio
1732 3248 2036 3319 abnegavit.

472 3320 530 3377 Si
597 3325 722 3394 quis
773 3342 904 3399 ergo
954 3345 1055 3386 nec
1110 3333 1355 3390 consiliis
1403 3335 1545 3403 tuis,
1606 3353 1708 3393 nec
1758 3341 2041 3411 praeceptis

468 3416 694 3484 nostris,
720 3434 819 3474 nec
843 3423 1156 3479 auctoritati
1182 3426 1323 3481 beati
1360 3426 1504 3483 Petri
1550 3431 1954 3509 obtemperans,
1983 3435 2040 3489 in

469 3508 729 3566 ﬁdelitate
773 3513 858 3568 vel
908 3515 1181 3585 adjutorio
1226 3514 1372 3575 illius
1418 3531 1668 3578 mortuus
1716 3508 1909 3591 fuerit,
1943 3542 2040 3596 pro

470 3600 566 3656 illo
596 3611 806 3659 certum
842 3614 928 3661 est
969 3622 1079 3663 non
1113 3624 1236 3666 esse
1275 3612 1538 3668 orandum
1570 3634 1583 3669 :
1631 3624 1685 3671 et
1721 3631 1822 3674 nos
1875 3627 2040 3674 etiam

469 3692 724 3762 iubemus
764 3703 828 3750 ut
872 3712 975 3754 nec
1008 3701 1298 3770 sepulturas
1337 3702 1652 3763 Christiano
1684 3699 1848 3768 more
1886 3727 2040 3766 com-

471 3781 775 3838 mendetur.
824 3784 1144 3843 Timendum
1196 3805 1415 3861 quoque
1450 3793 1556 3848 'est
1594 3810 1690 3859 ne,
1731 3796 1776 3852 si
1831 3799 1901 3852 ab
1948 3791 2041 3855 illo

472 3874 719 3930 animum
738 3892 851 3933 non
878 3881 1268 3950 revocaverint,
1296 3882 1491 3939 divinae
1516 3885 1742 3942 ultionis
1764 3888 1899 3945 iram
1925 3891 2042 3963 ipse

472 3964 628 4023 locus
650 3977 829 4026 vester
852 3973 1182 4042 experiatur.

963 4062 1298 4121 EPISTOLA
1330 4066 1427 4123 XX
1441 4069 1542 4125 VH.

836 4172 904 4211 an
942 4162 1284 4215 uentutanuu
1320 4160 1671 4221 csnntuttsu.

1058 4250 1237 4323 (Anno
1274 4251 1458 4327 1081.)

472 4334 740 4393 Hortatur
780 4340 1042 4410 patienter
1078 4358 1135 4397 se
1160 4360 1274 4469 5:0
1300 4344 1499 4401 Christi
1537 4351 1745 4407 nomine
1785 4360 1954 4423 gerat,
1989 4361 2042 4408 et

536 4409 812 4469 justitiam
851 4412 1120 4469 defendat.
1264 4415 1427 4469 electo
1462 4417 1747 4469 Corsicana
1776 4422 1886 4469 vult
1916 4424 2034 4469 sibi-

536 4409 812 4478 justitiam
851 4412 1120 4480 defendat.
1160 4409 1235 4469 De
1264 4415 1427 4470 electo
1462 4417 1747 4475 Corsicana
1776 4409 1886 4476 uult
1916 4409 2016 4478 sibi

1147 319 1202 375 s.
1243 304 1580 381 cnneonn’
1607 304 1934 389 vneam
1974 306 2257 396 omnem
2297 332 2555 399 must.
2594 348 2664 383 '—
2699 330 3124 434 REGISTRUM.

3622 353 3721 408 62.8

2085 456 2128 511 A
2159 470 2257 512 nec
2296 456 2511 529 ignorat
2556 460 2685 530 quid
2729 461 2833 539 sibi
2872 478 2973 533 pro
3004 463 3203 521 talibus
3237 463 3293 523 in
3344 465 3453 521 fine
3481 464 3720 523 debetur.

2160 545 2519 619 Quapropter,
2555 558 2616 605 ut
2649 553 2883 608 solertiae
2902 563 3008 608 tute
3030 555 3263 609 breviter
3287 556 3438 626 loqui
3465 557 3537 612 sit
3561 559 3724 617 multa

2157 637 2382 705 dixisse,
2419 640 2806 710 admonemus,
2838 644 2891 698 id
2912 645 3057 715 quod
3082 647 3361 715 memoria:
3376 657 3486 704 tua:
3518 664 3726 720 semper

2156 729 2347 785 adesse
2391 740 2679 802 putamus,
2718 735 2966 791 videlicet
3002 745 3062 790 ut
3105 735 3359 794 Veritatis
3400 734 3725 797 sententiam

2155 821 2313 889 quasi
2349 822 2691 893 signaculum
2720 826 2822 882 sub
2849 842 2945 882 cor
2966 836 3120 883 tuum
3140 844 3312 900 ponas
3338 849 3349 883 :
3379 824 3447 883 In
3466 832 3725 900 patientia

2156 921 2325 966 vestra
2351 915 2684 983 possidebitis
2711 919 2920 973 animas
2951 928 3149 973 vestras
3180 918 3330 990 (Luc.
3378 912 3517 992 XXI).
3550 915 3633 976 Ea.
3647 930 3726 977 est

2151 1004 2298 1059 enim
2318 1005 2545 1074 justitite
2574 1010 2957 1076 consolidatio,
2994 1010 3115 1066 ﬁdei
3136 1010 3591 1078 slabilimentum,
3616 1015 3723 1084 spei

2152 1096 2448 1163 securitas,
2497 1098 2779 1157 charitatis
2825 1099 3201 1158 indissolubile
3243 1092 3557 1170 vinculum,
3604 1120 3725 1159 con-

2152 1187 2445 1243 summatio
2493 1203 2686 1260 nempe
2743 1190 3043 1249 virtutum.
3074 1191 3149 1248 De
3198 1202 3394 1250 caetero
3462 1196 3721 1265 quoniam

2150 1276 2482 1337 Corsicanus
2503 1280 2709 1336 electus
2730 1282 2798 1337 ad
2834 1285 3262 1353 consecrandum
3286 1302 3463 1356 nuper
3485 1287 3721 1365 advenit,

2151 1367 2506 1428 fraternitatis
2527 1379 2634 1429 tua:
2659 1373 2995 1442 testimonio,
3016 1366 3138 1447 quas
3168 1392 3280 1431 rem
3304 1377 3451 1435 illius
3468 1376 3555 1448 (ut
3582 1379 3721 1432 arbi.

2149 1460 2380 1533 tramur)
2430 1462 2634 1519 clarius
2679 1465 2855 1532 novit,
2892 1481 3054 1536 super
3096 1482 3162 1522 eo
3218 1467 3551 1538 indigemus.
3586 1469 3719 1524 Cum

2148 1551 2293 1606 enim
2335 1552 2495 1607 nobis
2545 1554 2738 1610 electio
2769 1555 2916 1611 illius
2948 1556 3345 1629 incognitasit
3363 1566 3418 1613 et
3464 1574 3719 1629 persona,

2147 1651 2361 1712 oportet
2413 1644 2657 1715 profecto
2710 1662 2821 1701 non
2853 1636 2924 1705 ei
2972 1658 3173 1704 temere
3222 1666 3448 1708 manum
3495 1650 3717 1720 imponi.

2147 1733 2400 1801 Proinde,
2427 1735 2616 1804 frater,
2649 1746 2709 1793 ut
2750 1738 2816 1794 de
2858 1755 2925 1794 eo
2966 1740 3096 1810 quid
3134 1739 3443 1799 faciendum
3488 1742 3563 1797 sit
3587 1742 3721 1797 scire

2153 1823 2447 1891 valeamus,
2485 1826 2813 1887 volumuset
2854 1828 3110 1898 iubemus
3159 1838 3431 1900 quatenus
3475 1832 3721 1907 veritatis

2142 1917 2411 1987 judicium
2434 1935 2596 1989 super
2624 1919 2742 1990 ipso
2770 1921 2931 1976 nobis
2966 1922 3238 2002 destinare
3269 1938 3561 1995 procures.
3594 1923 3721 1980 Esto

2147 2025 2357 2066 memor
2385 2011 2662 2090 memoris.
2701 2011 2807 2067 Ora
2839 2028 2937 2082 pro
2973 2014 3153 2070 nobis.

2623 2122 2962 2180 EPISTOLA
2995 2090 3239 2183 xxvm.

2596 2232 2662 2273 AD
2704 2233 2990 2275 UNIVEBSOS
3023 2234 3265 2274 FIDELES.

2733 2308 2925 2378 (Anno
2955 2308 3134 2381 1081.)

2145 2396 2235 2447 Ait
2262 2411 2316 2449 se
2334 2397 2627 2483 generalem
2646 2399 2903 2483 synodum
2926 2400 3117 2483 inloco
3142 2407 3252 2454 tuto
3275 2398 3405 2454 velte
3433 2417 3723 2483 congrega—

2216 2482 2290 2531 re,
2321 2476 2379 2541 με
2399 2475 2681 2541 _tantorum
2700 2469 2972 2541 malorum
2997 2480 3261 2526 auctorem
3280 2512 3296 2536 ,
3329 2487 3393 2525 ac
3420 2469 3720 2541 praesertim

2212 2537 2357 2606 pacis
2392 2538 2530 2612 inter
2563 2540 2931 2612 pontiﬁcatum
2962 2548 3013 2594 et
3050 2557 3263 2612 regnum
3301 2537 3721 2612 perturbatorem

2212 2623 2277 2661 ea:
2299 2607 2520 2680 occultis
2549 2607 3009 2675 antris-extrahat,
3024 2607 3309 2680 pacemque
3332 2610 3507 2680 ipsam
3529 2612 3722 2680 conﬁr—

2214 2687 2336 2760 met.
2368 2676 2635 2762 Paratum
2664 2696 2718 2736 se
2744 2681 2910 2762 infert
2944 2676 3084 2762 sedis
3120 2676 3427 2762 apostolica!
3470 2676 3721 2762 innocen-

2216 2748 2349 2817 tiam
2404 2748 2697 2821 defendere.
2735 2748 3069 2821 Rodulphum
3125 2748 3298 2821 regem
3348 2752 3549 2820 absque
3608 2752 3718 2821 ejus

2212 2826 2475 2887 prwcepto
2505 2819 2750 2894 eiectum
2769 2819 2988 2894 ejusque
3003 2819 3249 2894 electores
3278 2822 3367 2894 qui
3387 2819 3545 2875 ilium
3577 2819 3720 2894 ordi—

2214 2896 2429 2956 narunt,
2462 2890 2574 2961 nisi
2597 2890 2693 2944 hoc
2723 2887 3080 2961 factum-recte
3100 2887 3413 2961 defendant,
3447 2900 3563 2945 tam
3578 2893 3719 2961 ipsos

2213 2973 2246 3032 ᾳ
2300 2960 2675 3032 dignitatibus.
2711 2962 2823 3015 suis
2879 2978 3038 3032 quam
3085 2960 3431 3031 Bodufphum'
3478 2979 3513 3016 α
3563 2978 3719 3032 regno

2211 3029 2464 3101 deponere
2495 3031 2763 3105 minatur.

2144 3304 2372 3360 salutem
2395 3313 2450 3363 et
2473 3304 2835 3377 apostolicam
2860 3305 3308 3373 benedictionem.
3390 3374 3393 3377 δ
3476 3374 3483 3381 ἦ

2208 3394 2407 3451 Notum
2443 3396 2676 3453 iacimus
2708 3398 2863 3453 vobis
2885 3441 2901 3465 ,
2940 3399 3251 3455 cbarissimi
3281 3398 3483 3480 fratres
3501 3406 3562 3469 et,
3581 3398 3678 3455 filii
3699 3440 3719 3466 ,

2142 3503 2244 3542 nos
2284 3488 2590 3543 admodum
2624 3488 2936 3545 desiderare
2964 3489 3354 3560 etapostolica
3394 3491 3719 3545 auctoritate

2141 3577 2275 3631 velle
2318 3576 2533 3632 sancire
2586 3583 2649 3633 ut
2685 3577 2950 3654 generalis
2991 3577 3233 3650 synodus
3272 3588 3634 3650 congregetur
3662 3581 3715 3635 in

2142 3666 2262 3722 loco
2300 3675 2419 3721 tuto
2459 3675 2514 3721 et
2559 3681 2786 3734 securo,
2814 3666 3000 3738 sicque
3032 3674 3337 3738 opportuno
3378 3676 3439 3723 ut
3479 3670 3552 3725 ad
3591 3685 3718 3725 eum

2058 3781 2071 3797 κ
2142 3758 2353 3827 possint
2400 3757 2640 3829 undique
2677 3766 2947 3837 terrarum
2988 3757 3254 3815 clericalis
3289 3760 3590 3841 ordiniset
3618 3762 3720 3827 lai-

2141 3849 2274 3906 calis
2312 3849 2473 3905 amici
2520 3850 2604 3905 vel
2646 3846 2854 3907 inimici
2881 3850 2999 3907 sine
3033 3849 3227 3919 timore
3250 3851 3563 3926 convenire.
3592 3850 3716 3905 Dis-

2141 3943 2395 4014 ponimus
2430 3927 2872 4011 enini'tractare,
2909 3951 2969 3999 et
2993 3943 3236 4014 diligenti
3274 3944 3600 4000 excussione
3619 3944 3715 3999 de-

2142 4043 2343 4091 tectum
2375 4035 2428 4090 in
2466 4033 2658 4090 faciem
2682 4035 2832 4090 orbis
2853 4050 2921 4091 ex
2954 4035 3183 4091 occultis
3208 4036 3714 4106 tergiversationum

2142 4114 2366 4185 suarum
2396 4128 2570 4185 antris
2596 4127 2883 4185 extrahere
2906 4126 3218 4198 quicunque
3244 4127 3335 4181 ille
3357 4128 3560 4197 estqui
3590 4136 3716 4181 tan—

2141 4229 2326 4276 torum
2378 4221 2647 4277 malorum
2672 4260 2689 4285 ,
2731 4234 2856 4290 quae
2894 4218 3219 4290 jampridem
3253 4219 3309 4274 in
3344 4216 3713 4273 Christianam

2140 4313 2459 4385 religionem
2502 4319 2821 4383 grassantur
2863 4320 2917 4367 et
2960 4312 3221 4378 saeviunt,
3248 4326 3414 4365 causa
3444 4318 3497 4365 et
3525 4318 3717 4367 auctor

2141 4406 2343 4464 existit.
2399 4404 2570 4475 Cujus
2601 4404 2767 4459 etiam
2804 4403 3054 4474 impietas
3087 4410 3142 4458 et
3172 4402 3416 4479 inaudita
3438 4401 3715 4459 temeritas

537 4465 818 4552 antequam
841 4465 1189 4551 consecretur,
1210 4465 1746 4544 ieiiidéniu'nlﬁh'.
1769 4465 2036 4550 milia?”
2073 4470 2117 4525 θ
2143 4499 2404 4554 hactenus
2430 4465 2642 4552 obstitit
2664 4503 2720 4551 et
2736 4465 3076 4566 proturbavit
3094 4509 3162 4548 ne
3183 4473 3322 4547 inter
3341 4492 3713 4563 pontiﬁcatum

541 4570 850 4631 Caesonius
870 4574 1180 4646 episcopus,
1204 4592 1395 4634 servus
1423 4595 1706 4636 servorum
1731 4581 1847 4650 Dei,
1871 4582 2041 4641 Heni-

2139 4597 2197 4645 et
2253 4604 2487 4661 regnum
2525 4589 2711 4645 divina
2756 4603 2863 4658 pax
2907 4594 2963 4641 et
3010 4592 3159 4641 recta
3195 4584 3487 4640 concordia
3524 4583 3710 4647 ﬁeret;

469 4679 647 4719 IlANNO
698 4665 897 4721 dilecto
953 4667 1009 4721 in
1063 4667 1287 4724 Christo
1349 4666 1509 4728 fratri
1559 4680 1728 4729 sacrm
1783 4672 2043 4733 Romanae
2140 4696 2305 4752 quam
2352 4694 2537 4751 pacem
2562 4721 2577 4746 ,
2625 4679 2926 4749 cpitulante
2952 4676 3205 4745 Domino,
3234 4676 3379 4735 sicut
3408 4675 3713 4731 Christiana

472 4750 730 4810 Ecclesia:
774 4757 1067 4826 cardinali,
1097 4759 1328 4817 salutem
1370 4770 1426 4818 et
1468 4764 1825 4834 apostolicam
1871 4766 2040 4824 bene-
2140 4750 2361 4827 devotio
2381 4770 2531 4841 cupit
2554 4778 2609 4825 et
2628 4771 2868 4840 postulat
2887 4812 2905 4837 ,
2946 4769 3003 4824 in
3023 4769 3214 4825 eodem
3239 4768 3472 4841 concilio
3502 4767 3713 4829 instau-

471 4842 785 4903 dictionem.
1711 4902 1717 4913 .
1786 4885 1792 4891 ν

2159 4879 2265 4919 rare
2282 4870 2340 4918 et
2351 4861 2676 4919 conﬁrmare
2693 4870 2967 4931 optamus.
2993 4859 3053 4916 In
3074 4876 3180 4930 qua
3198 4860 3410 4934 synodo
3430 4867 3708 4931 praeterea,

543 4934 758 4995 Gratias
797 4941 1155 5014 omnipotenti
1177 4943 1288 4999 Deo
1317 4945 1587 5001 bonorum
1617 4949 1864 5005 omnium
1884 4950 2045 5023 largi-
2144 4954 2255 5011 Deo
2306 4961 2559 5022 auctore,
2612 4953 2680 5009 ad
2720 4952 2985 5015 honorem
3023 4952 3168 5008 beati
3200 4950 3382 5019 Petri,
3415 4949 3708 5009 secundum

2146 5055 2452 5070 ---.-ιΑ..-.-.
2482 5045 2703 5070 “At”...
2752 5045 2959 5070 ᾹΑΑ-Αοο.
2998 5045 3169 5070 οιΑ-...ε
3202 5045 3403 5070 Α-ξακιιη
3442 5043 3579 5070 4'.an
3617 5043 3670 5070 ξι.

474 5027 579 5070 lnri
605 5026 894 5070 vafris-imus:
942 5032 1033 5070 nni
1061 5041 1111 5070 to
1134 5035 1350 5070 illus-nm
1376 5039 1654 5070 ηητιοΛ-οςη
1682 5040 2040 5070 «Ann—.5--.“
2146 5055 2452 5070 --_-..._.-._.
2482 5045 2703 5070 11-.."...
2752 5045 2959 5070 3----.-
2998 5045 3169 5070 ..κ-...οε
3202 5045 3403 5070 -..ε......,.
3442 5043 3579 5070 πηιυι
3617 5043 3631 5070 :
