3972 5390
128 340 235 395 629

1223 338 1427 394 LIBER
1462 337 1713 396 NONUS.
1753 365 1823 379 συ-
1859 337 2077 395 EPIST.
2118 340 2287 395 XXX.

3289 343 3396 398 650

128 453 277 509 tanis
318 451 603 511 ordinatim
630 461 742 523 est,
769 469 883 511 non
904 460 1098 511 nostro
1124 463 1398 527 praecepto
1429 456 1544 513 sive
1576 470 1712 513 con-
1742 456 1783 513 A
1813 454 1871 510 in
1898 462 2221 527 potestatem
2276 472 2432 514 suam
2454 455 2659 515 illicitis
2707 456 3113 515 conditionibus
3151 457 3395 530 redigere

130 546 253 603 silio
286 560 516 616 regnum
546 555 678 603 tunc
719 548 1058 618 suscepisse;
1084 548 1307 619 insuper
1320 540 1489 603 etiam
1518 563 1623 607 nos
1657 549 1714 604 in

129 639 341 711 synodo
381 639 736 695 decernentes
781 638 1115 707 firmavisse,
1160 640 1269 695 nisi
1317 640 1715 711 archiepiscopi

128 745 181 792 et
232 736 515 808 episcopi,
567 739 664 808 qui
714 739 867 793 illum
904 739 1473 807 ordinaverant,'hoc
1508 740 1712 812 factum

129 844 290 885 suum
318 838 463 885 recte
492 830 781 886 defendere
800 832 1134 901 potuissent,
1157 841 1269 887 tam
1304 832 1456 903 ipsos
1474 849 1511 888 a
1534 831 1714 904 digiti-

129 922 334 977 tatihus
368 923 488 978 suis
521 939 685 994 quam
713 931 769 979 et
796 923 1081 993 praefatum
1111 923 1459 995 Rodulphum
1482 941 1514 981 a
1543 940 1713 997 regno

129 1015 423 1084 deponere.
448 1013 741 1069 Enimvero
767 1014 984 1071 interim
1006 1016 1132 1087 quis
1152 1016 1294 1072 hanc
1318 1024 1565 1073 nostram
1593 1018 1710 1074 dis-

132 1105 460 1175 positionem
480 1107 920 1163 interturbaverit
934 1149 950 1175 ,
973 1116 1029 1163 et
1046 1108 1204 1163 multi
1225 1117 1471 1165 vestrum
1499 1111 1709 1178 sciunt,

130 1204 182 1251 et
222 1205 474 1255 nostram
507 1199 790 1255 scientiam
813 1214 1160 1271 nequaquam
1194 1199 1384 1272 fugere
1406 1210 1606 1270 potest.
1650 1201 1710 1256 Si

130 1287 271 1341 enim
300 1286 579 1347 Henricus
614 1306 710 1346 rex
746 1280 927 1346 dictus
961 1301 1016 1346 et
1050 1308 1179 1362 pars
1197 1293 1319 1363 ejus
1345 1293 1711 1349 obedientiam

131 1395 290 1448 quam
318 1382 649 1450 promiserat
669 1383 854 1451 nobis,
878 1384 1167 1440 imo-beato
1176 1383 1343 1439 Petro
1362 1425 1378 1453 ,
1401 1392 1675 1441 servasset
1690 1425 1707 1453 ,

131 1470 459 1527 conﬁdenter
486 1473 613 1530 dico
633 1516 649 1543 ,
678 1475 788 1530 Deo
804 1476 1058 1546 juvante,
1094 1492 1207 1533 non
1236 1485 1320 1532 tot
1340 1477 1514 1548 mala,
1555 1478 1708 1534 vide-

133 1564 245 1620 licet
266 1565 562 1622 homicidia
578 1609 595 1632 ,
618 1568 856 1638 perjuria
871 1611 887 1635 ,
914 1569 1220 1641 sacrilegia,
1246 1569 1574 1625 Simoniacae
1593 1571 1708 1627 hae-

132 1658 257 1713 uesis
287 1658 615 1728 pestilentia
650 1675 716 1715 ae
744 1660 1082 1730 proditiones
1103 1662 1430 1719 evenissent.
1469 1659 1581 1718 Vos
1607 1662 1710 1718 itas

131 1765 253 1819 que,
280 1764 425 1819 quos
451 1759 549 1805 aut
568 1758 741 1809 tantae
772 1752 1112 1810 calamitates
1144 1763 1394 1824 movent,
1426 1762 1523 1810 aut
1540 1754 1708 1809 divini

1815 557 2102 605 conantur.
2136 550 2565 621 Conquerqu
2613 558 2673 606 et
2690 565 2853 621 super
2886 550 3170 611 monachis
3217 548 3393 620 Maja-

1814 642 2101 708 censihus,
2115 642 2210 712 qui
2228 641 2522 712 quamdam
2548 641 2869 707 ecclesiam,-
2893 642 3036 698 unde
3057 641 3393 713 interpositis

1811 734 2187 791 sacrosanctis
2224 732 2536 804 Evangeliis
2573 733 2872 789 secundum
2915 733 3185 803 judicium
3233 733 3394 805 legati

1813 826 1987 881 nostri
2285 824 2580 881 Ellorensis
2604 823 2808 897 [Amati
2837 823 3141 898 Olorensisj
3177 827 3393 898 episco-

1811 918 1886 987 pi,
1910 918 2346 975 collaudantibus
2390 916 2514 972 aliis
2547 917 2819 988 episcopis
2881 918 2975 989 qui
3022 919 3271 985 aderant,
3324 918 3395 976 lis

1811 1010 1953 1065 inter
1972 1025 2073 1066 eos
2094 1010 2457 1066 determinata
2484 1008 2681 1077 fuerat,
2716 1010 2911 1066 iterata
2930 1010 3169 1067 deterius
3193 1010 3393 1082 injuria

1809 1116 1907 1174 per
1934 1102 2043 1157 vim
2066 1102 2283 1158 comitis
2308 1100 2493 1157 Wa...
2542 1102 2705 1169 datis,
2737 1110 2800 1157 ut
2838 1101 3031 1171 fertur,
3072 1103 3393 1159 muneribus

1810 1202 2154 1264 occupatam,
2178 1194 2422 1251 detinere
2454 1193 2722 1249 nituntur.
2747 1193 3088 1265 Quapropter
3110 1195 3394 1266 experien-

1809 1288 1900 1341 tia:
1928 1294 2036 1341 tum
2054 1285 2400 1356 przecipimus
2422 1293 2481 1339 ut
2510 1284 2821 1355 praelibatos
2848 1292 2960 1341 tam
2973 1285 3200 1342 clericos
3226 1303 3392 1358 quam

1809 1386 1864 1433 et
1881 1377 2204 1443 monachos,
2240 1386 2405 1448 atque
2433 1377 2615 1447 ipsum
2658 1378 2916 1433 comitem
2949 1376 3144 1433 litteris
3190 1388 3244 1433 et
3271 1379 3393 1450 qui-

1810 1471 1915 1527 bus
1935 1470 2114 1525 modis
2135 1471 2285 1526 vales
2331 1485 2681 1528 commonere
2703 1485 2985 1541 procures,
3015 1478 3285 1542 quatenus
3327 1487 3393 1527 ea

1809 1576 1935 1633 quae
1953 1571 2146 1618 contra
2166 1578 2309 1633 saepe
2342 1562 2545 1621 dictam
2575 1563 2859 1620 ecclesiam
2884 1563 3067 1633 inique
3086 1563 3173 1618 vel
3205 1562 3395 1619 odiose

1809 1653 2046 1726 gessisse
2066 1662 2391 1721 noscuntur,
2412 1653 2526 1710 Deo
2545 1663 2601 1711 et
2614 1654 2840 1725 justitiaz
2860 1652 3274 1721 satisfacientes,
3287 1655 3395 1711 sic-

1809 1753 1873 1801 ut
1910 1754 2146 1817 oportet,
2186 1746 2508 1814 emendent;
2559 1761 2626 1802 ac
2656 1746 2725 1805 de
2761 1754 2958 1803 caetero
2976 1746 3217 1805 debitam
3257 1762 3391 1817 apo-

131 1810 340 1897 timo’ris
372 1851 655 1914 respectus
688 1845 757 1900 ad
789 1843 902 1902 Deo
930 1845 1150 1918 dignam
1174 1861 1363 1918 pacem
1380 1810 1442 1903 ξι
1474 1862 1703 1905 concor.
1739 1810 1782 1865 Β
1807 1810 2014 1894 stolicis
2042 1810 2340 1909 privilegiis
2367 1810 2725 1897 reverentiam
2763 1838 3101 1906 exhibentes,
3135 1838 3272 1895 iram
3290 1810 3392 1901 hei

132 1935 261 1990 diam
298 1936 539 2002 animat,
578 1937 820 1992 nitimini
858 1946 915 1992 et
949 1952 1295 2010 summopere
1331 1941 1606 2006 laborare,
1646 1948 1710 1995 ιιι
1807 1944 2109 2002 provocare
2130 1939 2185 1988 et
2204 1931 2639 1988 maledictionem
2662 1946 2828 2001 supra
2870 1945 2929 1987 se
2953 1931 3255 2002 temerariis
3289 1947 3390 1986 au-

134 2027 365 2097 SﬁlOdllS
382 2069 400 2096 ,
439 2028 662 2101 qualem
698 2045 867 2101 supra
905 2031 1331 2089 memoravimus
1347 2075 1364 2102 ,
1386 2033 1507 2089 ﬁeri
1532 2032 1708 2105 possit
1804 2023 1960 2080 sibus
1980 2022 2239 2080 inducere
2263 2031 2508 2080 caveant.
2532 2022 2863 2095 Episcopum
2886 2038 3104 2095 quoque
3137 2022 3391 2085 dimcesis

132 2128 388 2190 quatenus
420 2128 628 2177 sancta:
651 2119 909 2179 Ecclesiae
937 2130 1101 2194 caput
1115 2124 1142 2191 ,‘
1158 2132 1448 2196 totumque
1469 2139 1670 2195 corpus
1686 2164 1702 2189 ,

134 2210 260 2280 quod
296 2210 601 2280 impiorum
641 2212 960 2282 procellosis
996 2211 1283 2271 fraudibus
1335 2222 1390 2268 et
1418 2215 1704 2270 machina-

134 2303 360 2360 tionibus
394 2298 629 2361 tluctuat
661 2305 924 2361 nimirum
947 2314 1002 2363 et
1020 2307 1245 2375 titubat,
1270 2308 1550 2362 communi
1582 2322 1695 2362 om-

135 2396 268 2450 nium
298 2396 577 2457 bonorum
614 2413 890 2458 consensu
925 2408 982 2457 et
1003 2399 1201 2457 robore
1224 2399 1472 2473 quiescat
1501 2399 1570 2457 de
1602 2416 1707 2457 cae-

135 2493 233 2541 tero
258 2494 317 2542 et
334 2486 605 2545 stabiliter
627 2488 1017 2544 consolidetur.

618 2578 961 2636 EPISTOLA
995 2577 1188 2649 XXIX.

509 2687 583 2728 Lb
614 2689 860 2735 “HTE!
891 2688 1288 2731 IASSILIENSBI.

718 2765 901 2839 (Anno
933 2764 1119 2837 l081.)

139 2848 366 2929 Prgcipit
394 2863 463 2929 at
504 2866 723 2912 moneat
760 2858 1045 2929 quosdam,
1084 2857 1175 2929 qui
1205 2858 1484 2913 canoniam
1516 2856 1704 2913 Sancti

194 2922 464 2998 Saturnini
498 2922 809 2998 apostolicis
845 2928 982 2984 sedis
1024 2922 1320 2998 patrocinio
1368 2930 1701 2983 commissam

193 2996 852 3070 infestabantlrlesistere,
877 3007 926 3053 et
947 2996 1066 3070 qua!
1099 3007 1283 3070 contra
1309 2999 1463 3054 illam
1486 3007 1702 3070 egerant

191 3069 476 3124 emendare.
535 3067 665 3123 Nisi
707 3067 969 3139 pareant,
1019 3068 1133 3123 vult
1184 3086 1365 3125 eorum
1417 3067 1702 3125 audaciam

192 3148 481 3209 contpescat
499 3181 516 3207 ,
538 3150 593 3195 at
610 3140 773 3196 dicta
801 3140 1038 3197 canonice
1071 3156 1255 3195 curam
1275 3140 1487 3196 habeat.

192 3228 498 3287 Caesonius
536 3232 1081 3303 episcopus,servus
1113 3247 1396 3288 servorum
1416 3231 1532 3299 Dei,
1555 3230 1694 3287 R....

140 3319 437 3391 (Biemann,
464 3324 546 3378 sic
588 3324 649 3379 in
690 3323 1102 3396 Matin.)sacrae
1145 3323 1406 3380 Romanae
1445 3322 1703 3381 Ecclesia:

137 3413 397 3483 rardinali,
425 3423 483 3471 et
522 3415 709 3471 abbati
738 3414 1064 3472 Massiliensi
1083 3458 1098 3485 ,
1131 3416 1364 3473 salutem
1388 3424 1445 3472 et
1476 3423 1701 3487 aposto-

138 3504 270 3563 ticam
291 3509 757 3577 benedictionem.

192 3597 551 3673 Nonignorat
579 3601 872 3673 prudentia
899 3609 995 3659 tua
1040 3600 1332 3659 canoniam
1384 3601 1572 3661 Sancti
1596 3601 1701 3661 Sa-

140 3693 337 3760 turnini,
376 3694 542 3749 sitam
574 3693 733 3764 juxta
771 3694 1102 3751 Tolosanam
1147 3695 1359 3763 urbem,
1389 3697 1703 3767 apostolica:

140 3785 230 3839 sedi
248 3800 376 3842 esse
401 3787 781 3847 commissam.
807 3786 909 3844 Cui
928 3788 1056 3844 licet
1082 3802 1159 3843 ex-
1182 3788 1421 3860 generali
1448 3789 1701 3845 omnium

141 3872 487 3935 Ecclesiarum
511 3894 649 3935 cura
681 3881 972 3937 conveniat
1001 3894 1107 3937 nos
1144 3879 1394 3937 tuitionis
1435 3881 1701 3936 auxilium

140 3970 421 4038 providere,
460 3972 981 4042 tamenspecialiter
1021 3980 1236 4044 oportet
1276 3987 1378 4029 nos
1409 3987 1477 4031 eo
1527 3975 1707 4047 magis

1806 2115 1981 2187 ipsius
2030 2116 2348 2184 admoneas,
2402 2123 2469 2172 ut
2500 2116 2748 2172 eamdem
2803 2115 3096 2172 canoniam
3127 2123 3239 2172 tam
3276 2116 3392 2186 ipse

1806 2222 1915 2263 non
1940 2207 2211 2278 inquietet
2260 2223 2430 2278 quam
2472 2214 2530 2263 et
2563 2207 2701 2264 alios
2743 2222 2885 2278 quos
2931 2206 3221 2282 prohibere
3250 2208 3392 2264 valet

1806 2298 2111 2370 inquietare
2137 2315 2248 2355 non
2277 2299 2441 2356 sinat.
2467 2296 2547 2355 De
2567 2298 2854 2355 monachis
2882 2307 3083 2368 tamen,
3127 2299 3388 2369 quoniam

1804 2391 2153 2447 Cluniacensi
2194 2390 2425 2447 abbatite
2471 2391 2768 2462 pertinent,
2801 2391 3236 2462 ipsivenerabili
3293 2391 3392 2447 ab-

1805 2484 1918 2540 bati
1944 2484 2002 2539 in
2027 2484 2221 2555 primis
2257 2482 2649 2541 notiﬁcandum
2677 2499 2967 2541 censemus
2990 2492 3053 2540 ut
3091 2483 3209 2555 ipse
3236 2484 3388 2540 inso-

1804 2575 2023 2632 lentiam
2069 2577 2412 2632 subditorum
2448 2590 2677 2632 suorum
2714 2584 3026 2647 compescat
3078 2584 3135 2632 et
3161 2576 3391 2647 justitiee
3466 2645 3473 2651 _

1802 2668 2169 2740 acquiescere,
2214 2669 2262 2726 si
2289 2667 2429 2723 forte
2471 2666 2730 2736 noluerit,
2758 2669 3065 2739 compellat.
3127 2668 3211 2724 Ad
3263 2668 3388 2723 ulti-

1802 2777 1954 2817 mum
1988 2777 2140 2828 vero,
2197 2760 2244 2818 si
2296 2760 2391 2832 qui
2425 2758 2644 2815 illorum
2687 2760 2911 2816 monitis
2942 2760 3073 2829 tuis,
3097 2760 3209 2817 imo
3245 2761 3389 2817 beati

1803 2852 1969 2919 Petri,
2000 2853 2376 2924 obtemperare
2408 2852 2855 2922 contempserint,
2908 2868 3293 2923 quamcunque
3333 2853 3386 2907 in

1801 2961 1994 3004 eorum
2025 2945 2310 3001 audaciam
2334 2943 2659 3001 sententiam
2686 2944 3000 3014 protuleris,
3025 2945 3167 3000 scias
3192 2953 3387 3001 aucto-

1804 3039 1963 3093 ritate
1983 3045 2171 3094 nostra
2196 3036 2538 3092 firmandam.
2591 3033 2865 3091 Volumus
2884 3034 3152 3106 siquidem
3192 3044 3248 3091 et
3286 3036 3381 3107 ju—

1727 3163 1769 3222 C
1803 3130 1996 3186 bemus
2015 3138 2076 3185 ut
2112 3130 2259 3186 circa
2302 3127 2752 3200 praeuominatam
2807 3127 3097 3183 canoniam
3146 3129 3388 3183 studium

1802 3220 2187 3278 sollicitudinis
2209 3229 2317 3277 tuae
2358 3218 2619 3291 invigilet,
2644 3227 2699 3274 et
2728 3218 2961 3291 negotiis
2995 3234 3060 3276 ac
3086 3221 3386 3276 necessita-

1803 3315 1947 3395 tibus
1973 3314 2092 3386 ejus
2118 3313 2334 3369 facilem
2358 3321 2410 3368 te
2437 3326 2779 3383 pronumque
2802 3312 3083 3393 exhibeas,
3109 3319 3386 3383 quatenus

1805 3406 2064 3464 Romanae
2091 3406 2358 3462 libertatis
2378 3404 2669 3461 securitate
2697 3401 2851 3471 fulta,
2886 3404 3027 3460 Sicut
3046 3413 3253 3460 eceterae
3285 3402 3389 3458 Ec—

1801 3500 1982 3561 clesiae
2005 3499 2318 3570 apostolicae
2362 3497 2476 3553 sedi
2527 3495 2887 3565 adhzerentes,
2930 3495 2986 3551 in
3020 3504 3223 3552 sancta:
3250 3510 3387 3551 con-

1802 3592 2127 3649 versationis
2150 3592 2373 3647 obtentu
2399 3574 2755 3660 et'reli‘gionis
2777 3602 2982 3655 amore,
3017 3585 3231 3643 favente
3273 3587 3387 3642 Do-

1802 3687 1976 3755 mino,
2000 3684 2175 3759 magis
2203 3666 2482 3757 magisque
2504 3680 2771 3765 proficere
2805 3678 3025 3749 valeat.

2330 3802 2667 3862 EPISTOLA
2686 3802 2864 3859 XXX.

2084 3932 2123 3937 ’λ
2190 3915 2258 3956 ΑΒ
2307 3913 2525 3955 ιιιιτεε
2569 3910 2996 3963 τεηγΑΝΝΕΝΒερε.

2393 3989 2574 4061 (Anno
2614 3985 2798 4058 l08l.)

142 4058 200 4114 illi
218 4062 341 4119 loco
389 4072 598 4120 nostra:
644 4064 1002 4135 protectionis
1050 4065 1333 4123 munimen
1390 4064 1703 4137 impendere

1809 4084 2095 4154 Increpam
2113 4098 2297 4137 eorum
2324 4058 2492 4136 scelus
2513 4081 2628 4152 qui,
2646 4079 2832 4149 jaaais
2868 4079 3105 4154 ccciesice
3128 4081 3385 4154 eﬂ'ractis,

139 4166 226 4220 (tuo
247 4156 489 4227 amplius
513 4165 731 4213 constat
759 4157 880 4227 ejus
909 4156 997 4213 vel
1023 4156 1257 4227 injurias
1286 4156 1371 4212 vel
1393 4160 1608 4230 negotia
1633 4158 1702 4215 ad
1874 4149 2029 4230 satira
2055 4170 2202 4218 vasa,
2231 4149 2560 4230 ornamenta,
2589 4166 2787 4230 cruces,
2825 4158 2875 4203 et
2912 4149 3040 4230 aliap
3071 4149 3385 4230 deprwdati,

141 4218 419 4304 Romanam
451 4247 659 4315 sedem,
709 4218 868 4319 cujus
888 4249 1035 4320 juris
1062 4218 1166 4317 est,
1190 4249 1440 4304 attinere.
1464 4218 1702 4319 ’ἧι-εἴδω

1874 4225 2122 4320 epistpo‘
2153 4232 2275 4320 pate
2299 4221 2468 4320 altare
2491 4218 2946 4320 oLanti'linguam,
2991 4228 3042 4320 et
3063 4218 3263 4320 deictus
3293 4238 3390 4320 ‘ar-

143 4290 419 4349 ξ’ῗ“’“”“””
452 4290 659 4315 “”’““’“”
710 4290 868 4319 “’”“’“”
890 4290 1035 4320 ³“””
1062 4290 1166 4354 “’ῖ’”
1190 4290 1440 4304 "mm"
1470 4290 1493 4303 ⁸
1515 4290 1702 4319 ’””“’““
1877 4290 2065 4348 εἰσπιοὲ
2087 4292 2474 4347 detrancarint.
2506 4292 2682 4346 Monet
2705 4297 2764 4342 ut
2792 4304 2973 4342 coram
3001 4290 3191 4361 legatis
3224 4293 3383 4345 satis-

143 4346 274 4406 ιειιιιτ
294 4340 574 4407 Bedes“,
624 4356 940 4411 quanquam
983 4348 1215 4407 υονηθΐν
1240 4340 1492 4397 decem”
1518 4350 1699 4399 tamen
1876 4366 2075 4411 [παντί
2096 4380 2150 4411 se
2173 4364 2391 4411 sistant-
2436 4370 2508 4411 et.
2530 4362 2638 4411 nisi
2664 4359 3043 4411 satisfecerint.
3065 4376 3152 4411 eos
3179 4376 3383 4411 morn-

1874 4366 2075 4437 factttri
2096 4364 2391 4437 assistant,
2435 4370 2508 4437 et,
2530 4362 2638 4415 nisi
2664 4359 3152 4429 satisfecerint,'eos
3179 4376 3391 4416 moru-

143 4435 433 4491 eaaonicam
489 4434 667 4490 vitam
704 4434 961 4502 instituit,
1019 4442 1185 4505 atque
1232 4433 1520 4502 hactenus,
1559 4435 1702 4493 sicut
1874 4432 2220 4512 inunicandos
2249 4449 2361 4488 esse
2383 4432 2644 4503 afﬁrmat.

145 4530 215 4579 tua
231 4526 449 4582 solertia
474 4526 656 4593 novit,
683 4541 752 4581 ex
773 4533 902 4582 tunc
923 4526 1246 4597 regulariter
1272 4526 1476 4582 vixisse
1504 4526 1698 4597 digno-
1729 4534 1775 4588 Ι)
1869 4526 2179 4583 GREGORIUS
2198 4525 2507 4596 episcOpus,
2538 4537 2730 4579 servus
2756 4537 3038 4579 servorum
3078 4522 3196 4597 Dei,
3238 4521 3386 4577 mili-

144 4616 298 4674 scitur.
320 4617 533 4675 Verum
563 4617 825 4688 quoniam
872 4618 1085 4689 antiqui
1128 4618 1305 4675 hostis
1341 4632 1462 4674 mos
1507 4627 1593 4674 est
1633 4632 1700 4674 eo
1802 4620 1949 4674 tibus
2013 4616 2493 4674 Tervannensihus
2570 4613 3062 4690 [Tarvanensibus]

146 4710 284 4781 magis
307 4712 499 4770 dolere
550 4709 881 4779 invidimue
926 4707 1139 4766 facibus
1187 4710 1268 4765 uti
1308 4725 1418 4781 quo
1463 4709 1701 4780 amplius
1799 4708 2059 4767 et

147 4801 256 4859 Videt
270 4803 644 4862 Christianam
668 4801 986 4872 religionem
1038 4817 1307 4868 eremre,
1336 4809 1401 4863 et
1427 4802 1494 4858 de
1521 4802 1698 4857 bono-
1872 4800 2232 4858 lntolerabilis
2256 4801 2497 4857 audacia:
2542 4798 2930 4870 horribilisque
2982 4797 3244 4855 facinoris
3293 4816 3389 4857 su-

149 4909 239 4950 rum
259 4898 615 4968 provectibus
640 4895 821 4962 lucra,
844 4893 931 4949 vel
968 4893 1155 4964 potius
1181 4893 1403 4963 rapinas
1433 4910 1585 4961 suas,
1612 4894 1701 4948 di-
1802 4911 1899 4966 per
1926 4910 2026 4951 vos
2049 4894 2118 4950 ad
2159 4909 2262 4949 nos
2316 4894 2506 4949 relatio
2563 4892 2730 4958 venit,
2758 4891 2907 4960 quod
2952 4897 3155 4962 quanto
3183 4893 3390 4949 nostris

149 4986 299 5058 minui,
318 4999 520 5048 contra
570 4994 938 5043 memoratum
975 4985 1158 5042 locum
1180 4984 1296 5055 jam
1337 4986 1502 5057 cmpit
1529 5001 1701 5042 saecu—
1802 4987 2016 5044 saeculis
2044 4985 2389 5053 inusitatum,
2418 4999 2521 5040 nec
2550 5000 2582 5038 a
2615 4992 2858 5051 tempore
2907 4996 3245 5054 paganorum
3269 5000 3394 5055 pcr-

149 5076 304 5137 larium
345 5081 673 5155 exagitatlo,
733 5086 811 5146 et,
849 5078 999 5149 quod
1037 5076 1216 5148 magis
1277 5077 1590 5136 mirandum
1635 5093 1703 5135 ac
1800 5089 2116 5135 secutorum
2148 5085 2538 5148 praesumptum
2561 5088 2683 5130 esse
2699 5073 2785 5127 vel
2807 5074 3005 5146 legitur
3035 5073 3131 5128 vel.
3150 5076 3391 5144 auditur,

149 5167 409 5202 (inlata-4..“
431 5181 517 5202 Ma
573 5169 1076 5202 ΜηιηοὲηαθῖηΑσν-ινη
1108 5168 1230 5202 ιιι-1ἷο
1262 5168 1497 5202 anthr-“sini
1546 5167 1701 5202 Πηλέι

1809 5178 1953 5202 »οη-οη
2008 5169 2071 5202 ..Α
2104 5168 2370 5202 inuisior»
2403 5168 2470 5202 Aa
2518 5181 2578 5202 an
2625 5167 3028 5202 οταηηηοηιῖσπη
3082 5170 3397 5202 annuet-illm»
