3972 5390
591 343 692 398 651

1232 341 1289 399 S.
1331 341 1660 399 GREGORII
1703 342 1790 397 VII
1826 342 2029 398 PAPJE
2067 341 2351 398 OPERUM
2391 342 2575 398 PARS
2609 342 2650 398 Ι.
2689 372 2760 383 -
2795 343 3217 401 REGISTRUM.

3719 347 3828 402 632

589 459 671 518 las
724 466 778 514 et
804 459 1061 529 reliquias
1117 456 1446 524 aufizrentes,
1487 458 1885 525 abstrahentcs,
1916 460 2166 515 eumdem
2195 463 2238 516 Α
2268 460 2399 514 tiam
2435 475 2600 529 quam
2643 460 2714 516 ab
2745 460 3158 530 archiepiscopo
3191 459 3525 526 Arelatensi,
3559 475 3593 514 a
3625 470 3672 515 te
3698 477 3830 517 ana-

588 550 905 620 episcopum
930 551 1001 605 ab
1028 548 1206 615 altari,
1226 550 1317 604 ubi
1350 558 1659 619 prostratus
1680 551 1890 616 orabat,
1929 551 2167 622 linguam

588 642 639 695 ei
664 642 976 711 dextraeque
1000 641 1262 696 articulos
1290 640 1358 696 ad
1393 652 1651 696 acervum
1676 649 1956 697 tantorum
1999 642 2170 697 scele-

588 748 713 787 rum
738 734 1122 789 detruncastis.
1171 730 1289 799 Qua
1340 732 1397 789 in
1443 747 1504 787 re
1530 733 1735 788 nullam
1760 732 2168 790 excusationem

586 824 809 881 tentetis
832 824 1148 890 obtendere,
1196 824 1353 895 quasi
1385 824 1454 879 de
1470 825 1646 894 ipsius
1666 825 1778 880 vita
1806 825 2057 894 reprobo,
2084 825 2169 879 vel

584 915 930 971 ordinatione
950 916 1179 986 injuste,
1211 928 1308 972 seu
1356 915 1695 986 depositione
1735 916 2004 987 irrogata;
2026 915 2170 971 sicut

582 1005 731 1062 enim
776 1021 941 1077 supra
984 1006 1317 1073 notavimus,
1370 1020 1533 1062 nemo
1584 1006 1763 1062 adhuc
1811 1006 1922 1062 tale
1960 1005 2168 1075 aliquid

581 1098 999 1167 praesumpsisse
1023 1097 1385 1169 dignoscitur,
1413 1097 1520 1152 nisi
1549 1096 1687 1151 forte
1712 1096 1808 1168 qui
1842 1096 2013 1151 Deum
2054 1110 2166 1165 non

580 1188 804 1255 timens,
849 1198 905 1244 et
932 1189 1303 1244 Christianam
1343 1189 1701 1243 reverentiam
1734 1187 2017 1259 abjiciens,
2064 1202 2165 1256 pro

581 1279 756 1335 nihilo
775 1280 930 1336 duxit
954 1296 1179 1336 manum
1204 1280 1260 1336 in
1287 1294 1475 1335 sacros
1507 1280 1730 1336 ordines
1755 1279 1988 1334 mittere.
2018 1277 2165 1345 Qua-

578 1381 805 1441 propter
829 1386 1136 1437 monemus,
1164 1380 1219 1426 et
1245 1387 1312 1426 ex
1347 1379 1500 1441 parte
1543 1371 1685 1426 beati
1728 1369 1873 1424 Petri
1916 1370 2164 1443 praecipi-

577 1477 724 1528 mus,
753 1472 814 1518 ut
841 1471 1048 1520 tantam
1086 1464 1384 1534 nequitiam
1412 1472 1647 1519 vestram
1687 1471 2161 1533 recognoscentes,

579 1561 675 1607 aut
695 1564 820 1609 ante
838 1555 1046 1626 legatos
1086 1563 1305 1611 nostros
1339 1553 1756 1626 Lugdunensem
1791 1554 2160 1624 archiepisco-

576 1660 709 1713 pum
731 1654 786 1701 et
817 1647 1066 1702 abbatem
1106 1645 1519 1703 Cluniacensem
1552 1645 1885 1702 satisfacturi
1905 1648 2158 1715 veniatis,

578 1745 675 1791 aut
695 1740 994 1793 secundum
1018 1739 1309 1795 consilium
1338 1739 1423 1793 vel
1447 1738 1764 1793 mandatum
1793 1738 2040 1808 ipsorum
2069 1754 2159 1794 sa-

574 1827 824 1884 tisfacere
846 1829 958 1885 Deo
978 1840 1033 1886 et
1072 1839 1275 1886 sanctze
1328 1828 1583 1885 Ecclesiae
1626 1829 1936 1885 nullatenus
1971 1829 2154 1885 detre-
2190 1811 2232 1866 Β

572 1923 749 1978 ctetis.
780 1921 1048 1980 Volumus
1100 1924 1368 1994 siquidem
1407 1932 1461 1977 et
1484 1938 1701 1992 aequum
1739 1937 1862 1977 esse
1903 1922 2154 1984 decerni-

573 2029 698 2072 mus
732 2023 794 2069 ut
814 2016 963 2086 quod
984 2017 1235 2086 nequiter
1266 2014 1623 2070 commisistis
1655 2015 1933 2069 humiliter
1966 2029 2155 2068 emen-

571 2104 731 2161 detis.
758 2104 917 2173 Quod
947 2107 995 2162 si
1019 2106 1288 2164 diabolico
1330 2106 1524 2177 Spiritu
1569 2106 1804 2161 indurati
1843 2105 2156 2175 nostrisque

570 2198 857 2268 prteceptis
878 2198 1211 2255 salutaribus
1246 2196 1642 2264 inobedientes,
1660 2213 1762 2253 nec
1781 2197 2157 2267 pmnitentiam

571 2288 791 2359 dignam
816 2305 976 2362 agere
1022 2290 1325 2357 volueritis,
1395 2290 1587 2360 procul
1643 2290 1809 2345 dubio
1839 2289 2028 2345 sciatis
2054 2304 2155 2345 vos

570 2394 691 2435 esse
723 2382 1297 2448 excommunicandos,
1323 2391 1378 2437 et
1400 2382 1765 2451 quodcunque
1796 2381 1852 2435 in
1880 2397 1979 2437 vos
2006 2381 2154 2451 judi-

570 2472 720 2527 cium
744 2473 956 2545 legatus
1011 2484 1200 2532 noster
1241 2473 1547 2541 dictaverit,
1597 2472 1922 2529 auctoritate
1964 2480 2152 2529 nostra

569 2562 920 2626 ﬁrmandum.
952 2571 961 2580 ‘
1300 2582 1303 2585 ν

821 2676 1167 2733 Ρνωηιοηίιὶο
1206 2679 1262 2732 in
1287 2688 1582 2750 sequentem
1604 2678 1880 2750 epistolam

637 2787 771 2864 Post
794 2789 1079 2864 epistolam
1101 2790 1170 2864 30
1191 2792 1285 2864 lib.
1313 2809 1368 2847 rx
1390 2791 1630 2864 Registri
1676 2792 1845 2864 codex
1873 2791 2149 2847 Mutinen-

568 2858 646 2913 sis
676 2858 1048 2933 hanc_recitat
1088 2862 1395 2933 epistolam,
1438 2858 1560 2933 quae
1586 2863 1642 2917 in
1683 2862 1844 2919 editis
1864 2878 1976 2919 non
1999 2879 2149 2920 com-

567 2939 723 3000 paret
744 2946 811 2985 ex
836 2947 948 3002 quo
971 2931 1061 2989 hic
1086 2931 1519 3004 subjungendam
1538 2948 1736 2990 censeo

567 3041 849 3119 B._colnes
883 3044 1208 3119 Arelatensis
1253 3046 1323 3119 ad
1350 3045 1669 3119 Gregorium
1699 3045 1812 3101 VII
1837 3065 2050 3119 papam.
2076 3080 2147 3090 —

629 3085 632 3095 .
679 3065 849 3099 comes
883 3065 1208 3100 aretatensts
1253 3065 1321 3100 aa
1350 3065 1659 3119 uregortum
1705 3065 1804 3101 γυ
1874 3065 2050 3119 apam.
2076 3080 2145 3090 —

629 3113 707 3168 De
728 3114 1001 3170 Bernardo
1035 3116 1223 3170 abbate
1274 3114 1592 3172 Sancton
1633 3116 1700 3172 P.
1730 3128 1781 3173 et
1947 3118 2145 3175 Montis

2270 551 2507 606 themate
2553 565 2849 620 percusso,
2897 550 3206 606 Simoniace
3232 560 3535 621 acceperat,
3562 551 3750 617 amisit;
3772 565 3829 608 et

2267 640 2358 697 hic
2390 641 2486 711 qui
2512 656 2661 698 nunc
2690 649 2887 711 praeest
2910 642 3075 711 paulo
3100 650 3225 697 ante
3260 643 3548 697 memorati
3572 643 3831 711 pontiﬁcis

2265 733 2483 787 decreto
2504 731 2825 803 regulariter
2847 734 3174 804 subrogatus
3192 775 3208 801 ,
3228 742 3394 803 atque
3414 733 3827 792 benedictionem

2265 823 2337 879 ab
2373 823 2565 879 eodem
2610 824 2869 895 suscepit.
2911 822 3073 880 Nunc
3111 840 3213 895 ego
3243 825 3470 894 supplex
3503 824 3720 894 imploro
3748 826 3829 879 tui

2265 913 2610 970 clementiam
2630 955 2647 981 ,
2682 922 2745 969 ut
2784 915 3004 985 propria
3035 931 3202 970 manu
3238 916 3512 971 abbatiam
3540 931 3573 970 a
3593 923 3644 969 te
3663 917 3827 971 susci-

2265 1005 2378 1074 piat
2413 1015 2468 1062 et
2502 1006 2783 1076 privilegia
2806 1047 2823 1072 ,
2853 1008 2986 1064 olim
3015 1008 3139 1064 loco
3166 1007 3245 1063 illi
3266 1007 3361 1078 qui
3380 1018 3467 1062 est
3488 1006 3703 1062 ditionis
3721 1016 3827 1062 tua:

2265 1112 2296 1151 a
2320 1095 2573 1153 Patribus
2594 1097 2801 1153 indulta
2819 1138 2834 1163 ,
2870 1099 3195 1157 corrobores
3214 1114 3381 1160 manu
3402 1098 3640 1169 propria,
3662 1107 3712 1153 et
3728 1114 3825 1153 no—

2264 1203 2393 1243 vum
2427 1189 2532 1245 sibi
2568 1189 2916 1261 privilegium
2943 1189 3025 1246 tui
3049 1205 3117 1245 ex
3146 1200 3300 1260 parte
3331 1189 3617 1245 attribuas.
3647 1187 3827 1245 Nescis

2263 1279 2410 1335 enim
2436 1282 2898 1350 quemadmodum
2930 1281 3316 1351 dereliqucrim
3335 1322 3351 1349 ,
3388 1279 3483 1335 Dei
3507 1290 3561 1334 et
3581 1277 3636 1333 S.
3656 1278 3790 1335 Petri
3808 1323 3824 1347 ,

2263 1380 2318 1429 et
2369 1370 2628 1428 Romanae
2673 1371 2929 1429 Ecclesia:
2962 1389 3027 1427 ac
3050 1374 3132 1428 tui
3162 1389 3264 1443 pro
3293 1388 3481 1428 amore
3500 1386 3684 1426 omnes
3711 1372 3824 1440 epi-

2264 1472 2521 1532 sc0patus
2570 1471 2626 1520 et
2668 1463 2915 1519 abhatias
2957 1472 3012 1518 et
3044 1463 3172 1519 nolo
3207 1472 3267 1517 ut
3304 1463 3449 1527 haec,
3480 1476 3602 1531 qua:
3629 1474 3826 1530 semper

2263 1556 2527 1612 remansit
2556 1556 2728 1611 libera
2754 1556 2978 1612 cuilibet
2999 1554 3234 1620 viventi,
3274 1552 3382 1608 nisi
3422 1560 3615 1609 sancto
3643 1548 3823 1614 Petro,

2261 1655 2316 1703 et
2340 1646 2602 1705 Romana:
2628 1645 2886 1703 Ecclesiae
2907 1655 2962 1702 et
2990 1646 3088 1702 tibi
3119 1645 3398 1716 subjaceat
3434 1642 3625 1713 (515‘).

2767 1758 3104 1816 EPISTOLA
3140 1758 3332 1812 XXXI.

2851 1831 3035 1902 (Anno
3064 1829 3247 1900 1081).

2260 1923 2394 1980 Cum
2432 1924 2613 1977 clerici
2651 1922 3145 1993 Augustodunenses
3178 1922 3242 1976 de
3263 1920 3496 1993 quadarn
3525 1920 3825 1993 monasterio

2329 2010 2447 2048 cum
2478 1990 2753 2048 monachis
2785 1992 3212 2046 Floriacensibus
3233 1990 3629 2055 contenderent,
3654 1998 3698 2042 et
3718 1990 3823 2057 pri-

2329 2064 2579 2134 vilegium
2621 2072 2804 2134 contra
2846 2064 3145 2133 a'quitatem
3189 2079 3221 2115 η
3251 2061 3499 2132 pontiﬁce
3538 2060 3821 2128 subreptam

2327 2133 2621 2201 diceretur,
2651 2133 2762 2188 vult
2799 2142 2889 2200 ut,
2932 2135 2979 2188 si
3000 2135 3080 2188 ita
3114 2140 3212 2198 est,
3249 2147 3310 2185 eo
3348 2139 3592 2201 cassato,
3626 2139 3820 2201 senten-

2328 2207 2462 2259 tiam
2499 2199 2785 2285 secundum
2810 2199 3094 2285 justitiam
3120 2202 3378 2285 proferat:
3415 2199 3564 2285 Ipsi,
3588 2199 3819 2285 adversus

2326 2293 2381 2330 se
2411 2275 2566 2330 verba
2587 2270 2828 2345 jactanti
2851 2274 2988 2345 quod
3008 2270 3700 2345 episcopnerarnotensem
3734 2270 3819 2322 ob-

2326 2343 2599 2413 solvisset,
2617 2344 2844 2399 ostendit
2863 2343 2923 2398 id
2944 2362 2976 2398 a
2999 2343 3054 2398 se
3083 2360 3201 2397 cum
3226 2344 3432 2396 ratione
3458 2343 3678 2411 factum.

2326 2436 2635 2492 Caesonius
2675 2434 2995 2505 episcopus,
3029 2449 3222 2490 servus
3258 2447 3545 2488 servorum
3582 2430 3703 2496 Dei,
3742 2428 3819 2482 di-

2253 2529 2553 2585 lectissimo
2587 2527 2744 2582 fratri
2784 2534 2839 2582 et
2864 2526 3188 2596 coepiscopo
3225 2523 3360 2580 li....
3394 2522 3653 2597 [8060M]
3687 2522 3820 2576 saluo

2254 2629 2362 2676 tem
2390 2628 2444 2674 et
2462 2617 2818 2689 apostolicam
2841 2616 3292 2672 benedictionem.

2322 2710 2520 2767 Clerici
2567 2707 2790 2781 quidam
2824 2708 3372 2781 AugustoduncnseS‘
3404 2706 3494 2762 his
3534 2705 3725 2761 diebus
3760 2703 3821 2758 ad

2252 2820 2355 2860 nos
2419 2809 2687 2859 venerunt
2743 2801 3008 2856 adversus
3062 2799 3439 2855 Floriacenses
3494 2797 3819 2860 monachos,

2250 2912 2413 2966 super
2458 2894 2697 2965 quodam
2753 2892 3116 2961 monasterio,
3160 2890 3347 2948 Sancti
3387 2889 3640 2946 videlicet
3677 2887 3814 2959 Sym-

2248 2987 2533 3059 phoriani,
2569 3000 2797 3042 causam
2828 2986 3111 3043 habentes.
3152 2983 3330 3052 Quam
3361 2999 3394 3039 a
3430 2992 3484 3038 te
3512 2990 3639 3037 ante
3658 2979 3819 3036 venti-

2249 3080 2417 3135 latam
2447 3087 2502 3135 et
2521 3077 2801 3134 deﬁnitam
2827 3092 2931 3132 nos
2955 3084 3281 3132 rctractasse
3301 3075 3559 3131 dicebant
3585 3113 3602 3139 ,
3624 3080 3820 3141 tuncque

635 3165 1226 3256 Hajb'ﬁ;}£,;uis},;"a
1260 3165 1710 3243 6.1512,;i,',,3"',-,,‘,'-
1731 3165 1777 3173 "
1808 3165 1922 3244 ιδῖο
1947 3165 2143 3246 Ϊαῖῇῖζ
2172 3177 2213 3233 C
2246 3170 2574 3227 fraternitati
2596 3169 2754 3225 aliter
2784 3184 2951 3239 quam
2981 3168 3062 3225 eis
3096 3168 3368 3224 videretur
3397 3174 3455 3222 et
3480 3165 3624 3221 ratio
3648 3172 3819 3234 postu-

635 3265 755 3312 aato
781 3273 933 3312 auem
959 3273 1129 3311 comes
1151 3257 1391 3312 pontiﬁci
1418 3205 1774 3312 commenda:
1795 3261 1885 3312 aui
1915 3259 2145 3312 leaitime
2247 3264 2414 3312 lasset
2459 3261 2764 3312 scribsisse.
2800 3259 2958 3312 Quod
2994 3277 3026 3312 a
3062 3260 3220 3312 nobis
3248 3258 3456 3312 factum
3481 3270 3817 3312 neouaanam

633 3265 755 3325 gato
781 3273 933 3329 quem
959 3273 1129 3311 comes
1150 3257 1391 3327 pontiﬁci
1418 3257 1772 3325 commendat,
1795 3261 1885 3329 qui
1915 3259 2145 3329 legitime

632 3335 843 3381 creatus
870 3328 901 3397 Ῑ
902 3336 1074 3381 uerat.

636 3434 865 3495 Summo
890 3439 1136 3509 pontiﬁci
1160 3448 1213 3494 et
1239 3440 1535 3495 universali
1570 3456 1724 3512 papa:
1757 3440 2034 3498 Caesonio
2062 3441 2147 3497 Vl!

570 3527 630 3589 Β.
660 3543 844 3585 comes
890 3529 1246 3603 Arelatensis,
1297 3546 1617 3601 prosperam
1673 3532 1728 3586 in
1773 3533 2050 3602 omnibus,
2093 3543 2149 3590 et

571 3627 790 3677 teterna'.
823 3619 1032 3693 perfrui
1076 3622 1423 3679 beatitudinis
1473 3639 1699 3679 munere
1733 3640 1859 3679 cum
1898 3625 2027 3681 cmli
2065 3626 2145 3681 ci-

569 3711 752 3767 vibus.

639 3801 1039 3861 Sublimissimc
1079 3805 1300 3862 domine
1351 3814 1407 3860 et
1464 3806 1713 3877 princeps
1761 3809 1928 3864 totius
1997 3809 2147 3867 orbis

568 3903 755 3961 terrae,
827 3896 874 3951 si
949 3896 1087 3952 bene
1154 3896 1338 3963 vales,
1409 3899 1760 3968 congratulor
1834 3901 2008 3956 valde.
2088 3901 2146 3957 Si

567 3995 779 4052 autem,
830 3988 977 4059 quod
1040 3989 1203 4053 absit,
1256 3989 1451 4055 aliter,
1517 3990 1814 4047 conturbor
1849 3992 2145 4048 vehemen-

568 4077 803 4133 tissime.
835 4077 948 4149 Ego
983 4080 1129 4135 enim
1153 4096 1275 4135 sum
1320 4082 1489 4136 vestri
1525 4096 1738 4149 servus,
1762 4084 1901 4139 etde
1927 4084 2145 4155 injusti-

569 4169 644 4224 tia
667 4185 831 4241 quam
858 4171 1123 4227 hactenus
1144 4173 1293 4242 passi
1337 4173 1471 4230 estis
1518 4174 1587 4230 ab
1634 4175 1822 4245 iniquo
1846 4175 2030 4246 judice
2071 4176 2146 4233 ita

566 4277 689 4316 sum
731 4261 962 4319 alnietus
987 4264 1146 4334 quasi
1180 4280 1410 4335 corpore
1438 4275 1493 4321 et
1522 4276 1701 4322 mente
1720 4267 1945 4339 ﬂagellis
1967 4270 2143 4324 maxi-

564 4353 673 4409 mis
751 4354 1088 4417 verberatns.
1151 4355 1228 4410 De
1279 4367 1509 4424 caetero,
1560 4356 1721 4415 Pater
1766 4361 2142 4430 sanctissime,

565 4444 768 4505 mando
811 4446 906 4500 tibi
951 4447 1185 4516 qualiter
1221 4447 1531 4505 Bernardus
1568 4450 1737 4506 abbas
1772 4451 1958 4508 Sancti
1993 4452 2052 4507 P.
2090 4463 2145 4509 et

566 4533 633 4590 Β.
686 4533 887 4593 Montis
921 4536 1174 4609 Majoris,
1224 4541 1438 4598 abbatia
1482 4543 1745 4612 expulsus
1782 4543 1853 4599 sit
1885 4544 2058 4613 juste,
2090 4554 2145 4601 et

564 4628 802 4695 qualiter
837 4628 941 4684 iste
974 4631 1274 4700 susceperit
1296 4648 1460 4702 quem
1481 4634 1579 4695 tibi
1610 4635 1794 4700 mitto,
1824 4632 2143 4692 Guillelmus

566 4716 806 4771 nomine.
828 4717 920 4773 Ille
940 4735 1173 4790 namque
1204 4723 1339 4777 tanti
1360 4733 1477 4778 erat
1501 4724 1688 4795 ﬂagitii
1710 4735 1764 4780 et
1785 4734 1949 4780 tanta:
1973 4727 2145 4797 impu-

564 4803 765 4861 dicitiae
798 4808 944 4876 quod
982 4809 1147 4878 pudet
1183 4826 1270 4865 me
1291 4812 1495 4883 aliquid
1516 4814 1739 4885 dignum
1769 4815 1999 4870 honesto
2027 4816 2145 4872 viro

565 4892 765 4949 dicere.
811 4892 917 4953 Sed
941 4913 1110 4954 unum
1139 4914 1203 4954 ex
1226 4899 1472 4970 pluribus
1499 4918 1710 4973 nequeo
1738 4912 1935 4959 tacere.
1967 4903 2144 4961 Sodo-

568 4982 752 5047 mitica
777 4984 974 5055 quippe
998 4986 1165 5043 libido
1199 4990 1337 5045 ultra
1361 4993 1583 5047 modum
1618 4994 1673 5048 in
1699 5010 1825 5049 eum
1849 4994 2141 5067 regnabat,

565 5084 623 5132 et
651 5075 847 5139 deinde
878 5076 946 5132 ab
982 5080 1094 5133 ullo
1134 5082 1337 5137 viventi
1375 5085 1575 5156 corripi
1616 5100 1727 5140 non
1762 5094 1992 5156 poterat.
2030 5086 2144 5159 Ego

566 5181 786 5238 quoque
810 5175 865 5224 et
893 5171 1145 5229 monachi
1168 5174 1466 5243 supradicti
1496 5176 1602 5231 loci
1635 5177 2006 5233 detestabilem
2037 5178 2141 5233 hu-

565 5261 802 5304 inemmli
865 5278 978 5304 ram
1037 5275 1389 5306 nnnncnmitnc
1472 5269 1817 5308 nnnnivimnc
1856 5271 1946 5308 diu
1990 5272 2098 5310 nali

2247 3264 2414 3319 lasset
2459 3261 2764 3333 scripsisse.
2800 3259 2958 3328 Quod
2994 3277 3026 3317 a
3062 3260 3220 3316 nobis
3248 3258 3456 3315 factum
3481 3270 3817 3328 nequaquam

2248 3355 2574 3421 recolimus,
2600 3368 2701 3409 nec
2744 3353 2801 3407 in
2846 3352 3079 3423 registro
3117 3359 3308 3407 nostro
3339 3351 3507 3421 hujus
3539 3364 3719 3419 causa:
3742 3347 3817 3401 lit-

2248 3455 2391 3502 teras
2413 3444 2647 3515 reperire
2658 3443 2957 3515 potuimus.
2981 3441 3202 3497 Noverit
3227 3441 3410 3512 itaque
3430 3440 3719 3511 prudentia
3736 3446 3816 3492 tua

2246 3536 2375 3610 quia
2412 3535 2583 3589 multa
2622 3543 2886 3604 tanquam
2915 3548 2947 3588 a
2981 3531 3140 3587 nobis
3192 3529 3515 3586 deferuntur
3553 3538 3609 3584 et
3636 3530 3815 3599 scripta

2245 3636 2300 3683 et
2350 3626 2494 3682 dicta
2544 3625 2704 3681 nobis
2752 3623 3142 3680 nescientibus.
3197 3620 3365 3676 Multa
3412 3621 3581 3676 etiam
3626 3619 3843 3688 subripi-

2246 3727 2476 3790 possunt
2512 3716 2677 3773 nimis
2720 3716 2789 3774 ad
2836 3712 3048 3787 singula
3095 3713 3351 3780 intentis,
3418 3720 3612 3783 utpote
3644 3710 3816 3767 divisis

2247 3812 2316 3867 ad
2362 3811 2629 3882 plurima,
2677 3818 2731 3865 et
2765 3807 2989 3864 intentis
3017 3807 3087 3864 ad
3118 3806 3389 3874 maxima,
3419 3804 3628 3876 quibus
3676 3803 3816 3858 vehe-

2247 3912 2458 3958 menter
2486 3911 2784 3957 arctamur.
2842 3897 2996 3954 Unde
3052 3900 3109 3954 in
3153 3899 3257 3955 hac
3286 3913 3488 3965 causa,
3524 3897 3675 3968 quod
3700 3911 3811 3967 pro-

2247 3992 2387 4050 fecto
2420 3993 2648 4048 minime
2680 3992 3058 4058 recordamur,
3093 3992 3138 4047 si
3164 3990 3296 4061 quid
3332 3989 3477 4045 forte
3508 3989 3812 4059 subreptum

2247 4084 2574 4155 fuit,optato
2605 4082 2778 4155 magis
2801 4099 3050 4138 amamus
3071 4076 3344 4154 corrigere
3372 4096 3543 4151 quam
3569 4077 3811 4155 abaequi-

2246 4184 2354 4232 tate
2365 4186 2419 4232 et
2434 4175 2659 4231 rationis
2687 4175 2902 4230 tramite
2921 4174 3154 4241 deviare,
3172 4174 3256 4229 vel
3266 4173 3389 4229 aliis
3408 4172 3729 4244 corrigenda
3746 4185 3812 4223 m-

2246 4268 2508 4338 linquere.
2550 4266 2633 4321 Ad
2663 4282 2826 4337 quem
2867 4281 2997 4336 ergo
3017 4266 3180 4336 justaa
3211 4265 3507 4321 deeisionis
3533 4264 3809 4319 terminum

2247 4359 2447 4429 negotii
2476 4359 2641 4430 hujus
2676 4358 2906 4430 quaestio
2939 4357 3298 4415 fraternitatis
3332 4368 3440 4413 tua:
3480 4356 3807 4412 considerata

2246 4450 2458 4505 actione
2472 4451 2735 4520 pervenit,
2762 4452 2892 4517 imo,
2915 4451 2963 4506 si
2980 4451 3161 4507 minus
3186 4450 3364 4506 adhuc
3382 4448 3724 4504 satisfactum
3739 4454 3808 4501 est

2177 4523 2222 4578 Ῐ)
2248 4541 2529 4612 pervenire
2561 4542 2780 4612 poterit,
2817 4558 2927 4597 non
2954 4543 3131 4597 solum
3161 4556 3270 4596 non
3296 4549 3579 4595 mutamus
3597 4582 3613 4606 ,
3636 4552 3805 4593 verum

2248 4643 2471 4689 auctore
2512 4633 2624 4689 Deo
2659 4634 2952 4689 annuimus
2984 4642 3039 4688 et
3082 4634 3369 4688 laudamus
3401 4651 3413 4685 :
3465 4632 3669 4702 quippe
3697 4644 3804 4686 cum

2248 4727 2422 4797 magis
2446 4726 2643 4781 rationi
2690 4734 3118 4781 consentaneum
3170 4725 3419 4779 videatur
3446 4733 3508 4778 ut
3535 4723 3739 4790 clerici,
3768 4720 3806 4775 si

2249 4817 2512 4873 canonice
2542 4817 2726 4873 vivere
2750 4817 2960 4883 volunt,
2984 4826 3037 4872 et
3063 4817 3119 4871 in
3141 4832 3207 4872 eo
3237 4816 3534 4886 persistere
3557 4817 3706 4887 quod
3727 4830 3806 4868 vo-

2250 4917 2464 4976 verunt,
2489 4924 2592 4965 suo
2611 4910 2759 4979 quod
2795 4909 3096 4979 antiquitus
3126 4909 3416 4979 possedere
3442 4923 3554 4961 non
3593 4908 3804 4962 debeant

2250 5015 2438 5055 carere
2472 4999 2828 5066 monasterio,
2861 4999 3007 5069 quod
3027 5008 3082 5053 et
3107 4999 3210 5070 ipsi
3248 4996 3554 5054 interventu
3579 4997 3805 5069 pecuni:

2252 5092 2552 5148 obtinuisse
2575 5092 2830 5146 monachi
2855 5090 3204 5145 infamantur.
3245 5089 3421 5160 Super
3445 5091 3551 5146 hoc
3581 5105 3715 5161 ergo
3738 5088 3804 5143 ia-

2250 5181 2560 5235 duhitanter
2586 5194 2907 5250 cognoscas,
2931 5180 3056 5249 quia
3092 5194 3377 5250 perperam
3403 5189 3523 5235 aeta
3553 5182 3666 5235 sive
3697 5179 3799 5236 sub-

2248 5282 2396 5310 mntn
2456 5273 2779 5310 damnum-te
2834 5270 2975 5310 inata
3009 5280 3125 5310 tanta
3155 5280 3205 5310 nt
3242 5270 3471 5310 dimisit-1
3515 5272 3779 5310 ﬁrma-nne
