  <div class='ocr_page' id='page_1' title='image "/cluster/home/n/w/nwhite01/storage/ocr_20150623/148/hvd.32044015471840/318.png"; bbox 0 0 3972 5390; ppageno 0'>
   <div class='ocr_carea' id='block_1_1' title="bbox 203 185 313 240">
    <p class='ocr_par' dir='ltr' id='par_1_1' title="bbox 203 185 313 240">
     <span class='ocr_line' id='line_1_1' title="bbox 203 185 313 240; baseline 0 0"><span class='ocrx_word' id='word_1_1' title='bbox 203 185 313 240; x_wconf 71' lang='lat'><strong>635</strong></span> 
     </span>
    </p>
   </div>
   <div class='ocr_carea' id='block_1_2' title="bbox 1292 204 2424 267">
    <p class='ocr_par' dir='ltr' id='par_1_2' title="bbox 1292 204 2424 267">
     <span class='ocr_line' id='line_1_2' title="bbox 1292 204 2424 267; baseline 0.007 -8"><span class='ocrx_word' id='word_1_2' title='bbox 1292 204 1495 260; x_wconf 84' lang='lat' dir='ltr'><strong>LIBER</strong></span> <span class='ocrx_word' id='word_1_3' title='bbox 1531 205 1780 264; x_wconf 73' lang='lat' dir='ltr'><strong>NONUS.</strong></span> <span class='ocrx_word' id='word_1_4' title='bbox 1820 239 1890 248; x_wconf 97' lang='lat'><strong>—</strong></span> <span class='ocrx_word' id='word_1_5' title='bbox 1929 207 2147 267; x_wconf 81' lang='lat' dir='ltr'><strong>EPIST.</strong></span> <span class='ocrx_word' id='word_1_6' title='bbox 2188 211 2424 267; x_wconf 79' lang='lat' dir='ltr'><strong>XXXIII.</strong></span> 
     </span>
    </p>
   </div>
   <div class='ocr_carea' id='block_1_3' title="bbox 3385 217 3492 274">
    <p class='ocr_par' dir='ltr' id='par_1_3' title="bbox 3385 217 3492 274">
     <span class='ocr_line' id='line_1_3' title="bbox 3385 217 3492 274; baseline 0 0"><span class='ocrx_word' id='word_1_7' title='bbox 3385 217 3492 274; x_wconf 65' lang='lat'><strong>654</strong></span> 
     </span>
    </p>
   </div>
   <div class='ocr_carea' id='block_1_4' title="bbox 202 294 3491 401">
    <p class='ocr_par' dir='ltr' id='par_1_4' title="bbox 202 294 3491 401">
     <span class='ocr_line' id='line_1_4' title="bbox 202 294 3491 401; baseline 0.011 -50"><span class='ocrx_word' id='word_1_8' title='bbox 202 294 361 399; x_wconf 45' lang='lat' dir='ltr'><strong>Inito.</strong></span> <span class='ocrx_word' id='word_1_9' title='bbox 378 296 572 371; x_wconf 73' lang='lat' dir='ltr'><strong>longo</strong></span> <span class='ocrx_word' id='word_1_10' title='bbox 587 317 713 358; x_wconf 85' lang='lat' dir='ltr'><strong>eum</strong></span> <span class='ocrx_word' id='word_1_11' title='bbox 742 311 987 401; x_wconf 78' lang='lat' dir='ltr'><strong>tempore</strong></span> <span class='ocrx_word' id='word_1_12' title='bbox 1014 325 1123 367; x_wconf 86' lang='lat' dir='ltr'><strong>una</strong></span> <span class='ocrx_word' id='word_1_13' title='bbox 1145 326 1272 369; x_wconf 80' lang='lat' dir='ltr'><strong>cum</strong></span> <span class='ocrx_word' id='word_1_14' title='bbox 1293 313 1591 374; x_wconf 82' lang='lat' dir='ltr'><strong>Parisiensi</strong></span> <span class='ocrx_word' id='word_1_15' title='bbox 1631 316 1821 374; x_wconf 62' lang='lat' dir='ltr'><strong>Romae</strong></span> <span class='ocrx_word' id='word_1_16' title='bbox 1848 331 1895 381; x_wconf 76' lang='grc' dir='ltr'>Α</span> <span class='ocrx_word' id='word_1_17' title='bbox 1918 321 2200 393; x_wconf 79' lang='lat' dir='ltr'><strong>dignitatis</strong></span> <span class='ocrx_word' id='word_1_18' title='bbox 2231 324 2354 393; x_wconf 89' lang='lat' dir='ltr'><strong>ejus</strong></span> <span class='ocrx_word' id='word_1_19' title='bbox 2375 327 2642 383; x_wconf 84' lang='lat' dir='ltr'><strong>sententia</strong></span> <span class='ocrx_word' id='word_1_20' title='bbox 2665 329 2909 396; x_wconf 83' lang='lat' dir='ltr'><strong>cesserit,</strong></span> <span class='ocrx_word' id='word_1_21' title='bbox 2942 330 3048 386; x_wconf 90' lang='lat' dir='ltr'><strong>hoc</strong></span> <span class='ocrx_word' id='word_1_22' title='bbox 3077 331 3300 386; x_wconf 83' lang='lat' dir='ltr'><strong>omnino</strong></span> <span class='ocrx_word' id='word_1_23' title='bbox 3330 330 3491 401; x_wconf 85' lang='lat' dir='ltr'><strong>jube-</strong></span> 
     </span>
    </p>
   </div>
   <div class='ocr_carea' id='block_1_5' title="bbox 205 387 1820 480">
    <p class='ocr_par' dir='ltr' id='par_1_5' title="bbox 205 387 1820 480">
     <span class='ocr_line' id='line_1_5' title="bbox 205 387 1820 480; baseline 0.014 -35"><span class='ocrx_word' id='word_1_24' title='bbox 205 387 538 459; x_wconf 75' lang='lat' dir='ltr'><strong>tenuimus,</strong></span> <span class='ocrx_word' id='word_1_25' title='bbox 566 402 658 449; x_wconf 90' lang='lat' dir='ltr'><strong>aut</strong></span> <span class='ocrx_word' id='word_1_26' title='bbox 680 405 741 451; x_wconf 88' lang='lat' dir='ltr'><strong>ut</strong></span> <span class='ocrx_word' id='word_1_27' title='bbox 761 397 879 468; x_wconf 89' lang='lat' dir='ltr'><strong>ipse</strong></span> <span class='ocrx_word' id='word_1_28' title='bbox 914 402 1152 470; x_wconf 86' lang='lat' dir='ltr'><strong>venires,</strong></span> <span class='ocrx_word' id='word_1_29' title='bbox 1186 412 1282 459; x_wconf 88' lang='lat' dir='ltr'><strong>aut</strong></span> <span class='ocrx_word' id='word_1_30' title='bbox 1313 407 1383 461; x_wconf 88' lang='lat' dir='ltr'><strong>ad</strong></span> <span class='ocrx_word' id='word_1_31' title='bbox 1417 409 1820 480; x_wconf 71' lang='lat' dir='ltr'><strong>comprobanda</strong></span> 
     </span>
    </p>
   </div>
   <div class='ocr_carea' id='block_1_6' title="bbox 206 481 1823 563">
    <p class='ocr_par' dir='ltr' id='par_1_6' title="bbox 206 481 1823 563">
     <span class='ocr_line' id='line_1_6' title="bbox 206 481 1823 563; baseline 0.012 -27"><span class='ocrx_word' id='word_1_32' title='bbox 206 481 436 552; x_wconf 73' lang='lat' dir='ltr'><strong>objecta</strong></span> <span class='ocrx_word' id='word_1_33' title='bbox 461 482 535 539; x_wconf 78' lang='lat' dir='ltr'><strong>in</strong></span> <span class='ocrx_word' id='word_1_34' title='bbox 553 500 677 541; x_wconf 90' lang='lat' dir='ltr'><strong>eum</strong></span> <span class='ocrx_word' id='word_1_35' title='bbox 696 488 931 558; x_wconf 81' lang='lat' dir='ltr'><strong>capitula</strong></span> <span class='ocrx_word' id='word_1_36' title='bbox 951 491 1159 563; x_wconf 76' lang='lat' dir='ltr'><strong>legatos</strong></span> <span class='ocrx_word' id='word_1_37' title='bbox 1178 503 1237 552; x_wconf 86' lang='lat' dir='ltr'><strong>et</strong></span> <span class='ocrx_word' id='word_1_38' title='bbox 1257 504 1422 554; x_wconf 87' lang='lat' dir='ltr'><strong>testes</strong></span> <span class='ocrx_word' id='word_1_39' title='bbox 1442 496 1667 555; x_wconf 88' lang='lat' dir='ltr'><strong>idoneos</strong></span> <span class='ocrx_word' id='word_1_40' title='bbox 1684 499 1823 556; x_wconf 85' lang='lat' dir='ltr'><strong>delo-</strong></span> 
     </span>
    </p>
   </div>
   <div class='ocr_carea' id='block_1_7' title="bbox 207 572 1821 659">
    <p class='ocr_par' dir='ltr' id='par_1_7' title="bbox 207 572 1821 659">
     <span class='ocr_line' id='line_1_7' title="bbox 207 572 1821 659; baseline 0.012 -34"><span class='ocrx_word' id='word_1_41' title='bbox 207 586 398 642; x_wconf 67' lang='lat' dir='ltr'><strong>gares.</strong></span> <span class='ocrx_word' id='word_1_42' title='bbox 427 572 752 641; x_wconf 84' lang='lat' dir='ltr'><strong>Qnodcum</strong></span> <span class='ocrx_word' id='word_1_43' title='bbox 788 580 1013 637; x_wconf 79' lang='lat' dir='ltr'><strong>minimc</strong></span> <span class='ocrx_word' id='word_1_44' title='bbox 1056 582 1273 653; x_wconf 78' lang='lat' dir='ltr'><strong>feceris,</strong></span> <span class='ocrx_word' id='word_1_45' title='bbox 1311 587 1541 659; x_wconf 65' lang='lat' dir='ltr'><strong>justitie</strong></span> <span class='ocrx_word' id='word_1_46' title='bbox 1582 590 1821 646; x_wconf 84' lang='lat' dir='ltr'><strong>necessi-</strong></span> 
     </span>
    </p>
   </div>
   <div class='ocr_carea' id='block_1_8' title="bbox 210 666 1824 741">
    <p class='ocr_par' dir='ltr' id='par_1_8' title="bbox 210 666 1824 741">
     <span class='ocr_line' id='line_1_8' title="bbox 210 666 1824 741; baseline 0.011 -23"><span class='ocrx_word' id='word_1_47' title='bbox 210 671 321 719; x_wconf 81' lang='lat' dir='ltr'><strong>tate</strong></span> <span class='ocrx_word' id='word_1_48' title='bbox 351 666 578 733; x_wconf 80' lang='lat' dir='ltr'><strong>coacti,</strong></span> <span class='ocrx_word' id='word_1_49' title='bbox 606 669 675 724; x_wconf 90' lang='lat' dir='ltr'><strong>de</strong></span> <span class='ocrx_word' id='word_1_50' title='bbox 700 670 821 741; x_wconf 89' lang='lat' dir='ltr'><strong>ejus</strong></span> <span class='ocrx_word' id='word_1_51' title='bbox 842 675 1186 733; x_wconf 72' lang='lat' dir='ltr'><strong>restitutione</strong></span> <span class='ocrx_word' id='word_1_52' title='bbox 1206 686 1410 735; x_wconf 64' lang='lat' dir='ltr'><strong>sancte</strong></span> <span class='ocrx_word' id='word_1_53' title='bbox 1431 679 1692 737; x_wconf 72' lang='lat' dir='ltr'><strong>Romanae</strong></span> <span class='ocrx_word' id='word_1_54' title='bbox 1718 680 1824 736; x_wconf 86' lang='lat' dir='ltr'><strong>Ec-</strong></span> 
     </span>
    </p>
   </div>
   <div class='ocr_carea' id='block_1_9' title="bbox 209 755 1824 842">
    <p class='ocr_par' dir='ltr' id='par_1_9' title="bbox 209 755 1824 842">
     <span class='ocr_line' id='line_1_9' title="bbox 209 755 1824 842; baseline 0.011 -32"><span class='ocrx_word' id='word_1_55' title='bbox 209 755 398 811; x_wconf 65' lang='lat' dir='ltr'><strong>clesia</strong></span> <span class='ocrx_word' id='word_1_56' title='bbox 429 757 659 827; x_wconf 83' lang='lat' dir='ltr'><strong>judicio</strong></span> <span class='ocrx_word' id='word_1_57' title='bbox 690 763 1085 833; x_wconf 82' lang='lat' dir='ltr'><strong>acquievimus.</strong></span> <span class='ocrx_word' id='word_1_58' title='bbox 1117 766 1219 823; x_wconf 88' lang='lat' dir='ltr'><strong>Cui</strong></span> <span class='ocrx_word' id='word_1_59' title='bbox 1268 770 1319 826; x_wconf 87' lang='lat' dir='ltr'><strong>si</strong></span> <span class='ocrx_word' id='word_1_60' title='bbox 1364 786 1601 841; x_wconf 88' lang='lat' dir='ltr'><strong>superna</strong></span> <span class='ocrx_word' id='word_1_61' title='bbox 1648 772 1824 842; x_wconf 84' lang='lat' dir='ltr'><strong>pietas</strong></span> 
     </span>
    </p>
   </div>
   <div class='ocr_carea' id='block_1_10' title="bbox 208 846 1821 933">
    <p class='ocr_par' dir='ltr' id='par_1_10' title="bbox 208 846 1821 933">
     <span class='ocr_line' id='line_1_10' title="bbox 208 846 1821 933; baseline 0.011 -31"><span class='ocrx_word' id='word_1_62' title='bbox 208 846 534 919; x_wconf 78' lang='lat' dir='ltr'><strong>aliquando</strong></span> <span class='ocrx_word' id='word_1_63' title='bbox 564 855 840 924; x_wconf 77' lang='lat' dir='ltr'><strong>respirare</strong></span> <span class='ocrx_word' id='word_1_64' title='bbox 875 861 1232 928; x_wconf 89' lang='lat' dir='ltr'><strong>concesserit,</strong></span> <span class='ocrx_word' id='word_1_65' title='bbox 1269 861 1480 933; x_wconf 85' lang='lat' dir='ltr'><strong>liquido</strong></span> <span class='ocrx_word' id='word_1_66' title='bbox 1519 874 1616 919; x_wconf 91' lang='lat' dir='ltr'><strong>tua</strong></span> <span class='ocrx_word' id='word_1_67' title='bbox 1646 864 1821 920; x_wconf 83' lang='lat' dir='ltr'><strong>beati-</strong></span> 
     </span>
    </p>
   </div>
   <div class='ocr_carea' id='block_1_11' title="bbox 208 940 1824 1025">
    <p class='ocr_par' dir='ltr' id='par_1_11' title="bbox 208 940 1824 1025">
     <span class='ocr_line' id='line_1_11' title="bbox 208 940 1824 1025; baseline 0.009 -29"><span class='ocrx_word' id='word_1_68' title='bbox 208 940 347 997; x_wconf 73' lang='lat' dir='ltr'><strong>tudo</strong></span> <span class='ocrx_word' id='word_1_69' title='bbox 370 941 697 1016; x_wconf 70' lang='lat' dir='ltr'><strong>intelligere</strong></span> <span class='ocrx_word' id='word_1_70' title='bbox 715 950 936 1019; x_wconf 86' lang='lat' dir='ltr'><strong>poterit,</strong></span> <span class='ocrx_word' id='word_1_71' title='bbox 975 967 1101 1008; x_wconf 85' lang='lat' dir='ltr'><strong>eam</strong></span> <span class='ocrx_word' id='word_1_72' title='bbox 1152 953 1326 1009; x_wconf 86' lang='lat' dir='ltr'><strong>multo</strong></span> <span class='ocrx_word' id='word_1_73' title='bbox 1374 954 1824 1025; x_wconf 86' lang='lat' dir='ltr'><strong>irreprehensibi—</strong></span> 
     </span>
    </p>
   </div>
   <div class='ocr_carea' id='block_1_12' title="bbox 209 1030 1824 1117">
    <p class='ocr_par' dir='ltr' id='par_1_12' title="bbox 209 1030 1824 1117">
     <span class='ocr_line' id='line_1_12' title="bbox 209 1030 1824 1117; baseline 0.009 -30"><span class='ocrx_word' id='word_1_74' title='bbox 209 1030 321 1089; x_wconf 85' lang='lat' dir='ltr'><strong>lius</strong></span> <span class='ocrx_word' id='word_1_75' title='bbox 340 1033 461 1091; x_wconf 89' lang='lat' dir='ltr'><strong>hoc</strong></span> <span class='ocrx_word' id='word_1_76' title='bbox 482 1036 694 1107; x_wconf 71' lang='lat' dir='ltr'><strong>egisse,</strong></span> <span class='ocrx_word' id='word_1_77' title='bbox 728 1056 897 1111; x_wconf 87' lang='lat' dir='ltr'><strong>quam</strong></span> <span class='ocrx_word' id='word_1_78' title='bbox 920 1050 977 1099; x_wconf 91' lang='lat' dir='ltr'><strong>te</strong></span> <span class='ocrx_word' id='word_1_79' title='bbox 992 1046 1186 1101; x_wconf 80' lang='lat' dir='ltr'><strong>matris</strong></span> <span class='ocrx_word' id='word_1_80' title='bbox 1218 1056 1329 1101; x_wconf 67' lang='lat' dir='ltr'><strong>tua:</strong></span> <span class='ocrx_word' id='word_1_81' title='bbox 1349 1046 1669 1117; x_wconf 70' lang='lat' dir='ltr'><strong>iudicialem</strong></span> <span class='ocrx_word' id='word_1_82' title='bbox 1694 1063 1824 1104; x_wconf 79' lang='lat' dir='ltr'><strong>cen-</strong></span> 
     </span>
    </p>
   </div>
   <div class='ocr_carea' id='block_1_13' title="bbox 212 1134 1826 1203">
    <p class='ocr_par' dir='ltr' id='par_1_13' title="bbox 212 1134 1826 1203">
     <span class='ocr_line' id='line_1_13' title="bbox 212 1134 1826 1203; baseline 0.011 -24"><span class='ocrx_word' id='word_1_83' title='bbox 212 1138 409 1181; x_wconf 80' lang='lat' dir='ltr'><strong>suram</strong></span> <span class='ocrx_word' id='word_1_84' title='bbox 441 1143 686 1185; x_wconf 83' lang='lat' dir='ltr'><strong>manum</strong></span> <span class='ocrx_word' id='word_1_85' title='bbox 712 1134 1158 1203; x_wconf 82' lang='lat' dir='ltr'><strong>reprehensionis</strong></span> <span class='ocrx_word' id='word_1_86' title='bbox 1199 1138 1528 1194; x_wconf 80' lang='lat' dir='ltr'><strong>extendisse.</strong></span> <span class='ocrx_word' id='word_1_87' title='bbox 1562 1138 1826 1196; x_wconf 89' lang='lat' dir='ltr'><strong>Decuerat</strong></span> 
     </span>
    </p>
   </div>
   <div class='ocr_carea' id='block_1_14' title="bbox 215 1216 1825 1302">
    <p class='ocr_par' dir='ltr' id='par_1_14' title="bbox 215 1216 1825 1302">
     <span class='ocr_line' id='line_1_14' title="bbox 215 1216 1825 1302; baseline 0.01 -30"><span class='ocrx_word' id='word_1_88' title='bbox 215 1216 447 1287; x_wconf 79' lang='lat' dir='ltr'><strong>quidem</strong></span> <span class='ocrx_word' id='word_1_89' title='bbox 482 1235 616 1288; x_wconf 77' lang='lat' dir='ltr'><strong>vos,</strong></span> <span class='ocrx_word' id='word_1_90' title='bbox 640 1230 695 1277; x_wconf 84' lang='lat' dir='ltr'><strong>et</strong></span> <span class='ocrx_word' id='word_1_91' title='bbox 715 1223 934 1296; x_wconf 71' lang='lat' dir='ltr'><strong>dignius</strong></span> <span class='ocrx_word' id='word_1_92' title='bbox 954 1227 1229 1285; x_wconf 80' lang='lat' dir='ltr'><strong>videretur</strong></span> <span class='ocrx_word' id='word_1_93' title='bbox 1249 1230 1354 1285; x_wconf 87' lang='lat' dir='ltr'><strong>hac</strong></span> <span class='ocrx_word' id='word_1_94' title='bbox 1390 1230 1575 1300; x_wconf 82' lang='lat' dir='ltr'><strong>potius</strong></span> <span class='ocrx_word' id='word_1_95' title='bbox 1620 1240 1825 1302; x_wconf 88' lang='lat' dir='ltr'><strong>tempe-</strong></span> 
     </span>
    </p>
   </div>
   <div class='ocr_carea' id='block_1_15' title="bbox 214 1313 1826 1393">
    <p class='ocr_par' dir='ltr' id='par_1_15' title="bbox 214 1313 1826 1393">
     <span class='ocr_line' id='line_1_15' title="bbox 214 1313 1826 1393; baseline 0.008 -29"><span class='ocrx_word' id='word_1_96' title='bbox 214 1317 383 1376; x_wconf 77' lang='lat' dir='ltr'><strong>state,</strong></span> <span class='ocrx_word' id='word_1_97' title='bbox 411 1320 475 1366; x_wconf 82' lang='lat' dir='ltr'><strong>et</strong></span> <span class='ocrx_word' id='word_1_98' title='bbox 502 1313 612 1369; x_wconf 88' lang='lat' dir='ltr'><strong>has</strong></span> <span class='ocrx_word' id='word_1_99' title='bbox 634 1314 774 1371; x_wconf 88' lang='lat' dir='ltr'><strong>inter</strong></span> <span class='ocrx_word' id='word_1_100' title='bbox 799 1332 940 1388; x_wconf 82' lang='lat' dir='ltr'><strong>quas</strong></span> <span class='ocrx_word' id='word_1_101' title='bbox 959 1320 1163 1389; x_wconf 89' lang='lat' dir='ltr'><strong>patitur</strong></span> <span class='ocrx_word' id='word_1_102' title='bbox 1194 1321 1498 1392; x_wconf 75' lang='lat' dir='ltr'><strong>angustias,</strong></span> <span class='ocrx_word' id='word_1_103' title='bbox 1520 1321 1614 1378; x_wconf 85' lang='lat' dir='ltr'><strong>Dei</strong></span> <span class='ocrx_word' id='word_1_104' title='bbox 1637 1323 1826 1393; x_wconf 88' lang='lat' dir='ltr'><strong>utique</strong></span> 
     </span>
    </p>
   </div>
   <div class='ocr_carea' id='block_1_16' title="bbox 216 1405 1826 1484">
    <p class='ocr_par' dir='ltr' id='par_1_16' title="bbox 216 1405 1826 1484">
     <span class='ocr_line' id='line_1_16' title="bbox 216 1405 1826 1484; baseline 0.007 -27"><span class='ocrx_word' id='word_1_105' title='bbox 216 1405 587 1461; x_wconf 69' lang='lat' dir='ltr'><strong>mulatione</strong></span> <span class='ocrx_word' id='word_1_106' title='bbox 611 1414 668 1462; x_wconf 89' lang='lat' dir='ltr'><strong>et</strong></span> <span class='ocrx_word' id='word_1_107' title='bbox 683 1411 1021 1467; x_wconf 83' lang='lat' dir='ltr'><strong>conscientia</strong></span> <span class='ocrx_word' id='word_1_108' title='bbox 1040 1414 1206 1480; x_wconf 82' lang='lat' dir='ltr'><strong>bona,</strong></span> <span class='ocrx_word' id='word_1_109' title='bbox 1232 1422 1495 1484; x_wconf 82' lang='lat' dir='ltr'><strong>tanquam</strong></span> <span class='ocrx_word' id='word_1_110' title='bbox 1523 1414 1667 1470; x_wconf 84' lang='lat' dir='ltr'><strong>filios</strong></span> <span class='ocrx_word' id='word_1_111' title='bbox 1682 1429 1826 1472; x_wconf 91' lang='lat' dir='ltr'><strong>.suos</strong></span> 
     </span>
    </p>
   </div>
   <div class='ocr_carea' id='block_1_17' title="bbox 216 1497 1825 1577">
    <p class='ocr_par' dir='ltr' id='par_1_17' title="bbox 216 1497 1825 1577">
     <span class='ocr_line' id='line_1_17' title="bbox 216 1497 1825 1577; baseline 0.006 -28"><span class='ocrx_word' id='word_1_112' title='bbox 216 1497 681 1554; x_wconf 86' lang='lat' dir='ltr'><strong>consolationum</strong></span> <span class='ocrx_word' id='word_1_113' title='bbox 735 1502 840 1557; x_wconf 86' lang='lat' dir='ltr'><strong>sibi</strong></span> <span class='ocrx_word' id='word_1_114' title='bbox 889 1503 1070 1559; x_wconf 86' lang='lat' dir='ltr'><strong>dulcia</strong></span> <span class='ocrx_word' id='word_1_115' title='bbox 1102 1505 1438 1573; x_wconf 89' lang='lat' dir='ltr'><strong>ministrare,</strong></span> <span class='ocrx_word' id='word_1_116' title='bbox 1466 1521 1635 1577; x_wconf 88' lang='lat' dir='ltr'><strong>quam</strong></span> <span class='ocrx_word' id='word_1_117' title='bbox 1691 1505 1825 1560; x_wconf 88' lang='lat' dir='ltr'><strong>talia</strong></span> 
     </span>
    </p>
   </div>
   <div class='ocr_carea' id='block_1_18' title="bbox 220 1589 1823 1667">
    <p class='ocr_par' dir='ltr' id='par_1_18' title="bbox 220 1589 1823 1667">
     <span class='ocr_line' id='line_1_18' title="bbox 220 1589 1823 1667; baseline 0.005 -24"><span class='ocrx_word' id='word_1_118' title='bbox 220 1589 573 1657; x_wconf 82' lang='lat' dir='ltr'><strong>mandando,</strong></span> <span class='ocrx_word' id='word_1_119' title='bbox 597 1600 654 1647; x_wconf 92' lang='lat' dir='ltr'><strong>et</strong></span> <span class='ocrx_word' id='word_1_120' title='bbox 683 1593 884 1651; x_wconf 81' lang='lat' dir='ltr'><strong>talibus</strong></span> <span class='ocrx_word' id='word_1_121' title='bbox 908 1611 1032 1651; x_wconf 90' lang='lat' dir='ltr'><strong>eam</strong></span> <span class='ocrx_word' id='word_1_122' title='bbox 1056 1597 1255 1652; x_wconf 64' lang='lat' dir='ltr'><strong>natniis</strong></span> <span class='ocrx_word' id='word_1_123' title='bbox 1283 1596 1640 1667; x_wconf 80' lang='lat' dir='ltr'><strong>implicando,</strong></span> <span class='ocrx_word' id='word_1_124' title='bbox 1666 1596 1823 1651; x_wconf 82' lang='lat' dir='ltr'><strong>dolo-</strong></span> 
     </span>
    </p>
   </div>
   <div class='ocr_carea' id='block_1_19' title="bbox 1923 415 3490 492">
    <p class='ocr_par' dir='ltr' id='par_1_19' title="bbox 1923 415 3490 492">
     <span class='ocr_line' id='line_1_19' title="bbox 1923 415 3490 492; baseline 0.007 -23"><span class='ocrx_word' id='word_1_125' title='bbox 1923 430 2068 481; x_wconf 88' lang='lat' dir='ltr'><strong>mus,</strong></span> <span class='ocrx_word' id='word_1_126' title='bbox 2107 415 2259 471; x_wconf 89' lang='lat' dir='ltr'><strong>utdc</strong></span> <span class='ocrx_word' id='word_1_127' title='bbox 2306 417 2414 472; x_wconf 86' lang='lat' dir='ltr'><strong>illis</strong></span> <span class='ocrx_word' id='word_1_128' title='bbox 2453 418 2705 487; x_wconf 49' lang='lat' dir='ltr'><strong>quiveum</strong></span> <span class='ocrx_word' id='word_1_129' title='bbox 2754 430 2866 479; x_wconf 81' lang='lat' dir='ltr'><strong>tam</strong></span> <span class='ocrx_word' id='word_1_130' title='bbox 2912 423 3054 479; x_wconf 89' lang='lat' dir='ltr'><strong>male</strong></span> <span class='ocrx_word' id='word_1_131' title='bbox 3102 432 3490 492; x_wconf 83' lang='lat' dir='ltr'><strong>tractaverunt,</strong></span> 
     </span>
    </p>
   </div>
   <div class='ocr_carea' id='block_1_20' title="bbox 1923 508 3494 583">
    <p class='ocr_par' dir='ltr' id='par_1_20' title="bbox 1923 508 3494 583">
     <span class='ocr_line' id='line_1_20' title="bbox 1923 508 3494 583; baseline 0.008 -22"><span class='ocrx_word' id='word_1_132' title='bbox 1923 508 2071 576; x_wconf 87' lang='lat' dir='ltr'><strong>quod</strong></span> <span class='ocrx_word' id='word_1_133' title='bbox 2106 508 2317 577; x_wconf 83' lang='lat' dir='ltr'><strong>justitia</strong></span> <span class='ocrx_word' id='word_1_134' title='bbox 2346 510 2586 579; x_wconf 85' lang='lat' dir='ltr'><strong>postulat</strong></span> <span class='ocrx_word' id='word_1_135' title='bbox 2614 512 2718 568; x_wconf 86' lang='lat' dir='ltr'><strong>sibi</strong></span> <span class='ocrx_word' id='word_1_136' title='bbox 2756 529 2852 583; x_wconf 83' lang='lat' dir='ltr'><strong>per</strong></span> <span class='ocrx_word' id='word_1_137' title='bbox 2900 525 3138 571; x_wconf 85' lang='lat' dir='ltr'><strong>vestram</strong></span> <span class='ocrx_word' id='word_1_138' title='bbox 3175 516 3494 573; x_wconf 87' lang='lat' dir='ltr'><strong>instantiam</strong></span> 
     </span>
    </p>
   </div>
   <div class='ocr_carea' id='block_1_21' title="bbox 1922 597 3495 676">
    <p class='ocr_par' dir='ltr' id='par_1_21' title="bbox 1922 597 3495 676">
     <span class='ocr_line' id='line_1_21' title="bbox 1922 597 3495 676; baseline 0.01 -24"><span class='ocrx_word' id='word_1_139' title='bbox 1922 597 2039 665; x_wconf 83' lang='lat' dir='ltr'><strong>fiat,</strong></span> <span class='ocrx_word' id='word_1_140' title='bbox 2068 599 2124 654; x_wconf 90' lang='lat' dir='ltr'><strong>id</strong></span> <span class='ocrx_word' id='word_1_141' title='bbox 2153 609 2260 667; x_wconf 88' lang='lat' dir='ltr'><strong>est,</strong></span> <span class='ocrx_word' id='word_1_142' title='bbox 2285 602 2332 657; x_wconf 88' lang='lat' dir='ltr'><strong>si</strong></span> <span class='ocrx_word' id='word_1_143' title='bbox 2360 600 2681 658; x_wconf 77' lang='lat' dir='ltr'><strong>satisfacere</strong></span> <span class='ocrx_word' id='word_1_144' title='bbox 2699 606 3144 676; x_wconf 86' lang='lat' dir='ltr'><strong>contempserint,</strong></span> <span class='ocrx_word' id='word_1_145' title='bbox 3177 623 3495 667; x_wconf 85' lang='lat' dir='ltr'><strong>excommu—</strong></span> 
     </span>
    </p>
   </div>
   <div class='ocr_carea' id='block_1_22' title="bbox 1922 690 3497 774">
    <p class='ocr_par' dir='ltr' id='par_1_22' title="bbox 1922 690 3497 774">
     <span class='ocr_line' id='line_1_22' title="bbox 1922 690 3497 774; baseline 0.01 -31"><span class='ocrx_word' id='word_1_146' title='bbox 1922 690 2220 749; x_wconf 86' lang='lat' dir='ltr'><strong>nicationis</strong></span> <span class='ocrx_word' id='word_1_147' title='bbox 2269 692 2325 747; x_wconf 91' lang='lat' dir='ltr'><strong>in</strong></span> <span class='ocrx_word' id='word_1_148' title='bbox 2359 708 2458 749; x_wconf 90' lang='lat' dir='ltr'><strong>eos</strong></span> <span class='ocrx_word' id='word_1_149' title='bbox 2493 709 2796 767; x_wconf 87' lang='lat' dir='ltr'><strong>eorumque</strong></span> <span class='ocrx_word' id='word_1_150' title='bbox 2844 698 3083 768; x_wconf 60' lang='lat' dir='ltr'><strong>perfidiae</strong></span> <span class='ocrx_word' id='word_1_151' title='bbox 3124 698 3369 759; x_wconf 75' lang='lat' dir='ltr'><strong>fautores</strong></span> <span class='ocrx_word' id='word_1_152' title='bbox 3389 703 3497 774; x_wconf 78' lang='lat' dir='ltr'><strong>gla-</strong></span> 
     </span>
    </p>
   </div>
   <div class='ocr_carea' id='block_1_23' title="bbox 1922 782 3498 863">
    <p class='ocr_par' dir='ltr' id='par_1_23' title="bbox 1922 782 3498 863">
     <span class='ocr_line' id='line_1_23' title="bbox 1922 782 3498 863; baseline 0.01 -26"><span class='ocrx_word' id='word_1_153' title='bbox 1922 782 2049 839; x_wconf 89' lang='lat' dir='ltr'><strong>dius</strong></span> <span class='ocrx_word' id='word_1_154' title='bbox 2072 794 2345 841; x_wconf 86' lang='lat' dir='ltr'><strong>exeratur.</strong></span> <span class='ocrx_word' id='word_1_155' title='bbox 2373 785 2521 842; x_wconf 88' lang='lat' dir='ltr'><strong>Istud</strong></span> <span class='ocrx_word' id='word_1_156' title='bbox 2545 803 2676 843; x_wconf 82' lang='lat' dir='ltr'><strong>vero</strong></span> <span class='ocrx_word' id='word_1_157' title='bbox 2726 790 2783 844; x_wconf 92' lang='lat' dir='ltr'><strong>in</strong></span> <span class='ocrx_word' id='word_1_158' title='bbox 2832 791 2937 849; x_wconf 88' lang='lat' dir='ltr'><strong>hoc</strong></span> <span class='ocrx_word' id='word_1_159' title='bbox 2990 793 3210 863; x_wconf 79' lang='lat' dir='ltr'><strong>negotio</strong></span> <span class='ocrx_word' id='word_1_160' title='bbox 3261 795 3498 852; x_wconf 78' lang='lat' dir='ltr'><strong>maxime</strong></span> 
     </span>
    </p>
   </div>
   <div class='ocr_carea' id='block_1_24' title="bbox 1924 878 3497 954">
    <p class='ocr_par' dir='ltr' id='par_1_24' title="bbox 1924 878 3497 954">
     <span class='ocr_line' id='line_1_24' title="bbox 1924 878 3497 954; baseline 0.008 -24"><span class='ocrx_word' id='word_1_161' title='bbox 1924 890 2144 932; x_wconf 87' lang='lat' dir='ltr'><strong>servare</strong></span> <span class='ocrx_word' id='word_1_162' title='bbox 2163 891 2264 934; x_wconf 89' lang='lat' dir='ltr'><strong>vos</strong></span> <span class='ocrx_word' id='word_1_163' title='bbox 2284 878 2560 945; x_wconf 82' lang='lat' dir='ltr'><strong>volumus,</strong></span> <span class='ocrx_word' id='word_1_164' title='bbox 2588 888 2711 935; x_wconf 88' lang='lat' dir='ltr'><strong>tum</strong></span> <span class='ocrx_word' id='word_1_165' title='bbox 2745 897 2844 951; x_wconf 92' lang='lat' dir='ltr'><strong>pro</strong></span> <span class='ocrx_word' id='word_1_166' title='bbox 2872 883 3058 939; x_wconf 88' lang='lat' dir='ltr'><strong>labore</strong></span> <span class='ocrx_word' id='word_1_167' title='bbox 3081 900 3242 954; x_wconf 87' lang='lat' dir='ltr'><strong>quem</strong></span> <span class='ocrx_word' id='word_1_168' title='bbox 3285 900 3497 943; x_wconf 82' lang='lat' dir='ltr'><strong>memo-</strong></span> 
     </span>
    </p>
   </div>
   <div class='ocr_carea' id='block_1_25' title="bbox 1923 969 3497 1042">
    <p class='ocr_par' dir='ltr' id='par_1_25' title="bbox 1923 969 3497 1042">
     <span class='ocr_line' id='line_1_25' title="bbox 1923 969 3497 1042; baseline 0.008 -21"><span class='ocrx_word' id='word_1_169' title='bbox 1923 976 2081 1023; x_wconf 87' lang='lat' dir='ltr'><strong>ratus</strong></span> <span class='ocrx_word' id='word_1_170' title='bbox 2100 969 2391 1040; x_wconf 89' lang='lat' dir='ltr'><strong>episcopus</strong></span> <span class='ocrx_word' id='word_1_171' title='bbox 2412 971 2481 1027; x_wconf 83' lang='lat' dir='ltr'><strong>ad</strong></span> <span class='ocrx_word' id='word_1_172' title='bbox 2503 973 2863 1041; x_wconf 78' lang='lat' dir='ltr'><strong>apostolicam</strong></span> <span class='ocrx_word' id='word_1_173' title='bbox 2906 976 3088 1031; x_wconf 87' lang='lat' dir='ltr'><strong>sedem</strong></span> <span class='ocrx_word' id='word_1_174' title='bbox 3123 976 3346 1042; x_wconf 88' lang='lat' dir='ltr'><strong>subivit,</strong></span> <span class='ocrx_word' id='word_1_175' title='bbox 3370 994 3497 1033; x_wconf 85' lang='lat' dir='ltr'><strong>cum</strong></span> 
     </span>
    </p>
   </div>
   <div class='ocr_carea' id='block_1_26' title="bbox 1924 1059 3501 1139">
    <p class='ocr_par' dir='ltr' id='par_1_26' title="bbox 1924 1059 3501 1139">
     <span class='ocr_line' id='line_1_26' title="bbox 1924 1059 3501 1139; baseline 0.006 -25"><span class='ocrx_word' id='word_1_176' title='bbox 1924 1059 2091 1115; x_wconf 82' lang='lat' dir='ltr'><strong>etiam</strong></span> <span class='ocrx_word' id='word_1_177' title='bbox 2132 1077 2234 1131; x_wconf 90' lang='lat' dir='ltr'><strong>pro</strong></span> <span class='ocrx_word' id='word_1_178' title='bbox 2280 1078 2469 1118; x_wconf 86' lang='lat' dir='ltr'><strong>amore</strong></span> <span class='ocrx_word' id='word_1_179' title='bbox 2506 1065 2836 1122; x_wconf 76' lang='lat' dir='ltr'><strong>nobilissimi</strong></span> <span class='ocrx_word' id='word_1_180' title='bbox 2873 1068 3092 1127; x_wconf 87' lang='lat' dir='ltr'><strong>comitis</strong></span> <span class='ocrx_word' id='word_1_181' title='bbox 3127 1067 3371 1135; x_wconf 81' lang='lat' dir='ltr'><strong>Roberti,</strong></span> <span class='ocrx_word' id='word_1_182' title='bbox 3404 1072 3501 1139; x_wconf 80' lang='lat' dir='ltr'><strong>qui</strong></span> 
     </span>
    </p>
   </div>
   <div class='ocr_carea' id='block_1_27' title="bbox 1925 1151 3501 1225">
    <p class='ocr_par' dir='ltr' id='par_1_27' title="bbox 1925 1151 3501 1225">
     <span class='ocr_line' id='line_1_27' title="bbox 1925 1151 3501 1225; baseline 0.007 -20"><span class='ocrx_word' id='word_1_183' title='bbox 1925 1151 2085 1207; x_wconf 88' lang='lat' dir='ltr'><strong>nobis</strong></span> <span class='ocrx_word' id='word_1_184' title='bbox 2109 1168 2273 1223; x_wconf 81' lang='lat' dir='ltr'><strong>super</strong></span> <span class='ocrx_word' id='word_1_185' title='bbox 2293 1170 2361 1208; x_wconf 91' lang='lat' dir='ltr'><strong>eo</strong></span> <span class='ocrx_word' id='word_1_186' title='bbox 2385 1156 2669 1225; x_wconf 87' lang='lat' dir='ltr'><strong>petitorias</strong></span> <span class='ocrx_word' id='word_1_187' title='bbox 2696 1158 2905 1213; x_wconf 83' lang='lat' dir='ltr'><strong>litteras</strong></span> <span class='ocrx_word' id='word_1_188' title='bbox 2935 1159 3109 1225; x_wconf 84' lang='lat' dir='ltr'><strong>misit,</strong></span> <span class='ocrx_word' id='word_1_189' title='bbox 3148 1170 3209 1215; x_wconf 93' lang='lat' dir='ltr'><strong>ut</strong></span> <span class='ocrx_word' id='word_1_190' title='bbox 3243 1176 3367 1221; x_wconf 89' lang='lat' dir='ltr'><strong>cum</strong></span> <span class='ocrx_word' id='word_1_191' title='bbox 3398 1162 3501 1216; x_wconf 86' lang='lat' dir='ltr'><strong>mi-</strong></span> 
     </span>
    </p>
   </div>
   <div class='ocr_carea' id='block_1_28' title="bbox 1926 1242 3501 1324">
    <p class='ocr_par' dir='ltr' id='par_1_28' title="bbox 1926 1242 3501 1324">
     <span class='ocr_line' id='line_1_28' title="bbox 1926 1242 3501 1324; baseline 0.008 -29"><span class='ocrx_word' id='word_1_192' title='bbox 1926 1242 2224 1299; x_wconf 89' lang='lat' dir='ltr'><strong>sericordia</strong></span> <span class='ocrx_word' id='word_1_193' title='bbox 2252 1253 2536 1314; x_wconf 85' lang='lat' dir='ltr'><strong>tractetur,</strong></span> <span class='ocrx_word' id='word_1_194' title='bbox 2565 1257 2639 1316; x_wconf 88' lang='lat' dir='ltr'><strong>et,</strong></span> <span class='ocrx_word' id='word_1_195' title='bbox 2675 1258 2941 1320; x_wconf 87' lang='lat' dir='ltr'><strong>quantum</strong></span> <span class='ocrx_word' id='word_1_196' title='bbox 2963 1251 3113 1305; x_wconf 84' lang='lat' dir='ltr'><strong>salva</strong></span> <span class='ocrx_word' id='word_1_197' title='bbox 3155 1251 3368 1321; x_wconf 88' lang='lat' dir='ltr'><strong>justitia</strong></span> <span class='ocrx_word' id='word_1_198' title='bbox 3404 1267 3501 1324; x_wconf 90' lang='lat' dir='ltr'><strong>po-</strong></span> 
     </span>
    </p>
   </div>
   <div class='ocr_carea' id='block_1_29' title="bbox 1928 1339 3506 1415">
    <p class='ocr_par' dir='ltr' id='par_1_29' title="bbox 1928 1339 3506 1415">
     <span class='ocr_line' id='line_1_29' title="bbox 1928 1339 3506 1415; baseline 0.008 -28"><span class='ocrx_word' id='word_1_199' title='bbox 1928 1341 2053 1399; x_wconf 83' lang='lat' dir='ltr'><strong>test,</strong></span> <span class='ocrx_word' id='word_1_200' title='bbox 2083 1350 2357 1392; x_wconf 88' lang='lat' dir='ltr'><strong>canonum</strong></span> <span class='ocrx_word' id='word_1_201' title='bbox 2392 1339 2541 1409; x_wconf 82' lang='lat' dir='ltr'><strong>rigor</strong></span> <span class='ocrx_word' id='word_1_202' title='bbox 2581 1341 2982 1411; x_wconf 87' lang='lat' dir='ltr'><strong>compassionis</strong></span> <span class='ocrx_word' id='word_1_203' title='bbox 3023 1352 3270 1412; x_wconf 88' lang='lat' dir='ltr'><strong>respectu</strong></span> <span class='ocrx_word' id='word_1_204' title='bbox 3307 1355 3506 1415; x_wconf 84' lang='lat' dir='ltr'><strong>tempe-</strong></span> 
     </span>
    </p>
   </div>
   <div class='ocr_carea' id='block_1_30' title="bbox 1925 1425 3507 1506">
    <p class='ocr_par' dir='ltr' id='par_1_30' title="bbox 1925 1425 3507 1506">
     <span class='ocr_line' id='line_1_30' title="bbox 1925 1425 3507 1506; baseline 0.008 -29"><span class='ocrx_word' id='word_1_205' title='bbox 1925 1434 2096 1479; x_wconf 87' lang='lat' dir='ltr'><strong>retur.</strong></span> <span class='ocrx_word' id='word_1_206' title='bbox 2136 1425 2378 1498; x_wconf 81' lang='lat' dir='ltr'><strong>Denique</strong></span> <span class='ocrx_word' id='word_1_207' title='bbox 2403 1429 2479 1484; x_wconf 90' lang='lat' dir='ltr'><strong>ita</strong></span> <span class='ocrx_word' id='word_1_208' title='bbox 2524 1446 2582 1485; x_wconf 89' lang='lat' dir='ltr'><strong>se</strong></span> <span class='ocrx_word' id='word_1_209' title='bbox 2611 1429 2968 1488; x_wconf 83' lang='lat' dir='ltr'><strong>fraternitatis</strong></span> <span class='ocrx_word' id='word_1_210' title='bbox 3007 1444 3202 1490; x_wconf 61' lang='lat' dir='ltr'><strong>vestrae</strong></span> <span class='ocrx_word' id='word_1_211' title='bbox 3237 1437 3507 1506; x_wconf 80' lang='lat' dir='ltr'><strong>sagacitas</strong></span> 
     </span>
    </p>
   </div>
   <div class='ocr_carea' id='block_1_31' title="bbox 1927 1515 3506 1595">
    <p class='ocr_par' dir='ltr' id='par_1_31' title="bbox 1927 1515 3506 1595">
     <span class='ocr_line' id='line_1_31' title="bbox 1927 1515 3506 1595; baseline 0.009 -26"><span class='ocrx_word' id='word_1_212' title='bbox 1927 1515 2143 1583; x_wconf 86' lang='lat' dir='ltr'><strong>habeat,</strong></span> <span class='ocrx_word' id='word_1_213' title='bbox 2177 1526 2237 1571; x_wconf 93' lang='lat' dir='ltr'><strong>ut</strong></span> <span class='ocrx_word' id='word_1_214' title='bbox 2266 1535 2366 1574; x_wconf 93' lang='lat' dir='ltr'><strong>nec</strong></span> <span class='ocrx_word' id='word_1_215' title='bbox 2400 1520 2457 1573; x_wconf 92' lang='lat' dir='ltr'><strong>in</strong></span> <span class='ocrx_word' id='word_1_216' title='bbox 2500 1522 2746 1578; x_wconf 81' lang='lat' dir='ltr'><strong>dextram</strong></span> <span class='ocrx_word' id='word_1_217' title='bbox 2790 1541 2891 1580; x_wconf 91' lang='lat' dir='ltr'><strong>nec</strong></span> <span class='ocrx_word' id='word_1_218' title='bbox 2932 1526 2984 1580; x_wconf 91' lang='lat' dir='ltr'><strong>in</strong></span> <span class='ocrx_word' id='word_1_219' title='bbox 3021 1526 3211 1581; x_wconf 73' lang='lat' dir='ltr'><strong>heram</strong></span> <span class='ocrx_word' id='word_1_220' title='bbox 3248 1529 3506 1595; x_wconf 81' lang='lat' dir='ltr'><strong>declinet,</strong></span> 
     </span>
    </p>
   </div>
   <div class='ocr_carea' id='block_1_32' title="bbox 1927 1609 3507 1690">
    <p class='ocr_par' dir='ltr' id='par_1_32' title="bbox 1927 1609 3507 1690">
     <span class='ocr_line' id='line_1_32' title="bbox 1927 1609 3507 1690; baseline 0.008 -29"><span class='ocrx_word' id='word_1_221' title='bbox 1927 1609 2023 1662; x_wconf 90' lang='lat' dir='ltr'><strong>sed</strong></span> <span class='ocrx_word' id='word_1_222' title='bbox 2048 1623 2115 1664; x_wconf 89' lang='lat' dir='ltr'><strong>ex</strong></span> <span class='ocrx_word' id='word_1_223' title='bbox 2144 1617 2376 1680; x_wconf 91' lang='lat' dir='ltr'><strong>utroque</strong></span> <span class='ocrx_word' id='word_1_224' title='bbox 2408 1627 2576 1667; x_wconf 90' lang='lat' dir='ltr'><strong>unum</strong></span> <span class='ocrx_word' id='word_1_225' title='bbox 2602 1613 2809 1671; x_wconf 87' lang='lat' dir='ltr'><strong>faciens</strong></span> <span class='ocrx_word' id='word_1_226' title='bbox 2832 1633 3001 1672; x_wconf 90' lang='lat' dir='ltr'><strong>unum</strong></span> <span class='ocrx_word' id='word_1_227' title='bbox 3018 1626 3507 1690; x_wconf 88' lang='lat' dir='ltr'><strong>temperamentum</strong></span> 
     </span>
    </p>
   </div>
   <div class='ocr_carea' id='block_1_33' title="bbox 219 1666 2716 1762">
    <p class='ocr_par' dir='ltr' id='par_1_33' title="bbox 219 1666 2716 1762">
     <span class='ocr_line' id='line_1_33' title="bbox 219 1666 2716 1762; baseline 0.008 -27"><span class='ocrx_word' id='word_1_228' title='bbox 219 1696 335 1736; x_wconf 86' lang='lat' dir='ltr'><strong>rem</strong></span> <span class='ocrx_word' id='word_1_229' title='bbox 361 1697 550 1753; x_wconf 85' lang='lat' dir='ltr'><strong>super</strong></span> <span class='ocrx_word' id='word_1_230' title='bbox 579 1684 827 1742; x_wconf 86' lang='lat' dir='ltr'><strong>dolorem</strong></span> <span class='ocrx_word' id='word_1_231' title='bbox 843 1702 1134 1759; x_wconf 87' lang='lat' dir='ltr'><strong>apponere,</strong></span> <span class='ocrx_word' id='word_1_232' title='bbox 1160 1666 1531 1760; x_wconf 87' lang='lat' dir='ltr'><strong>multiplicare</strong></span> <span class='ocrx_word' id='word_1_233' title='bbox 1552 1688 1819 1761; x_wconf 86' lang='lat' dir='ltr'><strong>pondera,</strong></span> <span class='ocrx_word' id='word_1_234' title='bbox 1853 1666 1898 1722; x_wconf 78' lang='grc' dir='ltr'><strong>Β</strong></span> <span class='ocrx_word' id='word_1_235' title='bbox 1922 1699 2163 1756; x_wconf 74' lang='lat' dir='ltr'><strong>medium</strong></span> <span class='ocrx_word' id='word_1_236' title='bbox 2195 1666 2485 1759; x_wconf 50' lang='lat' dir='ltr'><strong>salt-Ibam</strong></span> <span class='ocrx_word' id='word_1_237' title='bbox 2514 1666 2716 1762; x_wconf 25' lang='lat' dir='ltr'><strong>tenea‘ti.</strong></span> 
     </span>
    </p>
   </div>
   <div class='ocr_carea' id='block_1_34' title="bbox 224 1777 1703 1850">
    <p class='ocr_par' dir='ltr' id='par_1_34' title="bbox 224 1777 1703 1850">
     <span class='ocr_line' id='line_1_34' title="bbox 224 1777 1703 1850; baseline 0.003 -22"><span class='ocrx_word' id='word_1_238' title='bbox 224 1787 332 1829; x_wconf 90' lang='lat' dir='ltr'><strong>non</strong></span> <span class='ocrx_word' id='word_1_239' title='bbox 365 1777 797 1834; x_wconf 86' lang='lat' dir='ltr'><strong>communicare</strong></span> <span class='ocrx_word' id='word_1_240' title='bbox 824 1779 1179 1850; x_wconf 84' lang='lat' dir='ltr'><strong>ponderibus.</strong></span> <span class='ocrx_word' id='word_1_241' title='bbox 1214 1780 1359 1837; x_wconf 83' lang='lat' dir='ltr'><strong>Vale.</strong></span> <span class='ocrx_word' id='word_1_242' title='bbox 1674 1819 1703 1833; x_wconf 57' lang='grc' dir='ltr'><em>η</em></span> 
     </span>
    </p>
   </div>
   <div class='ocr_carea' id='block_1_35' title="bbox 738 1912 1323 1971">
    <p class='ocr_par' dir='ltr' id='par_1_35' title="bbox 738 1912 1323 1971">
     <span class='ocr_line' id='line_1_35' title="bbox 738 1912 1323 1971; baseline 0.003 -4"><span class='ocrx_word' id='word_1_243' title='bbox 738 1912 1073 1971; x_wconf 80' lang='lat' dir='ltr'><strong>EPISTOLA</strong></span> <span class='ocrx_word' id='word_1_244' title='bbox 1109 1913 1323 1969; x_wconf 84' lang='lat' dir='ltr'><strong>XXXII.</strong></span> 
     </span>
    </p>
   </div>
   <div class='ocr_carea' id='block_1_36' title="bbox 515 2020 1536 2062">
    <p class='ocr_par' dir='ltr' id='par_1_36' title="bbox 515 2020 1536 2062">
     <span class='ocr_line' id='line_1_36' title="bbox 515 2020 1536 2062; baseline 0.004 -5"><span class='ocrx_word' id='word_1_245' title='bbox 515 2020 586 2057; x_wconf 67' lang='lat' dir='ltr'><strong>AD</strong></span> <span class='ocrx_word' id='word_1_246' title='bbox 644 2021 1098 2062; x_wconf 63' lang='grc' dir='ltr'><strong>Αιςωειιιεοορυι</strong></span> <span class='ocrx_word' id='word_1_247' title='bbox 1136 2021 1536 2062; x_wconf 58' lang='grc' dir='ltr'><strong>ιυουυμεκεει.</strong></span> 
     </span>
    </p>
   </div>
   <div class='ocr_carea' id='block_1_37' title="bbox 834 2096 1230 2169">
    <p class='ocr_par' dir='ltr' id='par_1_37' title="bbox 834 2096 1230 2169">
     <span class='ocr_line' id='line_1_37' title="bbox 834 2096 1230 2169; baseline 0.005 -19"><span class='ocrx_word' id='word_1_248' title='bbox 834 2098 1015 2169; x_wconf 76' lang='lat' dir='ltr'><strong>(Anno</strong></span> <span class='ocrx_word' id='word_1_249' title='bbox 1047 2096 1230 2169; x_wconf 78' lang='grc'><strong>1081.)</strong></span> 
     </span>
    </p>
   </div>
   <div class='ocr_carea' id='block_1_38' title="bbox 236 2182 1823 2272">
    <p class='ocr_par' dir='ltr' id='par_1_38' title="bbox 236 2182 1823 2272">
     <span class='ocr_line' id='line_1_38' title="bbox 236 2182 1823 2272; baseline 0.004 -35"><span class='ocrx_word' id='word_1_250' title='bbox 236 2182 521 2255; x_wconf 74' lang='lat' dir='ltr'><strong>Signiﬁcat</strong></span> <span class='ocrx_word' id='word_1_251' title='bbox 548 2203 626 2253; x_wconf 86' lang='lat' dir='ltr'><strong>se,</strong></span> <span class='ocrx_word' id='word_1_252' title='bbox 657 2198 939 2272; x_wconf 69' lang='lat' dir='ltr'><strong>antequam</strong></span> <span class='ocrx_word' id='word_1_253' title='bbox 963 2189 1316 2272; x_wconf 64' lang='lat' dir='ltr'><strong>ejus_litteras</strong></span> <span class='ocrx_word' id='word_1_254' title='bbox 1357 2190 1665 2272; x_wconf 80' lang='lat' dir='ltr'><strong>accepisset,</strong></span> <span class='ocrx_word' id='word_1_255' title='bbox 1685 2189 1823 2272; x_wconf 82' lang='lat' dir='ltr'><strong>_Ter-</strong></span> 
     </span>
    </p>
   </div>
   <div class='ocr_carea' id='block_1_39' title="bbox 299 2261 1841 2332">
    <p class='ocr_par' dir='ltr' id='par_1_39' title="bbox 299 2261 1841 2332">
     <span class='ocr_line' id='line_1_39' title="bbox 299 2261 1841 2332; baseline 0.005 -24"><span class='ocrx_word' id='word_1_256' title='bbox 299 2272 647 2332; x_wconf 78' lang='lat' dir='ltr'><strong>rannansem_</strong></span> <span class='ocrx_word' id='word_1_257' title='bbox 691 2261 1016 2332; x_wconf 3' lang='lat' dir='ltr'><strong>episcopum,</strong></span> <span class='ocrx_word' id='word_1_258' title='bbox 1045 2261 1353 2332; x_wconf 76' lang='lat' dir='ltr'><strong>absolvisse,</strong></span> <span class='ocrx_word' id='word_1_259' title='bbox 1404 2261 1619 2332; x_wconf 60' lang='lat' dir='ltr'><strong>accepto</strong></span> <span class='ocrx_word' id='word_1_260' title='bbox 1668 2263 1841 2332; x_wconf 62' lang='lat' dir='ltr'><strong>jura-t</strong></span> 
     </span>
    </p>
   </div>
   <div class='ocr_carea' id='block_1_40' title="bbox 303 2327 1828 2402">
    <p class='ocr_par' dir='ltr' id='par_1_40' title="bbox 303 2327 1828 2402">
     <span class='ocr_line' id='line_1_40' title="bbox 303 2327 1828 2402; baseline 0.005 -23"><span class='ocrx_word' id='word_1_261' title='bbox 303 2336 481 2402; x_wconf 66' lang='lat' dir='ltr'><strong>mento</strong></span> <span class='ocrx_word' id='word_1_262' title='bbox 504 2327 647 2397; x_wconf 76' lang='lat' dir='ltr'><strong>quod</strong></span> <span class='ocrx_word' id='word_1_263' title='bbox 674 2327 885 2402; x_wconf 72' lang='lat' dir='ltr'><strong>judicio</strong></span> <span class='ocrx_word' id='word_1_264' title='bbox 910 2330 1048 2402; x_wconf 78' lang='lat' dir='ltr'><strong>sedis</strong></span> <span class='ocrx_word' id='word_1_265' title='bbox 1076 2331 1384 2401; x_wconf 77' lang='lat' dir='ltr'><strong>apostolij</strong></span> <span class='ocrx_word' id='word_1_266' title='bbox 1417 2331 1505 2402; x_wconf 71' lang='lat' dir='ltr'><strong>vet</strong></span> <span class='ocrx_word' id='word_1_267' title='bbox 1529 2327 1697 2402; x_wconf 49' lang='lat' dir='ltr'><strong>&#39;legat&#39;i</strong></span> <span class='ocrx_word' id='word_1_268' title='bbox 1737 2349 1828 2386; x_wconf 85' lang='lat' dir='ltr'><strong>ac-</strong></span> 
     </span>
    </p>
   </div>
   <div class='ocr_carea' id='block_1_41' title="bbox 300 2398 1828 2478">
    <p class='ocr_par' dir='ltr' id='par_1_41' title="bbox 300 2398 1828 2478">
     <span class='ocr_line' id='line_1_41' title="bbox 300 2398 1828 2478; baseline 0.002 -26"><span class='ocrx_word' id='word_1_269' title='bbox 300 2398 637 2478; x_wconf 66' lang='lat' dir='ltr'><strong>quiesceret;</strong></span> <span class='ocrx_word' id='word_1_270' title='bbox 661 2415 831 2478; x_wconf 59' lang='lat' dir='ltr'><strong>quare</strong></span> <span class='ocrx_word' id='word_1_271' title='bbox 853 2400 1008 2478; x_wconf 77' lang='lat' dir='ltr'><strong>jubet</strong></span> <span class='ocrx_word' id='word_1_272' title='bbox 1038 2398 1309 2478; x_wconf 32' lang='lat' dir='ltr'><strong>iit—coacto</strong></span> <span class='ocrx_word' id='word_1_273' title='bbox 1333 2398 1602 2478; x_wconf 42' lang='lat' dir='ltr'><strong>concilim</strong></span> <span class='ocrx_word' id='word_1_274' title='bbox 1627 2410 1679 2478; x_wconf 79' lang='lat' dir='ltr'><strong>et</strong></span> <span class='ocrx_word' id='word_1_275' title='bbox 1729 2401 1828 2478; x_wconf 75' lang='lat' dir='ltr'><strong>ad—</strong></span> 
     </span>
    </p>
   </div>
   <div class='ocr_carea' id='block_1_42' title="bbox 295 2468 1830 2542">
    <p class='ocr_par' dir='ltr' id='par_1_42' title="bbox 295 2468 1830 2542">
     <span class='ocr_line' id='line_1_42' title="bbox 295 2468 1830 2542; baseline 0.003 -22"><span class='ocrx_word' id='word_1_276' title='bbox 295 2468 487 2536; x_wconf 67' lang='lat' dir='ltr'><strong>juncto</strong></span> <span class='ocrx_word' id='word_1_277' title='bbox 520 2469 624 2542; x_wconf 76' lang='lat' dir='ltr'><strong>sibi</strong></span> <span class='ocrx_word' id='word_1_278' title='bbox 645 2468 987 2542; x_wconf 68' lang='grc' dir='ltr'><strong>Δ(ἒιιιηὶιιὲεηιὲ</strong></span> <span class='ocrx_word' id='word_1_279' title='bbox 1004 2471 1217 2542; x_wconf 86' lang='lat' dir='ltr'><strong>abbate,</strong></span> <span class='ocrx_word' id='word_1_280' title='bbox 1243 2472 1291 2542; x_wconf 80' lang='lat' dir='ltr'><strong>si</strong></span> <span class='ocrx_word' id='word_1_281' title='bbox 1308 2471 1564 2542; x_wconf 85' lang='lat' dir='ltr'><strong>depositio</strong></span> <span class='ocrx_word' id='word_1_282' title='bbox 1596 2471 1709 2541; x_wconf 84' lang='lat' dir='ltr'><strong>ejus</strong></span> <span class='ocrx_word' id='word_1_283' title='bbox 1743 2471 1830 2542; x_wconf 88' lang='lat' dir='ltr'><strong>ju-</strong></span> 
     </span>
    </p>
   </div>
   <div class='ocr_carea' id='block_1_43' title="bbox 303 2538 1826 2611">
    <p class='ocr_par' dir='ltr' id='par_1_43' title="bbox 303 2538 1826 2611">
     <span class='ocr_line' id='line_1_43' title="bbox 303 2538 1826 2611; baseline 0.003 -20"><span class='ocrx_word' id='word_1_284' title='bbox 303 2546 387 2591; x_wconf 80' lang='lat' dir='ltr'><strong>sta</strong></span> <span class='ocrx_word' id='word_1_285' title='bbox 426 2538 766 2611; x_wconf 59' lang='lat' dir='ltr'><strong>probabitur,</strong></span> <span class='ocrx_word' id='word_1_286' title='bbox 789 2541 1103 2595; x_wconf 86' lang='lat' dir='ltr'><strong>sententiam</strong></span> <span class='ocrx_word' id='word_1_287' title='bbox 1151 2538 1462 2611; x_wconf 80' lang='lat' dir='ltr'><strong>confirmet;</strong></span> <span class='ocrx_word' id='word_1_288' title='bbox 1491 2541 1576 2594; x_wconf 88' lang='lat' dir='ltr'><strong>sin</strong></span> <span class='ocrx_word' id='word_1_289' title='bbox 1597 2538 1826 2611; x_wconf 23' lang='lat' dir='ltr'><strong>fminas,</strong></span> 
     </span>
    </p>
   </div>
   <div class='ocr_carea' id='block_1_44' title="bbox 301 2609 1830 2682">
    <p class='ocr_par' dir='ltr' id='par_1_44' title="bbox 301 2609 1830 2682">
     <span class='ocr_line' id='line_1_44' title="bbox 301 2609 1830 2682; baseline 0.003 -22"><span class='ocrx_word' id='word_1_290' title='bbox 301 2624 419 2660; x_wconf 82' lang='lat' dir='ltr'><strong>eum</strong></span> <span class='ocrx_word' id='word_1_291' title='bbox 442 2610 503 2662; x_wconf 86' lang='lat' dir='ltr'><strong>in</strong></span> <span class='ocrx_word' id='word_1_292' title='bbox 532 2609 1101 2682; x_wconf 15' lang='lat' dir='ltr'><strong>integrumrrestituat,</strong></span> <span class='ocrx_word' id='word_1_293' title='bbox 1141 2619 1192 2663; x_wconf 90' lang='lat' dir='ltr'><strong>et</strong></span> <span class='ocrx_word' id='word_1_294' title='bbox 1239 2609 1325 2665; x_wconf 75' lang='lat' dir='ltr'><strong>eos</strong></span> <span class='ocrx_word' id='word_1_295' title='bbox 1357 2612 1448 2682; x_wconf 70' lang='lat' dir='ltr'><strong>qui</strong></span> <span class='ocrx_word' id='word_1_296' title='bbox 1494 2609 1636 2665; x_wconf 80' lang='lat' dir='ltr'><strong>male</strong></span> <span class='ocrx_word' id='word_1_297' title='bbox 1673 2610 1830 2665; x_wconf 75' lang='lat' dir='ltr'><strong>illum</strong></span> 
     </span>
    </p>
   </div>
   <div class='ocr_carea' id='block_1_45' title="bbox 306 2681 1683 2751">
    <p class='ocr_par' dir='ltr' id='par_1_45' title="bbox 306 2681 1683 2751">
     <span class='ocr_line' id='line_1_45' title="bbox 306 2681 1683 2751; baseline 0.004 -21"><span class='ocrx_word' id='word_1_298' title='bbox 306 2686 692 2747; x_wconf 74' lang='lat' dir='ltr'><strong>tractaverant,</strong></span> <span class='ocrx_word' id='word_1_299' title='bbox 717 2681 820 2735; x_wconf 84' lang='lat' dir='ltr'><strong>nisi</strong></span> <span class='ocrx_word' id='word_1_300' title='bbox 846 2681 1213 2751; x_wconf 79' lang='lat' dir='ltr'><strong>satisfaciant,</strong></span> <span class='ocrx_word' id='word_1_301' title='bbox 1241 2682 1683 2737; x_wconf 67' lang='lat' dir='ltr'><strong>excommunicet.</strong></span> 
     </span>
    </p>
   </div>
   <div class='ocr_carea' id='block_1_46' title="bbox 304 2767 1832 2843">
    <p class='ocr_par' dir='ltr' id='par_1_46' title="bbox 304 2767 1832 2843">
     <span class='ocr_line' id='line_1_46' title="bbox 304 2767 1832 2843; baseline 0.003 -20"><span class='ocrx_word' id='word_1_302' title='bbox 304 2767 622 2825; x_wconf 76' lang='lat' dir='ltr'><strong>Gueomus</strong></span> <span class='ocrx_word' id='word_1_303' title='bbox 646 2770 956 2843; x_wconf 88' lang='lat' dir='ltr'><strong>episcopus,</strong></span> <span class='ocrx_word' id='word_1_304' title='bbox 988 2787 1178 2829; x_wconf 88' lang='lat' dir='ltr'><strong>servus</strong></span> <span class='ocrx_word' id='word_1_305' title='bbox 1206 2787 1493 2828; x_wconf 86' lang='lat' dir='ltr'><strong>servorum</strong></span> <span class='ocrx_word' id='word_1_306' title='bbox 1522 2771 1640 2841; x_wconf 85' lang='lat' dir='ltr'><strong>Dei,</strong></span> <span class='ocrx_word' id='word_1_307' title='bbox 1672 2788 1832 2829; x_wconf 91' lang='lat' dir='ltr'><strong>vene-</strong></span> 
     </span>
    </p>
   </div>
   <div class='ocr_carea' id='block_1_47' title="bbox 245 2859 1832 2936">
    <p class='ocr_par' dir='ltr' id='par_1_47' title="bbox 245 2859 1832 2936">
     <span class='ocr_line' id='line_1_47' title="bbox 245 2859 1832 2936; baseline 0.003 -22"><span class='ocrx_word' id='word_1_308' title='bbox 245 2859 394 2915; x_wconf 84' lang='lat' dir='ltr'><strong>rabili</strong></span> <span class='ocrx_word' id='word_1_309' title='bbox 420 2860 541 2916; x_wconf 81' lang='lat' dir='ltr'><strong>li...</strong></span> <span class='ocrx_word' id='word_1_310' title='bbox 568 2861 826 2936; x_wconf 69' lang='lat' dir='ltr'><strong>[Bucolo]</strong></span> <span class='ocrx_word' id='word_1_311' title='bbox 848 2863 1199 2936; x_wconf 76' lang='lat' dir='ltr'><strong>Lugdunensi</strong></span> <span class='ocrx_word' id='word_1_312' title='bbox 1220 2863 1656 2936; x_wconf 86' lang='lat' dir='ltr'><strong>archiepiscopo,</strong></span> <span class='ocrx_word' id='word_1_313' title='bbox 1684 2865 1832 2921; x_wconf 86' lang='lat' dir='ltr'><strong>salu-</strong></span> 
     </span>
    </p>
   </div>
   <div class='ocr_carea' id='block_1_48' title="bbox 246 2956 1295 3027">
    <p class='ocr_par' dir='ltr' id='par_1_48' title="bbox 246 2956 1295 3027">
     <span class='ocr_line' id='line_1_48' title="bbox 246 2956 1295 3027; baseline 0.001 -17"><span class='ocrx_word' id='word_1_314' title='bbox 246 2961 348 3009; x_wconf 86' lang='lat' dir='ltr'><strong>tem</strong></span> <span class='ocrx_word' id='word_1_315' title='bbox 371 2965 426 3011; x_wconf 91' lang='lat' dir='ltr'><strong>et</strong></span> <span class='ocrx_word' id='word_1_316' title='bbox 452 2956 818 3027; x_wconf 86' lang='lat' dir='ltr'><strong>apostolicam</strong></span> <span class='ocrx_word' id='word_1_317' title='bbox 838 2957 1295 3013; x_wconf 87' lang='lat' dir='ltr'><strong>benedictionem.</strong></span> 
     </span>
    </p>
   </div>
   <div class='ocr_carea' id='block_1_49' title="bbox 309 3044 1827 3119">
    <p class='ocr_par' dir='ltr' id='par_1_49' title="bbox 309 3044 1827 3119">
     <span class='ocr_line' id='line_1_49' title="bbox 309 3044 1827 3119; baseline 0.001 -18"><span class='ocrx_word' id='word_1_318' title='bbox 309 3044 587 3112; x_wconf 77' lang='lat' dir='ltr'><strong>Quonim</strong></span> <span class='ocrx_word' id='word_1_319' title='bbox 614 3063 783 3104; x_wconf 88' lang='lat' dir='ltr'><strong>causa</strong></span> <span class='ocrx_word' id='word_1_320' title='bbox 811 3048 1090 3105; x_wconf 87' lang='lat' dir='ltr'><strong>Lamberti</strong></span> <span class='ocrx_word' id='word_1_321' title='bbox 1120 3048 1251 3105; x_wconf 90' lang='lat' dir='ltr'><strong>dicti</strong></span> <span class='ocrx_word' id='word_1_322' title='bbox 1273 3047 1677 3104; x_wconf 86' lang='lat' dir='ltr'><strong>Tervannensis</strong></span> <span class='ocrx_word' id='word_1_323' title='bbox 1711 3047 1827 3119; x_wconf 89' lang='lat' dir='ltr'><strong>epi-</strong></span> 
     </span>
    </p>
   </div>
   <div class='ocr_carea' id='block_1_50' title="bbox 249 3139 1831 3212">
    <p class='ocr_par' dir='ltr' id='par_1_50' title="bbox 249 3139 1831 3212">
     <span class='ocr_line' id='line_1_50' title="bbox 249 3139 1831 3212; baseline 0.002 -20"><span class='ocrx_word' id='word_1_324' title='bbox 249 3139 391 3209; x_wconf 82' lang='lat' dir='ltr'><strong>scopi</strong></span> <span class='ocrx_word' id='word_1_325' title='bbox 414 3140 625 3210; x_wconf 85' lang='lat' dir='ltr'><strong>partim</strong></span> <span class='ocrx_word' id='word_1_326' title='bbox 647 3148 802 3206; x_wconf 89' lang='lat' dir='ltr'><strong>nota,</strong></span> <span class='ocrx_word' id='word_1_327' title='bbox 827 3141 1027 3211; x_wconf 89' lang='lat' dir='ltr'><strong>partim</strong></span> <span class='ocrx_word' id='word_1_328' title='bbox 1048 3140 1331 3212; x_wconf 75' lang='lat' dir='ltr'><strong>incognita</strong></span> <span class='ocrx_word' id='word_1_329' title='bbox 1353 3140 1515 3196; x_wconf 91' lang='lat' dir='ltr'><strong>nobis</strong></span> <span class='ocrx_word' id='word_1_330' title='bbox 1554 3148 1659 3209; x_wconf 90' lang='lat' dir='ltr'><strong>est,</strong></span> <span class='ocrx_word' id='word_1_331' title='bbox 1697 3155 1831 3212; x_wconf 70' lang='lat' dir='ltr'><strong>prte-</strong></span> 
     </span>
    </p>
   </div>
   <div class='ocr_carea' id='block_1_51' title="bbox 250 3230 1829 3304">
    <p class='ocr_par' dir='ltr' id='par_1_51' title="bbox 250 3230 1829 3304">
     <span class='ocr_line' id='line_1_51' title="bbox 250 3230 1829 3304; baseline 0 -19"><span class='ocrx_word' id='word_1_332' title='bbox 250 3230 429 3286; x_wconf 88' lang='lat' dir='ltr'><strong>sertim</strong></span> <span class='ocrx_word' id='word_1_333' title='bbox 449 3247 581 3289; x_wconf 86' lang='lat' dir='ltr'><strong>cum</strong></span> <span class='ocrx_word' id='word_1_334' title='bbox 613 3231 887 3289; x_wconf 86' lang='lat' dir='ltr'><strong>Ilobertus</strong></span> <span class='ocrx_word' id='word_1_335' title='bbox 919 3248 1107 3290; x_wconf 89' lang='lat' dir='ltr'><strong>comes</strong></span> <span class='ocrx_word' id='word_1_336' title='bbox 1139 3232 1492 3289; x_wconf 85' lang='lat' dir='ltr'><strong>Flandrensis</strong></span> <span class='ocrx_word' id='word_1_337' title='bbox 1536 3234 1696 3304; x_wconf 75' lang='lat' dir='ltr'><strong>longe</strong></span> <span class='ocrx_word' id='word_1_338' title='bbox 1724 3232 1829 3287; x_wconf 90' lang='lat' dir='ltr'><strong>alia</strong></span> 
     </span>
    </p>
   </div>
   <div class='ocr_carea' id='block_1_52' title="bbox 250 3321 1830 3395">
    <p class='ocr_par' dir='ltr' id='par_1_52' title="bbox 250 3321 1830 3395">
     <span class='ocr_line' id='line_1_52' title="bbox 250 3321 1830 3395; baseline 0.004 -21"><span class='ocrx_word' id='word_1_339' title='bbox 250 3321 405 3377; x_wconf 85' lang='lat' dir='ltr'><strong>verba</strong></span> <span class='ocrx_word' id='word_1_340' title='bbox 450 3323 513 3377; x_wconf 90' lang='lat' dir='ltr'><strong>in</strong></span> <span class='ocrx_word' id='word_1_341' title='bbox 556 3324 755 3381; x_wconf 89' lang='lat' dir='ltr'><strong>litteris</strong></span> <span class='ocrx_word' id='word_1_342' title='bbox 790 3325 907 3381; x_wconf 88' lang='lat' dir='ltr'><strong>suis</strong></span> <span class='ocrx_word' id='word_1_343' title='bbox 952 3325 1116 3383; x_wconf 85' lang='lat' dir='ltr'><strong>nobis</strong></span> <span class='ocrx_word' id='word_1_344' title='bbox 1161 3324 1424 3380; x_wconf 78' lang='lat' dir='ltr'><strong>direxerit</strong></span> <span class='ocrx_word' id='word_1_345' title='bbox 1457 3340 1626 3394; x_wconf 90' lang='lat' dir='ltr'><strong>quam</strong></span> <span class='ocrx_word' id='word_1_346' title='bbox 1676 3325 1830 3395; x_wconf 88' lang='lat' dir='ltr'><strong>prius</strong></span> 
     </span>
    </p>
   </div>
   <div class='ocr_carea' id='block_1_53' title="bbox 252 3408 1831 3485">
    <p class='ocr_par' dir='ltr' id='par_1_53' title="bbox 252 3408 1831 3485">
     <span class='ocr_line' id='line_1_53' title="bbox 252 3408 1831 3485; baseline 0.003 -20"><span class='ocrx_word' id='word_1_347' title='bbox 252 3408 605 3484; x_wconf 70' lang='lat' dir='ltr'><strong>lngelrannns</strong></span> <span class='ocrx_word' id='word_1_348' title='bbox 636 3416 1055 3485; x_wconf 55' lang='lat' dir='ltr'><strong>praesentialiter</strong></span> <span class='ocrx_word' id='word_1_349' title='bbox 1083 3417 1382 3484; x_wconf 85' lang='lat' dir='ltr'><strong>retulisset,</strong></span> <span class='ocrx_word' id='word_1_350' title='bbox 1417 3432 1540 3471; x_wconf 88' lang='lat' dir='ltr'><strong>eam</strong></span> <span class='ocrx_word' id='word_1_351' title='bbox 1575 3415 1831 3471; x_wconf 87' lang='lat' dir='ltr'><strong>fraterni-</strong></span> 
     </span>
    </p>
   </div>
   <div class='ocr_carea' id='block_1_54' title="bbox 255 3504 1832 3580">
    <p class='ocr_par' dir='ltr' id='par_1_54' title="bbox 255 3504 1832 3580">
     <span class='ocr_line' id='line_1_54' title="bbox 255 3504 1832 3580; baseline 0.001 -18"><span class='ocrx_word' id='word_1_352' title='bbox 255 3504 342 3562; x_wconf 71' lang='lat' dir='ltr'><strong>tati</strong></span> <span class='ocrx_word' id='word_1_353' title='bbox 369 3515 573 3563; x_wconf 67' lang='lat' dir='ltr'><strong>vestrae</strong></span> <span class='ocrx_word' id='word_1_354' title='bbox 592 3508 808 3577; x_wconf 88' lang='lat' dir='ltr'><strong>plenius</strong></span> <span class='ocrx_word' id='word_1_355' title='bbox 837 3509 1239 3565; x_wconf 86' lang='lat' dir='ltr'><strong>eventilandam</strong></span> <span class='ocrx_word' id='word_1_356' title='bbox 1273 3508 1634 3565; x_wconf 88' lang='lat' dir='ltr'><strong>destinamus.</strong></span> <span class='ocrx_word' id='word_1_357' title='bbox 1661 3505 1832 3580; x_wconf 73' lang='lat' dir='ltr'><strong>Negat</strong></span> 
     </span>
    </p>
   </div>
   <div class='ocr_carea' id='block_1_55' title="bbox 254 3596 1833 3673">
    <p class='ocr_par' dir='ltr' id='par_1_55' title="bbox 254 3596 1833 3673">
     <span class='ocr_line' id='line_1_55' title="bbox 254 3596 1833 3673; baseline 0.003 -22"><span class='ocrx_word' id='word_1_358' title='bbox 254 3596 518 3667; x_wconf 85' lang='lat' dir='ltr'><strong>siquidem</strong></span> <span class='ocrx_word' id='word_1_359' title='bbox 541 3597 805 3669; x_wconf 64' lang='lat' dir='ltr'><strong>praefatus</strong></span> <span class='ocrx_word' id='word_1_360' title='bbox 832 3600 1124 3673; x_wconf 88' lang='lat' dir='ltr'><strong>episcopus</strong></span> <span class='ocrx_word' id='word_1_361' title='bbox 1157 3600 1263 3657; x_wconf 89' lang='lat' dir='ltr'><strong>sibi</strong></span> <span class='ocrx_word' id='word_1_362' title='bbox 1298 3609 1491 3655; x_wconf 91' lang='lat' dir='ltr'><strong>notum</strong></span> <span class='ocrx_word' id='word_1_363' title='bbox 1525 3616 1647 3657; x_wconf 81' lang='lat' dir='ltr'><strong>esse</strong></span> <span class='ocrx_word' id='word_1_364' title='bbox 1684 3602 1833 3672; x_wconf 91' lang='lat' dir='ltr'><strong>quod</strong></span> 
     </span>
    </p>
   </div>
   <div class='ocr_carea' id='block_1_56' title="bbox 256 3690 1833 3763">
    <p class='ocr_par' dir='ltr' id='par_1_56' title="bbox 256 3690 1833 3763">
     <span class='ocr_line' id='line_1_56' title="bbox 256 3690 1833 3763; baseline 0.004 -20"><span class='ocrx_word' id='word_1_365' title='bbox 256 3703 371 3744; x_wconf 86' lang='lat' dir='ltr'><strong>eum</strong></span> <span class='ocrx_word' id='word_1_366' title='bbox 410 3690 696 3763; x_wconf 78' lang='lat' dir='ltr'><strong>synodalis</strong></span> <span class='ocrx_word' id='word_1_367' title='bbox 716 3706 814 3761; x_wconf 91' lang='lat' dir='ltr'><strong>per</strong></span> <span class='ocrx_word' id='word_1_368' title='bbox 842 3700 896 3746; x_wconf 89' lang='lat' dir='ltr'><strong>te</strong></span> <span class='ocrx_word' id='word_1_369' title='bbox 928 3693 1200 3749; x_wconf 89' lang='lat' dir='ltr'><strong>sententia</strong></span> <span class='ocrx_word' id='word_1_370' title='bbox 1237 3693 1597 3760; x_wconf 80' lang='lat' dir='ltr'><strong>damnaverit,</strong></span> <span class='ocrx_word' id='word_1_371' title='bbox 1630 3694 1717 3748; x_wconf 93' lang='lat' dir='ltr'><strong>vel</strong></span> <span class='ocrx_word' id='word_1_372' title='bbox 1737 3707 1833 3749; x_wconf 86' lang='lat' dir='ltr'><strong>ex-</strong></span> 
     </span>
    </p>
   </div>
   <div class='ocr_carea' id='block_1_57' title="bbox 256 3783 1828 3857">
    <p class='ocr_par' dir='ltr' id='par_1_57' title="bbox 256 3783 1828 3857">
     <span class='ocr_line' id='line_1_57' title="bbox 256 3783 1828 3857; baseline 0.003 -22"><span class='ocrx_word' id='word_1_373' title='bbox 256 3783 758 3851; x_wconf 88' lang='lat' dir='ltr'><strong>communicaverit,</strong></span> <span class='ocrx_word' id='word_1_374' title='bbox 789 3799 884 3840; x_wconf 90' lang='lat' dir='ltr'><strong>seu</strong></span> <span class='ocrx_word' id='word_1_375' title='bbox 923 3785 993 3840; x_wconf 91' lang='lat' dir='ltr'><strong>ad</strong></span> <span class='ocrx_word' id='word_1_376' title='bbox 1022 3784 1292 3857; x_wconf 81' lang='lat' dir='ltr'><strong>synodum</strong></span> <span class='ocrx_word' id='word_1_377' title='bbox 1327 3784 1492 3839; x_wconf 90' lang='lat' dir='ltr'><strong>ullam</strong></span> <span class='ocrx_word' id='word_1_378' title='bbox 1535 3785 1828 3841; x_wconf 90' lang='lat' dir='ltr'><strong>vocaverit.</strong></span> 
     </span>
    </p>
   </div>
   <div class='ocr_carea' id='block_1_58' title="bbox 262 3869 1827 3947">
    <p class='ocr_par' dir='ltr' id='par_1_58' title="bbox 262 3869 1827 3947">
     <span class='ocr_line' id='line_1_58' title="bbox 262 3869 1827 3947; baseline 0.003 -20"><span class='ocrx_word' id='word_1_379' title='bbox 262 3869 403 3929; x_wconf 85' lang='lat' dir='ltr'><strong>Unde</strong></span> <span class='ocrx_word' id='word_1_380' title='bbox 422 3890 529 3931; x_wconf 91' lang='lat' dir='ltr'><strong>nos</strong></span> <span class='ocrx_word' id='word_1_381' title='bbox 550 3883 678 3930; x_wconf 88' lang='lat' dir='ltr'><strong>ante</strong></span> <span class='ocrx_word' id='word_1_382' title='bbox 699 3876 946 3947; x_wconf 78' lang='lat' dir='ltr'><strong>agnitum</strong></span> <span class='ocrx_word' id='word_1_383' title='bbox 969 3877 1273 3932; x_wconf 89' lang='lat' dir='ltr'><strong>litterarum</strong></span> <span class='ocrx_word' id='word_1_384' title='bbox 1300 3884 1523 3935; x_wconf 82' lang='lat' dir='ltr'><strong>tuarum</strong></span> <span class='ocrx_word' id='word_1_385' title='bbox 1556 3885 1827 3944; x_wconf 89' lang='lat' dir='ltr'><strong>tenorem,</strong></span> 
     </span>
    </p>
   </div>
   <div class='ocr_carea' id='block_1_59' title="bbox 261 3967 1831 4039">
    <p class='ocr_par' dir='ltr' id='par_1_59' title="bbox 261 3967 1831 4039">
     <span class='ocr_line' id='line_1_59' title="bbox 261 3967 1831 4039; baseline 0.002 -18"><span class='ocrx_word' id='word_1_386' title='bbox 261 3968 527 4038; x_wconf 82' lang='lat' dir='ltr'><strong>compassi</strong></span> <span class='ocrx_word' id='word_1_387' title='bbox 563 3967 756 4023; x_wconf 88' lang='lat' dir='ltr'><strong>multis</strong></span> <span class='ocrx_word' id='word_1_388' title='bbox 786 3969 1070 4025; x_wconf 88' lang='lat' dir='ltr'><strong>laboribus</strong></span> <span class='ocrx_word' id='word_1_389' title='bbox 1091 3968 1285 4039; x_wconf 90' lang='lat' dir='ltr'><strong>ipsius,</strong></span> <span class='ocrx_word' id='word_1_390' title='bbox 1310 3984 1437 4023; x_wconf 90' lang='lat' dir='ltr'><strong>eum</strong></span> <span class='ocrx_word' id='word_1_391' title='bbox 1461 3969 1831 4036; x_wconf 84' lang='lat' dir='ltr'><strong>absolvimus;</strong></span> 
     </span>
    </p>
   </div>
   <div class='ocr_carea' id='block_1_60' title="bbox 263 4060 1835 4132">
    <p class='ocr_par' dir='ltr' id='par_1_60' title="bbox 263 4060 1835 4132">
     <span class='ocr_line' id='line_1_60' title="bbox 263 4060 1835 4132; baseline 0.003 -21"><span class='ocrx_word' id='word_1_392' title='bbox 263 4066 473 4129; x_wconf 86' lang='lat' dir='ltr'><strong>accepto</strong></span> <span class='ocrx_word' id='word_1_393' title='bbox 493 4068 682 4115; x_wconf 88' lang='lat' dir='ltr'><strong>tamen</strong></span> <span class='ocrx_word' id='word_1_394' title='bbox 712 4060 783 4115; x_wconf 94' lang='lat' dir='ltr'><strong>ab</strong></span> <span class='ocrx_word' id='word_1_395' title='bbox 802 4076 869 4116; x_wconf 93' lang='lat' dir='ltr'><strong>eo</strong></span> <span class='ocrx_word' id='word_1_396' title='bbox 905 4061 1061 4131; x_wconf 89' lang='lat' dir='ltr'><strong>prius</strong></span> <span class='ocrx_word' id='word_1_397' title='bbox 1092 4060 1428 4129; x_wconf 88' lang='lat' dir='ltr'><strong>juramcnto,</strong></span> <span class='ocrx_word' id='word_1_398' title='bbox 1470 4061 1622 4130; x_wconf 90' lang='lat' dir='ltr'><strong>quod</strong></span> <span class='ocrx_word' id='word_1_399' title='bbox 1672 4076 1835 4132; x_wconf 91' lang='lat' dir='ltr'><strong>super</strong></span> 
     </span>
    </p>
   </div>
   <div class='ocr_carea' id='block_1_61' title="bbox 264 4149 1838 4225">
    <p class='ocr_par' dir='ltr' id='par_1_61' title="bbox 264 4149 1838 4225">
     <span class='ocr_line' id='line_1_61' title="bbox 264 4149 1838 4225; baseline 0.001 -19"><span class='ocrx_word' id='word_1_400' title='bbox 264 4150 567 4221; x_wconf 79' lang='lat' dir='ltr'><strong>episcopatu</strong></span> <span class='ocrx_word' id='word_1_401' title='bbox 593 4149 997 4207; x_wconf 85' lang='lat' dir='ltr'><strong>Dervannensis</strong></span> <span class='ocrx_word' id='word_1_402' title='bbox 1019 4151 1163 4207; x_wconf 87' lang='lat' dir='ltr'><strong>sedis</strong></span> <span class='ocrx_word' id='word_1_403' title='bbox 1189 4152 1504 4221; x_wconf 72' lang='lat' dir='ltr'><strong>apostolicae</strong></span> <span class='ocrx_word' id='word_1_404' title='bbox 1528 4153 1609 4207; x_wconf 85' lang='lat' dir='ltr'><strong>vel</strong></span> <span class='ocrx_word' id='word_1_405' title='bbox 1632 4153 1838 4225; x_wconf 74' lang='lat' dir='ltr'><strong>legato-</strong></span> 
     </span>
    </p>
   </div>
   <div class='ocr_carea' id='block_1_62' title="bbox 267 4243 1837 4315">
    <p class='ocr_par' dir='ltr' id='par_1_62' title="bbox 267 4243 1837 4315">
     <span class='ocr_line' id='line_1_62' title="bbox 267 4243 1837 4315; baseline 0.003 -20"><span class='ocrx_word' id='word_1_406' title='bbox 267 4254 377 4297; x_wconf 89' lang='lat' dir='ltr'><strong>rum</strong></span> <span class='ocrx_word' id='word_1_407' title='bbox 402 4251 724 4298; x_wconf 89' lang='lat' dir='ltr'><strong>nostrorum</strong></span> <span class='ocrx_word' id='word_1_408' title='bbox 740 4243 1012 4313; x_wconf 88' lang='lat' dir='ltr'><strong>judicium</strong></span> <span class='ocrx_word' id='word_1_409' title='bbox 1033 4259 1145 4297; x_wconf 91' lang='lat' dir='ltr'><strong>non</strong></span> <span class='ocrx_word' id='word_1_410' title='bbox 1167 4244 1351 4299; x_wconf 82' lang='lat' dir='ltr'><strong>exibit.</strong></span> <span class='ocrx_word' id='word_1_411' title='bbox 1378 4243 1566 4315; x_wconf 89' lang='lat' dir='ltr'><strong>Itaque</strong></span> <span class='ocrx_word' id='word_1_412' title='bbox 1595 4244 1727 4315; x_wconf 86' lang='lat' dir='ltr'><strong>quia</strong></span> <span class='ocrx_word' id='word_1_413' title='bbox 1748 4260 1837 4300; x_wconf 87' lang='lat' dir='ltr'><strong>res</strong></span> 
     </span>
    </p>
   </div>
   <div class='ocr_carea' id='block_1_63' title="bbox 269 4334 1914 4428">
    <p class='ocr_par' dir='ltr' id='par_1_63' title="bbox 269 4334 1914 4428">
     <span class='ocr_line' id='line_1_63' title="bbox 269 4334 1914 4428; baseline 0 -37"><span class='ocrx_word' id='word_1_414' title='bbox 269 4335 474 4403; x_wconf 73' lang='lat' dir='ltr'><strong>grandis</strong></span> <span class='ocrx_word' id='word_1_415' title='bbox 506 4343 613 4401; x_wconf 89' lang='lat' dir='ltr'><strong>est,</strong></span> <span class='ocrx_word' id='word_1_416' title='bbox 635 4343 692 4390; x_wconf 93' lang='lat' dir='ltr'><strong>et</strong></span> <span class='ocrx_word' id='word_1_417' title='bbox 722 4334 1084 4405; x_wconf 73' lang='lat' dir='ltr'><strong>diligentioris</strong></span> <span class='ocrx_word' id='word_1_418' title='bbox 1114 4344 1235 4405; x_wconf 78' lang='lat' dir='ltr'><strong>eget</strong></span> <span class='ocrx_word' id='word_1_419' title='bbox 1271 4335 1664 4405; x_wconf 90' lang='lat' dir='ltr'><strong>inquisitionis,</strong></span> <span class='ocrx_word' id='word_1_420' title='bbox 1695 4352 1835 4405; x_wconf 74' lang='lat' dir='ltr'><strong>prte-</strong></span> <span class='ocrx_word' id='word_1_421' title='bbox 1869 4374 1914 4428; x_wconf 68' lang='grc' dir='ltr'><strong>Β</strong></span> 
     </span>
    </p>
   </div>
   <div class='ocr_carea' id='block_1_64' title="bbox 269 4424 1836 4500">
    <p class='ocr_par' dir='ltr' id='par_1_64' title="bbox 269 4424 1836 4500">
     <span class='ocr_line' id='line_1_64' title="bbox 269 4424 1836 4500; baseline 0.003 -20"><span class='ocrx_word' id='word_1_422' title='bbox 269 4424 489 4495; x_wconf 87' lang='lat' dir='ltr'><strong>cipimus</strong></span> <span class='ocrx_word' id='word_1_423' title='bbox 518 4436 581 4482; x_wconf 90' lang='lat' dir='ltr'><strong>ut</strong></span> <span class='ocrx_word' id='word_1_424' title='bbox 599 4427 985 4499; x_wconf 90' lang='lat' dir='ltr'><strong>episcoporum</strong></span> <span class='ocrx_word' id='word_1_425' title='bbox 1006 4435 1062 4483; x_wconf 90' lang='lat' dir='ltr'><strong>et</strong></span> <span class='ocrx_word' id='word_1_426' title='bbox 1084 4427 1342 4482; x_wconf 86' lang='lat' dir='ltr'><strong>abbatum</strong></span> <span class='ocrx_word' id='word_1_427' title='bbox 1372 4429 1713 4500; x_wconf 86' lang='lat' dir='ltr'><strong>aliorumque</strong></span> <span class='ocrx_word' id='word_1_428' title='bbox 1750 4445 1836 4484; x_wconf 82' lang='lat' dir='ltr'><strong>re-</strong></span> 
     </span>
    </p>
   </div>
   <div class='ocr_carea' id='block_1_65' title="bbox 272 4514 1842 4593">
    <p class='ocr_par' dir='ltr' id='par_1_65' title="bbox 272 4514 1842 4593">
     <span class='ocr_line' id='line_1_65' title="bbox 272 4514 1842 4593; baseline 0.004 -22"><span class='ocrx_word' id='word_1_429' title='bbox 272 4514 580 4587; x_wconf 71' lang='lat' dir='ltr'><strong>ligiosorum</strong></span> <span class='ocrx_word' id='word_1_430' title='bbox 606 4519 853 4577; x_wconf 88' lang='lat' dir='ltr'><strong>virorum</strong></span> <span class='ocrx_word' id='word_1_431' title='bbox 890 4519 1186 4574; x_wconf 87' lang='lat' dir='ltr'><strong>concilium</strong></span> <span class='ocrx_word' id='word_1_432' title='bbox 1228 4536 1544 4591; x_wconf 76' lang='lat' dir='ltr'><strong>congreges.</strong></span> <span class='ocrx_word' id='word_1_433' title='bbox 1589 4522 1658 4577; x_wconf 90' lang='lat' dir='ltr'><strong>Et</strong></span> <span class='ocrx_word' id='word_1_434' title='bbox 1698 4538 1842 4593; x_wconf 86' lang='lat' dir='ltr'><strong>quo-</strong></span> 
     </span>
    </p>
   </div>
   <div class='ocr_carea' id='block_1_66' title="bbox 275 4609 1838 4683">
    <p class='ocr_par' dir='ltr' id='par_1_66' title="bbox 275 4609 1838 4683">
     <span class='ocr_line' id='line_1_66' title="bbox 275 4609 1838 4683; baseline 0.004 -21"><span class='ocrx_word' id='word_1_435' title='bbox 275 4609 407 4664; x_wconf 88' lang='lat' dir='ltr'><strong>niam</strong></span> <span class='ocrx_word' id='word_1_436' title='bbox 427 4619 733 4666; x_wconf 84' lang='lat' dir='ltr'><strong>memorato</strong></span> <span class='ocrx_word' id='word_1_437' title='bbox 749 4611 1023 4681; x_wconf 80' lang='lat' dir='ltr'><strong>episcopo,</strong></span> <span class='ocrx_word' id='word_1_438' title='bbox 1049 4619 1271 4682; x_wconf 86' lang='lat' dir='ltr'><strong>propter</strong></span> <span class='ocrx_word' id='word_1_439' title='bbox 1296 4628 1478 4683; x_wconf 83' lang='lat' dir='ltr'><strong>regem</strong></span> <span class='ocrx_word' id='word_1_440' title='bbox 1500 4612 1838 4669; x_wconf 87' lang='lat' dir='ltr'><strong>Francorum</strong></span> 
     </span>
    </p>
   </div>
   <div class='ocr_carea' id='block_1_67' title="bbox 277 4702 1842 4775">
    <p class='ocr_par' dir='ltr' id='par_1_67' title="bbox 277 4702 1842 4775">
     <span class='ocr_line' id='line_1_67' title="bbox 277 4702 1842 4775; baseline 0.003 -20"><span class='ocrx_word' id='word_1_441' title='bbox 277 4702 413 4772; x_wconf 84' lang='lat' dir='ltr'><strong>quia</strong></span> <span class='ocrx_word' id='word_1_442' title='bbox 443 4712 498 4758; x_wconf 91' lang='lat' dir='ltr'><strong>te</strong></span> <span class='ocrx_word' id='word_1_443' title='bbox 517 4703 768 4769; x_wconf 87' lang='lat' dir='ltr'><strong>dissidet,</strong></span> <span class='ocrx_word' id='word_1_444' title='bbox 803 4714 1094 4775; x_wconf 88' lang='lat' dir='ltr'><strong>suspectus</strong></span> <span class='ocrx_word' id='word_1_445' title='bbox 1121 4719 1202 4772; x_wconf 90' lang='lat' dir='ltr'><strong>es,</strong></span> <span class='ocrx_word' id='word_1_446' title='bbox 1239 4704 1515 4760; x_wconf 86' lang='lat' dir='ltr'><strong>associato</strong></span> <span class='ocrx_word' id='word_1_447' title='bbox 1558 4704 1656 4759; x_wconf 86' lang='lat' dir='ltr'><strong>tibi</strong></span> <span class='ocrx_word' id='word_1_448' title='bbox 1687 4720 1842 4760; x_wconf 86' lang='lat' dir='ltr'><strong>vene-</strong></span> 
     </span>
    </p>
   </div>
   <div class='ocr_carea' id='block_1_68' title="bbox 278 4794 1842 4867">
    <p class='ocr_par' dir='ltr' id='par_1_68' title="bbox 278 4794 1842 4867">
     <span class='ocr_line' id='line_1_68' title="bbox 278 4794 1842 4867; baseline 0.004 -21"><span class='ocrx_word' id='word_1_449' title='bbox 278 4794 421 4850; x_wconf 85' lang='lat' dir='ltr'><strong>rabili</strong></span> <span class='ocrx_word' id='word_1_450' title='bbox 448 4796 645 4852; x_wconf 86' lang='lat' dir='ltr'><strong>abbate</strong></span> <span class='ocrx_word' id='word_1_451' title='bbox 680 4794 1029 4853; x_wconf 88' lang='lat' dir='ltr'><strong>Cluniacensi</strong></span> <span class='ocrx_word' id='word_1_452' title='bbox 1056 4797 1200 4851; x_wconf 89' lang='lat' dir='ltr'><strong>idem</strong></span> <span class='ocrx_word' id='word_1_453' title='bbox 1221 4796 1500 4867; x_wconf 82' lang='lat' dir='ltr'><strong>negotium</strong></span> <span class='ocrx_word' id='word_1_454' title='bbox 1531 4796 1756 4851; x_wconf 88' lang='lat' dir='ltr'><strong>uberius</strong></span> <span class='ocrx_word' id='word_1_455' title='bbox 1779 4813 1842 4852; x_wconf 90' lang='lat' dir='ltr'><strong>ac</strong></span> 
     </span>
    </p>
   </div>
   <div class='ocr_carea' id='block_1_69' title="bbox 282 4886 1845 4958">
    <p class='ocr_par' dir='ltr' id='par_1_69' title="bbox 282 4886 1845 4958">
     <span class='ocr_line' id='line_1_69' title="bbox 282 4886 1845 4958; baseline 0.003 -18"><span class='ocrx_word' id='word_1_456' title='bbox 282 4886 519 4943; x_wconf 86' lang='lat' dir='ltr'><strong>solertius</strong></span> <span class='ocrx_word' id='word_1_457' title='bbox 543 4897 769 4943; x_wconf 88' lang='lat' dir='ltr'><strong>tractes.</strong></span> <span class='ocrx_word' id='word_1_458' title='bbox 803 4887 920 4954; x_wconf 84' lang='lat' dir='ltr'><strong>Qua</strong></span> <span class='ocrx_word' id='word_1_459' title='bbox 942 4890 1007 4944; x_wconf 91' lang='lat' dir='ltr'><strong>de</strong></span> <span class='ocrx_word' id='word_1_460' title='bbox 1030 4904 1089 4943; x_wconf 92' lang='lat' dir='ltr'><strong>re</strong></span> <span class='ocrx_word' id='word_1_461' title='bbox 1110 4904 1211 4943; x_wconf 88' lang='lat' dir='ltr'><strong>nos</strong></span> <span class='ocrx_word' id='word_1_462' title='bbox 1233 4888 1308 4941; x_wconf 87' lang='lat' dir='ltr'><strong>ita</strong></span> <span class='ocrx_word' id='word_1_463' title='bbox 1328 4888 1442 4958; x_wconf 85' lang='lat' dir='ltr'><strong>jam</strong></span> <span class='ocrx_word' id='word_1_464' title='bbox 1477 4903 1623 4942; x_wconf 91' lang='lat' dir='ltr'><strong>nunc</strong></span> <span class='ocrx_word' id='word_1_465' title='bbox 1653 4903 1845 4944; x_wconf 89' lang='lat' dir='ltr'><strong>cense-</strong></span> 
     </span>
    </p>
   </div>
   <div class='ocr_carea' id='block_1_70' title="bbox 284 4979 1845 5052">
    <p class='ocr_par' dir='ltr' id='par_1_70' title="bbox 284 4979 1845 5052">
     <span class='ocr_line' id='line_1_70' title="bbox 284 4979 1845 5052; baseline 0.002 -19"><span class='ocrx_word' id='word_1_466' title='bbox 284 4992 410 5045; x_wconf 86' lang='lat' dir='ltr'><strong>mus,</strong></span> <span class='ocrx_word' id='word_1_467' title='bbox 453 4980 500 5036; x_wconf 88' lang='lat' dir='ltr'><strong>si</strong></span> <span class='ocrx_word' id='word_1_468' title='bbox 539 4979 905 5052; x_wconf 87' lang='lat' dir='ltr'><strong>depositionis</strong></span> <span class='ocrx_word' id='word_1_469' title='bbox 953 4981 1102 5036; x_wconf 92' lang='lat' dir='ltr'><strong>illius</strong></span> <span class='ocrx_word' id='word_1_470' title='bbox 1136 4980 1441 5035; x_wconf 83' lang='lat' dir='ltr'><strong>certissime</strong></span> <span class='ocrx_word' id='word_1_471' title='bbox 1485 4995 1653 5037; x_wconf 89' lang='lat' dir='ltr'><strong>causa</strong></span> <span class='ocrx_word' id='word_1_472' title='bbox 1696 4981 1845 5050; x_wconf 86' lang='lat' dir='ltr'><strong>justa</strong></span> 
     </span>
    </p>
   </div>
   <div class='ocr_carea' id='block_1_71' title="bbox 283 5072 1844 5145">
    <p class='ocr_par' dir='ltr' id='par_1_71' title="bbox 283 5072 1844 5145">
     <span class='ocr_line' id='line_1_71' title="bbox 283 5072 1844 5145; baseline 0.003 -19"><span class='ocrx_word' id='word_1_473' title='bbox 283 5074 674 5143; x_wconf 86' lang='lat' dir='ltr'><strong>comprobatur,</strong></span> <span class='ocrx_word' id='word_1_474' title='bbox 702 5081 758 5127; x_wconf 91' lang='lat' dir='ltr'><strong>et</strong></span> <span class='ocrx_word' id='word_1_475' title='bbox 791 5073 1154 5145; x_wconf 79' lang='lat' dir='ltr'><strong>peremptoris</strong></span> <span class='ocrx_word' id='word_1_476' title='bbox 1180 5072 1236 5126; x_wconf 89' lang='lat' dir='ltr'><strong>in</strong></span> <span class='ocrx_word' id='word_1_477' title='bbox 1264 5088 1390 5128; x_wconf 90' lang='lat' dir='ltr'><strong>eum</strong></span> <span class='ocrx_word' id='word_1_478' title='bbox 1420 5073 1693 5130; x_wconf 83' lang='lat' dir='ltr'><strong>sententia</strong></span> <span class='ocrx_word' id='word_1_479' title='bbox 1717 5076 1844 5130; x_wconf 88' lang='lat' dir='ltr'><strong>data</strong></span> 
     </span>
    </p>
   </div>
   <div class='ocr_carea' id='block_1_72' title="bbox 285 5164 1847 5237">
    <p class='ocr_par' dir='ltr' id='par_1_72' title="bbox 285 5164 1847 5237">
     <span class='ocr_line' id='line_1_72' title="bbox 285 5164 1847 5237; baseline 0.003 -18"><span class='ocrx_word' id='word_1_480' title='bbox 285 5166 634 5235; x_wconf 77' lang='lat' dir='ltr'><strong>cognoscitur,</strong></span> <span class='ocrx_word' id='word_1_481' title='bbox 674 5166 791 5235; x_wconf 89' lang='lat' dir='ltr'><strong>ipse</strong></span> <span class='ocrx_word' id='word_1_482' title='bbox 815 5164 884 5219; x_wconf 87' lang='lat' dir='ltr'><strong>ab</strong></span> <span class='ocrx_word' id='word_1_483' title='bbox 918 5167 1236 5237; x_wconf 82' lang='lat' dir='ltr'><strong>episcOpatu</strong></span> <span class='ocrx_word' id='word_1_484' title='bbox 1260 5179 1485 5224; x_wconf 88' lang='lat' dir='ltr'><strong>cessans</strong></span> <span class='ocrx_word' id='word_1_485' title='bbox 1512 5174 1718 5224; x_wconf 73' lang='lat' dir='ltr'><strong>sancta:</strong></span> <span class='ocrx_word' id='word_1_486' title='bbox 1742 5166 1847 5223; x_wconf 86' lang='lat' dir='ltr'><strong>Ec-</strong></span> 
     </span>
    </p>
   </div>
   <div class='ocr_carea' id='block_1_73' title="bbox 285 5253 1847 5327">
    <p class='ocr_par' dir='ltr' id='par_1_73' title="bbox 285 5253 1847 5327">
     <span class='ocr_line' id='line_1_73' title="bbox 285 5253 1847 5327; baseline 0.004 -21"><span class='ocrx_word' id='word_1_487' title='bbox 285 5254 442 5312; x_wconf 62' lang='lat' dir='ltr'><strong>clesiae</strong></span> <span class='ocrx_word' id='word_1_488' title='bbox 467 5256 743 5327; x_wconf 86' lang='lat' dir='ltr'><strong>judicium</strong></span> <span class='ocrx_word' id='word_1_489' title='bbox 770 5253 923 5311; x_wconf 87' lang='lat' dir='ltr'><strong>ferat.</strong></span> <span class='ocrx_word' id='word_1_490' title='bbox 958 5257 1056 5315; x_wconf 89' lang='lat' dir='ltr'><strong>Sin</strong></span> <span class='ocrx_word' id='word_1_491' title='bbox 1094 5263 1283 5310; x_wconf 88' lang='lat' dir='ltr'><strong>autem</strong></span> <span class='ocrx_word' id='word_1_492' title='bbox 1301 5271 1361 5310; x_wconf 90' lang='lat' dir='ltr'><strong>se</strong></span> <span class='ocrx_word' id='word_1_493' title='bbox 1395 5257 1479 5313; x_wconf 86' lang='lat' dir='ltr'><strong>vel</strong></span> <span class='ocrx_word' id='word_1_494' title='bbox 1522 5256 1726 5327; x_wconf 88' lang='lat' dir='ltr'><strong>injuste</strong></span> <span class='ocrx_word' id='word_1_495' title='bbox 1752 5260 1847 5315; x_wconf 87' lang='lat' dir='ltr'><strong>de-</strong></span> 
     </span>
    </p>
   </div>
   <div class='ocr_carea' id='block_1_74' title="bbox 285 5347 1846 5390">
    <p class='ocr_par' dir='ltr' id='par_1_74' title="bbox 285 5347 1846 5390">
     <span class='ocr_line' id='line_1_74' title="bbox 285 5347 1846 5390; baseline 0 0"><span class='ocrx_word' id='word_1_496' title='bbox 285 5348 495 5390; x_wconf 75' lang='lat' dir='ltr'><strong>Maitnm</strong></span> <span class='ocrx_word' id='word_1_497' title='bbox 520 5348 709 5390; x_wconf 67' lang='grc' dir='ltr'><strong>ΐιιίςςρ.</strong></span> <span class='ocrx_word' id='word_1_498' title='bbox 739 5347 820 5390; x_wconf 65' lang='lat' dir='ltr'><strong>vel</strong></span> <span class='ocrx_word' id='word_1_499' title='bbox 846 5350 1161 5390; x_wconf 69' lang='lat' dir='ltr'><strong>sunmlnlpm</strong></span> <span class='ocrx_word' id='word_1_500' title='bbox 1181 5348 1519 5390; x_wconf 71' lang='lat' dir='ltr'><strong>vnnntinm-m</strong></span> <span class='ocrx_word' id='word_1_501' title='bbox 1544 5349 1846 5390; x_wconf 74' lang='lat' dir='ltr'><strong>nperiviccn</strong></span> 
     </span>
    </p>
   </div>
   <div class='ocr_carea' id='block_1_75' title="bbox 2404 1836 3019 1897">
    <p class='ocr_par' dir='ltr' id='par_1_75' title="bbox 2404 1836 3019 1897">
     <span class='ocr_line' id='line_1_75' title="bbox 2404 1836 3019 1897; baseline 0.008 -5"><span class='ocrx_word' id='word_1_502' title='bbox 2404 1836 2746 1895; x_wconf 77' lang='lat' dir='ltr'><strong>EPISTOLA</strong></span> <span class='ocrx_word' id='word_1_503' title='bbox 2780 1838 3019 1897; x_wconf 83' lang='lat' dir='ltr'><strong>XXXIII.</strong></span> 
     </span>
    </p>
   </div>
   <div class='ocr_carea' id='block_1_76' title="bbox 2206 1967 3199 2013">
    <p class='ocr_par' dir='ltr' id='par_1_76' title="bbox 2206 1967 3199 2013">
     <span class='ocr_line' id='line_1_76' title="bbox 2206 1967 3199 2013; baseline 0.006 -6"><span class='ocrx_word' id='word_1_504' title='bbox 2206 1967 2275 2007; x_wconf 74' lang='lat' dir='ltr'><strong>AD</strong></span> <span class='ocrx_word' id='word_1_505' title='bbox 2313 1969 2597 2010; x_wconf 70' lang='lat' dir='ltr'><strong>ROBER&#39;I‘U!</strong></span> <span class='ocrx_word' id='word_1_506' title='bbox 2634 1971 2871 2010; x_wconf 70' lang='lat' dir='ltr'><strong>COIITEM</strong></span> <span class='ocrx_word' id='word_1_507' title='bbox 2903 1973 3199 2013; x_wconf 70' lang='lat' dir='ltr'><strong>FLANDILE.</strong></span> 
     </span>
    </p>
   </div>
   <div class='ocr_carea' id='block_1_77' title="bbox 2536 2047 2912 2120">
    <p class='ocr_par' dir='ltr' id='par_1_77' title="bbox 2536 2047 2912 2120">
     <span class='ocr_line' id='line_1_77' title="bbox 2536 2047 2912 2120; baseline 0.005 -18"><span class='ocrx_word' id='word_1_508' title='bbox 2536 2047 2698 2103; x_wconf 84' lang='lat' dir='ltr'><strong>Anno</strong></span> <span class='ocrx_word' id='word_1_509' title='bbox 2730 2047 2912 2120; x_wconf 80' lang='lat'><strong>1081.)</strong></span> 
     </span>
    </p>
   </div>
   <div class='ocr_carea' id='block_1_78' title="bbox 1929 2122 3508 2233">
    <p class='ocr_par' dir='ltr' id='par_1_78' title="bbox 1929 2122 3508 2233">
     <span class='ocr_line' id='line_1_78' title="bbox 1929 2122 3508 2233; baseline 0.006 -23"><span class='ocrx_word' id='word_1_510' title='bbox 1929 2155 2164 2233; x_wconf 71' lang='lat' dir='ltr'><strong>Ignouit</strong></span> <span class='ocrx_word' id='word_1_511' title='bbox 2194 2159 2308 2229; x_wconf 77' lang='lat' dir='ltr'><strong>ejus</strong></span> <span class='ocrx_word' id='word_1_512' title='bbox 2332 2161 2500 2215; x_wconf 73' lang='lat' dir='ltr'><strong>verbis</strong></span> <span class='ocrx_word' id='word_1_513' title='bbox 2537 2179 2654 2233; x_wconf 69' lang='lat' dir='ltr'><strong>qua</strong></span> <span class='ocrx_word' id='word_1_514' title='bbox 2681 2164 2931 2217; x_wconf 81' lang='lat' dir='ltr'><strong>adversus</strong></span> <span class='ocrx_word' id='word_1_515' title='bbox 2960 2164 3309 2232; x_wconf 78' lang='lat' dir='ltr'><strong>apostolicam</strong></span> <span class='ocrx_word' id='word_1_516' title='bbox 3334 2167 3508 2221; x_wconf 81' lang='lat' dir='ltr'><strong>sedem</strong></span> 
     </span>
    </p>
   </div>
   <div class='ocr_carea' id='block_1_79' title="bbox 1986 2230 3508 2307">
    <p class='ocr_par' dir='ltr' id='par_1_79' title="bbox 1986 2230 3508 2307">
     <span class='ocr_line' id='line_1_79' title="bbox 1986 2230 3508 2307; baseline 0.007 -26"><span class='ocrx_word' id='word_1_517' title='bbox 1986 2230 2339 2307; x_wconf 28' lang='lat' dir='ltr'><strong>jactarerat‘:</strong></span> <span class='ocrx_word' id='word_1_518' title='bbox 2378 2230 2565 2287; x_wconf 80' lang='lat' dir='ltr'><strong>deinde</strong></span> <span class='ocrx_word' id='word_1_519' title='bbox 2606 2234 2793 2303; x_wconf 82' lang='lat' dir='ltr'><strong>repetit</strong></span> <span class='ocrx_word' id='word_1_520' title='bbox 2830 2251 2891 2289; x_wconf 87' lang='lat' dir='ltr'><strong>ea</strong></span> <span class='ocrx_word' id='word_1_521' title='bbox 2923 2230 3040 2305; x_wconf 76' lang='lat' dir='ltr'><strong>qua:</strong></span> <span class='ocrx_word' id='word_1_522' title='bbox 3087 2235 3142 2288; x_wconf 85' lang='lat' dir='ltr'><strong>in</strong></span> <span class='ocrx_word' id='word_1_523' title='bbox 3190 2238 3508 2307; x_wconf 69' lang='lat' dir='ltr'><strong>prazcedenti</strong></span> 
     </span>
    </p>
   </div>
   <div class='ocr_carea' id='block_1_80' title="bbox 1997 2300 2489 2369">
    <p class='ocr_par' dir='ltr' id='par_1_80' title="bbox 1997 2300 2489 2369">
     <span class='ocr_line' id='line_1_80' title="bbox 1997 2300 2489 2369; baseline 0.004 -16"><span class='ocrx_word' id='word_1_524' title='bbox 1997 2300 2223 2369; x_wconf 82' lang='lat' dir='ltr'><strong>epistola</strong></span> <span class='ocrx_word' id='word_1_525' title='bbox 2256 2301 2489 2355; x_wconf 70' lang='lat' dir='ltr'><strong>dixerat.</strong></span> 
     </span>
    </p>
   </div>
   <div class='ocr_carea' id='block_1_81' title="bbox 1979 2411 3511 2487">
    <p class='ocr_par' dir='ltr' id='par_1_81' title="bbox 1979 2411 3511 2487">
     <span class='ocr_line' id='line_1_81' title="bbox 1979 2411 3511 2487; baseline 0.005 -20"><span class='ocrx_word' id='word_1_526' title='bbox 1979 2411 2308 2470; x_wconf 80' lang='lat' dir='ltr'><strong>’Gnsconws</strong></span> <span class='ocrx_word' id='word_1_527' title='bbox 2340 2416 2651 2487; x_wconf 90' lang='lat' dir='ltr'><strong>episcopus,</strong></span> <span class='ocrx_word' id='word_1_528' title='bbox 2695 2434 2889 2475; x_wconf 90' lang='lat' dir='ltr'><strong>servus</strong></span> <span class='ocrx_word' id='word_1_529' title='bbox 2925 2435 3210 2475; x_wconf 84' lang='lat' dir='ltr'><strong>servorum</strong></span> <span class='ocrx_word' id='word_1_530' title='bbox 3240 2419 3357 2486; x_wconf 91' lang='lat' dir='ltr'><strong>Dei,</strong></span> <span class='ocrx_word' id='word_1_531' title='bbox 3402 2419 3511 2475; x_wconf 81' lang='lat' dir='ltr'><strong>Ro-</strong></span> 
     </span>
    </p>
   </div>
   <div class='ocr_carea' id='block_1_82' title="bbox 1929 2504 3512 2582">
    <p class='ocr_par' dir='ltr' id='par_1_82' title="bbox 1929 2504 3512 2582">
     <span class='ocr_line' id='line_1_82' title="bbox 1929 2504 3512 2582; baseline 0.006 -24"><span class='ocrx_word' id='word_1_532' title='bbox 1929 2520 2103 2560; x_wconf 77' lang='lat' dir='ltr'><strong>BER&#39;I‘O</strong></span> <span class='ocrx_word' id='word_1_533' title='bbox 2137 2504 2377 2578; x_wconf 78' lang='lat' dir='ltr'><strong>glorioso</strong></span> <span class='ocrx_word' id='word_1_534' title='bbox 2426 2508 2614 2563; x_wconf 90' lang='lat' dir='ltr'><strong>comiti</strong></span> <span class='ocrx_word' id='word_1_535' title='bbox 2649 2507 2993 2579; x_wconf 86' lang='lat' dir='ltr'><strong>Flandrcnsi,</strong></span> <span class='ocrx_word' id='word_1_536' title='bbox 3029 2513 3257 2567; x_wconf 86' lang='lat' dir='ltr'><strong>salutem</strong></span> <span class='ocrx_word' id='word_1_537' title='bbox 3286 2521 3341 2566; x_wconf 91' lang='lat' dir='ltr'><strong>et</strong></span> <span class='ocrx_word' id='word_1_538' title='bbox 3379 2526 3512 2582; x_wconf 87' lang='lat' dir='ltr'><strong>apo-</strong></span> 
     </span>
    </p>
   </div>
   <div class='ocr_carea' id='block_1_83' title="bbox 1931 2596 2667 2655">
    <p class='ocr_par' dir='ltr' id='par_1_83' title="bbox 1931 2596 2667 2655">
     <span class='ocr_line' id='line_1_83' title="bbox 1931 2596 2667 2655; baseline 0.005 -5"><span class='ocrx_word' id='word_1_539' title='bbox 1931 2597 2181 2653; x_wconf 90' lang='lat' dir='ltr'><strong>stolicam</strong></span> <span class='ocrx_word' id='word_1_540' title='bbox 2208 2596 2667 2655; x_wconf 88' lang='lat' dir='ltr'><strong>benedictionem.</strong></span> 
     </span>
    </p>
   </div>
   <div class='ocr_carea' id='block_1_84' title="bbox 2002 2682 3511 2759">
    <p class='ocr_par' dir='ltr' id='par_1_84' title="bbox 2002 2682 3511 2759">
     <span class='ocr_line' id='line_1_84' title="bbox 2002 2682 3511 2759; baseline 0.003 -22"><span class='ocrx_word' id='word_1_541' title='bbox 2002 2682 2204 2740; x_wconf 85' lang='lat' dir='ltr'><strong>Locuta</strong></span> <span class='ocrx_word' id='word_1_542' title='bbox 2244 2694 2325 2740; x_wconf 89' lang='lat' dir='ltr'><strong>est</strong></span> <span class='ocrx_word' id='word_1_543' title='bbox 2350 2684 2636 2754; x_wconf 77' lang='lat' dir='ltr'><strong>prudentia</strong></span> <span class='ocrx_word' id='word_1_544' title='bbox 2674 2695 2769 2741; x_wconf 79' lang='lat' dir='ltr'><strong>tua</strong></span> <span class='ocrx_word' id='word_1_545' title='bbox 2802 2687 2855 2741; x_wconf 93' lang='lat' dir='ltr'><strong>in</strong></span> <span class='ocrx_word' id='word_1_546' title='bbox 2886 2687 3081 2743; x_wconf 86' lang='lat' dir='ltr'><strong>litteris</strong></span> <span class='ocrx_word' id='word_1_547' title='bbox 3110 2688 3226 2743; x_wconf 86' lang='lat' dir='ltr'><strong>suis</strong></span> <span class='ocrx_word' id='word_1_548' title='bbox 3255 2688 3511 2759; x_wconf 88' lang='lat' dir='ltr'><strong>apostoli—</strong></span> 
     </span>
    </p>
   </div>
   <div class='ocr_carea' id='block_1_85' title="bbox 1932 2774 3512 2846">
    <p class='ocr_par' dir='ltr' id='par_1_85' title="bbox 1932 2774 3512 2846">
     <span class='ocr_line' id='line_1_85' title="bbox 1932 2774 3512 2846; baseline 0.001 -17"><span class='ocrx_word' id='word_1_549' title='bbox 1932 2790 2010 2829; x_wconf 71' lang='lat' dir='ltr'><strong>ca:</strong></span> <span class='ocrx_word' id='word_1_550' title='bbox 2032 2774 2147 2829; x_wconf 89' lang='lat' dir='ltr'><strong>sedi</strong></span> <span class='ocrx_word' id='word_1_551' title='bbox 2170 2775 2420 2845; x_wconf 64' lang='lat' dir='ltr'><strong>quaedam</strong></span> <span class='ocrx_word' id='word_1_552' title='bbox 2465 2774 2607 2831; x_wconf 89' lang='lat' dir='ltr'><strong>sicut</strong></span> <span class='ocrx_word' id='word_1_553' title='bbox 2650 2792 2763 2830; x_wconf 92' lang='lat' dir='ltr'><strong>non</strong></span> <span class='ocrx_word' id='word_1_554' title='bbox 2812 2776 2994 2832; x_wconf 85' lang='lat' dir='ltr'><strong>decuit</strong></span> <span class='ocrx_word' id='word_1_555' title='bbox 3020 2796 3031 2829; x_wconf 95' lang='lat'>:</span> <span class='ocrx_word' id='word_1_556' title='bbox 3062 2791 3186 2846; x_wconf 64' lang='lat' dir='ltr'><strong>quae</strong></span> <span class='ocrx_word' id='word_1_557' title='bbox 3230 2792 3331 2831; x_wconf 90' lang='lat' dir='ltr'><strong>nos</strong></span> <span class='ocrx_word' id='word_1_558' title='bbox 3380 2792 3512 2832; x_wconf 89' lang='lat' dir='ltr'><strong>sane</strong></span> 
     </span>
    </p>
   </div>
   <div class='ocr_carea' id='block_1_86' title="bbox 1934 2866 3514 2940">
    <p class='ocr_par' dir='ltr' id='par_1_86' title="bbox 1934 2866 3514 2940">
     <span class='ocr_line' id='line_1_86' title="bbox 1934 2866 3514 2940; baseline 0.001 -18"><span class='ocrx_word' id='word_1_559' title='bbox 1934 2866 2215 2937; x_wconf 88' lang='lat' dir='ltr'><strong>cupientes</strong></span> <span class='ocrx_word' id='word_1_560' title='bbox 2240 2867 2294 2920; x_wconf 91' lang='lat' dir='ltr'><strong>in</strong></span> <span class='ocrx_word' id='word_1_561' title='bbox 2326 2876 2512 2923; x_wconf 89' lang='lat' dir='ltr'><strong>sancta</strong></span> <span class='ocrx_word' id='word_1_562' title='bbox 2557 2867 2797 2924; x_wconf 88' lang='lat' dir='ltr'><strong>Ecclesia</strong></span> <span class='ocrx_word' id='word_1_563' title='bbox 2824 2877 2873 2922; x_wconf 88' lang='lat' dir='ltr'><strong>te</strong></span> <span class='ocrx_word' id='word_1_564' title='bbox 2916 2884 3261 2936; x_wconf 81' lang='lat' dir='ltr'><strong>conservare,</strong></span> <span class='ocrx_word' id='word_1_565' title='bbox 3289 2884 3514 2940; x_wconf 87' lang='lat' dir='ltr'><strong>suppor-</strong></span> 
     </span>
    </p>
   </div>
   <div class='ocr_carea' id='block_1_87' title="bbox 1938 2957 3513 3030">
    <p class='ocr_par' dir='ltr' id='par_1_87' title="bbox 1938 2957 3513 3030">
     <span class='ocr_line' id='line_1_87' title="bbox 1938 2957 3513 3030; baseline 0.002 -18"><span class='ocrx_word' id='word_1_566' title='bbox 1938 2966 2119 3012; x_wconf 83' lang='lat' dir='ltr'><strong>tamus</strong></span> <span class='ocrx_word' id='word_1_567' title='bbox 2142 2957 2343 3025; x_wconf 88' lang='lat' dir='ltr'><strong>adhuc,</strong></span> <span class='ocrx_word' id='word_1_568' title='bbox 2367 2967 2421 3013; x_wconf 91' lang='lat' dir='ltr'><strong>et</strong></span> <span class='ocrx_word' id='word_1_569' title='bbox 2447 2959 2680 3014; x_wconf 90' lang='lat' dir='ltr'><strong>libenter</strong></span> <span class='ocrx_word' id='word_1_570' title='bbox 2710 2957 3065 3030; x_wconf 78' lang='lat' dir='ltr'><strong>ignoscimus,</strong></span> <span class='ocrx_word' id='word_1_571' title='bbox 3089 2959 3155 3013; x_wconf 91' lang='lat' dir='ltr'><strong>de</strong></span> <span class='ocrx_word' id='word_1_572' title='bbox 3198 2958 3513 3015; x_wconf 89' lang='lat' dir='ltr'><strong>misericor-</strong></span> 
     </span>
    </p>
   </div>
   <div class='ocr_carea' id='block_1_88' title="bbox 1936 3048 3512 3122">
    <p class='ocr_par' dir='ltr' id='par_1_88' title="bbox 1936 3048 3512 3122">
     <span class='ocr_line' id='line_1_88' title="bbox 1936 3048 3512 3122; baseline 0 -17"><span class='ocrx_word' id='word_1_573' title='bbox 1936 3050 2025 3105; x_wconf 88' lang='lat' dir='ltr'><strong>dia</strong></span> <span class='ocrx_word' id='word_1_574' title='bbox 2066 3048 2253 3104; x_wconf 82' lang='lat' dir='ltr'><strong>divina</strong></span> <span class='ocrx_word' id='word_1_575' title='bbox 2293 3058 2573 3119; x_wconf 88' lang='lat' dir='ltr'><strong>sperantes</strong></span> <span class='ocrx_word' id='word_1_576' title='bbox 2601 3049 2751 3122; x_wconf 91' lang='lat' dir='ltr'><strong>quod</strong></span> <span class='ocrx_word' id='word_1_577' title='bbox 2785 3057 2840 3105; x_wconf 88' lang='lat' dir='ltr'><strong>et</strong></span> <span class='ocrx_word' id='word_1_578' title='bbox 2866 3064 3057 3104; x_wconf 89' lang='lat' dir='ltr'><strong>eorum</strong></span> <span class='ocrx_word' id='word_1_579' title='bbox 3102 3050 3196 3120; x_wconf 92' lang='lat' dir='ltr'><strong>qui</strong></span> <span class='ocrx_word' id='word_1_580' title='bbox 3243 3051 3337 3105; x_wconf 89' lang='lat' dir='ltr'><strong>tibi</strong></span> <span class='ocrx_word' id='word_1_581' title='bbox 3381 3051 3512 3105; x_wconf 88' lang='lat' dir='ltr'><strong>talia</strong></span> 
     </span>
    </p>
   </div>
   <div class='ocr_carea' id='block_1_89' title="bbox 1935 3138 3516 3211">
    <p class='ocr_par' dir='ltr' id='par_1_89' title="bbox 1935 3138 3516 3211">
     <span class='ocr_line' id='line_1_89' title="bbox 1935 3138 3516 3211; baseline 0.001 -17"><span class='ocrx_word' id='word_1_582' title='bbox 1935 3149 2324 3211; x_wconf 88' lang='lat' dir='ltr'><strong>persuaserunt</strong></span> <span class='ocrx_word' id='word_1_583' title='bbox 2338 3139 2687 3210; x_wconf 89' lang='lat' dir='ltr'><strong>imperitiam,</strong></span> <span class='ocrx_word' id='word_1_584' title='bbox 2710 3149 2765 3195; x_wconf 88' lang='lat' dir='ltr'><strong>et</strong></span> <span class='ocrx_word' id='word_1_585' title='bbox 2785 3154 2955 3196; x_wconf 72' lang='lat' dir='ltr'><strong>sacrm</strong></span> <span class='ocrx_word' id='word_1_586' title='bbox 2976 3138 3236 3195; x_wconf 70' lang='lat' dir='ltr'><strong>Romanae</strong></span> <span class='ocrx_word' id='word_1_587' title='bbox 3257 3139 3516 3196; x_wconf 68' lang='lat' dir='ltr'><strong>Ecclesia:</strong></span> 
     </span>
    </p>
   </div>
   <div class='ocr_carea' id='block_1_90' title="bbox 1936 3230 3517 3304">
    <p class='ocr_par' dir='ltr' id='par_1_90' title="bbox 1936 3230 3517 3304">
     <span class='ocr_line' id='line_1_90' title="bbox 1936 3230 3517 3304; baseline 0.004 -19"><span class='ocrx_word' id='word_1_588' title='bbox 1936 3231 2315 3287; x_wconf 87' lang='lat' dir='ltr'><strong>auctoritatem</strong></span> <span class='ocrx_word' id='word_1_589' title='bbox 2337 3240 2389 3286; x_wconf 89' lang='lat' dir='ltr'><strong>et</strong></span> <span class='ocrx_word' id='word_1_590' title='bbox 2422 3230 2829 3299; x_wconf 88' lang='lat' dir='ltr'><strong>discretionem,</strong></span> <span class='ocrx_word' id='word_1_591' title='bbox 2864 3233 3192 3304; x_wconf 89' lang='lat' dir='ltr'><strong>quandoque</strong></span> <span class='ocrx_word' id='word_1_592' title='bbox 3226 3243 3517 3304; x_wconf 64' lang='lat' dir='ltr'><strong>praesenta-</strong></span> 
     </span>
    </p>
   </div>
   <div class='ocr_carea' id='block_1_91' title="bbox 1937 3322 3513 3396">
    <p class='ocr_par' dir='ltr' id='par_1_91' title="bbox 1937 3322 3513 3396">
     <span class='ocr_line' id='line_1_91' title="bbox 1937 3322 3513 3396; baseline 0.004 -20"><span class='ocrx_word' id='word_1_593' title='bbox 1937 3324 2054 3379; x_wconf 83' lang='lat' dir='ltr'><strong>neis</strong></span> <span class='ocrx_word' id='word_1_594' title='bbox 2112 3322 2366 3379; x_wconf 77' lang='lat' dir='ltr'><strong>affatibus</strong></span> <span class='ocrx_word' id='word_1_595' title='bbox 2428 3325 2800 3381; x_wconf 85' lang='lat' dir='ltr'><strong>ostendemus.</strong></span> <span class='ocrx_word' id='word_1_596' title='bbox 2851 3323 3087 3381; x_wconf 89' lang='lat' dir='ltr'><strong>Proinde</strong></span> <span class='ocrx_word' id='word_1_597' title='bbox 3134 3340 3299 3396; x_wconf 89' lang='lat' dir='ltr'><strong>super</strong></span> <span class='ocrx_word' id='word_1_598' title='bbox 3347 3343 3513 3385; x_wconf 88' lang='lat' dir='ltr'><strong>causa</strong></span> 
     </span>
    </p>
   </div>
   <div class='ocr_carea' id='block_1_92' title="bbox 1937 3414 3516 3489">
    <p class='ocr_par' dir='ltr' id='par_1_92' title="bbox 1937 3414 3516 3489">
     <span class='ocr_line' id='line_1_92' title="bbox 1937 3414 3516 3489; baseline 0.003 -20"><span class='ocrx_word' id='word_1_599' title='bbox 1937 3415 2211 3471; x_wconf 88' lang='lat' dir='ltr'><strong>Lamberti</strong></span> <span class='ocrx_word' id='word_1_600' title='bbox 2253 3415 2383 3472; x_wconf 88' lang='lat' dir='ltr'><strong>dicti</strong></span> <span class='ocrx_word' id='word_1_601' title='bbox 2420 3414 2824 3473; x_wconf 83' lang='lat' dir='ltr'><strong>&#39;I‘ervannensis</strong></span> <span class='ocrx_word' id='word_1_602' title='bbox 2878 3417 3120 3489; x_wconf 89' lang='lat' dir='ltr'><strong>episcopi</strong></span> <span class='ocrx_word' id='word_1_603' title='bbox 3173 3418 3299 3474; x_wconf 84' lang='lat' dir='ltr'><strong>licet</strong></span> <span class='ocrx_word' id='word_1_604' title='bbox 3343 3419 3516 3475; x_wconf 87' lang='lat' dir='ltr'><strong>multo</strong></span> 
     </span>
    </p>
   </div>
   <div class='ocr_carea' id='block_1_93' title="bbox 1936 3508 3516 3583">
    <p class='ocr_par' dir='ltr' id='par_1_93' title="bbox 1936 3508 3516 3583">
     <span class='ocr_line' id='line_1_93' title="bbox 1936 3508 3516 3583; baseline 0.003 -20"><span class='ocrx_word' id='word_1_605' title='bbox 1936 3509 2093 3565; x_wconf 89' lang='lat' dir='ltr'><strong>aliter</strong></span> <span class='ocrx_word' id='word_1_606' title='bbox 2144 3525 2204 3566; x_wconf 89' lang='lat' dir='ltr'><strong>se</strong></span> <span class='ocrx_word' id='word_1_607' title='bbox 2241 3508 2405 3565; x_wconf 88' lang='lat' dir='ltr'><strong>verba</strong></span> <span class='ocrx_word' id='word_1_608' title='bbox 2454 3508 2923 3566; x_wconf 87' lang='lat' dir='ltr'><strong>Tervannensium</strong></span> <span class='ocrx_word' id='word_1_609' title='bbox 2983 3511 3309 3567; x_wconf 89' lang='lat' dir='ltr'><strong>clericorum</strong></span> <span class='ocrx_word' id='word_1_610' title='bbox 3349 3527 3516 3583; x_wconf 90' lang='lat' dir='ltr'><strong>quam</strong></span> 
     </span>
    </p>
   </div>
   <div class='ocr_carea' id='block_1_94' title="bbox 1935 3601 3515 3675">
    <p class='ocr_par' dir='ltr' id='par_1_94' title="bbox 1935 3601 3515 3675">
     <span class='ocr_line' id='line_1_94' title="bbox 1935 3601 3515 3675; baseline 0.003 -20"><span class='ocrx_word' id='word_1_611' title='bbox 1935 3601 2127 3657; x_wconf 75' lang='lat' dir='ltr'><strong>littera:</strong></span> <span class='ocrx_word' id='word_1_612' title='bbox 2158 3611 2262 3657; x_wconf 66' lang='lat' dir='ltr'><strong>tuae</strong></span> <span class='ocrx_word' id='word_1_613' title='bbox 2295 3603 2597 3659; x_wconf 88' lang='lat' dir='ltr'><strong>nobilitatis</strong></span> <span class='ocrx_word' id='word_1_614' title='bbox 2639 3603 2956 3671; x_wconf 87' lang='lat' dir='ltr'><strong>habuerint;</strong></span> <span class='ocrx_word' id='word_1_615' title='bbox 3005 3611 3188 3659; x_wconf 89' lang='lat' dir='ltr'><strong>tamen</strong></span> <span class='ocrx_word' id='word_1_616' title='bbox 3220 3605 3348 3675; x_wconf 88' lang='lat' dir='ltr'><strong>quia</strong></span> <span class='ocrx_word' id='word_1_617' title='bbox 3404 3619 3515 3660; x_wconf 91' lang='lat' dir='ltr'><strong>non</strong></span> 
     </span>
    </p>
   </div>
   <div class='ocr_carea' id='block_1_95' title="bbox 1935 3692 3516 3765">
    <p class='ocr_par' dir='ltr' id='par_1_95' title="bbox 1935 3692 3516 3765">
     <span class='ocr_line' id='line_1_95' title="bbox 1935 3692 3516 3765; baseline 0.003 -19"><span class='ocrx_word' id='word_1_618' title='bbox 1935 3692 2160 3748; x_wconf 91' lang='lat' dir='ltr'><strong>dubium</strong></span> <span class='ocrx_word' id='word_1_619' title='bbox 2182 3703 2266 3749; x_wconf 90' lang='lat' dir='ltr'><strong>est</strong></span> <span class='ocrx_word' id='word_1_620' title='bbox 2291 3710 2454 3765; x_wconf 90' lang='lat' dir='ltr'><strong>posse</strong></span> <span class='ocrx_word' id='word_1_621' title='bbox 2486 3695 2758 3750; x_wconf 89' lang='lat' dir='ltr'><strong>interdum</strong></span> <span class='ocrx_word' id='word_1_622' title='bbox 2795 3694 3038 3765; x_wconf 88' lang='lat' dir='ltr'><strong>subrepi,</strong></span> <span class='ocrx_word' id='word_1_623' title='bbox 3062 3708 3182 3749; x_wconf 87' lang='lat' dir='ltr'><strong>eam</strong></span> <span class='ocrx_word' id='word_1_624' title='bbox 3213 3695 3516 3751; x_wconf 89' lang='lat' dir='ltr'><strong>secundum</strong></span> 
     </span>
    </p>
   </div>
   <div class='ocr_carea' id='block_1_96' title="bbox 1937 3785 3512 3857">
    <p class='ocr_par' dir='ltr' id='par_1_96' title="bbox 1937 3785 3512 3857">
     <span class='ocr_line' id='line_1_96' title="bbox 1937 3785 3512 3857; baseline 0.001 -19"><span class='ocrx_word' id='word_1_625' title='bbox 1937 3794 2122 3839; x_wconf 81' lang='lat' dir='ltr'><strong>votum</strong></span> <span class='ocrx_word' id='word_1_626' title='bbox 2149 3795 2300 3840; x_wconf 91' lang='lat' dir='ltr'><strong>tuum</strong></span> <span class='ocrx_word' id='word_1_627' title='bbox 2326 3787 2699 3842; x_wconf 89' lang='lat' dir='ltr'><strong>retractationi</strong></span> <span class='ocrx_word' id='word_1_628' title='bbox 2722 3787 3052 3857; x_wconf 80' lang='lat' dir='ltr'><strong>delegamus.</strong></span> <span class='ocrx_word' id='word_1_629' title='bbox 3080 3785 3235 3853; x_wconf 87' lang='lat' dir='ltr'><strong>Quod</strong></span> <span class='ocrx_word' id='word_1_630' title='bbox 3271 3786 3512 3857; x_wconf 88' lang='lat' dir='ltr'><strong>quidem,</strong></span> 
     </span>
    </p>
   </div>
   <div class='ocr_carea' id='block_1_97' title="bbox 1938 3870 3515 3949">
    <p class='ocr_par' dir='ltr' id='par_1_97' title="bbox 1938 3870 3515 3949">
     <span class='ocr_line' id='line_1_97' title="bbox 1938 3870 3515 3949; baseline 0.001 -20"><span class='ocrx_word' id='word_1_631' title='bbox 1938 3884 1997 3930; x_wconf 90' lang='lat' dir='ltr'><strong>ut</strong></span> <span class='ocrx_word' id='word_1_632' title='bbox 2020 3883 2286 3946; x_wconf 88' lang='lat' dir='ltr'><strong>quantum</strong></span> <span class='ocrx_word' id='word_1_633' title='bbox 2331 3877 2589 3934; x_wconf 89' lang='lat' dir='ltr'><strong>decenter</strong></span> <span class='ocrx_word' id='word_1_634' title='bbox 2616 3895 2933 3949; x_wconf 88' lang='lat' dir='ltr'><strong>possumus,</strong></span> <span class='ocrx_word' id='word_1_635' title='bbox 2975 3888 3071 3934; x_wconf 91' lang='lat' dir='ltr'><strong>tuo</strong></span> <span class='ocrx_word' id='word_1_636' title='bbox 3113 3870 3385 3934; x_wconf 85' lang='lat' dir='ltr'><strong>desiderio</strong></span> <span class='ocrx_word' id='word_1_637' title='bbox 3413 3894 3515 3932; x_wconf 91' lang='lat' dir='ltr'><strong>an-</strong></span> 
     </span>
    </p>
   </div>
   <div class='ocr_carea' id='block_1_98' title="bbox 1939 3969 3521 4046">
    <p class='ocr_par' dir='ltr' id='par_1_98' title="bbox 1939 3969 3521 4046">
     <span class='ocr_line' id='line_1_98' title="bbox 1939 3969 3521 4046; baseline 0.001 -25"><span class='ocrx_word' id='word_1_638' title='bbox 1939 3969 2387 4043; x_wconf 26' lang='lat' dir='ltr'><strong>nueremustsic</strong></span> <span class='ocrx_word' id='word_1_639' title='bbox 2433 3970 2796 4041; x_wconf 80' lang='lat' dir='ltr'><strong>peragendum</strong></span> <span class='ocrx_word' id='word_1_640' title='bbox 2842 3970 3197 4046; x_wconf 74' lang='lat' dir='ltr'><strong>providimus.</strong></span> <span class='ocrx_word' id='word_1_641' title='bbox 3244 3969 3521 4035; x_wconf 83' lang='lat' dir='ltr'><strong>Quoniam</strong></span> 
     </span>
    </p>
   </div>
   <div class='ocr_carea' id='block_1_99' title="bbox 1938 4058 3519 4131">
    <p class='ocr_par' dir='ltr' id='par_1_99' title="bbox 1938 4058 3519 4131">
     <span class='ocr_line' id='line_1_99' title="bbox 1938 4058 3519 4131; baseline 0.003 -20"><span class='ocrx_word' id='word_1_642' title='bbox 1938 4058 2317 4130; x_wconf 81' lang='lat' dir='ltr'><strong>Lugdunensis</strong></span> <span class='ocrx_word' id='word_1_643' title='bbox 2359 4061 2801 4131; x_wconf 87' lang='lat' dir='ltr'><strong>archiepiscopus</strong></span> <span class='ocrx_word' id='word_1_644' title='bbox 2840 4060 3113 4131; x_wconf 84' lang='lat' dir='ltr'><strong>(quamvis</strong></span> <span class='ocrx_word' id='word_1_645' title='bbox 3163 4061 3229 4115; x_wconf 92' lang='lat' dir='ltr'><strong>de</strong></span> <span class='ocrx_word' id='word_1_646' title='bbox 3271 4074 3337 4114; x_wconf 91' lang='lat' dir='ltr'><strong>eo</strong></span> <span class='ocrx_word' id='word_1_647' title='bbox 3381 4059 3519 4115; x_wconf 83' lang='lat' dir='ltr'><strong>satis.</strong></span> 
     </span>
    </p>
   </div>
   <div class='ocr_carea' id='block_1_100' title="bbox 1939 4150 3521 4236">
    <p class='ocr_par' dir='ltr' id='par_1_100' title="bbox 1939 4150 3521 4236">
     <span class='ocr_line' id='line_1_100' title="bbox 1939 4150 3521 4236; baseline 0 -30"><span class='ocrx_word' id='word_1_648' title='bbox 1939 4150 2231 4223; x_wconf 79' lang='lat' dir='ltr'><strong>confidam)</strong></span> <span class='ocrx_word' id='word_1_649' title='bbox 2259 4152 2414 4208; x_wconf 86' lang='lat' dir='ltr'><strong>vobis</strong></span> <span class='ocrx_word' id='word_1_650' title='bbox 2447 4159 2736 4222; x_wconf 84' lang='lat' dir='ltr'><strong>suspectus</strong></span> <span class='ocrx_word' id='word_1_651' title='bbox 2759 4159 2862 4217; x_wconf 88' lang='lat' dir='ltr'><strong>est,</strong></span> <span class='ocrx_word' id='word_1_652' title='bbox 2883 4167 2959 4236; x_wconf 42' lang='lat' dir='ltr'><strong>.ne</strong></span> <span class='ocrx_word' id='word_1_653' title='bbox 3004 4150 3244 4220; x_wconf 88' lang='lat' dir='ltr'><strong>suspicio</strong></span> <span class='ocrx_word' id='word_1_654' title='bbox 3284 4165 3521 4220; x_wconf 79' lang='lat' dir='ltr'><strong>prorsus</strong></span> 
     </span>
    </p>
   </div>
   <div class='ocr_carea' id='block_1_101' title="bbox 1941 4241 3513 4316">
    <p class='ocr_par' dir='ltr' id='par_1_101' title="bbox 1941 4241 3513 4316">
     <span class='ocr_line' id='line_1_101' title="bbox 1941 4241 3513 4316; baseline -0.003 -16"><span class='ocrx_word' id='word_1_655' title='bbox 1941 4244 2187 4300; x_wconf 86' lang='lat' dir='ltr'><strong>ordinem</strong></span> <span class='ocrx_word' id='word_1_656' title='bbox 2219 4260 2404 4299; x_wconf 90' lang='lat' dir='ltr'><strong>rerum</strong></span> <span class='ocrx_word' id='word_1_657' title='bbox 2437 4245 2645 4299; x_wconf 90' lang='lat' dir='ltr'><strong>utiliter</strong></span> <span class='ocrx_word' id='word_1_658' title='bbox 2667 4244 3030 4316; x_wconf 78' lang='lat' dir='ltr'><strong>gerendarum</strong></span> <span class='ocrx_word' id='word_1_659' title='bbox 3078 4241 3355 4312; x_wconf 89' lang='lat' dir='ltr'><strong>impediat,</strong></span> <span class='ocrx_word' id='word_1_660' title='bbox 3386 4257 3513 4313; x_wconf 82' lang='lat' dir='ltr'><strong>gra—</strong></span> 
     </span>
    </p>
   </div>
   <div class='ocr_carea' id='block_1_102' title="bbox 1941 4331 3517 4393">
    <p class='ocr_par' dir='ltr' id='par_1_102' title="bbox 1941 4331 3517 4393">
     <span class='ocr_line' id='line_1_102' title="bbox 1941 4331 3517 4393; baseline -0.004 -3"><span class='ocrx_word' id='word_1_661' title='bbox 1941 4348 2061 4390; x_wconf 90' lang='lat' dir='ltr'><strong>vem</strong></span> <span class='ocrx_word' id='word_1_662' title='bbox 2084 4343 2138 4390; x_wconf 92' lang='lat' dir='ltr'><strong>et</strong></span> <span class='ocrx_word' id='word_1_663' title='bbox 2170 4335 2436 4390; x_wconf 89' lang='lat' dir='ltr'><strong>illustrem</strong></span> <span class='ocrx_word' id='word_1_664' title='bbox 2464 4335 2643 4391; x_wconf 90' lang='lat' dir='ltr'><strong>virum</strong></span> <span class='ocrx_word' id='word_1_665' title='bbox 2677 4334 3091 4390; x_wconf 86' lang='lat' dir='ltr'><strong>Cluniacensem</strong></span> <span class='ocrx_word' id='word_1_666' title='bbox 3133 4332 3385 4386; x_wconf 83' lang='lat' dir='ltr'><strong>abbatem</strong></span> <span class='ocrx_word' id='word_1_667' title='bbox 3410 4331 3517 4393; x_wconf 82' lang='lat' dir='ltr'><strong>sibi</strong></span> 
     </span>
    </p>
   </div>
   <div class='ocr_carea' id='block_1_103' title="bbox 1939 4424 3517 4498">
    <p class='ocr_par' dir='ltr' id='par_1_103' title="bbox 1939 4424 3517 4498">
     <span class='ocr_line' id='line_1_103' title="bbox 1939 4424 3517 4498; baseline -0.008 -15"><span class='ocrx_word' id='word_1_668' title='bbox 1939 4428 2210 4483; x_wconf 87' lang='lat' dir='ltr'><strong>associare</strong></span> <span class='ocrx_word' id='word_1_669' title='bbox 2237 4427 2571 4484; x_wconf 88' lang='lat' dir='ltr'><strong>censuimus.</strong></span> <span class='ocrx_word' id='word_1_670' title='bbox 2600 4426 2787 4498; x_wconf 88' lang='lat' dir='ltr'><strong>Itaque</strong></span> <span class='ocrx_word' id='word_1_671' title='bbox 2819 4424 3162 4497; x_wconf 63' lang='lat' dir='ltr'><strong>praecipimus</strong></span> <span class='ocrx_word' id='word_1_672' title='bbox 3185 4432 3243 4479; x_wconf 92' lang='lat' dir='ltr'><strong>ut</strong></span> <span class='ocrx_word' id='word_1_673' title='bbox 3282 4437 3517 4493; x_wconf 79' lang='lat' dir='ltr'><strong>congre-.</strong></span> 
     </span>
    </p>
   </div>
   <div class='ocr_carea' id='block_1_104' title="bbox 1940 4514 3517 4591">
    <p class='ocr_par' dir='ltr' id='par_1_104' title="bbox 1940 4514 3517 4591">
     <span class='ocr_line' id='line_1_104' title="bbox 1940 4514 3517 4591; baseline -0.004 -17"><span class='ocrx_word' id='word_1_674' title='bbox 1940 4528 2067 4591; x_wconf 81' lang='lat' dir='ltr'><strong>gato</strong></span> <span class='ocrx_word' id='word_1_675' title='bbox 2123 4518 2359 4574; x_wconf 91' lang='lat' dir='ltr'><strong>concilio</strong></span> <span class='ocrx_word' id='word_1_676' title='bbox 2407 4534 2634 4574; x_wconf 88' lang='lat' dir='ltr'><strong>causam</strong></span> <span class='ocrx_word' id='word_1_677' title='bbox 2695 4519 2869 4589; x_wconf 90' lang='lat' dir='ltr'><strong>ipsius</strong></span> <span class='ocrx_word' id='word_1_678' title='bbox 2913 4517 3151 4588; x_wconf 88' lang='lat' dir='ltr'><strong>episcopi</strong></span> <span class='ocrx_word' id='word_1_679' title='bbox 3204 4514 3517 4585; x_wconf 77' lang='lat' dir='ltr'><strong>diligentius</strong></span> 
     </span>
    </p>
   </div>
   <div class='ocr_carea' id='block_1_105' title="bbox 1942 4607 3516 4681">
    <p class='ocr_par' dir='ltr' id='par_1_105' title="bbox 1942 4607 3516 4681">
     <span class='ocr_line' id='line_1_105' title="bbox 1942 4607 3516 4681; baseline -0.004 -14"><span class='ocrx_word' id='word_1_680' title='bbox 1942 4611 2240 4667; x_wconf 88' lang='lat' dir='ltr'><strong>eventilare</strong></span> <span class='ocrx_word' id='word_1_681' title='bbox 2274 4621 2597 4681; x_wconf 86' lang='lat' dir='ltr'><strong>procurent;</strong></span> <span class='ocrx_word' id='word_1_682' title='bbox 2635 4621 2689 4667; x_wconf 90' lang='lat' dir='ltr'><strong>et</strong></span> <span class='ocrx_word' id='word_1_683' title='bbox 2715 4611 2759 4665; x_wconf 90' lang='lat' dir='ltr'><strong>si</strong></span> <span class='ocrx_word' id='word_1_684' title='bbox 2804 4610 3023 4681; x_wconf 88' lang='lat' dir='ltr'><strong>quidem</strong></span> <span class='ocrx_word' id='word_1_685' title='bbox 3052 4610 3198 4679; x_wconf 89' lang='lat' dir='ltr'><strong>juste</strong></span> <span class='ocrx_word' id='word_1_686' title='bbox 3235 4607 3516 4679; x_wconf 85' lang='lat' dir='ltr'><strong>depositus</strong></span> 
     </span>
    </p>
   </div>
   <div class='ocr_carea' id='block_1_106' title="bbox 1942 4700 3519 4773">
    <p class='ocr_par' dir='ltr' id='par_1_106' title="bbox 1942 4700 3519 4773">
     <span class='ocr_line' id='line_1_106' title="bbox 1942 4700 3519 4773; baseline -0.004 -16"><span class='ocrx_word' id='word_1_687' title='bbox 1942 4703 2115 4758; x_wconf 85' lang='lat' dir='ltr'><strong>fuisse</strong></span> <span class='ocrx_word' id='word_1_688' title='bbox 2147 4704 2533 4773; x_wconf 89' lang='lat' dir='ltr'><strong>comprobatus</strong></span> <span class='ocrx_word' id='word_1_689' title='bbox 2558 4702 2739 4769; x_wconf 87' lang='lat' dir='ltr'><strong>fuerit,</strong></span> <span class='ocrx_word' id='word_1_690' title='bbox 2765 4702 3139 4773; x_wconf 88' lang='lat' dir='ltr'><strong>acquiescens,</strong></span> <span class='ocrx_word' id='word_1_691' title='bbox 3157 4700 3362 4756; x_wconf 88' lang='lat' dir='ltr'><strong>saniori</strong></span> <span class='ocrx_word' id='word_1_692' title='bbox 3385 4715 3519 4757; x_wconf 39' lang='lat' dir='ltr'><strong>con,</strong></span> 
     </span>
    </p>
   </div>
   <div class='ocr_carea' id='block_1_107' title="bbox 1946 4791 3520 4865">
    <p class='ocr_par' dir='ltr' id='par_1_107' title="bbox 1946 4791 3520 4865">
     <span class='ocr_line' id='line_1_107' title="bbox 1946 4791 3520 4865; baseline -0.004 -13"><span class='ocrx_word' id='word_1_693' title='bbox 1946 4796 2068 4852; x_wconf 82' lang='lat' dir='ltr'><strong>silio</strong></span> <span class='ocrx_word' id='word_1_694' title='bbox 2090 4804 2297 4862; x_wconf 89' lang='lat' dir='ltr'><strong>cesset;</strong></span> <span class='ocrx_word' id='word_1_695' title='bbox 2328 4795 2414 4850; x_wconf 89' lang='lat' dir='ltr'><strong>sin</strong></span> <span class='ocrx_word' id='word_1_696' title='bbox 2446 4804 2624 4850; x_wconf 90' lang='lat' dir='ltr'><strong>autem</strong></span> <span class='ocrx_word' id='word_1_697' title='bbox 2657 4794 2741 4848; x_wconf 93' lang='lat' dir='ltr'><strong>vel</strong></span> <span class='ocrx_word' id='word_1_698' title='bbox 2763 4791 2992 4849; x_wconf 87' lang='lat' dir='ltr'><strong>omnino</strong></span> <span class='ocrx_word' id='word_1_699' title='bbox 3021 4791 3242 4863; x_wconf 84' lang='lat' dir='ltr'><strong>injuste,</strong></span> <span class='ocrx_word' id='word_1_700' title='bbox 3265 4794 3350 4848; x_wconf 86' lang='lat' dir='ltr'><strong>vel</strong></span> <span class='ocrx_word' id='word_1_701' title='bbox 3378 4808 3520 4865; x_wconf 65' lang='lat' dir='ltr'><strong>prse-</strong></span> 
     </span>
    </p>
   </div>
   <div class='ocr_carea' id='block_1_108' title="bbox 1946 4884 3525 4959">
    <p class='ocr_par' dir='ltr' id='par_1_108' title="bbox 1946 4884 3525 4959">
     <span class='ocr_line' id='line_1_108' title="bbox 1946 4884 3525 4959; baseline -0.003 -18"><span class='ocrx_word' id='word_1_702' title='bbox 1946 4903 2177 4959; x_wconf 87' lang='lat' dir='ltr'><strong>propere</strong></span> <span class='ocrx_word' id='word_1_703' title='bbox 2210 4888 2459 4944; x_wconf 87' lang='lat' dir='ltr'><strong>addictus</strong></span> <span class='ocrx_word' id='word_1_704' title='bbox 2480 4903 2602 4943; x_wconf 90' lang='lat' dir='ltr'><strong>esse</strong></span> <span class='ocrx_word' id='word_1_705' title='bbox 2623 4888 2881 4957; x_wconf 86' lang='lat' dir='ltr'><strong>patuerit,</strong></span> <span class='ocrx_word' id='word_1_706' title='bbox 2913 4884 3080 4941; x_wconf 87' lang='lat' dir='ltr'><strong>rebus</strong></span> <span class='ocrx_word' id='word_1_707' title='bbox 3110 4894 3163 4941; x_wconf 93' lang='lat' dir='ltr'><strong>et</strong></span> <span class='ocrx_word' id='word_1_708' title='bbox 3183 4886 3391 4941; x_wconf 86' lang='lat' dir='ltr'><strong>honore</strong></span> <span class='ocrx_word' id='word_1_709' title='bbox 3422 4898 3525 4939; x_wconf 89' lang='lat' dir='ltr'><strong>suo</strong></span> 
     </span>
    </p>
   </div>
   <div class='ocr_carea' id='block_1_109' title="bbox 1947 4974 3526 5050">
    <p class='ocr_par' dir='ltr' id='par_1_109' title="bbox 1947 4974 3526 5050">
     <span class='ocr_line' id='line_1_109' title="bbox 1947 4974 3526 5050; baseline -0.004 -17"><span class='ocrx_word' id='word_1_710' title='bbox 1947 4990 2166 5050; x_wconf 90' lang='lat' dir='ltr'><strong>recepto</strong></span> <span class='ocrx_word' id='word_1_711' title='bbox 2189 4979 2545 5045; x_wconf 88' lang='lat' dir='ltr'><strong>instauretur,</strong></span> <span class='ocrx_word' id='word_1_712' title='bbox 2570 4994 2634 5033; x_wconf 90' lang='lat' dir='ltr'><strong>ac</strong></span> <span class='ocrx_word' id='word_1_713' title='bbox 2667 4977 2868 5036; x_wconf 90' lang='lat' dir='ltr'><strong>deinde</strong></span> <span class='ocrx_word' id='word_1_714' title='bbox 2890 4977 3172 5044; x_wconf 89' lang='lat' dir='ltr'><strong>canonice,</strong></span> <span class='ocrx_word' id='word_1_715' title='bbox 3198 4978 3244 5034; x_wconf 90' lang='lat' dir='ltr'><strong>si</strong></span> <span class='ocrx_word' id='word_1_716' title='bbox 3280 4993 3387 5050; x_wconf 86' lang='lat' dir='ltr'><strong>qua</strong></span> <span class='ocrx_word' id='word_1_717' title='bbox 3423 4974 3526 5030; x_wconf 88' lang='lat' dir='ltr'><strong>sibi</strong></span> 
     </span>
    </p>
   </div>
   <div class='ocr_carea' id='block_1_110' title="bbox 1948 5066 3531 5139">
    <p class='ocr_par' dir='ltr' id='par_1_110' title="bbox 1948 5066 3531 5139">
     <span class='ocr_line' id='line_1_110' title="bbox 1948 5066 3531 5139; baseline -0.005 -15"><span class='ocrx_word' id='word_1_718' title='bbox 1948 5070 2151 5126; x_wconf 79' lang='lat' dir='ltr'><strong>fuerint</strong></span> <span class='ocrx_word' id='word_1_719' title='bbox 2224 5069 2457 5138; x_wconf 88' lang='lat' dir='ltr'><strong>objecta,</strong></span> <span class='ocrx_word' id='word_1_720' title='bbox 2529 5068 2877 5137; x_wconf 87' lang='lat' dir='ltr'><strong>respondeat.</strong></span> <span class='ocrx_word' id='word_1_721' title='bbox 2960 5066 3296 5139; x_wconf 85' lang='lat' dir='ltr'><strong>Quocunqne</strong></span> <span class='ocrx_word' id='word_1_722' title='bbox 3347 5078 3531 5122; x_wconf 86' lang='lat' dir='ltr'><strong>tamen</strong></span> 
     </span>
    </p>
   </div>
   <div class='ocr_carea' id='block_1_111' title="bbox 1951 5155 3535 5233">
    <p class='ocr_par' dir='ltr' id='par_1_111' title="bbox 1951 5155 3535 5233">
     <span class='ocr_line' id='line_1_111' title="bbox 1951 5155 3535 5233; baseline -0.006 -16"><span class='ocrx_word' id='word_1_723' title='bbox 1951 5164 2114 5218; x_wconf 85' lang='lat' dir='ltr'><strong>modo</strong></span> <span class='ocrx_word' id='word_1_724' title='bbox 2162 5161 2441 5232; x_wconf 86' lang='lat' dir='ltr'><strong>synodalis</strong></span> <span class='ocrx_word' id='word_1_725' title='bbox 2506 5176 2631 5231; x_wconf 78' lang='lat' dir='ltr'><strong>erga</strong></span> <span class='ocrx_word' id='word_1_726' title='bbox 2682 5159 3007 5233; x_wconf 82' lang='lat' dir='ltr'><strong>dignitatem</strong></span> <span class='ocrx_word' id='word_1_727' title='bbox 3051 5161 3223 5232; x_wconf 90' lang='lat' dir='ltr'><strong>ipsius</strong></span> <span class='ocrx_word' id='word_1_728' title='bbox 3270 5155 3535 5215; x_wconf 84' lang='lat' dir='ltr'><strong>sententia</strong></span> 
     </span>
    </p>
   </div>
   <div class='ocr_carea' id='block_1_112' title="bbox 1951 5251 3537 5330">
    <p class='ocr_par' dir='ltr' id='par_1_112' title="bbox 1951 5251 3537 5330">
     <span class='ocr_line' id='line_1_112' title="bbox 1951 5251 3537 5330; baseline -0.006 -21"><span class='ocrx_word' id='word_1_729' title='bbox 1951 5251 2285 5327; x_wconf 72' lang='lat' dir='ltr'><strong>provenerit,</strong></span> <span class='ocrx_word' id='word_1_730' title='bbox 2314 5252 2585 5323; x_wconf 89' lang='lat' dir='ltr'><strong>jussimus</strong></span> <span class='ocrx_word' id='word_1_731' title='bbox 2610 5260 2670 5307; x_wconf 91' lang='lat' dir='ltr'><strong>ut</strong></span> <span class='ocrx_word' id='word_1_732' title='bbox 2697 5251 2775 5309; x_wconf 92' lang='lat' dir='ltr'><strong>illi</strong></span> <span class='ocrx_word' id='word_1_733' title='bbox 2797 5256 2896 5330; x_wconf 86' lang='lat' dir='ltr'><strong>qui</strong></span> <span class='ocrx_word' id='word_1_734' title='bbox 2919 5252 3190 5309; x_wconf 88' lang='lat' dir='ltr'><strong>diabolieo</strong></span> <span class='ocrx_word' id='word_1_735' title='bbox 3211 5251 3393 5308; x_wconf 85' lang='lat' dir='ltr'><strong>furore</strong></span> <span class='ocrx_word' id='word_1_736' title='bbox 3416 5261 3537 5303; x_wconf 91' lang='lat' dir='ltr'><strong>suc-</strong></span> 
     </span>
    </p>
   </div>
   <div class='ocr_carea' id='block_1_113' title="bbox 1954 5345 3541 5390">
    <p class='ocr_par' dir='ltr' id='par_1_113' title="bbox 1954 5345 3541 5390">
     <span class='ocr_line' id='line_1_113' title="bbox 1954 5345 3541 5390; baseline 0 0"><span class='ocrx_word' id='word_1_737' title='bbox 1954 5348 2101 5390; x_wconf 72' lang='lat' dir='ltr'><strong>nnnai</strong></span> <span class='ocrx_word' id='word_1_738' title='bbox 2127 5360 2242 5390; x_wconf 77' lang='lat' dir='ltr'><strong>mm</strong></span> <span class='ocrx_word' id='word_1_739' title='bbox 2274 5354 2385 5390; x_wconf 64' lang='lat' dir='ltr'><strong>tam</strong></span> <span class='ocrx_word' id='word_1_740' title='bbox 2410 5361 2626 5390; x_wconf 65' lang='lat' dir='ltr'><strong>gravem</strong></span> <span class='ocrx_word' id='word_1_741' title='bbox 2660 5354 2714 5390; x_wconf 69' lang='lat' dir='ltr'><strong>et</strong></span> <span class='ocrx_word' id='word_1_742' title='bbox 2763 5346 3035 5390; x_wconf 68' lang='lat' dir='ltr'><strong>nnt‘nrinr&#39;n</strong></span> <span class='ocrx_word' id='word_1_743' title='bbox 3082 5348 3134 5390; x_wconf 83' lang='lat' dir='ltr'><strong>in</strong></span> <span class='ocrx_word' id='word_1_744' title='bbox 3186 5345 3307 5390; x_wconf 68' lang='lat' dir='ltr'><strong>pius</strong></span> <span class='ocrx_word' id='word_1_745' title='bbox 3356 5353 3541 5390; x_wconf 84' lang='lat' dir='ltr'><strong>nerso-</strong></span> 
     </span>
    </p>
   </div>
  </div>
