3972 5390
450 343 553 399 635
626 332 631 359 ³

1087 342 1142 398 S.
1185 341 1511 400 GREGORII
1549 341 1642 397 VII
1677 339 1882 397 ΡΔΡΕ
1920 337 2029 397 01⁵1

2127 336 2205 394 1M
2242 334 2424 397 PARS
2460 334 2501 390 Ι.
2543 364 2617 381 ι-
2649 329 3072 402 BEGISTBUM.

3598 324 3707 380 636
3752 384 3755 387 ,

449 460 711 526 fautores,
737 458 1139 515 contumaciam
1162 458 1406 529 ipsorum
1432 456 1799 512 anathemati:
1834 454 2021 528 gladio
2048 456 2097 513 Α
2121 448 2394 524 LHugone]
2426 448 2775 519 higduncnsi
2798 445 3289 526 archicpiscopoet
3311 439 3423 513 Α...
3460 437 3701 513 [Amato]
3726 512 3729 515 Α

449 551 828 609 animadverti.
858 549 1031 617 Quod
1053 562 1180 606 cum
1214 549 1379 605 fuerit
1415 566 1480 606 ea
1531 564 1665 605 cura
1704 564 1817 619 qua
1867 549 2040 607 docet

451 645 753 717 impletum,
789 652 921 699 tunc
952 643 1149 699 deinde
1178 641 1848 717 oportebitexcellentiam
1869 651 2053 697 tuam»

451 736 752 792 Ecclesiam
774 735 1052 806 adjuvare,
1079 742 1133 789 et
1155 734 1328 804 ipsius
1364 734 1647 804 injuriam,
1688 733 1832 789 sicut
1870 735 2025 791 decet

449 830 821 885 Christianum
851 830 1171 901 principem,
1196 829 1503 885 defendere.
1543 828 1699 884 Sicut
1720 838 1903 884 autem
1926 843 2026 883 vo-

451 921 637 979 lumus
684 923 1017 978 industriam»
1065 932 1215 979 tuam
1256 924 1329 977 in
1386 923 1492 977 hoc
1534 922 1755 993 negotio
1801 921 2026 992 justitiae

452 1026 694 1068 amorem
730 1014 950 1081 habere,
987 1015 1061 1068 ita
1092 1028 1313 1084 quoque
1343 1022 1397 1069 et
1430 1013 1484 1068 in
1507 1027 1674 1068 causa
1704 1022 2025 1068 cancrorum

450 1101 773 1158 clericorum
802 1113 858 1158 et
891 1104 1176 1171 laicorum,
1202 1104 1296 1176 qui
1340 1104 1584 1159 membra
1623 1113 1751 1158 sunt
1778 1103 2026 1173 ejusdem

452 1194 729 1264 Ecclesiae,
759 1207 814 1253 te
835 1198 1145 1268 aequitatem
1177 1196 1395 1255 servare
1446 1212 1756 1264 monemus,
1787 1205 1841 1251 et
1875 1210 2027 1266 roga-

451 1302 577 1343 mus
600 1297 661 1343 ut
689 1290 853 1344 rebus
890 1304 1079 1345 eorum
1113 1290 1358 1358 redditis,
1395 1289 1683 1360 deinceps,
1716 1289 1761 1343 si
1795 1288 1928 1359 quid
1960 1288 2028 1343 de

450 1379 533 1433 eis
562 1381 913 1437 statuendum
940 1391 1044 1448 est,
1068 1382 1372 1437 secundum
1400 1381 1672 1450 justitiam
1701 1379 2023 1435 difﬁniatur.

854 1488 857 1491 γ
941 1496 1275 1559 EPISTOLA
1317 1502 1558 1560 XXXIV.

2122 542 2380 612 episeopo
2400 540 2458 597 in
2482 538 2744 597 Meldensi
2784 537 3018 595 concilio
3065 533 3567 609 excommunicato,
3587 539 3699 586 tum

2124 648 2222 703 pro
2252 632 2377 688 aliis
2396 630 2646 698 nefariis,
2668 639 2786 697 tum
2810 627 3165 699 proeoquod
3185 620 3429 696 quinque
3474 621 3700 683 Clericos

2088 756 2091 761 -
2123 723 2191 778 ad
2225 721 2537 779 Romanam.
2552 720 2821 792 synodum
2839 719 2951 786 ire,
2966 725 3021 777 et
3043 717 3110 795 de
3130 714 3484 784 malitiaejus
3514 712 3699 783 queri-

2124 815 2365 871 moniam
2388 814 2631 873 volentes
2648 812 2849 881 facere,
2870 809 3391 885 captionepessima
3416 806 3631 874 afﬂixit,
3652 815 3702 861 et

2123 909 2270 980 quod
2300 909 2370 965 de
2391 907 2645 979 Ecclesia,
2658 922 2758 962 sua
2784 905 3104 985 canonicam
3124 903 3475 973 disciplinam
3492 899 3700 967 evitans

2124 1004 2243 1061 sine
2270 1002 2490 1058 licentia
2514 1000 2778 1071 fugitivus
2802 999 2993 1055 evasit.
3028 996 3089 1053 In
3118 1011 3226 1066 qua
3260 988 3703 1050 excommunica-

2124 1096 2292 1161 tione,
2308 1092 2575 1151 ehteretica
2600 1090 2866 1161 pravitate
2889 1104 2948 1145 se
2970 1087 3099 1146 fecit
3118 1087 3189 1143 ab
3219 1083 3497 1156 episcopis
3524 1079 3701 1137 ofﬁcio

2078 1230 2081 1237 λ
2126 1203 2228 1243 suo
2250 1184 2535 1255 suspensis
2556 1180 2895 1247 consecrari,
2914 1180 3026 1235 imo
3049 1177 3245 1248 potius
3267 1172 3549 1229 exsecrari
3585 1171 3699 1226 dia-

2125 1293 2339 1343 conem,
2363 1276 2760 1346 presbyterum,
2798 1271 3135 1342 episcopum.
3178 1264 3387 1327 Deinde
3435 1262 3702 1318 hostiliter

2125 1379 2181 1426 et
2211 1377 2419 1425 armata
2448 1382 2635 1432 manu,
2662 1364 2859 1420 comite
2885 1362 3122 1419 Roberto
3153 1373 3281 1416 cum
3312 1354 3572 1420 exercitu
3622 1368 3703 1410 sc-

2128 1477 2251 1518 cum
2278 1468 2465 1524 eunte,
2502 1458 2571 1513 ad
2602 1457 2775 1526 ipsam
2806 1454 3081 1509 civitatem
3103 1462 3358 1520 pergens,
3383 1455 3577 1517 portas
3615 1459 3702 1500 ec-

2054 1584 2059 1589 ο
2128 1552 2327 1618 clesize,
2357 1564 2498 1620 quas
2517 1547 2570 1603 ei
2593 1548 2774 1603 clerus
2807 1553 2863 1600 et
2895 1543 3133 1617 populus
3171 1540 3505 1604 obcluserat,
3542 1536 3609 1590 in’
3628 1550 3705 1590 se-

962 1670 963 1675 ‘
1004 1612 1072 1651 Αι)
1112 1612 1499 1653 FLANDRENSES.

1041 1688 1221 1771 (Anno
1261 1687 1444 1758 l08l.)

451 1774 584 1831 Cum
615 1774 962 1850 Flandrensis
993 1797 1182 1847 comes,
1211 1787 1263 1834 et
1290 1781 1743 1835 excommunicato
1781 1788 1833 1835 et
1868 1779 2027 1850 depo-

525 1850 623 1921 sito
648 1847 993 1921 Tervonnensi
1022 1851 1165 1904 dicto
1193 1852 1432 1921 episcopo
1460 1850 1660 1921 favens,
1688 1866 1792 1905 una
1822 1847 1942 1904 cum
1963 1867 2023 1905 eo

523 1919 575 1973 in
601 1918 876 1991 ecclesiam
909 1918 1563 1991 Teroanncnsemeﬂ'rdcto
1592 1923 1729 1976 ostio
1757 1923 2022 1989 irruisset,

523 2004 591 2061 es
611 2006 716 2060 qua
750 1988 1126 2061 Terrannensis
1171 1988 1765 2061 cuncta—'deprredatus,
1806 1988 2025 2047 clericos

521 2058 654 2133 alios
680 2059 1064 2130 vulneraverat,
1091 2061 1226 2133 alios
1254 2058 1526 2117 semivivus
1540 2064 1783 2133 ejecerat,
1813 2071 1863 2117 et
1891 2063 2025 2117 alios

524 2129 620 2185 sibi
655 2133 1042 2187 communicare
1103 2132 1335 2187 nolentes
1376 2151 1409 2187 a
1458 2129 1649 2187 comite
1707 2134 1858 2187 rebus
1916 2134 2027 2188 suis

521 2201 817 2275 purioatose
845 2203 1046 2257 ditione
1073 2220 1170 2257 sua
1207 2204 1399 2275 expelli
1439 2204 1657 2273 fecerat,
1692 2205 1933 2275 praecipit
1970 2214 2027 2258 ut

700 2272 952 2328 ademttes
972 2283 1201 2345 arguant
1232 2269 1575 2345 moneatilque
1614 2269 1673 2328 ut
1692 2269 1705 2333 ἠ
1731 2269 2027 2343 resipiscat,

496 2341 936 2415 Terram-Ipsam
968 2362 999 2397 a
1023 2341 1077 2399 se
1108 2344 1327 2415 repellat
1373 2354 1423 2399 et
1477 2341 1695 2406 clericos
1724 2341 1915 2415 ejecta:
1948 2362 2030 2399 re—

520 2414 732 2487 ititttat.
768 2412 921 2487 Quod
951 2415 1056 2469 nisi
1076 2412 1337 2484 paruerit,
1364 2425 1585 2487 eum,et
1622 2412 1916 2487 quicunque
1944 2416 2028 2469 illi

517 2482 823 2561 (dhwserit,
859 2482 1371 2559 excommunicatum
1390 2482 1648 2541 declarat;

521 2584 831 2645 Gneconws
853 2586 1144 2657 episcopus
1186 2603 1377 2661 servus
1413 2604 1695 2644 servorum
1728 2586 1823 2645 Dei

447 2668 829 2732 Cameraceusi
842 2676 1097 2748 episcopo
1114 2676 2027 2753 R...[Rnsooo]Noviomensi,R...

449 2763 759 2843 [Rontcout]
786 2765 1161 2836 Ambianensi,
1189 2777 1243 2823 et
1269 2767 1524 2825 omnibus
1556 2768 1923 2824 Ecclesiarum
1947 2770 2033 2825 re-

450 2857 692 2915 ctoribus
717 2868 880 2930 atque
904 2846 1244 2932 principibus
1274 2859 1331 2915 in
1359 2858 1616 2925 Flandria
1661 2860 1765 2914 sub
1793 2857 2033 2915 Roberto

450 2948 647 3003 comite
686 2936 1029 3005 nobilissimo
1078 2945 1460 3018 militantibus,
1508 2950 1741 3007 salutem
1801 2959 1856 3007 et
1902 2964 2035 3021 apo-

449 3040 693 3096 stolicam
721 3040 1171 3110 benedictionem,
1198 3042 1245 3098 si
1268 3042 1588 3099 obedierint.

518 3129 740 3187 Noverit
763 3132 1007 3188 charitas
1029 3133 1277 3212 omnium
1328 3140 1594 3201 vestrum,
1634 3131 1832 3187 fratres
1852 3139 1906 3187 et
1936 3131 2032 3186 lilii

448 3223 782 3291 charissimi,
812 3225 1094 3295 quoniam,
1120 3224 1246 3282 licet
1268 3235 1583 3298 peccatores
1622 3235 1676 3281 et
1717 3225 1785 3280 ad
1815 3233 2027 3280 tantum

451 3332 594 3371 onus
627 3317 956 3387 portandum
982 3318 1223 3389 impares
1246 3318 1441 3385 simus,
1463 3326 1645 3373 tamen
1675 3333 1807 3373 cura
1841 3326 1895 3373 et
1920 3316 2031 3371 sol—

451 3408 968 3487 licitudo‘om‘nium
1028 3408 1397 3465 Ecclesiarum
1440 3408 1694 3479 parvitati
1756 3416 1959 3464 nostrae
1998 3423 2031 3464 a

452 3499 566 3554 Deo
587 3500 883 3557 commissa
935 3510 1037 3557 est.
1076 3495 1342 3557 Dominus
1387 3501 1536 3557 enim
1578 3499 1740 3557 Jesus
1778 3498 2031 3557 Christus

454 3591 676 3646 beatum
701 3591 921 3648 Petrum
949 3592 1234 3648 constituit
1279 3592 1582 3665 principem
1634 3588 2028 3665 apostolorum,

454 3685 592 3740 dans
621 3685 673 3741 ei
694 3685 872 3743 claves
896 3687 1049 3758 regni
1074 3688 1359 3753 caelorum,
1385 3697 1439 3744 et
1467 3695 1792 3760 potestatem
1828 3680 2031 3761 ligandi

424 3844 425 3847 η
454 3784 509 3831 et
533 3776 777 3845 solvendi
810 3776 866 3833 in
895 3777 1035 3835 cmlo
1056 3788 1112 3834 et
1150 3776 1203 3832 in
1245 3788 1390 3833 terra
1417 3797 1431 3847 ;
1458 3794 1622 3850 super
1656 3795 1818 3851 quem
1866 3779 2030 3836 etiam

456 3865 755 3924 Ecclesiam
786 3884 944 3924 suam
966 3869 1254 3925 aediﬁcavit
1303 3869 1523 3941 (Matth.
1560 3871 1695 3943 xvi),
1727 3886 2032 3944 Leommen-

455 3956 595 4014 dans
621 3960 672 4016 ei
708 3975 838 4017 oves
880 3977 1012 4018 suas
1049 3963 1355 4034 pascendas
1402 3960 1583 4037 (Joan.
1627 3963 1783 4037 xvn),
1825 3978 1890 4020 ex
1921 3980 2032 4036 quo

455 4059 699 4121 tempore
720 4038 1060 4124 principatus
1086 4053 1175 4108 ille
1201 4052 1256 4109 et
1279 4062 1522 4125 potestas
1555 4069 1652 4125 per
1677 4055 1897 4110 beatum
1927 4054 2032 4111 Pe-

455 4152 599 4200 trum
634 4148 898 4207 successit
927 4148 1184 4205 omnibus
1206 4165 1364 4205 suam
1391 4151 1706 4211 cathedram
1730 4149 2034 4220 suscipien-

456 4234 621 4302 tibus,
651 4237 736 4291 vel
772 4253 946 4309 usque
970 4238 1025 4294 in
1048 4239 1214 4294 linem
1252 4239 1442 4296 mundi
1472 4240 1809 4313 suscepturis
1849 4240 2034 4296 divino

455 4324 737 4399 privilegio
759 4334 812 4383 et
827 4328 952 4399 jure
974 4327 1340 4386 baereditario.
1365 4329 1445 4386 Ex
1468 4331 1627 4403 cujus
1651 4330 1796 4388 sedis
1817 4345 2036 4387 succes-

455 4416 609 4473 sione
622 4417 869 4475 imminet
880 4419 1041 4476 nobis
1052 4420 1350 4478 inevitabili
1362 4425 1689 4479 necessitate
1706 4429 1766 4479 ut
1778 4422 2036 4479 omnibus

2128 1641 2247 1699 euri
2265 1648 2320 1697 et
2343 1640 2492 1696 ascia
2522 1647 2577 1693 et
2611 1637 2735 1694 aliis
2755 1634 3030 1695 violentiis
3061 1630 3254 1688 incidit
3291 1637 3458 1700 atque
3489 1625 3705 1683 confre-

2131 1734 2227 1806 git.
2254 1732 2484 1789 Cl'uoem
2503 1745 2723 1802 quoque
2747 1737 2800 1784 et
2814 1726 3104 1798 imaginem
3118 1720 3441 1787 Salvatoris,
3465 1719 3718 1774 libellum.

2056 1819 2612 1892 Bvcontradictorium
2663 1828 2789 1877 ante
2850 1819 2998 1889 ipsas
3037 1825 3226 1886 portas
3277 1814 3503 1869 clausas
3544 1825 3707 1865 manu

2124 1919 2347 1974 dextera
2391 1914 2499 1971 sibi
2538 1913 2696 1984 quasi
2720 1909 3049 1989 porrigentis
3071 1916 3126 1962 et
3156 1905 3305 1962 velut
3342 1919 3439 1959 ore
3488 1900 3710 1974 proprio

2124 2011 2429 2081 ingressum
2450 2005 2692 2063 ecclesiae
2729 2004 2833 2061 sibi
2859 1997 3306 2063 contradicentis,
3335 1997 3411 2051 ita
3444 1994 3711 2050 diabolica

2123 2118 2155 2156 a
2180 2101 2352 2172 portis
2385 2097 2652 2154 abstraxit
2680 2100 2757 2151 ‘ut
2782 2095 3062 2152 dexteram
3097 2104 3322 2145 manum
3355 2086 3533 2159 (quod
3576 2100 3709 2139 nun-

2124 2209 2290 2264 quam
2313 2189 2473 2247 antea
2495 2188 2729 2261 legimus
2746 2194 2848 2242 ‘aut
2867 2185 3177 2241 audivimus
3203 2178 3430 2249 factum)
3458 2177 3538 2233 illi
3564 2175 3715 2231 evul-

2126 2286 2277 2351 scrit,
2305 2284 2494 2354 sicque
2520 2296 2647 2336 cum
2680 2278 2887 2335 lanceis
2907 2287 2961 2333 ct
2984 2274 3180 2348 gladiis
3206 2270 3516 2343 evaginatis
3544 2266 3634 2323 fur
3662 2277 3716 2322 et

2125 2377 2265 2432 latro
2286 2376 2620 2445 irrumpens,
2653 2371 2790 2427 alios
2836 2369 3164 2426 clericorum
3205 2360 3538 2427 vulneravit,
3579 2357 3719 2425 alios

2127 2468 2416 2525 semivivos
2463 2463 2693 2536 fugavit,
2735 2462 3093 2531 omniumque
3147 2456 3252 2513 sibi
3301 2449 3717 2510 communicare

2128 2560 2431 2616 nolentium
2484 2557 2679 2613 domos
2725 2553 2949 2625 diripuit
2990 2560 3157 2621 atque
3200 2545 3476 2604 distraxit.
3498 2608 3501 2611 λ
3526 2540 3716 2612 Ipsum

2128 2669 2261 2708 vero
2292 2650 2546 2708 comitem
2570 2648 2629 2703 in
2650 2655 2865 2703 tantum
2905 2642 3121 2700 seduxit
3161 2649 3224 2696 ut
3256 2651 3452 2696 omnes
3485 2631 3717 2691 clericos

2130 2744 2236 2803 sibi
2258 2741 2480 2798 obedire
2497 2740 2745 2796 nolentes
2767 2736 3024 2793 omnibus
3048 2733 3211 2789 bonis
3231 2728 3485 2813 privatos
3508 2726 3583 2782 de
3605 2732 3723 2779 tota

2130 2846 2275 2892 terra
2303 2850 2403 2890 sua
2423 2832 2667 2904 ejecerit,
2691 2840 2747 2888 ct
2765 2831 2904 2887 duas
2921 2827 3183 2900 epistolas
3210 2831 3433 2880 nostras
3470 2828 3590 2875 tam
3614 2832 3710 2873 su—

2131 2928 2297 3001 perbe
2318 2925 2603 2997 spreverit,
2624 2933 2685 2981 ut
2715 2921 3072 2995 portitoribus
3098 2910 3714 2975 earumcontumeliosa

2133 3018 2298 3075 verba
2319 3025 2375 3074 et
2391 3024 2544 3075 tanto
2574 3014 2807 3088 principi
2828 3014 3060 3077 multum
3082 3009 3304 3082 indigna
3330 3001 3645 3077 protulerit.

2210 3111 2342 3180 Quae
2365 3110 2548 3166 omnia
2578 3113 2844 3182 quarﬂum
2876 3102 3190 3181 apostolica
3224 3099 3370 3157 sedis
3401 3092 3720 3161 reverentia

2060 3180 2100 3237 (ἶ
2135 3206 2246 3260 sint
2278 3180 2641 3258 intolerabilia
2668 3210 2723 3256 et
2760 3180 3088 3255 Christiana:
3136 3189 3387 3263 religioni
3416 3185 3716 3253 contraria,

2130 3299 2178 3352 si
2195 3296 2366 3351 Deum
2387 3293 2609 3360 timetis,
2622 3294 2782 3364 eique
2801 3290 3077 3346 hominem
3088 3302 3198 3343 non
3218 3278 3560 3354 praeponitis,
3586 3279 3723 3333 satis

2129 3389 2379 3462 intelligit
2407 3387 2672 3444 industria
2697 3393 2897 3442 vestra.
2921 3382 3029 3438 Pro
3066 3379 3267 3452 quibus
3297 3373 3562 3433 omnibus
3584 3386 3723 3441 prae-

2129 3484 2242 3540 fato
2264 3482 2451 3540 comiti
2471 3478 2870 3549 exhortatorias
2892 3484 2947 3532 et
2966 3468 3365 3547 deprecatorias
3385 3480 3537 3520 nunc
3562 3462 3725 3518 tertio

2131 3576 2453 3649 scripsimus
2469 3575 2704 3640 litteras,
2728 3580 2789 3626 ut
2807 3565 3130 3624 Antichristi
3151 3561 3459 3620 membrum
3481 3554 3718 3649 amplius

2130 3647 2588 3724 ncn‘sustentarct
2614 3678 2791 3736 neque
2811 3661 3040 3727 foveret,
3069 3656 3165 3715 sed
3190 3653 3368 3725 magis
3393 3651 3464 3706 de
3484 3647 3721 3704 ecclesia

2130 3775 2390 3831 oppressa
2412 3759 2574 3815 citius
2618 3754 2962 3827 propelleret,
3006 3758 3063 3807 et
3101 3745 3314 3804 clericis
3363 3757 3467 3814 pro
3502 3738 3721 3811 justitia
3762 3818 3767 3822 j

2130 3853 2392 3909 exsulans
2416 3851 2602 3908 omnia
2625 3847 2730 3905 sibi
2754 3846 2935 3903 ablata
2962 3844 3019 3913 in
3067 3842 3340 3919 integrum
3380 3835 3718 3919 restitueret,

2129 3954 2185 4001 et
2214 3945 2398 4002 omnia
2420 3944 2536 4000 hanc
2577 3940 2722 3997 mala
2763 3936 3087 4010 corrigendo
3128 3935 3325 4005 dignos
3377 3926 3717 4000 poenitentiae

2130 4039 2342 4095 fructus
2366 4036 2572 4093 faceret
2604 4033 2748 4091 infra
2778 4032 3076 4091 terminum
3101 4025 3473 4109 quadraginta
3498 4020 3716 4077 dierum

2132 4140 2263 4203 post
2276 4130 2482 4186 litteras
2506 4135 2727 4183 nostras
2747 4124 2852 4180 sibi
2895 4132 3166 4187 ostensus,
3212 4118 3329 4175 sive
3382 4115 3719 4202 notificatas.

2136 4221 2232 4278 Sin
2254 4231 2434 4278 autem
2459 4219 2625 4292 (quod
2660 4217 2822 4284 absit,
2859 4224 2914 4271 et
2951 4213 3099 4285 quod
3135 4211 3280 4267 Deus
3322 4208 3519 4280 procul
3561 4203 3720 4262 abeo

2134 4314 2393 4384 avertat!)
2423 4311 2611 4379 nollet,
2635 4309 2936 4366 secundum
2959 4304 3301 4377 Apostolum,
3344 4302 3440 4372 qui
3486 4300 3604 4355 ait:
3648 4295 3719 4352 In

2134 4413 2378 4477 promptu
2400 4402 2646 4458 habentes
2670 4400 2857 4457 ulcisci
2901 4414 3107 4454 omnem
3150 4393 3565 4451 inobedientiam
3600 4390 3617 4461 (
3647 4387 3711 4443 II

454 4510 731 4579 oppressis
755 4510 1054 4567 debeamus
1084 4527 1243 4584 opem
1270 4512 1435 4581 ferre,
1457 4522 1512 4569 et
1543 4521 1735 4569 contra
1777 4512 2029 4568 inimicos

2137 4497 2261 4555 Cor.
2286 4497 2377 4569 x);
2405 4504 2461 4553 et
2481 4496 2610 4552 alibi
2643 4515 2656 4551 :
2687 4493 2749 4550 Si
2771 4494 2890 4566 quis
2913 4508 3017 4548 non
3039 4489 3294 4545 obedierit
3322 4487 3476 4542 verbo
3511 4494 3710 4550 nostro,

452 4594 548 4651 Dei
570 4613 668 4668 pro
693 4597 1027 4656 defendenda
1047 4601 1283 4672 justitia,
1311 4618 1600 4675 quousque
1620 4612 2026 4672 convertantur,

2130 4604 2223 4663 per
2268 4587 2549 4661 epistolam
2608 4587 2745 4641 hunc
2790 4594 2968 4641 notate
3011 4591 3066 4638 et
3114 4598 3221 4637 non
3263 4587 3709 4637 commisceam

454 4686 690 4759 Spiritus
708 4693 881 4749 sancti
915 4668 1113 4765 gladio,
1138 4668 1286 4765 quod
1316 4668 1400 4752 est
1423 4668 1648 4753 verbum
1674 4696 1769 4752 Dei
1807 4668 2024 4770 (Ephesi

2132 4700 2251 4738 cum
2288 4681 2407 4750 illo,
2446 4688 2505 4737 ut
2563 4680 2922 4750 confundatur
2952 4678 2969 4748 (
2995 4674 3060 4729 η
3094 4673 3274 4729 Thess.
3335 4672 3454 4742 rx);
3506 4680 3562 4725 et
3605 4668 3710 4770 alio

452 4778 548 4849 Vl),
577 4779 741 4835 etiam
772 4763 945 4854 usque
972 4764 1041 4839 ad
1062 4763 1316 4853 mortem,
1341 4786 1389 4841 si
1408 4786 1732 4857 oportuerit,
1761 4763 2026 4858 pugnare.
2131 4777 2253 4833 loco
2277 4795 2291 4831 :
2315 4776 2534 4845 Auferte
2566 4772 2767 4828 malum
2794 4788 2860 4831 ex
2914 4767 3300 4839 vobismetipsis
3324 4769 3342 4838 (
3377 4764 3445 4819 ΙΙ
3479 4764 3605 4821 Cor.
3632 4763 3703 4858 vi.

457 4866 496 4922 ιτ
505 4869 608 4925 nde
636 4871 891 4930 volumus
919 4890 1112 4932 omnes
1135 4893 1238 4933 vos
1264 4878 1406 4934 scire
1584 4855 2028 4935 archidiaconem
2129 4870 2256 4942 quia
2284 4867 2549 4923 modicum
2567 4865 2902 4936 {fermentum
2945 4870 3111 4919 totam
3146 4873 3380 4914 massam
3420 4855 3704 4926 corrumpit

452 4956 894 5016 Tarvannensem
924 5005 944 5031 ,
982 4974 1036 5019 et
1067 4965 1185 5023 Μ...
1212 4968 1484 5036 abbatem,
1512 4979 1566 5024 et
1587 4967 1697 5024 L...
1719 4968 2027 5040 diaconem,

2133 4961 2278 5025 (Gal.
2314 4976 2349 5015 v
2373 4959 2412 5032 ).
2439 4958 2497 5014 Si
2529 4957 2716 5025 nollet,
2746 4957 2994 5026 inquam,
3028 4951 3269 5017 obedire,
3309 4956 3625 5021 segregatim
3643 4958 3698 5040 et

451 5057 504 5102 et
532 5064 630 5119 per
651 5064 748 5104 eos
770 5053 969 5109 multos
1003 5056 1325 5114 clericorum
1367 5060 1515 5116 illius
1555 5059 1834 5129 Ecclesiae,
1869 5020 2030 5118 nobis
2130 5051 2635 5110 exeommunicatus
2655 5048 2795 5105 foret
2816 5064 2848 5104 a
2874 5060 3104 5117 corpore
3148 5052 3205 5100 et-
3244 5058 3279 5098 a
3323 5020 3711 5097 communioni:

453 5137 865 5192 lacrvmabilcm
917 5146 1315 5192 ﬂllerin‘lnniam
1350 5150 1565 5192 ’ῗρρίααρ
1614 5169 1779 5192 clmor-
1828 5154 2029 5192 nnmitn

2132 5154 2336 5192 canem!
2355 5144 2630 5192 Ecclesiae-
2654 5140 3003 5192 auctoritate
3179 5144 3236 5192 ct
3279 5135 3489 5192 iudicio
3536 5137 3709 5191 sancti
