3972 5390
144 353 244 409 637

1212 363 1413 418 LIBER
1453 362 1702 421 NONUS.
1728 393 1796 404 ——
1820 362 2036 418 EPIST.
2080 358 2318 416 XXXIV.
3306 353 3410 405 638

145 469 314 524 Deum
355 469 646 544 diligentes
675 473 861 545 diligo,
883 482 937 529 et
961 474 1110 529 illum
1143 477 1380 546 quadam
1406 478 1626 548 speciali
1651 477 1732 531 di—
1764 479 1808 534 Α
1835 475 1992 546 gerit,
2019 474 2212 545 procul
2237 471 2404 528 dubio
2435 480 2520 526 est
2551 465 2912 539 repellendus.
2938 463 3076 520 Nam
3105 464 3204 536 qui
3223 464 3303 521 sic
3331 481 3410 519 nt-

142 559 400 625 lectione,
443 563 712 632 sicutjam
750 563 1009 634 prarfatus
1041 581 1184 630 sum,
1227 566 1411 631 dilexi,
1467 567 1594 636 quia
1630 567 1731 620 bo-

141 664 207 702 na
234 649 531 706 multoties
553 653 620 706 de
639 666 704 707 eo
727 654 937 720 audivi;
967 655 1061 709 sed
1100 655 1446 711 dissimulare
1489 657 1602 712 haec
1637 672 1734 710 ne-

141 755 245 809 que
272 740 406 795 sine
429 743 635 798 anima:
659 760 792 799 mea:
835 761 1034 816 magno
1061 735 1306 815 periculo
1339 756 1560 818 propter
1600 748 1730 802 illud

140 832 428 902 prophetae
457 853 469 886 :
499 834 560 888 Si
597 851 701 888 non
749 838 1145 890 annuntiareria
1184 839 1367 908 iniquo
1395 840 1730 910 iniquitatem

139 923 268 990 ejus,
292 925 749 993 sanguinem-ejus
769 927 836 979 de
871 943 1030 981 manu
1077 936 1168 980 tua
1212 930 1474 998 requiram
1498 930 1515 999 (
1537 928 1725 982 Exerit.

129 1012 240 1077 ut),
273 1019 332 1065 et
355 1013 497 1067 illud
532 1013 776 1083 Apostoli
806 1034 819 1068 :
851 1014 970 1068 No’n
1000 1016 1170 1070 solum
1192 1019 1282 1088 qui
1308 1019 1536 1088 faciunt,
1568 1021 1658 1073 sed
1677 1029 1729 1073 et

141 1105 222 1172 qui
249 1107 621 1173 consentiunt,
639 1107 785 1176 digni
805 1116 926 1161 sunt
949 1119 1116 1163 morte
1144 1109 1316 1180 (Rom.
1350 1112 1418 1182 I);
1455 1121 1508 1165 et
1537 1111 1730 1167 beatus

141 1191 446 1262 Gregorius
463 1196 550 1248 ‘ait
576 1213 590 1249 ε
625 1213 643 1248 ι
675 1195 812 1252 Mala
838 1214 966 1268 qua:
988 1200 1056 1253 ad
1091 1215 1192 1255 nos
1217 1209 1581 1270 pervenerunt
1617 1202 1730 1256 dis-

142 1286 403 1341 simulare
435 1304 547 1342 non
585 1290 870 1355 audemus,
905 1291 1036 1360 quia
1071 1292 1167 1360 qui
1208 1293 1502 1348 emendare
1550 1301 1732 1363 potest

141 1385 190 1429 et
213 1377 464 1455 negligit,
503 1379 687 1434 delicti
717 1381 1033 1451 participem
1067 1383 1255 1450 procul
1297 1383 1466 1437 dubio
1498 1399 1556 1438 se
1596 1399 1728 1438 con-

141 1468 332 1534 stituit,
363 1485 388 1519 ν
427 1478 484 1523 et
518 1471 648 1525 alibi
679 1491 691 1526 :
726 1491 745 1523 ς
782 1471 1048 1543 Quisquis
1092 1483 1283 1528 contra
1331 1475 1636 1547 neophytos
1674 1484 1729 1529 et

147 1558 492 1614 Simoniacos
517 1577 620 1630 pro
649 1562 811 1618 ofﬁcii
839 1563 926 1619 sui
959 1564 1401 1620 consideratione
1437 1567 1728 1628 vehemen-

141 1660 220 1704 ter
251 1665 364 1704 non
417 1654 641 1719 arserit,
692 1671 818 1710 cum
868 1671 937 1710 eo
988 1672 1097 1710 non
1142 1656 1353 1712 dubitet
1407 1672 1466 1712 se
1528 1658 1728 1713 habere

145 1744 471 1812 portionem,
531 1762 565 1800 ει
603 1761 718 1817 quo
757 1749 862 1803 hoc
921 1749 1198 1818 piaculare
1259 1748 1527 1820 ﬂagitium
1569 1766 1724 1805 sum-

1835 568 1969 622 titur
1991 569 2059 622 ad
2091 568 2283 621 altiora
2319 561 2705 627 conscendere,
2728 560 2860 630 quid
2897 559 3010 629 agit
3035 557 3142 613 nisi
3185 565 3246 613 ut
3290 572 3409 613 cre-

1833 659 2033 715 scendo
2057 659 2357 721 decrescat,
2406 663 2460 709 et
2485 651 2827 710 ascendendo
2870 649 3130 715 exterius,
3179 647 3409 703 interius

1833 752 1901 807 ad
1924 748 2193 821 profunda
2217 747 2548 803 descendat?
2567 765 2586 796 ι
2608 744 2689 816 (S.
2716 742 2908 808 Cum,
2937 741 3077 797 liam.
3103 741 3192 808 39,
3217 741 3273 794 in
3297 738 3410 794 Lu-

1832 859 1969 906 cam,
2001 849 2054 895 et
2075 840 2228 910 epist.
2280 839 2376 892 lib.
2431 853 2510 904 ix,
2571 835 2731 905 epist.
2769 833 2884 903 64.)
2925 839 2980 888 et
3031 831 3194 902 paulo
3244 839 3406 902 post:

1839 952 1855 983 ‹
1882 931 2163 1001 Templum
2197 929 2461 985 Dominus
2485 937 2539 983 et
2575 926 2822 981 Salvator
2867 931 3054 979 noster
3108 923 3410 994 ingressus,

1830 1024 1994 1094 coepit
2013 1023 2209 1092 ejicere
2239 1036 2431 1076 omnes
2481 1019 2774 1074 vendentes
2795 1025 2850 1072 et
2894 1024 3138 1072 ementes
3189 1016 3245 1070 in
3291 1015 3407 1084 illo,

1829 1127 1882 1173 et
1917 1115 2202 1171 cathedras
2226 1113 2574 1170 vendentium
2602 1112 2886 1168 columbas
2909 1111 3121 1166 evertit.
3156 1109 3261 1176 Qui
3282 1118 3412 1165 sunt

1828 1210 1917 1264 isti
1949 1208 2240 1263 vendentes
2272 1215 2328 1262 et
2345 1215 2606 1271 ementes,
2635 1220 2870 1275 quorum
2903 1204 3174 1259 cathedrae
3207 1217 3411 1257 eversa:

1829 1308 1977 1365 sunt,
2005 1299 2109 1354 nisi
2140 1299 2234 1369 qui
2257 1298 2498 1354 vendunt
2527 1307 2580 1352 et
2605 1304 2796 1351 emunt
2821 1296 3188 1352 sacerdotium
3222 1303 3276 1349 et
3291 1292 3412 1362 Spi:

1829 1393 1994 1447 ritum
2047 1403 2595 1460 sanctum,quorum
2641 1388 3005 1444 sacerdotium
3053 1395 3178 1442 ante
3219 1385 3412 1441 oculos

1829 1485 1924 1541 Dei
1956 1483 2216 1540 cecidisse
2241 1483 2628 1540 eathedrarum
2645 1481 2930 1536 eversione
2959 1487 3208 1550 patenter
3234 1478 3414 1549 signa-

1828 1585 1942 1630 tum
1973 1575 2091 1631 est?
2121 1573 2187 1628 Et
2217 1590 2342 1628 cum
2377 1573 2582 1644 liqueat
2604 1573 2747 1626 hanc
2779 1571 3028 1625 hteresim
3064 1576 3190 1624 ante
3219 1581 3414 1622 omnes

1829 1670 1964 1724 alias
1994 1668 2176 1722 radice
2198 1666 2453 1737 pestifera
2473 1666 2527 1719 in
2552 1663 2794 1720 Ecclesia
2827 1663 3184 1732 surrepsisse,
3245 1668 3412 1730 atque.

1830 1762 1884 1815 iu
1917 1763 2036 1831 ipso
2093 1769 2255 1831 portu
2311 1760 2624 1830 apostolicae
2673 1757 3071 1812 maledictiouis
3117 1756 3223 1810 telo
3289 1770 3411 1810 esse

145 1833 243 1901 psit
274 1835 593 1889 exordium.
627 1854 646 1888 ι
692 1834 866 1904 Unde,
899 1838 1241 1892 dilectissimi
1287 1838 1485 1894 fratres
1511 1849 1565 1894 et
1607 1839 1724 1906 ﬁlii,
1761 1845 1802 1899 B
1829 1856 2162 1920 danmatam,
2200 1870 2300 1909 cur
2333 1869 2443 1908 non
2473 1863 2718 1919 cavetur,
2748 1867 2847 1906 cur
2891 1865 3002 1904 non
3059 1847 3412 1920 perpenditur

146 1941 232 1979 vos
268 1941 480 1984 'omnes
526 1945 806 2001 rogamus,
867 1938 923 1985 et
969 1946 1066 2000 per
1133 1946 1317 1986 veram
1363 1932 1724 1987 obedientiam

148 2034 206 2072 ex
242 2029 398 2088 parte
451 2021 604 2076 beati
656 2021 804 2078 Petri
861 2023 1236 2092 apostolorum
1284 2024 1550 2094 principis
1582 2040 1724 2096 prte-

149 2109 366 2178 cipimus
411 2120 477 2166 ut
503 2127 629 2166 eum
654 2113 1086 2181 persuasibiliter
1132 2122 1187 2168 et
1220 2113 1543 2179 honoriﬁce,
1583 2114 1726 2169 sicut

153 2200 286 2256 :leeet
329 2203 503 2258 talem
537 2212 593 2258 et
632 2215 744 2258 tam
796 2205 1034 2261 nobilem
1079 2207 1280 2273 virum,
1330 2207 1501 2262 Deum
1539 2217 1722 2263 tamen

150 2295 239 2348 sibi
304 2310 529 2365 semper
586 2307 986 2368 praeponentes,
1038 2300 1418 2370 unusquisque
1475 2309 1718 2356 vestrum

152 2395 444 2455 opportuno
478 2395 724 2458 tcmpure
758 2390 986 2458 adeatis,
1037 2392 1243 2462 rogetis
1299 2393 1720 2462 etincrepetis,

151 2492 210 2531 ne
275 2480 520 2550 seipsum
584 2490 642 2535 et
725 2491 903 2538 totum
962 2484 1222 2554 populum
1294 2484 1446 2540 illum
1510 2486 1720 2554 perdat,

155 2577 442 2636 apostatam
529 2571 689 2627 illum
752 2572 1092 2630 defendendo
1147 2594 1159 2629 :
1220 2575 1316 2630 sed
1391 2577 1722 2646 quantocius

155 2674 181 2711 a
209 2662 508 2728 perditione
532 2663 732 2734 eripiat
762 2665 979 2737 longius
1007 2683 1039 2721 a
1089 2682 1149 2722 se
1207 2668 1542 2737 expellendo.
1613 2667 1722 2725 Vos

151 2765 348 2821 quoque
375 2753 580 2810 fratres
638 2755 948 2830 G....._.,et
993 2757 1254 2814 Ra.......
1285 2767 1339 2813 et

155 2845 424 2912 separatim
449 2855 504 2901 et
538 2863 652 2917 prae
686 2850 896 2904 caneris
943 2862 1078 2921 rogo
1135 2859 1190 2905 et
1253 2852 1510 2921 pnecipio
1536 2862 1595 2906 ut
1623 2869 1722 2907 vos

157 2941 248 2988 tres
267 2936 453 3004 simul,
486 2939 571 2992 vel
596 2941 874 3008 semotim,
901 2957 1027 2996 cum
1054 2942 1250 2997 litteris
1280 2945 1505 3010 nostris,
1541 2954 1596 2999 et
1630 2946 1720 2999 lit-'-

157 3034 369 3084 lerarum
401 3032 788 3100 portitoribus,
825 3033 1110 3104 prtefatum
1142 3035 1441 3106 principem
1492 3038 1720 3104 adeatis,

156 3127 201 3172 et
219 3120 415 3178 litteras
443 3124 496 3178 ei
531 3125 746 3195 legatis,
766 3134 821 3181 et
844 3136 1160 3199 constanter
1189 3128 1432 3198 arguatis
1452 3130 1580 3198 quia
1601 3138 1723 3184 tan—

156 3219 318 3282 topere
344 3214 592 3273 defendit
628 3218 802 3285 illum,
830 3220 924 3289 qui
951 3214 1171 3289 Quando
1205 3218 1494 3274 Dominum
1525 3237 1625 3290 pro
1663 3238 1720 3276 se

156 3313 200 3356 et
221 3307 415 3376 populo
444 3318 661 3378 exorat,
698 3312 874 3382 magis
900 3312 1051 3381 illum
1087 3311 1330 3378 oll‘endit,
1370 3321 1422 3367 et
1477 3313 1546 3368 ad
1609 3314 1722 3368 ira-

158 3400 383 3453 cundiam
416 3411 704 3470 provocat.
734 3403 817 3466 An
849 3419 960 3458 non
989 3403 1055 3458 de
1091 3403 1290 3459 talibus
1335 3403 1468 3458 dicit
1510 3403 1719 3461 lsaias':

160 3484 226 3541 Ne
245 3492 482 3560 offeratis
505 3492 652 3548 ultra
675 3497 1000 3565 sacriﬁcium
1024 3496 1226 3565 frustra
1251 3512 1269 3549 :
1297 3498 1566 3552 incensum
1591 3499 1722 3553 abo-

158 3582 352 3637 minatio
373 3593 460 3638 est
487 3586 639 3654 mihi,
661 3596 712 3641 et
735 3604 854 3641 cum
896 3588 1238 3643 extendcritis
1287 3605 1476 3644 manus
1521 3600 1722 3646 vestras

159 3670 214 3722 ad
236 3691 322 3740 me,
358 3686 604 3749 apertam
634 3680 815 3734 oculos
840 3698 978 3734 meos
1015 3699 1047 3734 a
1086 3682 1250 3748 vobis,
1290 3691 1341 3735 et
1375 3699 1496 3736 cum
1539 3684 1723 3738 multi-

155 3763 476 3843 plicaveritis’
520 3773 820 3839 orationes,
877 3790 979 3828 non
1042 3775 1325 3828 exaudiam
1377 3774 1515 3844 (lsa.
1561 3777 1632 3847 1);
1669 3785 1725 3832 et

157 3855 427 3918 Malachias
457 3881 469 3916 :
505 3863 575 3916 Et
613 3881 749 3918 nunc
777 3867 845 3920 ad
890 3883 978 3920 vos
1022 3868 1336 3920 mandatum
1374 3868 1470 3921 hoc
1498 3909 1512 3934 ,
1571 3885 1602 3923 ο
1633 3887 1723 3924 sa-

157 3946 382 4020 cerdotes,
417 3955 496 4010 ait
524 3955 790 4014 Dominus
817 3978 828 4013 :
870 3957 930 4014 Si
955 3959 1231 4013 nolueritis
1258 3959 1465 4026 audire,
1483 3971 1533 4015 et
1563 3978 1724 4031 pone-

160 4057 202 4098 re
219 4060 360 4115 super
379 4064 495 4111 cor,
523 4057 583 4102 ut
605 4049 740 4104 detis
763 4050 991 4122 gloriam
1013 4053 1370 4119 nomini-meo,
1406 4053 1722 4107 maledicam

159 4133 584 4196 benedictionibus
621 4144 827 4196 vestris.
863 4142 963 4197 Vos
1000 4126 1138 4198 enim
1191 4145 1478 4199 recessistis
1529 4162 1564 4198 a
1619 4163 1719 4211 me,

157 4236 197 4280 et
217 4233 618 4287 scandalizastis
642 4234 896 4304 plurimos
922 4237 976 4289 in
1002 4235 1131 4306 lege,
1159 4238 1431 4306 a/ferentes
1465 4254 1620 4306 super
1642 4239 1724 4292 al-

161 4329 252 4376 tare
272 4341 441 4380 meum
472 4344 667 4398 panem
697 4329 961 4402 pollutum
1000 4329 1257 4400 (Malaclt.
1287 4332 1380 4400 tl);
1416 4339 1471 4386 et
1530 4331 1722 4388 beatus

161 4411 429 4485 Gregorius
455 4437 468 4473 :
500 4438 518 4470 ‹
549 4418 789 4475 maxima
820 4423 1110 4480 metuenda
1133 4431 1218 4477 est
1241 4423 1296 4476 in
1312 4423 1418 4478 illis
1447 4423 1582 4499 locis
1605 4422 1722 4480 fore

161 4508 433 4576 calamitas,
465 4513 560 4566 ubi
601 4514 737 4568 tales
771 4514 1160 4571 intercessores
1187 4515 1253 4570 ad
1283 4517 1465 4571 locum
1494 4518 1715 4588 regimi—

1827 1947 1956 2017 quia
1991 1946 2295 2001 benedictio
2332 1947 2410 2000 illi
2477 1946 2533 1999 in
2585 1944 3022 2000 maledictioucm
3073 1942 3410 1997 convertitur

1826 2040 1918 2109 qui
1945 2039 2011 2093 ad
2034 2039 2139 2093 hoc
2172 2046 2232 2092 ut
2255 2037 2348 2092 ﬁat
2378 2037 2663 2092 haereticus
2682 2035 3070 2106 promovetur?
3100 2053 3119 2086 ι
3149 2033 3275 2088 Haec
3296 2049 3410 2088 om-

1825 2133 1914 2188 nia
1944 2141 1998 2187 et
2025 2133 2222 2186 horum
2246 2131 2446 2186 similia
2462 2130 2588 2197 sibi,
2615 2130 2742 2200 quia
2766 2129 2945 2189 virum
2961 2128 3258 2182 litteratum
3281 2143 3407 2181 eum

1824 2225 2156 2291 audivimus,
2189 2223 2388 2278 dicite:
2414 2223 2824 2278 considerantes
2878 2220 3165 2290 diligenter
3189 2228 3245 2274 et
3281 2236 3410 2274 cum

1825 2318 2020 2372 timore
2045 2317 2172 2388 quia
2191 2315 2580 2380 iuobedientes,
2610 2313 2862 2368 Samuele
2886 2312 3151 2383 propheta
3177 2320 3410 2366 testante

1826 2408 1915 2476 (II
1967 2409 2094 2479 Reg.
2149 2411 2241 2478 xv)
2271 2451 2286 2476 ,
2340 2409 2520 2463 scelus
2555 2406 2844 2460 incurrunt
2877 2403 3232 2460 idololatrian
3292 2403 3412 2460 sine

1823 2519 1928 2573 qua
1966 2502 2216 2556 videlicet
2245 2501 2572 2566 obedientia,
2606 2497 2748 2554 sicut
2772 2498 2966 2552 beatus
3023 2496 3314 2568 Gregorius
3353 2495 3412 2551 in

1825 2595 2016 2648 ultimo
2056 2592 2345 2647 Moralium
2385 2593 2528 2646 libro
2579 2590 2840 2657 declarat,
2888 2590 3123 2646 inﬁdelis
3153 2589 3411 2658 quisque

1823 2687 2187 2752 convincitur,
2211 2685 2424 2740 etiamsi
2456 2685 2627 2740 ﬁdelis
2661 2698 2783 2740 esse
2838 2683 3108 2737 videatur.-
3164 2680 3408 2736 Plurima

1823 2779 1926 2833 sibi
1951 2779 2004 2831 in
2043 2778 2308 2847 epistolis,
2338 2777 2478 2832 sicut
2503 2785 2557 2830 et
2579 2775 2746 2830 modo
2781 2774 2937 2829 vobis
2981 2774 3117 2840 dixi,
3169 2773 3298 2842 quia
3355 2782 3411 2826 et

1823 2869 2117 2940 plurimum
2147 2883 2275 2923 eum
2299 2868 2500 2934 dilexi;
2535 2867 2641 2921 nisi
2666 2867 2813 2921 enim
2851 2881 2977 2920 eum
3011 2866 3244 2919 multum
3279 2865 3410 2919 dile-

1824 2963 2028 3017 xissem
2079 2975 2191 3014 non
2227 2969 2339 3015 tam
2367 2959 2536 3014 multa
2568 2959 2672 3014 sibi
2698 2959 2782 3014 vel
2809 2959 2875 3013 de
2895 2973 2961 3012 eo
2983 2957 3417 3026 dixissem,quia_

1825 3070 1933 3108 non
1963 3060 2046 3108 est
2066 3051 2476 3107 consuetudinis
2511 3059 2712 3106 nostrae
2765 3049 2928 3105 alicui
2971 3057 3084 3104 tam
3140 3049 3408 3119 prolixam

1825 3144 2113 3214 epistolam
2142 3142 2340 3210 facere,
2393 3141 2501 3198 nisi
2543 3159 2632 3198 res
2674 3158 2871 3214 magna
2917 3142 2992 3198 sit
3031 3142 3205 3196 valde.
3249 3139 3408 3207 Quod

1824 3240 1946 3294 ideo
1979 3236 2104 3300 feci,
2132 3237 2261 3305 quia
2290 3236 2668 3291 desideramus
2686 3250 2811 3289 cum
2864 3234 2930 3289 ad
2967 3233 3232 3304 gremium
3278 3231 3406 3286 uni-

1821 3329 2053 3386 versalis
2077 3328 2270 3383 matris
2299 3336 2502 3382 sanctae
2533 3326 2793 3381 Romanae
2821 3325 3078 3380 Ecclesiae
3122 3324 3406 3390 reducere,

1822 3431 1876 3479 et
1902 3422 2005 3478 sub
2040 3420 2140 3476 alis
2175 3420 2318 3475 beati
2343 3419 2508 3486 Petri,
2546 3418 3093 3475 sicutcharissimum
3115 3417 3283 3471 ﬁlium
3309 3430 3408 3470 no-

1824 3524 2000 3571 strum
2063 3513 2268 3569 fovere.
2321 3513 2478 3580 Quod
2531 3511 2580 3568 si
2629 3511 2838 3567 litteras
2890 3509 3206 3580 apostolicae
3259 3507 3406 3561 sedis

1823 3606 1965 3661 infra
2049 3605 2426 3679 praescriptum
2508 3603 2803 3660 terminum
2838 3643 2854 3670 ,
2949 3601 3135 3671 aliqua
3214 3598 3407 3653 fraude

1823 3706 1918 3752 aut
1951 3699 2205 3768 superbia
2263 3698 2543 3767 suscipere
2605 3697 2692 3752 vel
2747 3694 2935 3750 audire
2994 3690 3406 3761 contempserit,

1823 3806 1934 3845 non
2005 3791 2184 3845 solum
2247 3790 2353 3845 sibi
2416 3803 2528 3844 non
2577 3787 2865 3858 proderit,
2925 3787 3019 3842 sed
3071 3785 3240 3840 etiam
3306 3799 3408 3854 pro

1823 3881 2051 3952 majoris
2071 3877 3030 3950 inobedientitnculpadivinojudicio
3042 3877 3409 3933 anathematis

1825 3974 2057 4029 vinculis
2104 3973 2386 4046 alligatum
2431 3973 2636 4028 arctius
2683 3972 3054 4030 indubitanter
3101 3970 3317 4036 sciatis,
3354 3976 3410 4023 et

1823 4079 1935 4119 non
1973 4066 2155 4121 solum
2194 4079 2340 4130 eum,
2367 4065 2464 4120 sed
2493 4072 2548 4119 et
2571 4079 2766 4118 omnes
2794 4064 3107 4134 quicunque
3133 4063 3182 4116 ei
3217 4069 3406 4132 postea

1824 4157 2061 4211 scienter
2092 4157 2146 4211 in
2189 4156 2580 4212 ecclesiasticis
2625 4155 2816 4211 olliciis
2851 4153 3402 4217 communieaverint,

1823 4249 1908 4302 vel
1948 4247 2004 4302 in
2035 4247 2227 4302 militia
2254 4247 2504 4303 saeculari
2535 4247 2844 4302 servierint.
2895 4245 3234 4315 Quapropter
3271 4257 3407 4313 rogo

1824 4355 1924 4394 vos
1947 4340 2167 4406 iterum,
2203 4348 2256 4393 et
2278 4354 2342 4394 ex
2376 4347 2526 4409 parte
2556 4338 2652 4392 Dei
2676 4338 2812 4393 etB.
2849 4338 2994 4394 Petri
3030 4336 3404 4406 apostolorum

1823 4431 2086 4502 principis
2114 4431 2370 4502 praecipio
2415 4439 2473 4486 ut
2501 4431 2658 4487 vobis
2687 4432 2760 4486 ab
2787 4445 2854 4485 co
2883 4429 3145 4496 caveatis,
3189 4436 3245 4482 et
3281 4427 3406 4482 nul-

1823 4523 1938 4577 lum
2009 4523 2256 4578 divinum
2320 4522 2555 4578 ofﬁcium
2618 4523 2762 4578 intra
2816 4530 3028 4577 vestras
3093 4519 3406 4591 provincias

161 4600 230 4656 nis
258 4604 620 4671 adducuntur,
654 4605 750 4676 qui
783 4605 878 4661 Dei
929 4607 1268 4662 iracundiam
1321 4610 1494 4680 magis
1549 4610 1604 4663 in
1657 4626 1716 4666 se
1751 4588 1796 4642 D
1824 4623 2036 4686 agatur,
2062 4615 2155 4670 ubi
2180 4615 2264 4669 vel
2289 4615 2406 4685 ipse
2427 4617 2512 4671 vel
2541 4615 3004 4686 aliquisscienter
3026 4588 3130 4668 sibi
3155 4627 3405 4667 commu-

163 4695 424 4764 concitant,
461 4713 628 4769 quam
654 4713 752 4768 per
776 4699 1098 4768 semetipsos
1126 4700 1342 4770 placare
1392 4701 1709 4756 debuerant.

163 4780 322 4842 Cuncti
349 4790 556 4860 liquido
592 4791 873 4856 novimus,
900 4791 1028 4861 quia
1071 4808 1195 4846 cum
1229 4793 1276 4847 is
1313 4794 1405 4863 qui
1457 4793 1568 4850 Deo
1597 4796 1714 4851 dis-

167 4875 292 4939 plicet
322 4882 386 4935 ad
416 4882 865 4938 intercedendum
893 4897 992 4952 pro
1019 4884 1219 4954 populo
1251 4884 1506 4952 mittitur,
1551 4886 1714 4941 citius

167 4964 264 5022 irati
290 4974 495 5030 animus
511 4973 580 5029 ad
601 4972 877 5028 deteriora
899 4983 1251 5041 provocatur.
1268 4995 1285 5024 ι
1320 4973 1386 5029 Et
1412 4976 1519 5029 alio
1545 4977 1666 5031 loco
1694 4995 1706 5029 :

174 5074 188 5105 ι
206 5056 332 5118 Malis
344 5066 566 5121 subesse
592 5063 933 5135 pastoribus,
953 5065 1082 5134 quid
1096 5075 1182 5120 est
1195 5065 1339 5121 aliud
1359 5068 1463 5122 nisi
1483 5079 1542 5123 ut
1559 5069 1710 5140 plebs

174 5153 418 5176 nn-..l-._J,
467 5173 478 5175 _
547 5155 805 5176 ν1-ν91..---
829 5171 972 5176 ..-_._-
995 5173 1004 5176 _
1035 5174 1042 5175 κ
1069 5174 1076 5175 κ
1100 5165 1144 5176 ᾉΑ

1823 4709 2123 4764 nicantium
2152 4708 2420 4763 adfuerit:
2451 4725 2742 4780 quousque
2769 4725 2864 4780 per
2895 4706 2991 4763 Dei
3025 4706 3281 4777 pietatem
3314 4719 3405 4758 sa-

1820 4800 2100 4856 tisfecerit.
2129 4800 2369 4856 Rursum
2399 4818 2618 4872 quoque
2653 4815 2961 4868 monemus,
2992 4798 3138 4870 quod
3168 4796 3405 4868 pruden-

1818 4895 1909 4950 tiae
1935 4903 2131 4951 vestrae
2161 4893 2449 4964 vigilanter
2497 4891 2902 4947 observandum
2947 4907 3071 4946 esse
3111 4889 3405 4962 cognosci—

1820 5004 1964 5056 mus,
1999 5002 2068 5042 ne
2097 4987 2281 5056 aliqua
2304 4985 2744 5040 dissimulatione
2769 4985 3057 5056 praeceptis
3082 4984 3407 5053 apostolicis

1819 5081 2198 5150 obtemperare
2239 5077 2543 5148 negligatis,
2584 5077 2676 5131 sed
2713 5075 2946 5133 sollicite
2963 5075 3405 5147 considerantes,

2541 5168 2572 5176 4—
