3972 5390
572 317 677 374 659

1212 320 1268 376 S.
1311 321 1635 378 GREGORII
1676 321 1767 376 Vll
1803 321 2006 376 ΡΑΡΑΞ
2046 318 2328 377 OPERUM
2369 314 2550 371 PARS
2587 313 2627 369 l.
2666 308 3193 368 —'REGISTRUM.

3749 299 3854 355 6ἐο

572 433 715 508 berti
749 432 1130 503 Tervanensis,
1162 437 1230 492 de
1259 438 1459 508 quibus
1489 437 1802 508 superiores
1829 438 2071 508 epistola
2093 436 2148 508 in
2178 439 2224 494 Α
2249 441 2305 488 et
2326 432 2544 503 populo
2563 426 2931 488 Tarvanensis
2950 424 3225 490 Ecclesia,
3255 420 3659 494 ρτωοίριιαιιιε
3682 417 3855 473 “om

573 502 806 630 Βῇίῗεῑο
828 514 1096 587 θοξιῐίέυιω
1118 502 1307 578 agunt:
1344 502 1575 590 Βεειειιΐ
1597 524 1726 564 Vero
1764 502 1893 564 “185
1925 525 1992 563 ει
2030 517 2071 561 ι·
2100 505 2147 559 Χ
2249 502 2438 579 comiti
2460 522 2551 589 11.,
2578 521 2809 579 salutem
2837 528 2893 575 et
2925 516 3281 589 apostolicam
3309 511 3773 570 benedictionem
3809 510 3855 565 si

571 574 615 630 (ἶ
695 573 1126 630 taChristiana.
1162 592 1283 630 nan.
1313 578 1520 630 591m
1551 579 1794 630 Annend.
2288 615 2302 630 .
2372 614 2407 630 ..
2478 613 2491 625 .
2539 622 2554 630 _

695 574 760 630 ia
782 573 1127 644 Christiana,
1157 573 1283 649 pag.
1313 578 1438 647 593,
1464 580 1521 633 in
1551 579 1794 653 Append.

575 777 642 816 AD
689 776 742 815 ιι.
795 777 1196 819 ηΑΝυιιεΝειωί
1248 778 1488 818 εοιιιτειί
1538 779 1604 817 DE
1659 776 1943 819 LAIIBERTO
1991 775 2151 815 ιοιιι-

1032 849 1216 891 Νεκειε
1246 849 1396 890 εεωδ
1418 848 1671 889 ικνλεοιιε
1680 874 1692 886 .

1166 926 1347 999 (Anno
1375 925 1556 998 1081.)

647 1016 956 1081 Caesonius
1001 1017 1315 1090 episcopus,
1364 1014 1557 1073 servus
1607 1030 1892 1071 servorum
1935 1013 2052 1079 Dei,
2086 1012 2151 1066 il.

574 1107 814 1178 glorioso
863 1109 1279 1167 Flandrensium
1316 1109 1502 1165 comiti
1551 1108 1781 1164 salutem
1803 1116 1857 1162 et
1898 1104 2158 1176 apostoli—

574 1215 697 1254 cam
734 1201 1188 1258 benedictionem.

648 1292 850 1349 Notum
891 1295 992 1349 tibi
1041 1309 1163 1350 esse
1214 1310 1325 1349 non
1386 1295 1702 1350 dubitamus
1752 1301 2018 1363 quantum
2059 1306 2161 1345 nos

579 1385 846 1445 hactenus
894 1387 1233 1442 nobilitatem
1265 1397 1413 1442 tuam
1437 1386 1810 1452 dilexerimus,
1864 1384 1953 1440 cui
2003 1384 2164 1438 indu-

581 1477 773 1532 striam
796 1478 939 1533 intcr
960 1488 1187 1534 cateros
1214 1477 1459 1534 Francia
1474 1477 1748 1548 principes
1776 1476 1909 1531 satis
1932 1476 2163 1530 honesta

583 1565 728 1623 fama
759 1571 1194 1627 commendabat.
1232 1568 1384 1625 Unde
1409 1611 1423 1639 ,
1464 1570 1593 1639 quia
1632 1569 1792 1625 bonis
1823 1567 2018 1624 studiis
2054 1568 2164 1624 tuis

584 1662 1046 1731 congratulamur,
1075 1677 1201 1718 cum
1228 1662 1502 1718 contraria
1517 1663 1584 1717 de
1609 1671 1662 1717 te
1689 1660 1999 1717 referuntur
2019 1660 2164 1714 mul-

582 1759 700 1806 tum
729 1750 974 1822 profecto
1011 1754 1281 1841 dolemus.
1314 1752 1640 1811 Audivimus
1673 1769 1845 1823 nuper
1870 1761 1924 1807 te
1948 1751 2162 1808 cuidam
2198 1788 2241 1842 Β

583 1843 784 1899 clerico
811 1845 1076 1917 sacrilego
1115 1833 1437 1914 Lamberto‘,
1471 1846 1564 1917 qui
1595 1844 1808 1915 publice
1845 1843 2161 1899 Tarvanen-

584 1950 701 1990 sem
746 1937 1114 2009 episcopatum
1156 1947 1431 1995 mercatus
1475 1947 1577 2006 est,
1610 1947 1801 1995 contra
1828 1922 2163 1992 voluntatem

585 2028 908 2095 clericorum
952 2030 1029 2085 illi
1058 2029 1317 2087 Ecclesia
1366 2031 1646 2102 imposito,
1684 2032 1797 2087 imo
1837 2030 1907 2086 ab
1940 2029 2021 2085 eis
2047 2044 2166 2084 om-

585 2121 720 2177 nino
741 2122 1069 2193 jampridem
1093 2124 1378 2195 repudiato
1402 2124 1706 2181 assensisse
1725 2165 1740 2190 ,
1764 2123 1924 2194 eique
1948 2121 2164 2193 adjuto-

584 2213 731 2269 rium
757 2224 811 2270 et
834 2224 1155 2285 potestatem
1187 2216 1488 2272 Ecclesiam
1515 2215 1805 2272 invadendi
1828 2201 2165 2286 prastitiSse,

586 2305 654 2361 de
679 2307 935 2377 qualibus
970 2309 1090 2378 ipsa
1135 2307 1351 2364 Veritas
1380 2309 1513 2364 dicit
1552 2328 1564 2363 :
1607 2308 1711 2374 Qui
1740 2324 1842 2362 non
1869 2309 2035 2361 intrat
2079 2322 2170 2377 per

586 2396 781 2450 ostium
807 2398 862 2451 in
884 2398 1017 2453 ovile
1037 2400 1211 2453 ovium
1234 2400 1323 2453 sed
1348 2400 1586 2454 ascendit
1606 2399 1840 2465 aliunde,
1868 2396 2072 2467 illefur
2092 2404 2171 2451 est

587 2499 639 2544 et
651 2489 793 2546 latro
824 2491 1008 2566 (Joan.
1035 2510 1089 2562 x,
1114 2494 1187 2566 l).
1215 2492 1279 2549 Et
1302 2495 1493 2551 beatus
1517 2511 1659 2566 papa
1681 2494 1818 2550 Leo:
1842 2493 1962 2547 Non
1979 2492 2174 2547 habea-

590 2592 678 2637 tur
707 2585 847 2640 inter
862 2587 1128 2658 episcopos
1157 2588 1247 2657 qui
1277 2603 1381 2641 non
1419 2588 1580 2659 fuerit
1611 2606 1643 2642 a
1666 2587 1805 2641 clero
1841 2586 2034 2641 electus
2054 2594 2104 2640 et
2140 2602 2173 2639 a

586 2675 785 2746 populo
812 2679 1093 2748 expetitus.
1128 2677 1353 2749 Oportet
1380 2695 1511 2751 ergo
1533 2679 1878 2750 prudentiam
1908 2666 2059 2733 tuam
2093 2678 2175 2732 di-

584 2769 734 2824 vina
755 2771 1058 2841 majestatis
1083 2771 1533 2843 omnipotentiam
1566 2780 1617 2828 et
1646 2770 2043 2828 districtionem
2064 2785 2177 2840 pra

593 2861 771 2917 oculis
818 2862 1161 2920 incessanter
1209 2865 1443 2933 habere,
1494 2864 1805 2935 nulliusque
1862 2862 2177 2919 mortalium

595 2954 827 3023 gratiam
869 2955 954 3011 vel
994 2956 1251 3012 timorem
1295 2956 1374 3012 illi
1409 2952 1695 3029 praeferre,
1736 2956 1827 3013 cui
1850 2964 1904 3011 et
1928 2955 2097 3010 vitam
2124 2964 2178 3010 et

594 3047 829 3102 salutem
859 3055 915 3103 et
941 3047 1211 3105 honorem
1245 3059 1421 3106 tuum
1446 3066 1559 3106 non
1605 3049 1839 3123 ambigis
1878 3057 1934 3105 te
1959 3047 2173 3103 debere.

594 3136 740 3209 Ergo
767 3140 897 3210 quia
923 3149 976 3197 te
1006 3141 1353 3212 audivimus,
1384 3143 1667 3199 admonitu
1694 3141 1972 3199 fidelitatis
2012 3154 2178 3211 quam
2210 3169 2251 3226 ρ

599 3229 716 3300 regi
748 3228 999 3303 Philippo
1031 3232 1260 3302 feceras,
1309 3235 1379 3291 ad
1422 3235 1477 3291 id
1517 3236 1823 3306 periculose
1854 3249 1979 3290 esse
2019 3232 2180 3287 indu-

598 3329 769 3389 ctum,
807 3338 875 3379 ex
907 3334 1060 3396 parte
1099 3327 1490 3397 omnipotentis
1519 3326 1616 3384 Dei
1648 3327 1994 3398 pracipimus
2018 3333 2100 3393 ut,
2135 3324 2181 3381 si

580 3413 878 3483 ‘predictus
911 3415 1237 3473 Lambertus
1263 3427 1374 3474 tam
1403 3419 1631 3476 nefariis
1655 3420 1834 3475 modis
1868 3419 1935 3473 ad
1965 3417 2180 3489 episco-

601 3514 790 3575 patum
816 3509 1084 3582 prorupit,
1102 3510 1415 3568 nullatenus
1435 3512 1485 3567 ei
1509 3511 1903 3569 sacerdotalem
1926 3510 2185 3567 obedien-

603 3599 737 3654 tiam
762 3603 848 3657 vel
875 3605 1234 3659 reverentiam
1264 3606 1545 3673 exhibeas,
1574 3605 1676 3664 sed
1685 3614 1725 3662 'a
1736 3603 1907 3661 ‘-male
1942 3612 2186 3660 mercata

605 3699 660 3744 et
689 3690 878 3749 invasa
907 3694 1033 3767 sede
1063 3695 1303 3753 alienum
1338 3706 1392 3752 et
1423 3706 1696 3753 extorrem
1724 3696 1903 3753 facere
1943 3693 2187 3768 prafatis

608 3783 822 3844 clericis
853 3787 1295 3846 adminiculando
1316 3806 1596 3862 procures.
1624 3790 1745 3848 Non
1773 3792 1922 3849 enim
1944 3800 2001 3848 te
2033 3791 2188 3849 decet

608 3879 879 3943 astimare
922 3881 1013 3936 illa
1046 3891 1099 3937 te
1129 3882 1473 3953 adjuratione
1511 3882 1591 3941 ad
1638 3893 1751 3940 tam
1803 3884 2188 3956 gravissimum

610 3970 788 4033 scelus
837 3973 1136 4046 adstringi,
1185 3976 1313 4046 quia
1359 3976 1724 4048 perniciosius
1748 3984 1835 4033 est
1882 3977 2039 4033 illum
2090 3992 2188 4048 per

612 4076 775 4134 quem
798 4064 1016 4135 juratur
1051 4084 1218 4139 quam
1245 4067 1334 4125 cui
1365 4061 1682 4139 juratur,iet
1703 4067 1873 4125 Deum
1899 4085 2065 4141 quam
2090 4068 2191 4123 ho-

614 4154 818 4217 minem
848 4155 1152 4227 cﬂendere,
1196 4158 1362 4214 simul
1398 4160 1514 4230 ipse
1556 4158 1690 4216 satis
1731 4160 2020 4231 perpendis
2062 4159 2191 4230 quia

551 4303 555 4307 ,
611 4243 736 4316 plus
754 4246 983 4303 debetur
1005 4249 1203 4306 anima
1237 4267 1402 4322 quam
1431 4252 1669 4322 corpori.
1697 4250 1763 4306 Et
1801 4260 1929 4307 tunc
1950 4250 2192 4322 profecto

612 4334 842 4401 ﬁdelitas
885 4338 1384 4414 perspicuemagis
1422 4350 1674 4399 servatur
1707 4343 1941 4414 jubenti,
1974 4343 2194 4414 quando

614 4428 765 4494 salus
812 4431 1010 4487 anima
1057 4433 1176 4504 ejus
1219 4436 1497 4506 corporeis
1534 4435 1840 4491 commodis
1890 4444 1945 4490 et
1991 4436 2193 4506 iniquis

2251 613 2577 671 obedierint.

2326 705 2481 762 Sicut
2516 705 2639 762 aliis
2663 702 2860 760 litteris
2899 700 3173 767 misimus,
3197 712 3313 754 non
3354 670 3590 767 ignorat
3628 691 3854 747 solertia

2252 808 2347 855 tua
2381 813 2485 854 nos
2507 797 2829 871 jamdudum
2851 804 2905 851 te
2941 792 3077 849 satis
3104 791 3354 862 diligere,
3374 795 3685 859 propterea
3713 783 3856 853 quod

2258 900 2309 946 te
2356 889 2518 946 bonis
2562 887 2763 947 studiis
2805 888 2946 943 inter
2988 893 3215 941 caeteros
3252 880 3501 936 Francia
3544 876 3852 949 principes,

2256 980 2404 1037 fama
2464 980 2691 1046 ferente,
2753 976 3063 1034 audivimus
3107 975 3383 1041 eminere;
3436 986 3577 1036 nam
3629 966 3855 1039 potioris

2258 1088 2388 1144 erga
2423 1080 2477 1126 te
2499 1070 2811 1128 dilectionis
2838 1068 3103 1125 habenda
3124 1082 3293 1124 causa
3333 1062 3494 1120 nobis
3538 1062 3670 1116 hac
3692 1058 3854 1114 exsti—

2260 1163 2344 1230 tit,
2387 1163 2516 1235 quia
2549 1171 2603 1219 te
2627 1161 2955 1219 Christiana
2992 1158 3274 1231 religionis
3303 1163 3645 1219 amatorem,
3683 1150 3850 1206 eccle-

2260 1255 2605 1327 siasticaque
2635 1254 2940 1324 disciplina
2976 1260 3032 1308 et
3059 1249 3286 1307 honoris
3326 1247 3763 1316 suffragatorem
3797 1257 3855 1295 ac

2261 1346 2606 1404 defensorem
2648 1347 2705 1402 in
2735 1345 3067 1417 quibusdam
3092 1341 3469 1414 cognovimus.
3504 1335 3709 1400 Unde,
3734 1349 3851 1389 cum

2261 1455 2296 1493 a
2324 1438 2484 1494 solita
2518 1439 2789 1510 probitate
2822 1437 3101 1495 contraria
3128 1434 3271 1490 forte
3291 1430 3640 1495 audivimus,
3684 1440 3840 1496 quan-

2264 1540 2383 1586 tum
2414 1531 2698 1587 doleamus
2724 1530 3013 1601 prudentia
3042 1537 3137 1584 tua
3172 1522 3477 1597 perpendit.
3516 1518 3713 1588 Nuper
3732 1530 3849 1571 vero

2266 1625 2334 1680 de
2362 1632 2415 1679 te
2440 1624 2716 1694 quoddam
2748 1622 3007 1689 innotuit,
3037 1621 3186 1692 quod
3212 1619 3357 1675 sicut
3379 1631 3411 1670 a
3446 1612 3659 1685 priscis
3697 1608 3850 1664 mori.

2269 1716 2372 1773 bus
2395 1715 2507 1771 tuis
2529 1716 2791 1782 alienum,
2819 1714 2894 1769 ita
2923 1727 3144 1784 quoque
3170 1708 3391 1782 penitus
3419 1704 3652 1762 credere
3684 1702 3848 1756 visum

2268 1808 2437 1864 fuerit
2475 1808 2782 1880 indignum,
2826 1805 3079 1861 videlicet
3123 1801 3301 1874 quod,
3346 1792 3846 1859 contradicentibus

2268 1900 2637 1957 Tarvanensis
2656 1899 2926 1955 Ecclesia
2963 1896 3177 1954 clericis
3218 1891 3724 1960 renitentibusque,
3764 1895 3846 1940 tua

2262 1993 2604 2063 protectione
2639 1991 2953 2062 auxilioque
2982 1988 3157 2045 fretus
3186 1987 3413 2058 quidam
3437 1982 3769 2038 Lambertus
3789 1979 3846 2032 il-

2263 2085 2373 2140 lius
2394 2083 2653 2140 Ecclesia
2677 2083 2861 2139 sedem
2888 2081 3183 2145 invaserit,
3219 2078 3315 2150 qui
3339 2076 3563 2148 publice
3587 2070 3845 2127 Simonia-

2265 2192 2367 2234 cus
2396 2192 2435 2233 a
2458 2184 2613 2248 parte
2631 2175 2805 2233 divini
2827 2173 3074 2230 muneris
3098 2180 3334 2243 emptor,
3362 2176 3579 2240 quanto
3608 2180 3669 2221 se
3689 2164 3743 2220 in
3761 2164 3841 2220 tali

2268 2269 2494 2340 negotio
2514 2268 2819 2339 turpiorem
2853 2275 2907 2323 et
2934 2263 3390 2336 impudentiorcm
3419 2258 3688 2324 ostendit,
3710 2263 3843 2311 tanto

2272 2370 2428 2415 tuum
2443 2376 2557 2417 non
2586 2359 2850 2425 favorem,
2876 2358 2970 2414 sed
2992 2358 3199 2423 zelum,
3213 2370 3326 2411 non
3346 2368 3536 2424 opem,
3566 2351 3665 2407 sed
3680 2347 3840 2419 expli-

2271 2453 2485 2510 sionem
2509 2451 2746 2522 experiri
2776 2449 2983 2507 debuit.
3012 2448 3216 2505 Verum
3237 2447 3388 2519 quia,
3411 2445 3675 2515 obstante
3704 2455 3839 2510 rege,

2274 2543 2378 2599 sub
2403 2544 2587 2616 specie
2614 2543 2829 2600 timoris
2848 2558 2917 2599 ne
2936 2542 3231 2614 pejerares,
3270 2539 3420 2597 adid
3436 2537 3582 2593 'mali
3610 2535 3839 2591 inductus

2275 2635 2446 2693 fuisse
2469 2636 2698 2704 diceris,
2730 2635 2935 2691 idcirco
2961 2634 3292 2707 jampridem
3322 2640 3378 2688 et
3410 2645 3567 2687 nunc
3590 2628 3775 2685 litteris
3798 2635 3840 2680 te

2277 2729 2575 2783 admonere
2619 2727 2936 2783 censuimus
2979 2734 3252 2797 quatenus
3274 2766 3289 2792 ,
3340 2738 3549 2779 vanum
3613 2721 3837 2777 timorem

2277 2819 2607 2891 abjiciendo,
2638 2820 2786 2890 quod
2820 2820 2946 2890 jure
2971 2818 3325 2874 metuendum
3361 2816 3586 2872 videtur
3622 2810 3837 2871 attende-

2278 2927 2387 2968 res.
2430 2910 2656 2967 Noverit
2683 2925 2816 2982 ergo
2838 2910 3129 2981 prudentia
3156 2919 3251 2966 tua
3292 2908 3616 2964 fidelitatem
3650 2914 3838 2960 terreno

2279 3002 2504 3077 domino
2535 3010 2664 3058 tunc
2698 3018 2810 3058 non
2835 3009 2984 3058 recte
3028 3002 3258 3070 servari,
3300 3016 3429 3058 cum
3462 2999 3704 3056 caelestis
3746 2994 3834 3048 Do-

2283 3095 2421 3151 mini
2443 3103 2498 3151 et
2518 3093 2796 3151 Creatoris
2820 3093 2995 3166 gratia
3016 3109 3115 3165 per
3137 3093 3287 3149 illam
3322 3092 3595 3164 probatur
3632 3087 3835 3151 edendi;

2283 3198 2356 3256 et,
2399 3188 2448 3245 si
2499 3187 2739 3259 corpori,
2776 3187 2951 3243 multo
3004 3187 3239 3257 amplius
3275 3186 3506 3253 anima;
3551 3186 3605 3240 si
3651 3177 3835 3238 mortali

2283 3280 2516 3350 homini,
2562 3270 2737 3336 multo
2789 3280 3026 3336 maxime
3072 3280 3402 3349 sempiterno
3449 3276 3563 3333 Deo
3609 3275 3755 3331 fidem
3793 3282 3834 3325 et

2283 3373 2630 3429 devotionem
2645 3372 2850 3428 deberi.
2876 3371 3113 3428 Proinde
3134 3382 3247 3427 tam
3268 3371 3545 3428 nobilitati
3575 3382 3681 3427 tua
3696 3381 3834 3439 quam

2283 3475 2338 3521 et
2367 3465 2604 3537 prafata
2644 3465 2922 3533 Ecclesia,
2964 3466 3112 3522 clero
3153 3475 3208 3521 et
3240 3466 3444 3537 populo
3479 3482 3549 3521 ex
3595 3472 3740 3537 parte
3778 3458 3826 3514 Β.

2284 3554 2430 3611 Petri
2450 3555 2795 3627 pracipimus
2829 3563 2891 3612 ut
2913 3555 3175 3627 pradicto
3199 3555 3493 3611 Lamberto
3523 3555 3723 3610 nullam
3740 3550 3833 3620 epi-

2284 3648 2557 3719 scopalem
2588 3647 2949 3704 reverentiam
2982 3648 3286 3705 exhibeatis
3302 3689 3319 3715 ,
3362 3648 3458 3704 sed
3480 3649 3680 3719 ipsum
3715 3642 3832 3699 velut

2286 3742 2462 3799 furem
2511 3751 2567 3798 et
2615 3742 2883 3798 latronem
2929 3742 3340 3808 existimantes,
3390 3742 3462 3798 ab
3504 3744 3691 3797 invasa
3733 3736 3832 3794 sede

2285 3834 2607 3905 propellere,
2655 3833 3010 3908 fautoresque
3050 3837 3246 3907 ipsius,
3292 3836 3469 3892 donec
3516 3831 3828 3906 resipueriiit,

2286 3927 2543 3984 cohibere
2566 3928 2895 3997 procuretis.
2921 3928 3078 3996 Quod
3100 3931 3148 3986 si
3170 3930 3461 4001 pradictus
3486 3930 3703 3986 invasor
3720 3924 3832 3981 ferte

2288 4023 2664 4093 prajudicium
2686 4024 2905 4093 dixerit,
2922 4035 2976 4082 et
2996 4027 3064 4082 de
3085 4043 3146 4083 re
3170 4042 3272 4084 sua
3294 4028 3369 4083 ita
3395 4042 3541 4094 esse,
3565 4035 3631 4082 ut
3649 4024 3826 4082 dicitur.

2290 4135 2350 4174 se
2395 4133 2559 4189 posse
2596 4120 2832 4190 probare
2857 4121 3275 4190 existimaverit,
3327 4121 3662 4178 audientiam
3703 4116 3827 4189 legati

2291 4209 2467 4264 nostri
2511 4207 2746 4277 Diensis,
2790 4210 2901 4266 imo
2939 4210 3320 4283 Lugdunensis
3348 4211 3735 4284 archiepiscopi
3764 4224 3830 4277 μι

2294 4311 2390 4371 tat,
2429 4312 2703 4374 quatenus
2738 4320 2834 4374 per
2855 4314 3253 4377 eompetentem
3288 4308 3437 4364 illius
3470 4288 3824 4363 discussioneni

2288 4382 2612 4473 jusipmque
2631 4399 2900 4470 judicium
2926 4400 3174 4458 obtinere
3195 4403 3342 4476 quod
3368 4404 3615 4475 postulat
3645 4398 3826 4472 aequitas

580 4544 583 4547 ·
615 4522 837 4602 pralata
865 4523 1038 4595 jussis
1067 4497 1241 4599 magis
1277 4497 1594 4583 attenditur.
1622 4525 1771 4597 Euge
1797 4541 1948 4598 ergo,
1987 4536 2046 4581 ut
2084 4497 2193 4582 ξιοιι
2228 4520 2272 4575 D
2297 4497 2493 4553 Valeat-

614 4629 716 4694 pro
730 4615 952 4674 homine
970 4612 1292 4690 supplicium
1302 4662 1316 4688 ,
1335 4621 1428 4675 sed
1447 4636 1546 4691 pro
1560 4619 1653 4674 Dei
1671 4620 1865 4673 timore
1880 4630 2192 4689 exspectare

617 4707 817 4766 debeas
843 4712 1148 4782 praemium,
1173 4728 1237 4769 ac
1267 4713 1348 4768 sic
1379 4712 1651 4783 pradictis
1676 4712 1910 4778 Clericis,
1938 4713 2031 4783 qui
2061 4729 2191 4784 pro-

578 4878 585 4881 _
619 4800 850 4859 motioni
881 4802 1031 4860 illius
1076 4802 1245 4860 libere
1286 4820 1353 4861 ex
1400 4812 1553 4875 parte
1594 4803 1691 4859 Dei
1724 4803 2191 4871 contradixerunt,

627 4892 875 4965 apitulari
904 4911 1109 4966 eosque
1156 4896 1445 4953 defendere
1473 4912 1756 4968 procures,
1786 4906 1846 4951 ut
1889 4906 2095 4966 quanto
2142 4905 2192 4952 te

622 4984 797 5057 gratia
827 4986 1012 5044 divina
1034 4989 1196 5045 altius
1222 4990 1555 5058 sublimavit,
1580 4998 1734 5045 tanto
1760 4989 1935 5059 magis
1960 5002 2013 5043 ct
2034 4989 2193 5044 bonis

624 5077 880 5133 fiduciam
926 5089 979 5135 et
1030 5082 1212 5151 pravis
1254 5091 1519 5138 terrorem
1573 5082 1837 5153 prabcas,
1879 5081 2194 5151 ueterisque

3030 4611 3119 4667 Ill.

2576 4718 2641 4757 AD
2680 4717 2964 4758 BOBERTUI
3004 4720 3280 4760 ηΑΝυιιιε
3317 4720 3578 4761 οοωτειί.

2885 4795 3065 4866 (Anno
3092 4794 3273 4868 1082.)

2368 4884 2676 4940 ϐκεςοκωε
2723 4886 3013 4956 cpiscopus
3082 4902 3272 4944 servus
3313 4904 3599 4944 servorum
3645 4887 3739 4949 Dei.
3774 4882 3819 4934 Β·

2298 4978 2536 5049 glorioso
2560 4976 2979 5033 Flandrcnsium
2997 4979 3184 5035 comiti
3204 4980 3402 5035 dilecto
3424 4981 3479 5035 in
3503 4981 3708 5036 Christo
3725 4976 3818 5034 ﬁlio.

2299 5072 2529 5126 salutem
2561 5078 2615 5125 et
2638 5070 2997 5139 apostolicam
3015 5070 3467 5127 benedictionem.
