3972 5390
151 281 231 355 at]
1211 274 1411 330 LIBER
1452 269 1871 328 UNDECIMUS.
1902 299 1973 308 --
1998 265 2213 321 EPIST.
2257 264 2319 318 ll.
3281 257 3389 312 642

150 412 450 481 captivatam
476 402 547 458 de
577 399 692 472 ejus
723 395 1006 470 tyrannide
1036 402 1088 448 et
1125 401 1480 463 Oppressmne
1508 386 1709 440 libera-
1742 389 1786 444 Α
1810 391 2023 438 menter
2052 380 2329 481 restituas,
2361 388 2427 481 et
2443 377 2673 448 gratiam
2690 385 2853 481 .tuam
2883 374 3170 481 pristinam
3190 372 3271 431 eis
3300 373 3392 431 ha-

150 467 238 557 res.
268 495 418 565 Quod
448 467 618 566 quia,
631 467 772 547 sicut
792 489 871 549 illi
902 486 1079 542 adhuc
1114 479 1539 554 lacrymabiliter
1566 492 1704 533 con-
1806 474 1936 566 bere
1963 471 2275 566 permittas,
2299 479 2360 524 ut
2388 467 2532 523 Deus
2556 469 2903 566 omnipotens
2934 467 3058 566 tibi-
3082 482 3240 521 suam
3270 483 3393 566 g-ra-

150 557 446 664 querdntur,
465 557 725 641 .nondum
754 581 984 653 pleniter
1006 573 1282 648 peregisti,
1313 571 1520 628 crebris
1566 584 1703 640 quc-
1804 565 1941 621 tiam
1965 564 2055 664 hic
2083 563 2223 664 etnin
2253 561 2445 617 futuro
2474 560 2675 616 sarculo
2704 561 2931 664 tribuat,
2962 568 3023 664 et
3042 560 3237 614 beatus
3285 557 3391 664 De-

150 650 373 737 rimoniis
399 650 597 734 eorum
628 650 836 746 fatigati
868 672 1047 727 adhuc
1074 665 1347 724 nobilitati
1398 672 1508 719 tua:
1554 676 1707 716 man-
1806 665 1950 725 trus,
1975 655 2044 712 ad
2072 655 2234 726 cujus
2262 657 2607 725 praesentiam
2639 651 2957 724 confugium
2997 650 3264 717 fecerunt,
3304 650 3393 722 ja-

152 777 339 840 damus,
368 780 521 828 et'ex
572 778 725 841 parte
772 765 867 821 Dei
917 773 971 820 et
1020 760 1396 833 apostolorum
1440 753 1704 827 principis
1804 768 1946 807 uuas
1974 752 2098 807 cmli
2126 758 2252 823 post
2281 749 2446 820 hujus
2500 749 2625 804 vita:
2672 747 2885 804 felicem
2940 747 3238 803 terminum
3298 745 3394 800 tibi

152 872 491 944 pmipimus,
533 878 597 923 ut
640 863 925 923 ecclesiam
968 861 1036 916 de
1084 856 1344 931 praedicto
1382 848 1703 944 Antichristi
1809 848 2033 917 aperiat.
2110 870 2113 875 -

154 941 368 1021 membro
388 960 621 1033 eripias,
651 956 972 1026 clericisque
992 948 1232 1024 praefatis
1261 963 1360 1004 sua
1390 943 1575 1007 omnia
1604 941 1709 997 cle-

1156 1102 1237 1163 In
1269 1095 1618 1178 exemplari
1648 1091 1808 1155 liber
1843 1089 2115 1152 decimus
2145 1097 2348 1152 cacat.

826 1292 1219 1391 LIBER
1288 1293 1986 1389 UNDECIMUS
2059 1266 2658 1384 REGISTRI.
2728 1296 2737 1299 ν

621 1494 961 1553 EPISTOLA
985 1493 1218 1549 PRIMA.

401 1634 470 1672 AD
511 1631 805 1672 BOBERTUI
841 1628 1077 1670 COIITEI
1117 1623 1413 1666 FLANDRIE.

705 1707 888 1779 (Anno
920 1703 1101 1778 1082).

161 1802 304 1856 Monet
332 1818 393 1856 ne
425 1799 657 1855 ulterius
692 1795 1042 1852 Ternannemi
1065 1793 1517 1849 excommunicato
1558 1792 1716 1845 auxi-

212 1874 327 1926 lium
356 1873 517 1943 ferat,
544 1870 640 1943 sed
672 1885 733 1924 eo
755 1866 974 1943 expulso
1001 1867 1304 1943 episcopum
1345 1863 1595 1917 canonice
1618 1862 1718 1916 ele-

213 1955 339 1998 ctum
356 1935 648 2012 "subripiat,
670 1949 721 1993 et
742 1935 1009 1993 au'xilium
1032 1935 1332 2008 impendat.

214 2060 501 2115 Caesonius
523 2056 846 2127 episcopus,
864 2070 1058 2111 servus
1076 2067 1362 2109 servorum
1384 2050 1499 2118 Dei,
1519 2049 1720 2108 Robor-

162 2160 205 2203 to
229 2151 447 2222 glorioso
469 2147 690 2214 comiti,
720 2148 952 2202 salutem
985 2154 1041 2201 et
1083 2144 1444 2217 apostolicam
1493 2144 1717 2201 benedi-

163 2243 383 2299 ctionem.

217 2334 445 2389 Pervenit
474 2333 551 2389 ad
574 2347 738 2388 aures
761 2338 986 2388 nostras
1007 2330 1155 2402 quod
1186 2328 1515 2385 Lambertus
1536 2329 1721 2384 inimi-

164 2442 241 2482 cus
260 2425 366 2493 Dei,
388 2434 442 2482 et
470 2426 701 2481 invasor
733 2423 1136 2480 Tervannensis
1178 2420 1457 2488 Ecclesiae,
1508 2436 1612 2492 ope
1667 2432 1722 2477 et

166 2519 523 2574 sustentatione
563 2526 659 2573 tua
688 2517 869 2573 adhuc
907 2516 1010 2573 sibi
1047 2516 1187 2570 iram
1233 2513 1329 2569 Dei
1364 2513 1718 2589 thesaurizet.

167 2609 377 2678 Quicum
398 2610 643 2666 traditus
673 2609 746 2664 sit
775 2606 1013 2673 Satanae,
1056 2621 1168 2662 non
1208 2606 1476 2661 miramur
1515 2605 1565 2661 si
1601 2605 1723 2675 ejus

168 2702 374 2758 consiliis
395 2702 645 2769 ducitur,
670 2710 728 2757 et
780 2701 836 2756 in
881 2700 1170 2772 iniquitate
1218 2698 1497 2769 perdurat.
1539 2697 1616 2753 De
1671 2706 1724 2753 te

168 2803 317 2849 autem
337 2810 444 2851 non
470 2795 660 2851 solum
697 2794 986 2860 miramur,
1014 2792 1109 2848 sed
1136 2806 1204 2847 ex
1235 2791 1402 2847 corde
1448 2790 1719 2857 dolemus,

168 2887 286 2955 quod
310 2888 505 2956 virum,
543 2902 709 2959 quem
739 2886 885 2941 bona
913 2882 1059 2941 fama
1109 2883 1319 2955 passim
1369 2882 1723 2939 commenda-

170 2985 307 3044 verat,
329 2978 467 3034 mala
516 2992 670 3034 nunc
704 2977 935 3033 intentio
968 2976 1038 3032 ad
1082 2990 1375 3032 commune
1422 2974 1724 3045 periculum

1821 1501 2018 1542 Lmuo
2044 1487 2158 1557 regi
2180 1485 2500 1560 Anglorum,
2524 1487 2836 1544 salutem'et
2860 1489 3216 1561 apostolicam
3237 1489 3402 1546 bene—

1819 1580 2137 1635 dictionem.
2736 1580 2745 1587 '

1690 1722 1695 1725 '
1747 1725 1791 1782 Β
1885 1714 2209 1773 Gemmunis
2246 1732 2403 1772 amor
2439 1723 2495 1773 et
2541 1718 2758 1775 sincera
2792 1717 3029 1785 devotio,
3067 1734 3235 1789 quam
3271 1734 3401 1790 erga

1819 1810 2038 1864 beatum
2078 1808 2313 1864 Petrum'
2342 1810 2652 1880 apostolum
2695 1811 2955 1882 gerimus,
2986 1826 3054 1866 ex
3088 1812 3252 1882 longo
3285 1811 3402 1883 jam

1818 1911 2064 1973 tempere
2094 1902 2236 1957 inter
2259 1917 2363 1956 nos
2392 1901 2691 1957 amicitiam
2714 1903 2916 1973 junxit,
2949 1911 3114 1973 atque
3150 1902 3287 1958 adeo
3313 1902 3402 1957 in-

1819 1994 1994 2049 vicem
2022 1995 2148 2050 inde
2177 1994 2352 2067 magis
2381 1995 2679 2061 convaluit,
2711 1994 2841 2065 quia
2861 2002 2917 2051 et
2944 2010 3046 2066 ego
3078 2002 3129 2050 te
3149 2011 3262 2066 pra:
3298 2011 3403 2051 ca:-

1821 2086 1952 2142 teris
1997 2085 2074 2139 tui
2105 2085 2316 2142 ordinis
2357 2087 2673 2158 apostolicae
2714 2087 2829 2143 sedi
2866 2087 3124 2143 devotum
3156 2085 3404 2141 animad-

1822 2177 1979 2245 verti,
2010 2185 2065 2234 et
2108 2187 2202 2233 tua
2238 2194 2326 2233 me
2355 2179 2625 2235 claritudo
2662 2178 2804 2234 inter
2846 2179 3060 2250 aliquos
3101 2179 3404 2249 praedeces-

1823 2286 1977 2327 sores
2021 2279 2145 2327 tuos
2170 2271 2318 2327 circa
2356 2272 2625 2328 honorem
2652 2272 2966 2342 apostolicae
3000 2271 3145 2327 sedis
3175 2271 3409 2327 credidit

1822 2363 2060 2434 amplius
2100 2363 2419 2421 desudasse.
2456 2363 2702 2435 Denique
2723 2380 2852 2420 cum
2874 2364 2931 2419 in
2966 2364 3127 2421 malis
3159 2364 3413 2420 moribus

1824 2455 1965 2511 idem
1989 2456 2127 2513 velle
2152 2464 2207 2512 et
2227 2458 2371 2514 nolle
2394 2458 2760 2529 perniciosam
2788 2472 2931 2529 saepe
2957 2456 3251 2514 factionem
3274 2472 3409 2513 con-

1825 2547 1992 2616 ﬁciat,
2045 2564 2388 2620 consequens
2424 2550 2639 2606 videtur
2673 2558 2734 2605 ut
2771 2550 2825 2604 in
2867 2548 3030 2605 bonis
3069 2550 3236 2605 rebus
3263 2550 3407 2605 idem

1825 2641 2069 2695 studium
2113 2642 2394 2713 animique
2442 2642 2796 2709 desiderium,
2843 2641 3061 2697 diverso
3109 2642 3413 2711 quamlibet

1826 2732 2004 2803 spatio
2032 2740 2304 2789 terrarum
2340 2732 2648 2804 disjunctos
2672 2734 2727 2788 in
2757 2749 2929 2788 unum
2959 2730 3267 2789 dilectionis
3291 2734 3411 2805 glu—

1826 2823 1942 2879 tino
1966 2825 2202 2894 copulet.
2249 2823 2474 2891 Verum,
2507 2825 2636 2882 licet
2661 2825 2885 2896 quidam
2920 2825 3082 2896 regia:
3122 2827 3413 2897 potestatis

1828 2929 1942 2969 non
1969 2907 2244 2972 modicum
2267 2917 2507 2984 doleant,
2541 2925 2597 2973 et
2621 2918 2679 2972 in
2709 2932 2813 2973 nos
2836 2916 3135 2988 saepissime
3155 2933 3411 2974 murmu-

1827 3014 1954 3061 rent
1970 3020 2029 3062 se
2043 3008 2450 3077 quodammodo
2466 3009 2744 3065 contemni
2760 3026 2774 3064 :
2789 3018 3200 3080 conquerantur
3219 3027 3279 3066 se
3300 3026 3413 3067 non

170 3066 287 3174 illi“
304 3070 486 3174 Ρδίτίίθ
505 3077 872 3174 retorqueri!“
886 3066 1069 3174 _U.“de’
1086 3068 1155 3125 de
1178 3066 1480 3174 ³¹¹Ῐξ¹¹³ξ¹¹³
1497 3064 1729 3174 “mf”?
1756 3076 1798 3133 (ἶ
1832 3097 1912 3153 sic
1927 3098 1997 3153 ab
2012 3064 2310 3169 apostolica
2329 3100 2455 3167 sede
2470 3101 2642 3172 diligi,
2662 3116 2764 3174 nec
2783 3064 2856 3157 ita
2869 3064 3025 3158 factis
3040 3064 3414 3160 autsermoni:

171 3160 405 3228 timentes,
433 3178 733 3218 monemus
764 3170 824 3216 ut
850 3161 1043 3217 abhac
1068 3159 1520 3231 praevaricatione
1541 3158 1611 3213 ad
1631 3172 1728 3213 cor

173 3252 370 3319 rediens,
392 3253 693 3308 Dominum
717 3253 771 3306 in
801 3252 1045 3323 praedicti
1071 3251 1312 3307 hominis
1333 3249 1729 3307 sustentatione

174 3358 259 3398 non
276 3345 533 3412 offendas,
564 3345 661 3400 sed
683 3345 753 3399 ab
773 3360 839 3400 eo
874 3344 1020 3402 sicut
1065 3359 1098 3399 a
1130 3343 1374 3414 pessimo
1414 3341 1636 3397 homine
1676 3350 1730 3396 et

171 3439 613 3493 excommunicato
643 3445 696 3492 te
718 3436 1031 3504 custodias;
1057 3436 1153 3506 qui
1203 3434 1465 3489 nimirum
1497 3433 1729 3490 audien-

174 3526 277 3583 tiam
300 3545 391 3600 pro
417 3546 612 3586 amore
646 3538 743 3584 tuo
779 3545 809 3583 a
833 3528 993 3585 nobis
1021 3528 1125 3583 sibi
1177 3542 1500 3584 concessam
1557 3525 1728 3580 desii-

174 3634 303 3687 nans,
339 3631 511 3678 totum
549 3636 609 3679 se
643 3638 674 3676 a
722 3621 910 3693 planta
962 3620 1118 3692 pedis
1156 3634 1331 3691 usque
1368 3619 1436 3674 ad
1470 3618 1729 3674 verticem

175 3713 483 3769 anathemate
504 3713 823 3768 maculavit.
860 3711 969 3768 Pro
1021 3711 1246 3776 scelere,
1286 3710 1517 3780 aliisque
1555 3710 1730 3779 culpis

176 3790 591 3870 precedentibus,
618 3813 812 3862 sancta
834 3803 1160 3861 universalis
1184 3802 1426 3859 Ecclesia
1456 3802 1731 3878 irrecupe-

178 3896 384 3952 rabiliter
405 3897 721 3969 depositum
759 3896 1038 3951 maledixit
1071 3904 1125 3949 et
1150 3894 1652 3962 anathematizavit,
1678 3904 1731 3950 et

177 3997 412 4044 extorrem
436 3990 671 4044 omnino
717 4005 748 4043 a
793 3986 1185 4042 communione
1248 3986 1418 4041 totius
1474 3985 1731 4066 Ecclesia:

177 4093 277 4153 esse
288 4080 566 4150 judicavit.
596 4078 943 4150 Quapmptcr
970 4078 1313 4133 nobilitatem
1340 4086 1491 4133 tuam
1538 4094 1730 4134 mone-

182 4184 280 4225 mus
308 4180 366 4226 ut
395 4188 507 4228 non
532 4172 716 4228 solum
748 4170 1084 4241 adjutorium
1123 4169 1228 4224 sibi
1269 4184 1381 4224 non
1424 4169 1730 4240 impendas,

181 4278 342 4319 verum
365 4266 529 4320 etiam
560 4263 833 4320 Dominici
855 4262 1037 4335 gregis
1057 4261 1461 4317 multitudinem
1491 4260 1735 4327 foeditate

185 4371 262 4410 sua
275 4359 677 4414 commaculans
686 4357 753 4411 de
765 4357 944 4411 medio
959 4363 1203 4411 vestrum
1216 4361 1275 4408 ut
1286 4353 1563 4424 putridum
1576 4362 1630 4409 et
1647 4354 1735 4409 in-

186 4447 291 4502 utile
299 4450 600 4505 membrum
616 4448 802 4504 studio
815 4456 910 4503 tuo
921 4447 1203 4502 evellatur.
1218 4445 1561 4517 lnjungimus
1571 4447 1734 4502 etiam
1767 4430 1812 4486 Ῑ)

186 4540 420 4597 nobilitati
438 4552 546 4598 tua:
560 4554 622 4597 ut
637 4540 703 4596 G.
713 4581 725 4595 .
736 4582 750 4595 .
760 4580 798 4595 ..
819 4540 1122 4597 Gerardum
1136 4537 1401 4594 canonice
1413 4539 1668 4605 electum,
1685 4548 1740 4593 et

186 4628 451 4690 Ecclesiam
472 4634 916 4690 Tervannensem
932 4648 1029 4703 per
1049 4632 1274 4698 ostium,
1299 4631 1353 4687 id
1377 4640 1461 4687 est
1474 4648 1571 4702 per
1582 4630 1741 4687 Chri-

190 4732 307 4780 stum
324 4727 728 4799 ingredientem,
744 4726 973 4780 honeste
986 4732 1042 4780 et
1068 4724 1212 4779 sicut
1236 4723 1391 4779 decet
1404 4724 1738 4794 suscipiatis,

190 4823 233 4868 et
247 4817 290 4870 ei
317 4819 642 4888 pastoralem
663 4816 984 4872 exhibentes
1012 4815 1398 4883 reverentiam,
1446 4817 1742 4872 consilium

192 4915 238 4960 et
258 4911 503 4966 auxilium
525 4908 858 4981 impendatis
885 4927 898 4963 :
927 4916 987 4963 ut
1011 4909 1109 4979 qui
1144 4909 1199 4962 in
1229 4907 1407 4963 altero
1448 4905 1742 4963 Dominum

196 4998 482 5070 odendistis,
509 5019 605 5074 per
624 5003 775 5058 hunc
801 5002 902 5071 ipsi
925 5000 1036 5056 Deo
1048 5011 1102 5056 et
1117 5001 1274 5056 beato
1294 4997 1455 5054 Petro
1469 4999 1741 5068 justitiam

197 5101 401 5149 vestram
421 5095 835 5151 commendetis.
956 5148 957 5151 η

469 5296 526 5337 ω
552 5292 887 5338 ϐυιιιειιίυιί
922 5293 1095 5334 REGE!
1128 5289 1432 5332 ΑΝῦιοιιωι.

752 5369 920 5390 ΙΔ-..-
967 5370 1140 5390 ann-r\

1828 3190 1933 3245 bus
1948 3205 2045 3261 per
2060 3206 2161 3246 nos
2176 3192 2436 3247 honorari
2453 3211 2467 3260 ;
2489 3193 2713 3248 minime
2736 3201 2921 3249 tamen
2932 3209 3036 3250 nos
3052 3196 3298 3266 poenitet,
3312 3212 3414 3252 nec

1828 3281 2107 3352 deinceps,
2138 3281 2250 3338 Deo
2276 3282 2514 3353 favente,
2529 3285 2836 3355 paenitebit.
2881 3285 3178 3357 Speramus
3211 3290 3415 3346 etenim

1829 3374 2171 3430 celsitudinis
2199 3382 2305 3430 tua:
2327 3376 2658 3433 industriam
2683 3377 2736 3432 in
2763 3379 2956 3434 eadem
2987 3387 3193 3435 sancta:
3221 3380 3412 3438 Eccle-

1830 3466 1926 3522 siae
1953 3465 2244 3523 devotione
2268 3467 2605 3540 justitiaeque
2632 3471 2813 3527 studio
2834 3487 3049 3543 semper
3070 3489 3413 3541 mansuram,

1831 3574 1895 3614 ac
1926 3559 1982 3613 in
2007 3560 2204 3615 melius
2220 3561 2407 3630 etiam,
2424 3562 2727 3632 opitulante
2747 3562 3003 3633 Domino,
3020 3566 3087 3622 de
3107 3575 3306 3623 caetero
3333 3568 3418 3625 di-

1829 3650 2128 3707 latandam.
2179 3650 2336 3709 Unde
2364 3653 2560 3709 merito
2589 3668 2693 3711 nos
2724 3666 2940 3727 Oportet
2969 3658 3025 3712 in
3054 3658 3301 3729 ejusdem
3329 3661 3416 3717 di-

1830 3743 2083 3800 lectionis
2111 3752 2301 3801 tenore
2330 3761 2701 3817 perseverare,
2735 3748 2847 3803 imo
2876 3765 2974 3819 per
3002 3749 3419 3810 diuturnitatem

1833 3843 2163 3906 temporum,
2210 3838 2582 3895 crescentibus
2623 3839 2856 3905 meritis,
2903 3842 3080 3911 magis
3126 3858 3190 3899 ac
3241 3846 3421 3917 magis

1831 3942 2163 3983 excrescere.
2209 3927 2388 3983 Tuum
2417 3938 2600 3984 tamen
2632 3930 2837 3987 interea
2866 3948 2970 3988 nos
2999 3936 3191 4005 tangit,
3213 3946 3266 3992 et
3297 3945 3423 3993 tan-

1832 4018 2010 4089 gendo
2038 4027 2316 4090 angustat,
2350 4029 2513 4090 atque
2540 4021 2684 4076 inter
2711 4024 2975 4094 regalium
2997 4032 3217 4083 tuarum
3241 4030 3420 4084 virtu-

1832 4120 1951 4165 tum
1971 4110 2207 4182 insignia
2227 4121 2580 4167 monumenta
2596 4114 2839 4169 laetitiam
2850 4115 2905 4170 in
2928 4117 3107 4173 amico
3127 4121 3291 4177 corde
3301 4123 3419 4178 vio-

1833 4204 2007 4259 lenter
2035 4204 2337 4271 obnubilat,
2366 4204 2615 4261 videlicet
2646 4209 2793 4278 quod
2822 4209 2877 4263 in
2907 4209 3173 4280 capiendo
3200 4228 3419 4284 germa-

1834 4311 1969 4350 num
1992 4304 2149 4351 tuum
2182 4296 2519 4367 episcopum,
2546 4313 2656 4353 non
2678 4299 2821 4355 sicut
2842 4301 3043 4370 decuit,
3070 4305 3304 4375 propria
3320 4306 3421 4362 ho-

1834 4389 2036 4445 nestati
2061 4388 2423 4460 prospiciens,
2450 4390 2544 4447 sed
2562 4393 2879 4463 saecularem
2892 4397 3162 4452 cautelam
3176 4407 3229 4454 et
3250 4400 3420 4455 ratio-‘-

1839 4498 1965 4538 nem
1978 4481 2175 4537 divinae
2189 4481 2292 4554 legi
2304 4487 3046 4553 praeponens,sacerdotalem
3058 4492 3423 4550 reverentiam

1838 4577 2025 4631 minus
2064 4575 2349 4647 vigilanter
2396 4577 2694 4635 attendisti.
2728 4579 2793 4634 Et
2832 4581 3054 4651 quidem
3102 4598 3216 4639 non
3253 4585 3422 4643 latere

1840 4676 1992 4724 tuam
2022 4668 2363 4740 prudentiam
2393 4671 2670 4728 credimus
2701 4673 2964 4743 scriptum
2994 4689 3137 4742 esse,
3178 4679 3325 4748 quod
3355 4681 3427 4736 de

1838 4762 2217 4821 sacerdotibus
2235 4764 2470 4820 maxime
2481 4772 2693 4836 oportet
2708 4765 2933 4836 intelligi
2952 4785 2964 4821 :
2985 4765 3091 4832 Qui
3116 4784 3202 4824 vos
3227 4772 3426 4845 tangit,

1847 4861 2016 4932 tangit
2035 4859 2297 4932 pupillam
2322 4860 2464 4915 oculi
2490 4860 2592 4914 mei
2619 4858 2805 4932 (Zach.
2833 4859 2930 4931 u);
2957 4871 3011 4917 et
3035 4863 3164 4919 alibi
3193 4883 3206 4918 :
3238 4864 3432 4925 Nolite

1848 4963 2058 5028 tangere
2081 4955 2305 5009 christos
2327 4972 2467 5010 meos
2491 4953 2581 5028 (ΙΙ
2601 4954 2787 5010 Paral.
2813 4959 2928 5029 xvr)
2956 4977 2973 5012 :
2990 4965 3044 5014 et
3065 4961 3212 5033 quod
3233 4959 3435 5022 Domi-

1845 5066 1952 5105 nus
1980 5051 2097 5122 ipse
2138 5047 2513 5105 sacerdotibus
2542 5048 2667 5104 licet
2696 5049 2878 5119 pravis
2909 5060 2963 5108 et
2990 5052 3148 5110 valde
3185 5052 3442 5131 indignis

1846 5143 2115 5203 honorem
2160 5139 2373 5197 deferre
2414 5157 2526 5197 non
2575 5141 2648 5197 sit
2691 5140 3038 5215 dedignatus.
3082 5144 3260 5214 Quam
3317 5167 3443 5210 rem

1846 5238 1952 5307 pia:
1979 5231 2256 5293 memoriae
2284 5231 2682 5290 Constantinus
2709 5237 3018 5309 prmcipuus
3046 5239 3303 5298 videlicet
3336 5246 3447 5302 im-

1849 5338 2064 5390 nerator
2094 5325 2422 5390 intelligens,
2441 5326 2497 5381 in
2518 5324 2737 5383 Nicrena
2767 5332 2979 5390 svnodo
3009 5333 3214 5388 nullam
3235 5330 3297 5387 in
3326 5340 3450 5390 nni.
