3972 5390
214 314 221 319 ι
236 358 347 415 N5

1111 352 1473 410 EPISTOLJE
1514 349 1752 407 EXTRA
1790 346 2194 410 REGISTRUM
2237 350 2625 411 VAGANTES.

3405 353 3511 414 M6

228 470 426 537 mittit,
454 468 621 524 vitam
668 468 816 525 illius
848 477 1162 538 sequentes,
1193 475 1248 523 et
1266 482 1393 523 vere
1427 466 1570 522 filios
1610 466 1729 537 ejus
1766 473 1820 520 et
1848 466 1895 522 Α
1920 466 2267 524 ministrandi
2292 468 2476 525 locum
2506 468 2761 524 habeant.
2821 468 2903 526 illi
2953 474 3172 544 quoque
3201 472 3294 544 qui
3325 471 3513 529 Eccle-

227 561 479 617 lmredes
500 560 666 627 simili
688 576 788 635 vos
807 560 1222 617 conversatione
1252 561 1566 631 probantes,
1587 559 1820 614 viriliter

225 652 395 724 agite,
419 659 476 708 et
499 651 887 714 confortamini
910 652 973 708 in
996 651 1249 719 Domino,
1267 660 1321 708 et
1343 652 1399 706 in
1423 651 1683 723 patientia
1703 651 1821 724 [po-

226 742 427 816 tentia]
448 743 666 801 virtutis
688 744 832 815 ejus,
859 743 1187 799 documenta
1219 753 1535 801 sanctarum
1568 743 1818 815 Scriptu—

224 850 444 903 rarum,
470 835 674 906 quibus
694 834 1075 893 haereticorum
1094 844 1417 904 argumenta
1437 835 1816 902 destruuntur,

226 936 277 981 et
304 925 447 980 fides
482 934 688 983 sanctas
709 923 969 980 Ecclesia:
1000 923 1309 981 defenditur
1337 934 1529 980 contra
1572 927 1818 981 membra

227 1018 457 1084 diaboli,
490 1033 613 1090 qua:
639 1017 873 1091 diversis
918 1017 1422 1097 machinationibus
1446 1016 1819 1073 Christianam

227 1108 550 1180 religionem
587 1100 857 1166 conantur
879 1118 1140 1174 evertere,
1184 1124 1340 1165 mens
1372 1118 1549 1164 vestra
1577 1109 1819 1180 quotidie

226 1200 545 1270 meditetur,
574 1209 649 1263 .et
694 1216 762 1259 ea
801 1217 924 1273 qua:
970 1201 1110 1257 solet
1140 1202 1389 1257 libertate
1439 1200 1497 1255 in
1547 1203 1817 1257 malorum

226 1286 555 1347 mafusione
597 1291 881 1362 erigatur:
924 1276 1021 1349 eos
1046 1307 1178 1347 vero
1226 1291 1322 1363 qui
1353 1292 1408 1347 in
1451 1293 1607 1348 vobis
1644 1292 1817 1348 confi-

227 1384 382 1451 dunt,
427 1394 489 1438 et
536 1383 834 1440 consilium
882 1384 1164 1456 religionis
1196 1395 1393 1440 vestrae
1444 1384 1598 1456 sequi
1633 1384 1819 1455 dispo-

225 1482 383 1541 nunt,
416 1490 577 1529 more
601 1475 843 1546 praedicti
870 1474 1048 1532 Patris
1070 1477 1239 1531 vestri
1271 1476 1550 1548 suscipite,
1567 1483 1619 1531 et
1643 1476 1710 1531 de
1731 1476 1818 1531 bis

224 1582 344 1637 quae
363 1565 435 1621 ad
484 1567 718 1623 salutem
761 1583 951 1623 eorum
998 1567 1270 1638 pertinere
1309 1568 1565 1623 videntur
1612 1568 1817 1624 sanctis

223 1658 709 1721 exhortationibus
732 1660 985 1717 instruite
1012 1678 1025 1714 :
1058 1670 1118 1715 ut
1147 1677 1258 1715 non
1295 1662 1471 1715 solum
1495 1672 1697 1728 vestra,
1722 1662 1816 1717 sed

1923 558 2034 615 sias
2062 560 2279 615 datione
2311 561 2556 632 pecuniae
2583 561 3093 629 obtinent,omnino
3121 580 3213 620 eas
3243 565 3508 635 perdant;

1922 666 2023 705 nec
2052 651 2307 723 deinceps
2335 654 2569 709 vendere
2608 653 2694 708 vel
2744 670 2924 710 emere
2948 655 3111 710 alicui
3160 654 3342 713 liceat.
3403 656 3511 714 Sed

1921 752 2022 798 nec
2046 742 2122 797 illi
2152 742 2331 815 quiin
2385 744 2615 801 crimine
2662 743 3045 803 fornicationis
3084 747 3267 818 jacent
3307 749 3512 807 missas

1920 834 2195 891 celebrare
2225 844 2319 891 aut
2374 837 2675 893 secundum
2733 836 3027 895 inferiores
3078 839 3297 896 ordines
3347 842 3512 895 mini-

1921 934 2095 982 strare
2125 929 2283 983 altari
2339 928 2592 985 debeant.
2655 927 2959 985 Statuimus
3014 931 3179 985 etiam
3232 931 3373 987 utsi
3406 933 3510 1003 ipsi

1921 1026 2324 1091 contemptores
2390 1020 2593 1077 fuerint
2643 1031 2979 1088 nostrarum,
3022 1022 3135 1078 imo
3191 1030 3509 1080 sanctorum

1920 1109 2144 1166 Patrum
2175 1112 2653 1179 constitutionum,
2685 1113 2919 1184 populus
2943 1115 3093 1168 nullo
3121 1116 3286 1170 modo
3314 1132 3508 1172 eorum

1920 1200 2093 1257 officia
2124 1203 2379 1274 recipiat;
2414 1214 2472 1260 ut
2521 1205 2617 1276 qui
2644 1220 2743 1275 pro
2772 1219 2961 1260 amore
3012 1205 3108 1259 Dei
3150 1215 3205 1261 et
3233 1207 3392 1263 officii
3420 1208 3508 1263 di-

1920 1292 2124 1363 gnitate
2180 1310 2290 1350 non
2347 1296 2717 1368 corriguntur,
2760 1297 3087 1351 verecundia
3110 1299 3296 1353 Saceuli
3326 1308 3382 1354 et
3409 1301 3496 1354 ob

1915 1383 2225 1456 jurgatione
2249 1388 2433 1458 populi
2462 1388 2809 1459 resipiscam.
2844 1386 3071 1444 Studeat
3119 1389 3284 1460 igitur
3312 1390 3509 1447 frater-

1920 1480 2065 1535 nitas
2096 1487 2187 1534 tua
2217 1480 2297 1536 sic
2327 1494 2386 1536 se
2410 1480 2465 1535 in
2502 1480 2589 1537 bis
2620 1479 2778 1536 nobis
2808 1481 3237 1551 c00peratrieem
3281 1483 3506 1539 exhibe-

1919 1588 1998 1641 re,
2030 1588 2126 1630 seu
2156 1572 2386 1628 crimina
2418 1573 2520 1629 ista
2550 1574 2617 1628 de
2644 1570 2903 1628 Ecelesiis
2932 1573 3042 1629 tuis
3066 1573 3329 1629 radicitus
3358 1575 3504 1630 evel-

1918 1664 2057 1732 lere,
2134 1672 2407 1736 quatenus
2490 1666 2619 1721 boni
2700 1664 2938 1736 pastoris
3024 1665 3281 1720 meritum
3364 1666 3506 1737 apud

224 1758 275 1804 et
305 1750 781 1831 vossequentium
815 1751 1188 1822 circumpositi
1223 1752 1409 1822 populi
1456 1753 1816 1811 consideran-
1854 1756 2092 1831 nDeum
2149 1758 2331 1813 valeas
2387 1756 2632 1813 obtinere
2687 1766 2741 1812 et
2808 1752 3055 1812 Romana
3126 1744 3369 1813 Ecclesia
3440 1757 3508 1811 de

188 1878 193 1879 κ
227 1847 304 1892 tes
328 1849 531 1913 sancta
563 1855 750 1910 opera,
778 1840 1082 1910 glorificent
1114 1839 1331 1897 Patrem
1359 1851 1601 1897 vestrum
1633 1843 1727 1914 qui
1760 1844 1815 1900 in

222 1932 375 1987 uelis
403 1940 516 1987 est.
544 1931 660 1999 Nos
704 1926 888 2005 autem
934 1933 1113 2005 ipsum
1151 1950 1416 2002 amorem,
1463 1950 1626 2008 quem
1669 1935 1817 1992 Patri

202 2032 400 2093 [vestro
422 2032 485 2078 et
514 2024 674 2079 vobis
697 2024 828 2080 olim
854 2024 1241 2095 impendimus,
1266 2026 1440 2081 donec
1459 2037 1679 2084 nostros
1707 2030 1814 2099 spi-

223 2113 359 2169 ritus
386 2114 599 2170 rexerit
627 2123 802 2183 artus,
845 2113 1103 2171 exhibere
1132 2115 1533 2182 desideramus,
1579 2127 1632 2172 et
1665 2125 1817 2173 tanto

222 2202 443 2273 quidem
493 2203 753 2275 deinceps
800 2203 998 2275 majori
1042 2219 1144 2259 vos
1187 2204 1454 2260 cbaritate
1488 2202 1813 2275 fovebimus,

224 2304 423 2364 quanto
454 2311 557 2351 vos
581 2296 637 2351 in
659 2296 859 2352 divinis
882 2296 1116 2369 negotiis
1152 2294 1507 2354 ferventiores
1537 2314 1660 2355 esse
1684 2315 1814 2370 pro-

224 2387 497 2455 babimus,
538 2388 740 2458 quibus
772 2404 884 2443 non
922 2390 1101 2444 solum
1139 2388 1442 2459 spirituale,
1480 2391 1576 2447 sed
1615 2404 1669 2446 et
1709 2409 1813 2447 sa:-

225 2480 421 2547 culare,
465 2480 515 2535 si
552 2497 777 2537 necesse
805 2480 988 2550 fuerit,
1014 2483 1300 2551 auxilium,
1348 2483 1461 2540 Deo
1500 2486 1811 2559 adjuvante,

224 2571 685 2631 ministrabimus.
724 2570 838 2628 Vos
869 2572 1037 2644 igitur
1060 2572 1491 2644 omnipotentem
1518 2574 1811 2633 Dominum

223 2672 462 2731 exorate,
508 2673 568 2719 ut
617 2664 736 2735 ipse
775 2664 921 2721 vires
964 2673 1019 2719 et
1068 2664 1354 2723 facultates
1379 2668 1538 2724 nobis
1584 2666 1840 2738 tribuat,‘

220 2764 489 2824 quatenus
511 2756 752 2827 suscepti
770 2756 1051 2828 regiminis
1073 2756 1418 2828 importabile
1445 2760 1662 2830 pondus
1683 2778 1811 2833 pos-

223 2846 387 2902 simus
416 2847 683 2923 tolerare,
712 2857 765 2904 et
788 2857 1037 2904 sanctam
1063 2847 1365 2905 Ecclesium
1399 2851 1454 2905 in
1478 2860 1681 2909 statum
1705 2871 1809 2910 an-

225 2936 377 3010 tiqua:
398 2934 692 3012 religionis
718 2939 995 2997 reducere.
1032 2938 1240 3022 Valete.
1417 2938 1427 2965 ‘

958 3028 1045 3084 111.

1921 1860 1973 1906 te
2020 1851 2163 1906 sicut
2222 1850 2290 1905 de
2341 1850 2489 1905 bono
2533 1849 2700 1906 fratre
2748 1858 2802 1906 et
2850 1848 3103 1905 studioso
3146 1856 3505 1920 coeperatore

1883 2018 1889 2026 .
1918 1945 2109 2023 debeat
2136 1943 2390 2016 gaudere.

2674 2054 2740 2112 ν.

1916 2150 2266 2224 Privilegium
2279 2149 2518 2223 Gregorii
2558 2148 2669 2274 VIII
2686 2167 2837 2234 papa:
2864 2167 2960 2221 pro
2989 2148 3184 2204 eremio
3209 2136 3503 2205 Camaldu-

2649 2238 2782 2274 ensi.
3408 2236 3411 2241 ·

2649 2238 2782 2274 ρηςςι.
3408 2236 3411 2241 ”

2236 2310 2417 2384 (Anno
2458 2308 2617 2379 1074,
2652 2329 2748 2366 xm
2782 2288 2899 2367 Kal.
2928 2309 3180 2382 Aprilis.)

1916 2400 2307 2482 [Murenam],
2339 2404 2549 2482 Annal._
2570 2401 2901 2482 Camnldul.,
2951 2410 3087 2482 tom:
3111 2473 3123 2482 .
3143 2401 3206 2482 ii,
3240 2400 3497 2482 appendt,

1982 2475 2262 2602 gag‘i‘ﬁgl,
2288 2491 2353 2530 ex
2381 2475 2551 2617 ἴριδι-ἰ
2602 2475 2917 2530 authentico
2973 2473 3184 2529 archivi
3240 2470 3498 2528 SIBlasii

2021 2566 2052 2601 e
2124 2563 2156 2600 a
2197 2560 2373 2601 nano.
2640 2578 2641 2581 η

1984 2657 2291 2715 Caesonius
2306 2658 2619 2730 episcopus,
2651 2673 2842 2714 servus
2872 2672 3159 2714 servorum
3208 2653 3325 2723 Dei,
3375 2655 3506 2711 Rus:

1914 2765 2037 2806 rtco
2065 2749 2236 2821 priori
2263 2760 2319 2805 et
2346 2758 2558 2807 cuncta:
2580 2751 2700 2820 ejus
2723 2750 3132 2823 congregationi
3167 2746 3234 2801 de
3256 2747 3378 2806 loco
3400 2759 3497 2830 qui

1910 2840 2110 2897 dicitur
2127 2840 2369 2912 Campus
2397 2838 2680 2908 Amabilis,
2713 2841 2769 2894 in
2792 2851 3135 2910 perpetuum.

1980 2930 2125 2986 Nulli
2154 2930 2396 2986 fidelium
2426 2931 2575 2986 venit
2616 2930 2672 2985 in
2719 2929 2949 2985 dubium
2978 2930 3113 2999 quin
3163 2929 3320 2983 sedes
3354 2942 3491 2997 apo-

1881 3020 2124 3088 tstoliea,
2155 3036 2223 3077 eo
2257 3020 2403 3092 quod
2432 3020 2686 3091 princeps
2727 3028 2782 3075 et
2808 3028 2985 3075 mater
3012 3016 3261 3073 onmium
3299 3016 3490 3074 Eccle-

228 3116 467 3203 Epistola
484 3119 740 3207 gregarii.
771 3119 883 3175 VII
910 3122 982 3206 ed
1016 3120 1272 3207 Samium
1304 3140 1469 3207 regem
1498 3125 1805 3197 Aragonen-
1830 3148 1872 3207 ο
1905 3112 2139 3207 sianum,
2182 3112 2439 3167 omnibus
2481 3112 2587 3207 hoc
2628 3111 2752 3182 jure
2800 3119 2856 3166 et
2909 3109 3090 3207 debita
3124 3108 3493 3207 sollicitudine

283 3193 417 3267 siam
443 3201 498 3245 et
520 3190 1033 3267 Pa’mpilonensiunt.
1058 3225 1132 3234 —
1153 3190 1456 3267 Gregorius,
1484 3190 1657 3250 recens
1678 3215 1804 3267 pou-

287 3262 413 3330 tifea:
446 3271 683 3327 creatus,
702 3263 785 3333 ad
816 3263 1110 3332 exemplum
1139 3262 1538 3333 pradecessoris
1566 3269 1650 3321 sui
1678 3262 1803 3321 Ἀιε-
1846 3284 1855 3294 κ

282 3333 483 3407 ,ῃᾳιιάνι
512 3332 752 3407 secundi,
794 3334 844 3407 ei
875 3336 1360 3407 successoribusque
1390 3336 1513 3407 ejus
1541 3339 1800 3407 permittit

283 3402 509 3479 liberant
558 3404 1240 3479 dispositionempmnium
1275 3402 1629 3479 ecclesiarum
1670 3425 1801 3479 quas

287 3474 391 3543 ipse
419 3472 506 3527 vel
535 3489 859 3545 successores
889 3474 1056 3542 ipsius
1092 3475 1312 3545 eripient
1336 3476 1401 3530 de
1428 3472 1799 3534 manibus'Sa-

285 3560 623 3618 racenorurn,
661 3544 739 3598 rel
760 3561 895 3614 quas
917 3545 1025 3618 ipsi
1049 3544 1286 3618 inhi-cgito
1314 3562 1411 3600 suo
1437 3549 1799 3618 (edi/icabunt,

287 3616 489 3688 fetibus
538 3614 816 3688 duntaxat
844 3614 1229 3688 episcopalibus
1278 3614 1645 3688 exceptin—
1691 3614 1799 3675 Deé

284 3686 545 3757 scriptam
567 3702 634 3740 ea:
670 3686 881 3741 archiva
921 3687 1061 3757 regio
1091 3686 1475 3742 Barcinoneitsi
1504 3689 1645 3743 ultro
1672 3692 1801 3746 mihi

285 3755 554 3827 libensque
582 3757 898 3827 promiserat
927 3755 1300 3827 virinunquam
1329 3760 1463 3813 satis
1494 3760 1625 3813 mihi
1659 3778 1802 3815 com-

287 3825 620 3880 mendandus
652 3825 844 3880 Petrus
873 3827 940 3881 de
968 3825 1169 3883 Marcia
1191 3827 1591 3883 illustrissimus
1621 3832 1800 3886 archi-

284 3898 559 3971 episcopus
604 3896 894 3971 Tolosamts
923 3906 975 3971 et
1005 3896 1356 3971 Parisiensis.
1407 3898 1536 3955 Vide
1563 3901 1800 3971 publicas

287 3967 644 4038 solemnesque
674 3968 975 4041 donationis
997 3967 1398 4041 illius_t_abulas,
1420 3988 1474 4041 p.
1502 3967 1606 4027 579
1635 3973 1803 4028 histo-

289 4040 408 4094 rica
430 4037 716 4110 synopseos
755 4037 1111 4093 Conciliorum
1146 4038 1340 4095 Mansi.

812 4131 992 4203 (Anno
1035 4130 1217 4203 1075.)

605 4221 836 4295 [Μιιδεῃ
870 4221 1073 4278 Concil.
1106 4222 1225 4293 XX,
1260 4222 1423 4299 622.]

967 4312 1055 4369 IV.

231 4401 281 4458 S.
310 4403 542 4475 Gregorii
595 4404 843 4478 epistola.
903 4406 987 4478 Ad
1015 4405 1263 4478 Ottonem
1307 4409 1608 4478 episcopum
1661 4409 1803 4467 Con-

287 4474 644 4531 stantiensem.
660 4484 742 4516 ‘--
773 4474 851 4530 De
873 4477 1131 4547 episcopis
1154 4474 1496 4534 Sinton'iacis'.

810 4568 992 4639 (Anno
1030 4568 1211 4641 1074.)

472 4658 703 4735 [suae
734 4659 958 4716 Miscell.
984 4662 1112 4717 edit.
1138 4661 1271 4718 Luc.
1295 4660 1361 4730 ιι,
1384 4661 1537 4737 252.]

293 4750 593 4811 GREGOMUS
614 4753 930 4825 episcopus,
953 4768 1147 4809 servus
1167 4768 1452 4810 servorum
1475 4754 1591 4824 Dei,
1605 4757 1803 4815 dilecto

234 4841 281 4897 in
302 4843 514 4901 Christo
535 4844 696 4901 fratri
725 4842 938 4900 Orrost
975 4843 1380 4901 Constantiensi
1403 4846 1664 4920 episcopo
1708 4866 1802 4906 sa-

233 4933 385 4995 lutem
403 4947 457 4993 et
488 4935 857 5009 apostolicam
879 4935 1335 4992 benedictionem.

211 5044 217 5049 ο
290 5025 544 5085 lnstantia
585 5028 909 5085 nuntiorum
952 5037 1176 5085 tuorum
1248 5027 1573 5087 festinanter
1595 5099 1602 5110 _
1623 5033 1804 5091 redire

235 5118 512 5156 νηιαησῖνιςκ
534 5136 648 5156 “nn
673 5119 922 5156 nomini!
958 5135 1059 5156 nm
1110 5118 1433 5156 friuolam-sinu:
1458 5132 1568 5156 sum
1588 5138 1711 5156 κει-..ιι
1748 5127 1801 5156 ε...

1886 3202 2164 3257 Ἐοειεείὶε
2212 3214 2444 3272 praeesse
2489 3201 2701 3266 debeat,
2732 3211 2791 3259 ut
2821 3215 2931 3256 non
2955 3199 3133 3255 solum
3168 3212 3263 3256 eas
3297 3199 3492 3254 catino-

1904 3294 2024 3349 lica:
2050 3293 2332 3365 religionis
2353 3293 2562 3348 unitate
2590 3293 2911 3359 concludat,
2947 3292 3042 3348 sed
3071 3290 3395 3363 generaliter
3422 3289 3493 3344 ab

1903 3385 1992 3441 bis
2015 3399 2138 3455 qua:
2181 3384 2526 3439 extrinsecus
2579 3391 2993 3454 promoventur,
3025 3399 3126 3439 sua
3168 3381 3493 3461 auctoritate

1902 3476 2074 3533 salvet
2100 3484 2156 3531 et
2184 3476 2415 3531 muniat.
2443 3474 2590 3531 inter
2617 3491 2758 3545 quas
2784 3484 2973 3531 tamen
3000 3474 3314 3544 complures
3339 3473 3493 3529 inve-

1902 3565 2159 3633 niuntur,
2189 3582 2314 3637 quae
2335 3566 2558 3637 speciali
2588 3582 2653 3623 ac
2681 3567 2900 3637 propria
2925 3566 3399 3622 commendatione
3435 3566 3491 3620 in

1901 3659 2127 3713 tutelam
2155 3658 2397 3729 ejusdem
2448 3658 2595 3714 sedis
2624 3660 2940 3729 apostolicae
2997 3672 3056 3715 se
3117 3658 3489 3723 contulerunt,

1903 3760 1965 3805 ut
1992 3748 2213 3820 speciali
2255 3749 2519 3805 cbaritate
2546 3758 2600 3804 et
2623 3749 2805 3805 studio
2840 3763 2958 3805 suae
2994 3748 3190 3805 matris
3214 3748 3492 3820 amplectae

1904 3841 2212 3898 securiores
2265 3851 2317 3897 et
2348 3840 2630 3897 liberiores
2667 3840 2737 3895 ab
2763 3841 2925 3897 omni
2958 3840 3310 3898 infestatione
3359 3856 3493 3899 con-

1903 3934 2177 3989 sisterent.

1974 4022 2145 4090 Quas,
2205 4038 2265 4079 ut
2292 4023 2519 4094 dignum
2562 4032 2701 4091 erat,
2748 4024 2823 4079 ita
2854 4025 2911 4079 in
2960 4041 3062 4080 suo
3087 4027 3209 4082 sinu
3242 4026 3488 4084 Romana

1904 4116 2144 4185 suscepit
2188 4114 2451 4181 Ecclesia,
2489 4123 2751 4185 tantaque
2810 4118 3047 4185 protexit
3093 4119 3336 4190 undique
3364 4120 3488 4175 dili-

1878 4207 2104 4280 gentia,
2128 4214 2188 4262 ut
2216 4207 2471 4262 omnibus
2498 4215 2819 4262 ornamenta
2872 4218 3173 4278 prmstaret,
3209 4212 3489 4268 nonnullis

1904 4314 2124 4370 quoque
2151 4299 2381 4372 gratiam
2411 4297 2686 4354 conferret
2712 4299 3172 4369 amplificationis.
3206 4302 3379 4372 Cujus
3407 4304 3488 4360 rei

1904 4391 2328 4464 plurima'nobis
2356 4390 2603 4462 exempla
2634 4391 2964 4448 sanctissimi
2983 4393 3085 4448 viri
3126 4409 3488 4465 przeeessores

1838 4491 1883 4546 D
1909 4486 2083 4541 nostri
2106 4485 2465 4557 reliquerunt,
2491 4484 2585 4555 qui
2615 4493 2743 4539 ante
2793 4500 2895 4541 nos
2948 4486 3005 4541 in
3033 4501 3118 4555 ea,
3151 4503 3317 4557 quam
3346 4488 3486 4545 dixi-

1907 4594 2051 4645 mus,
2074 4577 2372 4649 apostolica
2392 4578 2521 4634 sede
2542 4576 2811 4649 fulgentes
2851 4592 2952 4648 pro
2980 4579 3187 4636 honore
3217 4579 3488 4636 Ecclesia-

1904 4686 2028 4726 rum
2061 4669 2156 4725 Dei
2182 4678 2237 4726 et
2263 4686 2453 4726 earum
2483 4669 2809 4726 exaltatione
2839 4670 3012 4742 magis
3041 4685 3206 4742 quam
3248 4687 3349 4744 pro
3376 4674 3487 4730 vita

1903 4774 1999 4819 aut
2028 4764 2203 4820 salute
2223 4778 2324 4819 sua
2348 4762 2574 4819 solliciti
2608 4760 2845 4817 fuerunt.
2877 4759 3140 4819 Novimus
3180 4763 3327 4819 enim
3364 4783 3487 4821 mo-

1903 4855 2144 4911 nasteria
2174 4856 2411 4927 plurima
2455 4863 2511 4911 et
2535 4861 2731 4910 caetera
2758 4852 2902 4908 bona
2929 4853 3297 4912 ecclesiastica
3314 4899 3329 4925 ,
3366 4874 3491 4931 qua:

1903 4963 1936 5003 a
1956 4948 2229 5019 religiosis
2277 4946 2413 5003 viris
2469 4946 2538 5002 ad
2577 4944 2942 5016 patrocinium
2996 4955 3051 5003 et
3109 4947 3490 5010 defensionem

1904 5040 2218 5112 apostolicae
2239 5038 2384 5095 sedis
2413 5049 2544 5095 sunt
2581 5038 2779 5103 delata,
2811 5053 2938 5094 cum
2970 5055 3187 5096 summa
3221 5041 3495 5102 cbaritate

2170 5139 2415 5156 -.ΔαΑιιυιιμ
2474 5137 2522 5156 Α.
2860 5141 3014 5156 ΔΔΑΑᾸ
3027 5129 3173 5156 -1²-..
3218 5134 3329 5156 ]-ρμ
