3972 5390
465 309 650 390 ψη

1417 293 1474 358 5.
1513 301 1840 367 GREGORH
1861 303 1970 358 ,ΠΙ
1991 303 2208 362 ΡΑΡῶ
2243 304 2531 364 OPERUM
2569 305 2747 379 PARS
2782 305 2858 363 IL

3661 304 3753 362 6&8

413 407 420 414 ’
463 491 470 498 ε
509 437 632 490 nos,
657 419 934 479 in'eadem
964 417 1260 490 apostolica
1305 418 1430 472 sede
1455 433 1574 490 non
1619 418 1826 475 nostris
1861 419 2090 485 meritis,
2119 423 2370 494 Avatus,
2396 431 2460 478 ut
2487 422 2590 478 rite
2621 429 2676 477 et
2701 419 2963 478 canonice
2983 419 3292 491 episcopale
3333 433 3447 476 non
3466 418 3641 490 possit
3659 419 3752 473 im-

509 515 605 577 sed
627 514 812 571 divina
831 512 996 576 locati
1015 511 1208 582 gratia,
1234 509 1536 567 oratorium
1573 509 1760 568 Sancti
1791 509 2089 566 Salvatoris

506 607 566 662 in
587 607 796 675 Campo
811 603 1049 660 Amahili
1093 611 1494 669 constructum,
1517 611 1572 658 et
1593 603 1758 659 cellas
1782 602 1884 674 ipsi
1907 602 2090 660 adhae-

504 707 690 754 rentes
714 706 771 752 et
796 697 1002 754 circum
1051 695 1197 752 circa
1239 695 1572 764 adjacentes,
1635 695 1750 751 sive
1799 695 1984 752 omnia
2019 697 2088 754 ad

505 790 686 860 ipsum
737 787 1082 858 pertinentia,
1126 786 1405 845 communi
1451 781 1731 860 rogatiOne
1768 786 2000 843 fratrum
2029 787 2086 844 in

502 881 728 938 tutelam
745 880 1060 952 apostolica:
1082 879 1424 937 auctoritatis
1443 887 1498 934 et
1517 888 1783 947 nostram,
1803 895 2087 936 successo-

503 987 736 1042 rumque
760 980 1098 1038 nostrorum,
1127 971 1472 1042 suscepimus
1512 970 1908 1038 defensionem,
1935 971 2085 1028 salva

502 1064 720 1135 quidem
772 1079 890 1120 sua:
939 1062 1187 1120 matricis
1235 1061 1478 1118 Aretinm
1513 1060 1782 1120 .Ecclesim
1830 1063 2010 1118 debita
2031 1071 2088 1119 et

501 1155 765 1214 canonica
788 1155 1112 1214 reverentia.
1137 1153 1396 1210 Veientes
1417 1163 1480 1209 ut
1505 1162 1618 1210 tam
1655 1155 1744 1224 pia
1785 1155 2006 1210 collatio
2030 1153 2088 1209 fi-

499 1247 704 1304 delium
729 1248 1060 1313 animarum,
1086 1262 1116 1301 a
1147 1245 1350 1317 quibus
1378 1246 1518 1302 idem
1542 1246 1846 1302 oratorium
1877 1244 1982 1302 fuit
2002 1247 2086 1305 in-

501 1347 762 1408 emptum,
797 1349 850 1394 et
876 1339 985 1394 huc
1009 1354 1187 1408 usque
1207 1338 1556 1409 productum,
1605 1335 1719 1392 Deo
1745 1347 1978 1406 crescat,
2030 1349 2086 1393 et

502 1430 609 1487 illis
636 1443 940 1502 eorumque
961 1431 1201 1500 posteris
1235 1438 1290 1485 et
1315 1430 1732 1486 successoribus
1750 1430 1819 1486 ad
1850 1431 2082 1487 salutem

500 1522 748 1592 corporis
769 1531 823 1576 et
841 1523 1038 1580 ammte
1065 1520 1332 1592 proﬁciat.
1362 1520 1455 1578 Sie
1477 1522 1712 1592 denique
1747 1521 1926 1592 ipsum
1960 1538 2086 1578 ora-

501 1613 700 1682 torium
722 1621 777 1668 et
795 1613 1118 1684 prmdictum
1143 1614 1325 1670 locum
1349 1629 1473 1669 eum
1503 1613 1760 1669 omnibus
1784 1613 1996 1670 cellulis
2030 1622 2084 1670 et

2188 517 2337 586 plere
2357 515 2776 580 ollicium,,tunc
2826 513 2998 568 libera
3039 511 3273 568 facultas
3309 527 3374 568 ac
3417 507 3637 566 licentia
3661 525 3755 582 pa-

2189 617 2302 666 teat
2328 608 2484 666 vobis
2513 606 2665 662 adire
2683 604 3016 660 catholicum
3075 613 3133 660 et
3167 605 3307 658 bene
3354 603 3624 657 viventem
3651 602 3757 673 epi-

2189 715 2418 771 scopum
2444 699 2758 768 ubicunque
2787 695 2844 750 in
2878 677 3055 750 vestra
3075 695 3160 750 vel
3209 693 3460 765 proxima
3487 693 3758 765 provincia

2188 791 2418 847 inveniri
2443 789 2660 862 poterit,
2682 798 2744 843 ut
2765 789 2834 843 ab
2858 787 2978 858 ipso
3012 786 3067 841 in
3089 784 3480 842 ecclesiasticis
3509 784 3759 856 gradibus

2187 893 2242 940 et
2271 883 2460 940 ciliciis
2509 875 2752 939 ordinari
2795 889 2850 934 et
2881 877 3195 934 consecrari
3222 893 3290 933 ex
3325 884 3508 931 vestra
3543 891 3761 948 congre-

2188 975 2428 1045 gatione,
2451 972 2547 1046 qui
2573 972 2772 1044 dignus
2799 979 2884 1028 est
2922 970 3116 1042 possit.
3155 965 3339 1026 Sacris
3371 968 3517 1024 enim
3543 968 3760 1024 canoni-

2185 1061 2290 1122 bus
2309 1074 2365 1122 et
2387 1065 2547 1122 bonis
2581 1065 2807 1119 omnino
2851 1062 3106 1135 congruit
3152 1060 3422 1126 moribus,
3455 1067 3518 1115 ut
3549 1059 3684 1115 sicut
3703 1059 3760 1114 hi

2186 1159 2280 1230 qui
2303 1157 2592 1227 ordinandi
2625 1165 2799 1223 .sunt,
2841 1156 3000 1212 bona:
3041 1155 3166 1210 vitae
3195 1161 3497 1222 ercctmque
3529 1151 3762 1207 scientiae

2185 1251 2419 1308 existere
2470 1251 2688 1316 debent,
2719 1248 2822 1315 sic,
2849 1249 3008 1320 juxta
3039 1245 3284 1317 Apostoli
3315 1243 3663 1308 sententiam,
3687 1242 3763 1297 illi

2184 1343 2278 1418 qui
2309 1359 2510 1400 manus
2555 1341 2874 1398 ordinandis
2897 1329 3204 1411 imponunt,
3263 1335 3763 1408 irreprehensibiles

2183 1445 2240 1492 et
2266 1437 2472 1507 absque
2498 1433 2726 1490 crimine
2756 1432 3122 1488 inveniantur.
3149 1428 3208 1484 Si
3237 1429 3362 1501 quis
3395 1436 3580 1484 autem
3601 1435 3762 1483 teme-

2184 1528 2332 1586 rario
2361 1544 2501 1584 ausu
2532 1534 2587 1582 et
2615 1525 2669 1580 in
2721 1523 3080 1596 incorrigibili
3101 1523 3427 1588 temeritate,
3463 1519 3613 1592 quod
3651 1519 3762 1574 ﬁeri

2184 1636 2298 1678 non
2321 1621 2616 1687 credimus,
2652 1628 2842 1676 contra
2875 1617 3040 1688 hujus
3085 1622 3288 1670 nostra:
3333 1612 3651 1684 apostolica:
3671 1627 3762 1666 au—

498 1703 752 1776 hospiliis
785 1703 920 1772 δαῖε,
944 1720 1040 1761 seu
1070 1704 1344 1761 universis
1371 1706 1534 1760 rebus
1553 1705 1622 1760 ad
1648 1721 1774 1761 eum
1803 1705 2084 1776 perlincn-
2115 1767 2155 1778 ﬁ
2185 1713 2454 1770 ctoritatis
2482 1721 2538 1770 et
2565 1709 2999 1768 conﬁrmationis
3029 1707 3224 1765 seriem
3259 1721 3420 1778 agere
3458 1701 3762 1769 tentaret-it,

498 1767 646 1855 tibu-s
677 1796 734 1850 in
754 1767 1000 1852 nostram
1045 1795 1422 1856 defensionem
1470 1767 1828 1872 suscipimus:
1872 1805 1934 1852 ut
1966 1805 2080 1852 tam
2115 1767 2160 1821 Β
2183 1767 2776 1862 sanguinarium
2811 1801 3188 1873 apostolorum
3216 1767 3364 1853 Petri
3389 1805 3446 1852 et
3487 1794 3646 1851 Pauli
3685 1767 3764 1850 di;

497 1884 592 1942 illa
612 1902 734 1957 quae
763 1887 926 1943 modo
953 1887 1152 1944 habere
1173 1896 1229 1943 et
1260 1895 1449 1944 tenere
1473 1889 1708 1956 videtur,
1747 1904 1916 1960 quam
1959 1905 2084 1960 quze

496 1976 553 2033 in
588 1986 768 2046 antea,
793 1978 904 2034 Deo
927 1978 1212 2052 largiente,
1231 1979 1382 2050 juste
1407 1980 1693 2052 acquirere
1715 1981 1934 2052 poterit,
1955 1979 2082 2036 ubi-

495 2086 712 2141 cunque
745 2071 924 2141 posita
972 2069 1197 2137 fuerint,
1239 2073 1343 2128 sub
1385 2073 1686 2143 apostolica
1725 2073 1973 2130 custodia
2027 2082 2084 2128 et

497 2161 726 2218 tuitione
753 2162 1076 2220 consistant.
1109 2161 1294 2218 Primo
1323 2163 1506 2234 itaque
1529 2163 1651 2220 loco
1685 2165 1944 2236 ponimus
1963 2179 2081 2220 ere-

495 2267 646 2308 mum
681 2263 736 2309 et
759 2255 1062 2312 oratorium
1083 2255 1250 2312 situm
1280 2255 1336 2310 in
1363 2257 1486 2312 loco
1507 2256 1603 2328 qui
1626 2257 1828 2313 dicitur
1841 2256 2081 2326 Campus

492 2343 778 2402 Amabilis.
823 2343 1095 2415 Secundo,
1145 2345 1446 2419 hospitium
1493 2349 1636 2420 ejus,
1692 2350 1839 2422 quod
1883 2349 2081 2405 dicitur

493 2435 639 2492 Fons
661 2436 864 2504 Bonus.
881 2435 1086 2510 Tertio,
1106 2440 1420 2515 cmnobium
1436 2441 1584 2512 quod
1605 2449 1690 2498 est
1703 2422 2080 2498 constructum

493 2529 550 2584 in
575 2529 697 2585 loco
717 2530 811 2601 qui
831 2531 1031 2586 dicitur
1054 2529 1351 2600 Cerritum,
1375 2533 1468 2602 qui
1495 2541 1580 2588 est
1600 2531 1744 2590 infra
1759 2533 2079 2590 comitatum

493 2615 930 2699 Vulternensem,
964 2637 1200 2678 necnon
1228 2633 1282 2679 et
1308 2624 1582 2682 abbatiam
1633 2623 1849 2682 Sancta:
1895 2623 2080 2685 Maria:

491 2712 718 2786 virginis
747 2715 1064 2786 supradicto
1113 2715 1236 2786 loco
1275 2717 1673 2785 adhaerentem,
1722 2718 1956 2796 positam
2019 2717 2079 2773 in

490 2805 612 2862 loco
633 2805 730 2876 qui
755 2805 957 2876 dicitur
985 2805 1290 2888 Puliciano.
1317 2806 1546 2876 Quarto,
1574 2809 1632 2866 in
1669 2809 1794 2866 loco
1819 2809 1915 2882 qui
1937 2808 2071 2866 diei4

491 2904 582 2955 tur
606 2896 777 2970 Agna.
807 2897 1033 2967 Quinto,
1065 2899 1266 2956 inloco
1295 2900 1392 2972 qui
1419 2901 1620 2958 dicitur
1641 2899 1822 2972 Monte
1843 2909 1900 2958 et
1927 2899 2073 2958 Soci.

492 2989 680 3056 Sexto,
702 2988 758 3044 in
791 2990 914 3048 loco
931 2991 1027 3062 qui
1053 2991 1254 3048 dicitur
1271 2991 1499 3049 Caliano
1524 3003 1579 3049 et
1595 2992 1828 3050 Punina.
1850 2992 2076 3063 Octavo,

488 3083 546 3150 in
575 3081 698 3138 loco
732 3083 828 3154 qui
851 3083 1054 3139 dicitur
1083 3083 1140 3150 in
1161 3083 1322 3152 Chio,
1353 3093 1408 3140 et
1433 3085 1663 3142 ecclesia
1705 3085 1890 3143 Sancti
1921 3084 2077 3142 Savi-

489 3173 566 3248 ni.
600 3171 776 3241 Nono,
809 3174 866 3228 in
909 3174 1032 3231 loco
1068 3177 1165 3247 qui
1212 3176 1415 3232 dicitur
1468 3177 1729 3250 Fogiano.
1783 3177 2077 3238 Saneimus

488 3265 655 3340 igitur
676 3267 782 3322 hoc
817 3277 1006 3324 nostro
1036 3269 1318 3340 privilegio
1351 3279 1412 3326 ut
1451 3286 1629 3342 neque
1677 3287 1794 3340 rex,
1837 3272 2074 3343 impera-

498 3363 586 3410 tor
624 3359 756 3424 dux,
815 3375 1001 3416 comes
1037 3369 1135 3415 aut
1177 3359 1447 3432 politifex,
1468 3371 1564 3418 aut
1605 3361 1789 3434 aliqua
1837 3379 2072 3434 persona

491 3449 632 3504 idem
662 3450 986 3518 oratorium,
1011 3460 1108 3508 aut
1127 3450 1326 3510 fratres
1355 3453 1428 3510 ibi
1456 3453 1568 3510 Deo
1589 3454 1910 3522 servientes,
1928 3455 2076 3527 ejus-

487 3555 596 3610 que
618 3541 912 3610 territoria,
943 3553 1038 3598 aut
1059 3545 1243 3618 aliqua
1270 3545 1375 3602 sibi
1397 3546 1551 3618 justo
1573 3548 1738 3606 modo
1762 3557 1860 3605 aut
1887 3549 1943 3606 in
1958 3581 1963 3587 -
1981 3565 2077 3610 att-

489 3633 575 3688 tea
605 3631 954 3703 pertinentia,
989 3637 1244 3694 invadere
1279 3647 1375 3694 aut
1401 3637 1838 3707 molestare,_vel
1892 3641 2075 3714 aliquo

487 3725 652 3780 modo
679 3724 995 3798 inquietare
1013 3738 1332 3800 praisumat,
1345 3728 1660 3792 libertatem
1678 3739 1774 3788 aut
1798 3733 2073 3792 licentiam

484 3816 844 3890 ecclesiastici
866 3818 1031 3889 juris,
1055 3836 1222 3891 quam
1252 3821 1361 3878 huc
1384 3837 1559 3894 usque
1579 3822 1783 3883 habere
1810 3823 2072 3894 visisunt,

484 3922 584 3986 seu
611 3925 777 3980 quam
805 3910 861 3966 in
884 3920 1042 3968 antea
1059 3913 1209 3984 juste
1232 3913 1436 3970 habere
1462 3915 1724 3986 poterint,
1763 3915 1822 3974 in
1852 3917 1956 3974 hac
1975 3933 2072 3975 ea-

481 4001 610 4089 dem
636 4004 776 4082 serie
803 4005 1196 4064 conﬁrmamus
1237 4014 1292 4062 et
1337 4015 1659 4078 perpetuam
1708 4005 1828 4064 fore
1873 4008 2072 4064 statui-

481 4109 631 4150 mus.
661 4093 741 4175 I‘i‘e
775 4097 902 4168 quis
925 4106 1108 4172 autem
1138 4099 1317 4174 malas
1366 4099 1792 4159 consuetudines
1820 4100 2073 4172 superin-

477 4185 667 4254 ducat,
699 4189 900 4258 quibus
922 4189 1064 4249 idem
1091 4190 1394 4246 oratorium
1417 4207 1448 4246 a
1474 4207 1574 4248 sua
1601 4192 1862 4264 religione
1887 4192 2072 4248 turbe-

481 4283 592 4344 tur,
620 4277 932 4349 apostolica.
952 4282 1277 4338 auctoritate
1311 4283 1696 4352 prohibemus;
1725 4284 1833 4340 hoc
1882 4291 2068 4340 tamen

2103 3130 2144 3188 C

2183 1899 2385 1958 stricta:
2451 1895 2944 1960 animadversionis
3019 1891 3346 1950 sententiam
3425 1889 3757 1946 subiturum.

2181 1987 2290 2056 Qui
2329 2003 2462 2046 vero
2511 1996 2701 2044 custos
2751 1995 2806 2042 et
2839 1986 3160 2044 observator
3187 1982 3356 2052 hujus
3389 1979 3573 2035 nostri
3603 1977 3765 2050 privi-

2180 2077 2304 2152 legii
2353 2077 2663 2144 exstiterit,
2735 2073 3129 2154 benedictionis
3215 2071 3449 2144 gratiam
3495 2077 3554 2125 et
3600 2069 3764 2126 vitam

2179 2181 2437 2230 aeternam
2463 2186 2494 2226 a
2528 2168 2762 2224 Domino
2783 2167 2896 2223 Deo
2916 2162 3180 2236 consergti
3199 2171 3498 2218 mereatur.

2249 2265 2449 2322 Datum
2497 2263 2688 2336 Roma:
2717 2277 2816 2316 χιιι
2869 2258 2988 2315 Kal.
3015 2257 3214 2329 Aprilis
3254 2271 3352 2334 per
3373 2269 3578 2309 manus
3602 2251 3763 2320 Petri,

2180 2364 2382 2422 sancta:
2406 2353 2668 2410 Romana:
2701 2349 2959 2409 Ecclesiae
3007 2345 3310 2420 presbyteri
3355 2344 3656 2402 cardinalis
3679 2360 3766 2399 ar-

2180 2441 2692 2508 chibibliotbecarii,
2711 2505 2716 2510 _
2737 2455 2882 2496 anno
2907 2439 3087 2510 primo
3117 2434 3472 2509 pontiﬁcatus
3522 2431 3766 2505 Gregorii

2179 2536 2274 2592 V'Il
2303 2552 2476 2609 papae,
2527 2527 2674 2592 anno
2715 2533 2967 2589 videlicet
3018 2529 3318 2586 Dominica:
3365 2525 3767 2583 incarnationis

2179 2629 2474 2687 millesimo
2541 2625 2942 2700 septuagesimo
3003 2631 3228 2696 quarto,
3278 2619 3585 2676 indictione
3615 2618 3766 2674 tertia

2177 2723 2410 2780 decima.

2938 2828 3023 2884 γι.
3279 2897 3284 2902 ,

2182 2923 2466 2998 Gregorius
2525 2922 2635 2978 VII
2647 2993 2667 2998 _
2685 2921 2936 2998 Ecclesia:
2980 2918 3328 2998 Bononiensis
3347 2915 3727 2998 “possessiones
3747 2956 3765 2983 ,

2414 3004 2616 3068 petente
2638 2993 2921 3062 Lantberto
2941 2991 3202 3062 episcopo,
3233 2988 3542 3058 conﬁrmat.

2777 3085 2958 3157 (Anno
2985 3082 3166 3152 l074.)

2498 3175 2784 3252 [Πειιειιι.
2823 3172 2995 3228 Italia
3033 3169 3449 3243 sacra,ll,16.]

2249 3272 2576 3336 Caesonius,
2609 3284 2800 3324 servus
2821 3281 3105 3322 servomm
3143 3265 3260 3320 Dei.

2245 3363 2446 3420 Notum
2473 3359 2728 3418 omnibus
2757 3358 2876 3414 ﬁeri
2920 3357 3176 3413 volumus
3199 3352 3348 3426 quod
3376 3355 3765 3412 reverendissi—

2175 3474 2300 3515 mus
2327 3455 2655 3512 Lambertus
2675 3451 2912 3508 civitatis
2948 3444 3313 3505 Bononiensis
3339 3447 3636 3518 episcopus
3658 3445 3766 3502 Bo-

2177 3564 2322 3603 mam
2345 3546 2572 3603 veniens
2589 3543 2816 3599 visitare
2856 3541 3230 3613 apostolorum
3283 3539 3496 3608 limina,
3527 3538 3766 3594 ostendit

2175 3641 2334 3696 nobis
2357 3638 2662 3694 munimina
2697 3643 2752 3692 et
2779 3635 3158 3692 investitiones
3189 3631 3362 3689 factas
3400 3633 3473 3688 ab
3511 3641 3762 3690 anteces-

2175 3733 2394 3791 soribus
2428 3730 2654 3798 nostris,
2675 3729 2728 3785 id
2755 3737 2839 3785 est
2879 3725 3134 3800 Agapito,
3157 3736 3212 3783 et
3249 3723 3496 3798 Pelagio,
3521 3733 3580 3782 et
3627 3723 3762 3781 Gre-

2175 3825 2349 3898 gorio,
2371 3823 2596 3896 Dialogo
2631 3829 2686 3878 et
2718 3820 2988 3878 Formoso
3018 3817 3334 3890 apostolicis
3357 3815 3434 3872 'de
3462 3817 3631 3873 rebus
3651 3827 3766 3870 sua

2173 3917 2450 3974 Ecclesite.
2499 3915 2734 3970 Proinde
2776 3911 3021 3968 inclinati
3057 3911 3314 3982 precibus
3349 3910 3470 3981 ejus
3507 3907 3764 3965 concedi-

2174 4027 2298 4066 mus
2333 4017 2498 4080 atque
2525 4005 2915 4063 conﬁrmamus
2939 4020 3053 4060 suae
3083 4003 3350 4070 ecclesiae,
3383 4003 3538 4058 salvo
3563 4001 3622 4056 in
3647 4013 3763 4068 om-

2174 4101 2334 4156 nibus
2360 4099 2485 4170 jure
2537 4082 2888 4152 et‘Romanm
2934 4094 3180 4150 ecclesiae
3223 4091 3532 4164 privilegio,
3565 4107 3760 4147 mona-

2173 4193 2400 4248 sterium
2433 4190 2490 4246 S.
2521 4189 2803 4246 Michaelis
2846 4187 3158 4260 archangeli
3207 4187 3446 4258 positum
3501 4187 3558 4240 in
3594 4184 3762 4240 fundo

2171 4293 2398 4356 paterno
2433 4299 2560 4338 eum
2589 4281 2848 4336 omnibus
2893 4281 3060 4336 rebus
3125 4288 3180 4334 et
3234 4277 3587 4348 pertinentiis
3622 4277 3755 4343 suis,

481 4357 758 4428 voluimus
785 4381 838 4428 et
869 4375 1256 4430 constituimus
1281 4383 1344 4429 ut
1379 4375 1497 4446 jam
1527 4375 1736 4431 dictum
1764 4376 2066 4431 oratorium
2169 4388 2333 4450 atque
2354 4375 2706 4432 concedimus
2731 4381 2940 4429 eurtem
2961 4373 3030 4429 de
3068 4369 3290 4440 Brento,
3319 4387 3446 4428 cum
3500 4371 3678 4426 servis
3705 4375 3759 4426 et

475 4475 608 4516 cum
639 4463 792 4520 cellis
849 4466 965 4521 suis
1018 4467 1167 4520 omni
1197 4475 1462 4538 tempore,
1499 4481 1566 4522 eo
1590 4467 1754 4522 modo
1778 4473 1942 4537 atque
1990 4476 2068 4523 te-
2095 4485 2144 4540 Ῑ)
2169 4469 2400 4535 ancillis,
2439 4476 2494 4522 et
2520 4483 2644 4522 eum
2677 4465 2934 4521 omnibus
2961 4465 3076 4521 suis
3117 4463 3479 4534 pertinentiis.
3528 4461 3640 4519 Seu
3662 4463 3759 4518 do-

479 4567 619 4608 nore
646 4571 757 4626 quo
786 4557 937 4628 prius
976 4558 1293 4616 inchoatum
1333 4568 1438 4628 est,
1483 4568 1539 4616 et
1569 4559 1637 4616 ad
1668 4568 1856 4616 nostra
1893 4577 2068 4633 usque

483 4651 729 4732 tempora
774 4649 1122 4720 perductum,
1174 4659 1394 4706 maneat
1445 4653 1503 4708 in
1550 4668 1652 4708 suo
1691 4653 1874 4724 vigore
1903 4660 2068 4725 atque

481 4737 801 4806 stabilitate,
839 4742 1047 4798 scilicet
1082 4751 1144 4815 ut
1192 4757 1410 4814 semper
1429 4744 1714 4802 eremitieo
1755 4745 1990 4812 tramite,
2013 4752 2068 4802 et

481 4830 916 4899 contemplativaa
963 4834 1089 4892 vita!
1139 4835 1459 4892 celsitudine
1491 4845 1820 4907 perseveret,
1857 4853 1962 4894 nec
1997 4837 2067 4892 li-

481 4930 606 4976 ceat
631 4922 887 4992 cuiquam
922 4933 1019 4982 aut
1045 4925 1296 4984 abbatem
1347 4928 1420 4984 ibi
1474 4943 1699 4999 ponere,
1741 4937 1838 4986 aut
1879 4944 2066 4987 emno-

481 5007 637 5068 bium
664 5012 863 5096 facere,
888 5018 982 5073 sed
1007 5032 1223 5088 semper
1269 5020 1530 5078 solitariae
1563 5020 1689 5076 vitae
1741 5021 1898 5078 locus
1948 5021 2066 5092 ipse

481 5103 567 5154 sit
586 5103 822 5154 deditus.
879 5113 937 5154 et
979 5107 1240 5154 ﬁrmitate
1295 5112 1570 5154 nnatimm.
1601 5111 1890 5154 «indinuuum
1947 5111 2064 5154 "nn

2169 4576 2366 4618 namus
2401 4557 2796 4614 monasterium
2823 4553 2881 4611 S.
2915 4555 3124 4622 Mariae,
3157 4555 3323 4611 situm
3349 4553 3406 4609 in
3434 4553 3617 4610 Massa
3639 4568 3760 4624 qua:

2167 4663 2396 4710 vocatur
2425 4659 2610 4708 monte
2633 4649 2886 4714 Pulense,
2921 4661 3086 4720 quam
3129 4647 3436 4704 Joanninus
3457 4647 3758 4718 imperator

2165 4745 2390 4803 tradidit
2432 4741 2764 4800 Bononiensi
2795 4741 3052 4798 Ecclesiae
3086 4756 3214 4796 cum
3248 4749 3404 4796 eurte
3449 4739 3638 4811 ibique
3679 4749 3756 4796 te-

2166 4848 2352 4912 nente,
2379 4852 2611 4909 qumque
2646 4834 2964 4891 nominatur
2999 4833 3242 4898 Aurelia,
3281 4847 3407 4891 cum
3452 4833 3752 4900 montibus,

2167 4932 2264 5002 qui
2301 4931 2358 4985 in
2399 4928 2634 4985 circuitu
2681 4925 2895 4997 praefati
2942 4925 3262 4984 monasterii
3310 4925 3474 4996 positi
3515 4935 3666 4995 sunt,
3702 4934 3756 4982 et

2165 5029 2378 5103 eui-tem
2409 5021 2596 5085 aliam,
2623 5033 2748 5091 quae
2807 5027 3037 5076 vocatur
3076 5018 3396 5075 Bombiania
3431 5035 3560 5078 cum
3595 5035 3754 5076 casu-

2163 5115 2308 5154 lihua
2349 5120 2402 5154 at
2443 5109 2785 5154 πρηὶιιρηίὶἰα
2809 5109 2926 5154 cnie
2965 5119 3020 5154 at
3065 5119 3306 5154 numnam
3391 5113 3488 5154 (mi
3529 5121 3754 5154 vanamv-
