3972 5390
143 352 239 409 649

1024 324 1386 395 EPIS’I'OLIE
1422 330 1661 390 EXTRA
1699 325 2103 386 REGISTRUM
2145 322 2532 384 VAGANTES.

3301 321 3410 379 6ὕο

143 466 323 522 datum
347 458 411 518 in
441 456 611 517 fundo
634 452 909 512 Petriculo
929 468 1055 509 cum
1098 458 1282 524 portu,
1317 456 1372 505 et
1398 446 1637 512 teloneo,
1667 451 1724 500 et
1752 444 1799 502 A
1821 450 2069 508 vocatur,
2098 448 2154 497 et
2173 447 2368 505 strata,
2393 454 2518 510 qua:
2555 416 2859 510 Ungarista'
2894 437 3097 495 dicitur
3140 446 3309 512 atque
3336 440 3414 495 ad

142 555 386 628 ripatico,
404 567 524 609 cum
538 549 693 606 silvis
713 555 767 603 et
786 544 1190 610 venationibus,
1205 556 1331 597 cum
1358 537 1648 628 paludibus
1666 544 1722 628 et

143 627 258 705 cum
285 644 563 709 omnibus,
590 655 714 711 qua:
737 639 806 694 ad
841 645 1073 702 curtem,
1105 650 1229 705 qua:
1271 639 1502 687 vocatur
1556 627 1725 684 Petri-

144 741 276 803 culo,
296 746 353 792 et
370 736 440 790 ad
472 731 756 805 praefatum
783 727 1179 784 monasterium
1210 724 1484 795 pertinere
1526 719 1720 775 viden-

144 842 259 886 tur:
291 844 397 884 nec
424 842 536 881 non
556 833 612 880 et
644 830 875 887 curtem,
907 835 1032 891 quae
1062 825 1289 874 vocatur
1318 813 1526 869 Cellula
1565 812 1723 883 juxta

145 924 355 988 ﬂumen,
380 918 530 990 quod
554 923 785 972 vocatur
824 911 1055 978 Savena,
1088 926 1213 967 cum
1244 906 1477 973 olivetis,
1524 904 1722 971 vineis,

144 1015 363 1084 campis,
412 1010 589 1075 silvis,
644 1006 886 1073 famulis,
942 1002 1182 1068 colonis,
1210 1008 1265 1056 et
1314 1014 1441 1055 cum
1466 996 1726 1053 omnibus

146 1108 238 1163 sibi
265 1103 686 1177 pertinentibus,
712 1108 767 1156 et
800 1097 984 1168 ibique
1019 1111 1129 1151 non
1157 1095 1317 1165 longe
1346 1090 1576 1147 fundum
1622 1087 1728 1145 Ve—

147 1201 292 1255 netia:
316 1200 616 1269 integrum,
645 1192 795 1264 quod
839 1189 1114 1245 sociorum
1161 1194 1408 1250 vocatur,
1446 1182 1726 1254 pertinen-

146 1302 243 1346 tem
269 1292 337 1347 ad
396 1290 576 1360 ipsam
616 1293 848 1350 curtem,
880 1290 1044 1351 atque
1089 1286 1299 1335 curtem
1347 1276 1405 1330 in
1447 1274 1725 1345 Panigale,

148 1396 257 1455 qua:
276 1383 526 1439 continet
576 1379 634 1433 in
652 1393 715 1433 se
740 1385 853 1431 tres
899 1372 1097 1428 fundos
1127 1380 1423 1434 terrarum,
1457 1374 1513 1422 et
1538 1366 1727 1422 vinea-

150 1492 277 1541 rum,
305 1486 430 1545 quae
456 1473 565 1528 hoc
594 1470 815 1525 nomine
848 1463 1479 1527 vocanturﬂandidatis,
1506 1459 1728 1516 Pulosia

150 1565 524 1631 etGrisintilli,
560 1571 615 1619 et
639 1559 1034 1617 monasterium
1063 1557 1122 1613 8.
1160 1555 1416 1625 Prosperi
1451 1554 1616 1610 situm
1670 1551 1728 1606 in

150 1659 448 1730 supradicto
494 1657 639 1721 loco,
686 1653 780 1725 qui
827 1660 1054 1707 vocatur
1077 1649 1358 1721 Panigale,
1398 1654 1454 1702 et
1494 1653 1726 1713 curtem,

152 1767 257 1821 qua:
279 1750 484 1805 dicitur
522 1747 700 1803 Cumo
750 1760 875 1800 cum
915 1743 1177 1798 omnibus
1202 1741 1320 1796 suis
1354 1738 1726 1811 pertinentiis;

152 1853 195 1898 et
231 1840 629 1896 monasterium
677 1836 735 1893 S.
798 1836 1020 1891 Martini
1060 1835 1116 1890 in
1156 1834 1292 1905 Pojo
1315 1850 1439 1889 cum
1477 1841 1650 1897 curte,
1678 1839 1732 1887 et

152 1934 389 1989 omnibus
418 1932 528 1988 sibi
553 1929 950 2002 pertinentibus
977 1945 991 1995 ;
1032 1937 1085 1982 et
1118 1926 1511 1982 monasterium
1538 1923 1596 1979 8.
1628 1923 1731 1978 Pco

153 2025 209 2079 tri
240 2026 293 2079 in
311 2023 531 2091 Strata;
548 2032 603 2078 et
626 2021 1020 2076 monasterium
1046 2017 1103 2074 8.
1118 2019 1301 2074 Mariae
1323 2018 1377 2072 in
1402 2016 1582 2072 Strata
1605 2030 1729 2071 cum

154 2117 388 2171 Omnibus
417 2116 539 2171 suis
563 2113 945 2185 pertinentiis;
974 2120 1028 2166 et
1057 2109 1451 2167 monasterium
1495 2107 1553 2164 S.
1585 2106 1731 2163 Petri

156 2224 263 2264 cum
290 2216 469 2277 curte,
532 2222 658 2278 quae
715 2214 946 2261 vocatur
994 2200 1329 2271 Nurisatico,
1380 2211 1436 2257 et
1475 2200 1733 2256 omnibus

156 2300 253 2356 Suis
278 2302 475 2367 rebus;
499 2308 556 2356 et
587 2299 984 2356 monasterium
1018 2296 1076 2353 8.
1102 2296 1319 2352 Martini
1345 2296 1401 2350 in
1423 2293 1732 2349 Casaliehio

158 2410 263 2453 cum
286 2394 548 2457 omnibus
571 2392 691 2449 suis
721 2390 1084 2463 pertinentiis.
1112 2390 1289 2460 Atque
1320 2387 1591 2443 donamus
1621 2384 1733 2441 fra-

156 2487 375 2540 ternitati
401 2494 512 2542 tuae
540 2492 757 2557 portam
793 2484 848 2539 in
871 2482 1090 2538 civitate
1115 2481 1392 2547 Bononiae,
1425 2496 1547 2551 quae
1577 2495 1731 2536 com-
1758 2464 1766 2475 ’

158 2579 290 2632 muni
316 2579 546 2633 nomine
575 2577 778 2635 dicitur
814 2574 872 2631 S.
904 2575 1074 2642 Petri,
1096 2583 1156 2629 'et
1205 2583 1434 2629 stratam
1480 2588 1603 2645 quae
1632 2587 1734 2627 no-

161 2671 378 2726 minatur
404 2670 624 2727 Salaria
652 2685 777 2727 cum
813 2669 1057 2736 stratieo,
1086 2675 1141 2723 et
1171 2680 1295 2722 cum
1317 2665 1464 2721 omni
1497 2665 1729 2733 redditu,

160 2775 301 2832 quem
330 2764 645 2835 antiquitus
665 2762 977 2834 persolvere
1003 2761 1181 2817 solent
1208 2760 1312 2831 ipsi
1342 2758 1615 2824 homines,
1636 2758 1732 2828 qui

161 2871 242 2925 per
259 2856 687 2926 praenominatas
720 2862 923 2912 stratas
946 2854 1046 2921 ire,
1071 2853 1156 2908 vel
1184 2852 1361 2908 redire
1401 2850 1548 2908 soliti
1582 2859 1731 2905 sunt.-

160 2946 569 3005 Commonemus
588 2964 808 3020 quoque
833 2956 913 3015 ut,
941 2954 1146 3003 statuto
1170 2954 1432 3016 tempore,
1448 2943 1733 3015 praefatum

160 3025 408 3097 redditum
448 3042 661 3112 absque
693 3041 1021 3113 negligentia
1050 3039 1360 3111 persolvere
1406 3036 1659 3093 studeant
1681 3046 1736 3093 et

163 3136 537 3190 monasterium
560 3134 621 3190 S.
648 3132 853 3202 Maria,
876 3150 1000 3206 qua:
1032 3132 1349 3188 nominatur
1380 3128 1574 3200 Major,
1607 3144 1733 3185 cum

164 3228 394 3284 omnibus
423 3227 544 3284 suis
573 3227 940 3299 pertinentiis,
986 3242 1109 3282 cum
1133 3240 1262 3280 casa
1309 3224 1565 3280 salariata
1591 3222 1733 3280 infra

162 3318 411 3375 civitatem
434 3308 723 3387 Bononiae,
762 3337 885 3392 quae
910 3328 995 3376 est
1022 3319 1167 3391 juris
1191 3319 1365 3389 ipsius
1394 3319 1734 3385 monasterii,

164 3425 209 3469 et
229 3418 619 3473 monasterium
651 3414 709 3472 S.
745 3414 1069 3471 Columbani
1104 3412 1437 3470 confessoris
1472 3429 1596 3469 cum
1616 3428 1736 3469 om-

165 3508 307 3565 nibus
355 3511 476 3566 suis
523 3510 724 3577 rebus;
753 3518 808 3565 et
849 3507 1245 3566 monasterium
1297 3505 1398 3562 SS.
1432 3516 1735 3582 martyrum

166 3599 386 3659 Gervasii
442 3612 500 3659 et
555 3601 795 3659 Protasii
830 3616 956 3659 cum
996 3600 1253 3656 omnibus
1305 3599 1422 3671 suis
1460 3601 1655 3670 rebus;
1683 3605 1738 3659 et

168 3696 546 3752 monasterium
598 3696 656 3750 S.
709 3691 933 3751 Thomas
978 3693 1210 3765 apostoli
1255 3693 1422 3749 situm
1453 3704 1578 3749 ante
1610 3708 1738 3766 por-

168 3797 262 3845 tam
287 3790 341 3845 S.
368 3790 520 3846 Petri
545 3806 675 3847 cum
714 3789 972 3846 omnibus
1003 3787 1120 3844 suis
1141 3788 1338 3855 rebus;
1363 3795 1417 3843 et
1462 3796 1739 3845 monaste-

168 3881 293 3938 n'um
344 3883 402 3938 8.
448 3882 684 3938 Joannis
735 3882 1081 3954 evangelista:
1122 3876 1409 3936 fundatum
1443 3882 1498 3936 in
1530 3890 1738 3951 monte,

170 3975 250 4045 qui
270 3985 499 4032 vocatur
520 3971 740 4043 Oliveti,
772 3991 899 4031 cum
940 3973 1198 4029 omnibus
1223 3973 1337 4029 suis
1370 3974 1735 4044 pertinentiis.

170 4062 412 4126 Similiter
466 4070 822 4126 concedimus
868 4068 1261 4125 manasterium
1318 4062 1375 4124 S.
1442 4068 1737 4137 Stephani,

172 4164 299 4233 quod
318 4173 548 4220 vocatur
565 4158 931 4230 Hierusalem,
962 4172 1017 4219 et
1035 4163 1182 4234 quod
1205 4160 1266 4217 D.
1290 4156 1579 4219 Petronius
1610 4160 1741 4219 tedi-

175 4254 335 4311 ticavit
354 4258 423 4313 ad
461 4273 626 4312 usum
677 4256 926 4327 ejusdem
970 4255 1216 4312 ecclesia:
1249 4260 1458 4312 etcum
1498 4264 1741 4313 mercato

177 4342 227 4400 S.
258 4346 479 4404 Joannis
511 4346 769 4420 Baptista;
804 4348 988 4419 ibique
1021 4358 1261 4405 tenente.
1307 4346 1414 4405 Seu
1447 4349 1742 4406 confirma-

178 4453 303 4505 mus,
323 4450 488 4512 atque
518 4441 832 4497 stabilimus
868 4451 1080 4497 curtem
1130 4458 1252 4513 qua:
1294 4443 1612 4498 nominatur
1634 4434 1739 4498 Mi-

1824 531 2179 604 Stalogalam,
2203 540 2259 586 et
2287 531 2463 597 locus,
2504 528 2601 601 qui
2642 537 2874 587 vocatur
2893 530 3083 598 Culce,
3106 540 3163 588 et
3185 529 3410 600 ﬂuvius,

1821 624 1917 696 qui
1939 624 2142 679 dicitur
2175 622 2308 689 Leo,
2339 630 2396 677 et
2420 622 2582 689 alius,
2605 620 2703 693 qui
2743 629 2975 678 vocatur
3003 622 3209 679 ﬂaua.
3240 621 3412 679 Simi-

1819 716 1945 773 liter
1971 714 2325 771 concedimus
2361 713 2600 785 praefatae
2627 712 2889 771 Ecclesiae
2917 725 3152 785 curtem,
3183 731 3307 787 quas
3329 715 3417 773 di-

1821 808 1967 865 citur
2008 805 2433 862 Maxamaticum
2471 820 2598 861 cum
2628 805 2815 873 rebus,
2847 813 2904 862 et
2942 804 3412 878 possessionibus,

1821 899 2148 970 cunctisque
2173 897 2538 969 pertinentiis.
2560 908 2563 913 λ
2584 895 2712 954 Hac
2743 897 2951 966 omnia,
2997 913 3122 969 qua
3155 897 3414 970 superius

1821 991 2099 1061 leguntur,
2128 1005 2254 1061 qua:
2277 988 2503 1061 praefata
2528 988 2772 1046 Ecclesia
2795 1005 2944 1046 nunc
2958 989 3108 1061 juste
3131 997 3299 1057 tenet,
3325 990 3415 1046 vel

1822 1081 2080 1153 deinceps
2128 1080 2470 1153 acquisitura
2514 1089 2630 1147 est,
2690 1088 2806 1136 tam
2850 1080 2947 1137 tibi
2984 1097 3150 1153 quam
3196 1081 3416 1140 cunctis

1824 1172 1920 1244 qui
1942 1172 1999 1228 in
2021 1187 2110 1237 eo,
2133 1186 2324 1243 quoes
2348 1170 2563 1238 ordine,
2607 1171 2731 1228 loco
2773 1172 3157 1241 successerint,
3193 1172 3279 1229 vel
3309 1173 3412 1240 eis,

1826 1279 2064 1335 quorum
2092 1264 2360 1320 interesse
2381 1262 2643 1335 potuerit,
2661 1263 2716 1319 in
2736 1254 3063 1335 perpetuum
3086 1265 3416 1321 reservanda

1825 1356 2193 1412 decernimus.

1899 1447 2098 1504 Datum
2123 1465 2160 1502 ι
2186 1446 2305 1503 Kal.
2345 1445 2549 1519 Aprilis
2591 1463 2690 1519 per
2734 1462 2961 1505 manum
2996 1446 3055 1504 8.
3088 1446 3156 1504 R.
3182 1448 3245 1504 Ε.
3288 1460 3418 1520 pre-

1829 1540 2039 1613 sbyteri
2070 1538 2282 1595 cardin.
2301 1554 2367 1595 ac
2393 1539 2815 1607 bibliothecarii,
2847 1556 2939 1596 an.
2988 1542 3170 1612 primo
3196 1540 3421 1613 pontifio

1828 1639 1986 1686 catus
2011 1628 2075 1685 D.
2102 1628 2350 1701 Gregorii
2366 1627 2457 1683 VII
2482 1644 2655 1701 papae,
2682 1644 2831 1687 anno
2863 1629 3020 1699 1075,
3044 1629 3234 1689 indict.
3267 1646 3342 1685 si.

2565 1744 2679 1801 VII.

1763 1810 1807 1868 Β
1833 1837 2120 1921 Gregorius
2148 1852 2357 1921 omines
2389 1838 2604 1921 abbates
2667 1846 2719 1921 et
2773 1838 3024 1921 pradath
3050 1855 3165 1921 per
3210 1836 3422 1921 Gallias

1903 1908 2218 1982 constitutos
2239 1909 2488 1965 hortatur
2508 1918 2581 1982 ut
2598 1908 2938 1982 ecclesiarum
2952 1910 3015 1965 Β.
3042 1908 3202 1965 Petro
3218 1912 3423 1982 stipen-

1903 1981 2204 2063 diariarum
2229 1996 2413 2034 census
2434 1981 2692 2063 pensitent
2708 1979 2922 2063 [Iugoni
2942 1982 3185 2053 episcopo
3212 1977 3422 2051 Diénsi,

1901 2059 1987 2104 cui
2013 2059 2149 2104 vices
2168 2065 2294 2103 suas
2319 2059 2628 2106 commissas
2652 2059 2886 2106 nuntiat.

2400 2140 2582 2211 (Anno
2610 2137 2795 2212 1074.)

1831 2232 2053 2307 [Chrom
2092 2228 2332 2307 Hugonis
2366 2235 2605 2307 navim,
2640 2254 2728 2307 ap.
2745 2230 2951 2293 Ρειιτῑ.
2978 2232 3217 2307 Monum.
3239 2232 3422 2296 Germ.

2256 2308 2408 2376 hist.,
2436 2305 2640 2378 Script.
2671 2305 2810 2376 vui,
2840 2306 2997 2382 ιιι]

1902 2396 2211 2453 Gnsconms
2234 2397 2545 2469 episcopus,
2579 2413 2772 2454 servus
2794 2412 3083 2458 servorum
3108 2398 3427 2468 Dei,omni-

1830 2494 1935 2549 bus
1959 2493 2249 2548 abbatibus
2276 2501 2333 2549 et
2356 2492 2597 2563 praelatis
2620 2500 2732 2549 tam
2756 2494 3156 2551 monachorum
3178 2508 3347 2564 quam
3370 2500 3429 2550 et

1831 2584 2226 2640 canonicorum
2278 2598 2378 2655 per
2425 2581 2632 2639 Gallias
2684 2583 3022 2653 constitutis,
3072 2583 3312 2643 salutem
3370 2591 3429 2641 et

1832 2676 2190 2748 apostolicam
2219 2674 2676 2733 benedictionem.
2834 2670 2837 2673 ’

1902 2767 2316 2823 Fraternitatem
2353 2774 2617 2834 vestram,
2644 2763 2989 2821 dilectissimi
3016 2762 3237 2834 fratres,
3258 2763 3429 2821 latere

1832 2858 2061 2914 minime
2102 2857 2380 2913 credimus
2423 2856 2691 2929 quasdam
2720 2857 3081 2914 ecclesrarum
3114 2864 3427 2911 vestrarum

1833 2950 1995 3006 beato
2033 2948 2194 3005 Petro
2234 2958 2289 3005 et
2310 2947 2471 3005 nobis
2510 2963 2730 3004 annuos
2779 2963 2981 3008 census
3012 2949 3326 3023 persolvere
3357 2962 3428 3004 ex

1834 3045 2255 3117 praecedentium
2296 3034 2521 3103 Patrum
2578 3045 3016 3105 institutionibus
3060 3046 3276 3102 debere.
3319 3036 3429 3103 Sed

1761 3163 1803 3221 ο
1836 3138 1967 3208 quia
2011 3138 2235 3209 quidam
2290 3145 2555 3207 vestrum,
2607 3139 2805 3209 partim
2841 3137 3188 3211 negligentia,
3224 3138 3426 3209 partim

1836 3244 1969 3285 vero
1998 3229 2174 3285 tenaci
2218 3229 2567 3290 induntione
2601 3238 2720 3288 haec
2752 3230 3019 3291 hactenus
3055 3230 3241 3287 minus
3265 3230 3429 3302 plene

1837 3336 2004 3392 quam
2051 3329 2327 3392 oporteret
2361 3330 2606 3394 egerunt,
2632 3322 2736 3379 hos
2766 3330 2826 3379 ut
2849 3321 3130 3381 emendari
3169 3330 3223 3379 et
3244 3322 3428 3379 debita

1837 3412 2049 3468 solvere
2085 3412 2360 3480 studeant,
2409 3427 2600 3470 omnes
2636 3421 2819 3470 autem
2869 3414 2929 3469 ut
2962 3413 3265 3484 apostolico
3283 3428 3427 3484 prae-

1838 3513 1997 3576 cepto
2041 3505 2127 3558 cui
2165 3502 2392 3576 vectigal
2431 3506 2673 3578 vectigal,
2728 3507 2814 3562 cui
2869 3507 3128 3561 tributum
3170 3506 3430 3562 tributum

1838 3589 2225 3666 obtemperetis
2259 3610 2694 3653 commonemus.
2728 3594 3126 3670 UnusquiSque
3146 3596 3294 3654 enim
3320 3614 3430 3653 non

1836 3694 1976 3765 quod
2016 3710 2170 3747 suum
2203 3702 2302 3760 est,
2332 3693 2424 3749 sed
2450 3691 2590 3764 quod
2637 3690 2859 3750 alterius
2881 3703 2959 3749 est
3003 3702 3245 3767 quierat;
3289 3708 3431 3765 quo-

1838 3784 1985 3837 niam
2014 3783 2059 3838 si
2091 3784 2254 3855 digne
2301 3784 2648 3856 redarguitur
2682 3783 2798 3854 (Ῑιιί,
2846 3792 3010 3857 prout
3036 3792 3272 3858 oportet,
3301 3801 3431 3861 pro-

1839 3873 1957 3943 pria
1992 3888 2103 3928 non
2127 3873 2376 3948 largitur,
2413 3890 2522 3948 qua
2561 3875 2829 3933 sententia
2860 3875 3061 3949 dignus
3089 3884 3173 3934 est
3198 3878 3293 3950 qui
3327 3893 3431 3947 nec

1838 3956 2015 4019 aliena
2055 3977 2245 4034 rapere
2290 3979 2392 4021 nec
2437 3960 2617 4021 debita
2663 3966 2857 4025 metuit
2907 3964 3166 4038 retinere,
3213 3969 3430 4026 dicente

1840 4053 2113 4109 Domino:
2141 4054 2273 4120 Quae
2319 4052 2480 4112 culis
2530 4065 2588 4110 ut
2618 4057 3016 4130 fa:iantvobis,
3044 4055 3156 4116 haec
3198 4061 3360 4132 {asilo
3377 4070 3431 4119 at

1839 4164 1925 4211 ros
1949 4149 2092 4221 illis;
2120 4165 2175 4211 et
2200 4175 2212 4211 :
2242 4155 2396 4223 Quod
2419 4155 2514 4212 tibi
2536 4174 2637 4211 non
2659 4158 2759 4226 vis,
2783 4156 2883 4215 alii
2906 4176 3010 4215 non
3037 4161 3160 4232 [σεε.
3178 4163 3258 4218 is?
3275 4161 3431 4220 Nunc

1840 4248 2004 4319 igitur
2026 4247 2155 4319 quia
2178 4247 2438 4305 dilectum
2470 4244 2645 4314 tilium
2678 4257 2931 4306 nostrum
2961 4250 3243 4323 Hugonem
3266 4252 3431 4319 Dien-

1840 4358 1955 4398 sem
2006 4341 2325 4413 episcopum
2368 4341 2440 4397 ob
2489 4335 2873 4400 ecclesiasticae
2912 4343 3163 4402 utilitatis
3213 4345 3431 4404 diversa

1840 4433 2060 4507 negotia
2092 4433 2149 4489 in
2183 4428 2388 4492 Gallias
2416 4432 2567 4493 vices
2595 4442 2816 4491 nostras
2841 4445 3230 4495 exsecuturum
3260 4437 3432 4495 mitti-

162 4524 321 4597 'lonis,
339 4550 465 4588 cum
498 4543 687 4605 portu,
724 4542 780 4589 ct
810 4533 1062 4605 ripatico,
1091 4543 1147 4590 et
1183 4535 1420 4601 teloneo,
1450 4543 1505 4590 et
1533 4550 1745 4590 merca-
1776 4536 1821 4592 D
1846 4543 1993 4595 mus.
2025 4535 2079 4582 εί
2099 4526 2228 4598 quia
2257 4524 2462 4582 nemini
2487 4526 2670 4598 Ροῖίυε
2703 4527 2925 4584 credere
2951 4528 3233 4598 debemus:
3265 4542 3430 4600 quem

180 4625 245 4686 to,
266 4631 317 4676 et
346 4624 520 4691 silvis,
554 4634 612 4680 et
637 4625 1049 4693 venationibus,
1094 4635 1149 4681 et
1174 4642 1300 4681 cum
1349 4627 1661 4698 paludibus,
1689 4634 1746 4681 ct

181 4709 579 4781 piscationibus,
611 4722 669 4769 et
689 4730 817 4770 cum
851 4712 1118 4785 servis,et
1144 4714 1382 4785 ancillis,
1406 4726 1598 4771 etcum
1625 4731 1747 4771 om-

182 4802 325 4859 nibus
378 4809 446 4863 ad
491 4824 552 4863 se
598 4807 1024 4879 pertinentibus.
1094 4807 1355 4863 Similiter
1396 4807 1748 4865 concedimus

184 4909 359 4955 cuncta
383 4902 606 4972 praedia,
636 4909 693 4956 et
708 4901 1095 4971 poSsessiones
1125 4901 1457 4956 monasteria
1477 4900 1748 4968 videlicet,

184 4998 230 5042 et
255 4990 453 5062 plebes,
480 5001 535 5047 et
561 4992 831 5048 ecclesias
862 4991 1238 5062 baptismales,
1292 4994 1535 5063 castella,
1569 4995 1750 5060 villas,

187 5081 409 5149 abbates,
436 5085 766 5149 monachos,
803 5083 1173 5155 presbyteros,
1199 5082 1481 5153 diaconos,
1497 5088 1749 5156 clericos,

1846 4619 1903 4674 in
1947 4618 2206 4675 omnibus
2252 4634 2283 4674 a
2331 4614 2493 4675 nobis
2540 4615 2645 4675 sibi
2686 4614 2948 4691 injunctis
2990 4618 3221 4678 ﬁdeliter
3253 4622 3433 4694 egisse

1848 4709 2236 4781 comperimus,
2272 4723 2395 4781 quae
2428 4710 2587 4768 nobis
2616 4727 2684 4767 ex
2724 4708 2971 4769 ecclesiis
2999 4713 3195 4771 vestris
3221 4716 3434 4786 specia-

1848 4793 1972 4857 liter
1998 4796 2208 4858 debetis
2237 4816 2334 4858 vos
2380 4797 2459 4858 illi
2510 4798 2577 4859 ad
2628 4818 2731 4859 nos
2769 4798 3091 4875 perfei'enda
3124 4808 3435 4879 persolvere

1851 4908 1917 4948 ac
1936 4893 2003 4948 de
2023 4892 2245 4948 retentis
2269 4888 2587 4951 satisfacere
2616 4891 2896 4965 iubemus.

1854 5091 2095 5167 Gregorii
2144 5090 2395 5178 epistola'
2420 5100 2516 5178 ad.
2550 5003 2844 5178 ςῗῐνξζιηηιι
2884 5100 3147 5177 populum"
3181 5104 3446 5170 Παιεκο.
