3972 5390
592 210 723 293 655‘
1512 226 1567 283 s.
1604 227 1929 284 caucos“
1968 228 2057 284 vn
2089 228 2291 284 eam
2322 228 2603 286 eranum
2634 229 2820 286 rans
2854 228 2916 287 ιι.
2950 268 2955 273 .
3715 231 3802 287 656

594 350 669 406 tis
708 348 971 419 Augusta:
992 343 1373 417 imperatricis,
1402 348 1457 397 et
1479 356 1571 398 sex
1598 340 1826 397 fratrum
1856 352 2168 398 nostrorum
2197 347 2243 404 A
2268 344 2363 415 qui
2397 345 2629 400 necdum
2650 345 2921 400 duxerunt
2951 353 3043 399 tua
3080 342 3364 400 interdicta
3397 358 3511 399 non
3562 343 3802 402 timerent.

592 440 977 505 eardinalium,
999 435 1251 501 Kalendis
1279 434 1426 503 Maii,
1445 433 1791 505 pontiﬁcatus
1820 434 1993 490 nostri
2024 450 2168 491 anno
2268 431 2312 487 Ο
2349 433 2769 504 impudentiam!
2799 449 2834 491 0
2865 433 3148 489 audaciam
3170 434 3504 505 singularem
3532 437 3547 489 !
3583 431 3807 495 Videlicet

596 536 792 606 primo.
2266 523 2581 593 epis¢opum
2628 524 2773 579 sedis
2816 524 3126 595 apostolicae
3175 524 3388 579 decreta
3451 535 3806 597 contemnere,

1319 614 1437 675 ΧΠ.
1626 682 1640 696 ⁸
2244 622 2533 683 praecepta
2575 624 2888 669 sanctorum
2932 613 3153 670 Patrum
3198 614 3538 681 convellere,
3573 615 3678 672 imo
3702 635 3808 676 vero

592 699 836 787 Gregorii
862 711 1086 786 epistola
1105 710 1174 767 ad
1200 708 1445 766 Ottonem
1475 707 1928 765 Comtantiensem
1960 708 2165 779 episco-
2267 705 2551 774 praeceptis
2572 699 2845 761 contraria
2869 722 2933 762 ac
2956 706 3079 762 ﬁdei
3115 707 3441 767 Christianae
3488 714 3808 782 repugnantia

1309 795 1453 857 pum.

1186 872 1367 945 (Anno
1398 870 1581 942 1074.)
1775 947 1780 951 .

1001 962 1217 1040 [Mmsn
1254 961 1459 1020 Concii.
1484 960 1603 1029 XX,
1629 961 1781 1037 626.]

666 1044 963 1131 Gregorius
995 1072 1187 1113 servus
1221 1068 1505 1111 servorum
1533 1052 1650 1119 Dei,
1678 1051 1866 1109 Ottoni
1894 1050 2167 1107 Constan-

540 1212 551 1223 ,
593 1150 757 1208 tiensi
791 1149 1047 1219 episcopo
1092 1145 1322 1201 salutem
1353 1151 1404 1200 et
1446 1142 1799 1227 apostolicam
1844 1140 2171 1197 benedictio-

596 1258 940 1389 nelii'erlatum
973 1336 1058 1385 est
1081 1327 1150 1385 ad
1174 1342 1277 1383 nos
1297 1324 1364 1383 de
1388 1323 1723 1381 fraternitate
1767 1332 1861 1380 tua
1895 1323 2041 1395 quod
2075 1339 2168 1380 sa-

582 1406 668 1481 tis
689 1423 893 1479 invitus
917 1429 972 1476 et
993 1426 1224 1474 moestus
1264 1415 1466 1483 audivi,
1490 1409 1746 1486 quodque
1771 1414 1818 1471 si
1858 1416 1942 1469 vel
1963 1415 2030 1470 de
2068 1429 2167 1470 ex-

594 1524 772 1570 tremo
792 1510 1117 1567 Christiana!
1137 1508 1309 1580 plebis
1335 1507 1581 1563 membro
1609 1508 1674 1561 ad
1702 1506 2032 1562 audientiam
2066 1521 2169 1561 no-

587 1613 767 1660 stram
794 1601 1125 1668 deferretur,
1149 1595 1439 1654 severiore
1475 1595 1823 1653 districtioris
1867 1596 2167 1666 disciplinac

2267 792 2335 847 de
2362 794 2659 849 sacratiore
2692 795 2834 862 loco,
2859 805 2912 850 et
2936 796 3001 850 de
3021 797 3277 852 cathedra
3302 794 3604 868 pontiﬁcali
3653 802 3807 871 subje-

2268 884 2371 939 ctis
2395 884 2657 955 ingerere.
2688 883 3028 969 Quapropter
3063 888 3160 943 tibi
3188 890 3492 959 apostolica
3524 892 3810 971 auctoritate

2267 973 2635 1047 praecipimus,
2695 986 2754 1032 ut
2788 978 2857 1033 ad
2906 980 3213 1049 proximam
3267 982 3541 1054 synodum
3599 994 3807 1039 nostram

2269 1065 2487 1139 (prima)
2541 1069 2801 1139 proxima:
2853 1069 3324 1145 (quadragesimae)
3394 1071 3722 1131 hebdomada
3767 1089 3808 1133 te

2266 1165 2587 1227 praesentem
2617 1158 2902 1227 exhibeas;
2940 1169 3053 1216 tam
3099 1162 3167 1218 de
3216 1163 3320 1219 hac
3382 1161 3730 1235 inobedientia
3766 1179 3809 1223 et

2268 1248 2414 1305 sedis
2453 1252 2766 1321 apostolicae
2797 1262 3132 1326 contemptu,
3163 1271 3329 1326 quam
3351 1257 3421 1312 de
3451 1255 3695 1314 omnibus
3711 1274 3808 1330 qua

2266 1339 2366 1396 tibi
2392 1340 2725 1412 objiciuntur
2753 1344 3016 1401 canonice
3045 1361 3449 1418 responsurus:

2956 1437 3104 1515 xm.

2269 1521 2515 1597 Epistola
2538 1524 2777 1597 Gregorii
2814 1526 2926 1583 VII
2950 1528 3020 1583 ad
3056 1529 3275 1585 clericos
3306 1541 3357 1587 et
3380 1531 3550 1587 (uicos
3589 1532 3807 1589 Constan-

2341 1596 2522 1676 tiensis
2542 1596 2891 1668 episcopatus.
2906 1631 2977 1676 _——
2999 1599 3243 1657 Ottonem
3268 1604 3571 1673 episcopum
3600 1605 3666 1659 ad
3689 1622 3808 1676 rgno-

582 1694 828 1751 'censura
850 1700 994 1748 esset
1025 1666 1213 1762 procul
1241 1690 1407 1745 dubio
1441 1688 1836 1759 castigandum.
1861 1687 1999 1742 Cum
2021 1687 2166 1743 enim

2338 1666 2471 1727 dum,
2496 1666 2737 1722 vocatum
2774 1671 3005 1725 nuntiat.

582 1785 886 1859 “apostolica
915 1782 1237 1839 auctoritate
1258 1782 1313 1836 et
1332 1778 1582 1835 veridicis
1606 1787 1919 1835 sanctorum
1942 1777 2166 1834 Patrum

594 1876 879 1936 sententiis
939 1872 1170 1941 incitati,
1232 1872 1299 1928 ad
1356 1869 1742 1926 eliminandam
1800 1868 2166 1925 Simoniacam

582 1969 846 2026 hmsim
893 1974 948 2022 et
1003 1962 1423 2036 praecipiendum
1472 1959 1792 2015 clericorum
1835 1960 2165 2026 castitatem,

579 2078 692 2133 pro
715 2059 888 2116 nostri
926 2057 1086 2114 oﬁicii
1121 2055 1304 2111 debito
1328 2053 1663 2121 exarsimus;
1710 2050 2029 2123 Moguntino
2070 2066 2165 2107 ve-

579 2151 823 2208 nerabili
864 2147 1278 2218 archiepiscopo
1323 2142 1586 2200 confratri
1628 2150 1840 2209 nostro,
1872 2143 1960 2197 cui
1985 2141 2168 2212 plures

587 2247 649 2316 {et
678 2242 786 2295 late
815 2237 1042 2308 dispersi
1065 2234 1390 2305 suﬂ‘raganei
1413 2240 1560 2301 sunt,
1580 2232 1686 2288 hoc
1712 2231 2167 2287 obcdientiaemu-

578 2348 702 2387 ~nus
724 2331 1059 2401 injunximus
1082 2334 1144 2382 ut
1169 2334 1277 2381 tam
1313 2340 1409 2397 per
1440 2341 1499 2382 se
1523 2339 1686 2395 quam
1709 2339 1807 2395 per
1827 2323 2168 2394 coadjutores

584 2437 728 2479 suos
750 2417 1138 2475 hocRomante
1170 2415 1424 2472 Ecclesia:
1459 2414 1733 2471 decretum
1765 2415 2022 2471 universo
2059 2415 2169 2471 cle-

589 2527 660 2567 ro
684 2503 1318 2576 studioSiusiuculcaret,
1351 2517 1405 2564 et
1448 2507 1828 2563 inviolabiliter
1869 2508 2168 2564 tenendum

579 2612 957 2675 proponeret;
992 2596 1092 2657 tibi
1122 2596 1360 2673 quoque,
1385 2600 1473 2656 cui
1494 2600 1761 2672 plurimus
1778 2598 2169 2656 Constantien-

580 2696 673 2753 sis
694 2690 1154 2766 episcopii'clerus
1182 2701 1238 2748 et
1266 2693 1500 2764 populus
1524 2692 1858 2763 amplissime
1889 2691 2165 2759 dilatatus,

588 2788 665 2844 ob
689 2787 933 2841 eamdem
969 2778 1195 2842 causam
1238 2784 1501 2855 speciales
1522 2785 1729 2840 litteras
1757 2783 1975 2851 cudere,
2021 2783 2168 2839 bulla

593 2886 788 2934 nostra
804 2876 1118 2947 impressas,
1140 2873 1402 2941 collibuit,
1456 2889 1691 2944 quarum
1723 2871 1891 2928 fultus
1924 2873 2168 2928 auctori-

593 2978 704 3026 tate
730 2968 901 3025 tutius
932 2965 1345 3037 animosiusque
1383 2965 1665 3036 praeceptis
1707 2963 1913 3020 nostris
1957 2964 2169 3019 obtem-

2850 1760 3031 1833 (Anno
3072 1762 3253 1836 1064.)

2660 1851 2876 1924 [Μωεμ
2904 1852 3110 1921 Concil.
3148 1854 3268 1923 XX,
3296 1854 3450 1931 627.]

2337 1943 2645 2001 Gasconrus
2676 1945 2988 2017 episcopus,
3022 1962 3214 2004 servus
3254 1965 3544 2005 servorum
3579 1950 3684 2019 Dei,
3714 1952 3803 2008 cle-

2265 2034 2396 2090 ricis
2425 2044 2479 2090 et
2499 2036 2654 2092 laicis
2679 2037 2981 2108 majoribus
3028 2048 3083 2095 et
3132 2040 3462 2109 minoribus,
3485 2042 3541 2096 in
3573 2042 3804 2099 Constan-

2264 2127 2428 2183 tiensi
2450 2128 2763 2200 episcopatu
2787 2130 3232 2198 consistentibus,
3276 2130 3643 2190 Christianam
3666 2136 3801 2207 legem

2264 2219 2634 2290 diligentibus,
2671 2222 2899 2277 salutem
2914 2231 2969 2299 et
2991 2222 3346 2294 apostolicam
3380 2226 3799 2283 benedictione.

2335 2311 2583 2369 Misimus
2611 2312 2766 2368 fratri
2808 2324 3021 2383 nostro,
3081 2317 3340 2388 episcopo
3394 2328 3601 2387 vestro,
3650 2316 3801 2375 Ottoni

2263 2404 2472 2460 litteras
2494 2405 2913 2473 exhortatorias,
2944 2420 3044 2477 per
3066 2424 3205 2477 quas
3223 2425 3323 2479 pro
3375 2411 3573 2465 nostri
3602 2411 3802 2468 necessi-

2264 2503 2374 2551 tate
2397 2496 2560 2552 ollicii
2580 2498 2880 2568 apostolica
2927 2501 3250 2556 auctoritate
3274 2501 3632 2572 iniunximus
3659 2503 3724 2557 illi
3756 2512 3803 2557 ut

2268 2586 2634 2645 Simoniacam
2699 2591 2951 2647 haeresim
2993 2592 3060 2647 de
3093 2591 3331 2649 Ecclesia
3365 2596 3587 2663 penitus
3617 2610 3703 2651 sua
3728 2610 3803 2650 ex-

2265 2679 2525 2747 cluderet,
2547 2690 2600 2736 et
2632 2681 2935 2749 castitatem
2987 2682 3314 2740 clericorum
3364 2687 3610 2742 studiose
3638 2686 3803 2758 pradi-

2265 2772 2496 2828 candam
2518 2774 2837 2844 susciperet,
2859 2782 2913 2830 et
2938 2775 3167 2830 ﬁrmiter
3199 2777 3493 2833 tenendam
3544 2777 3798 2849 episcopali

2265 2863 2545 2934 vigilantia
2591 2865 2909 2921 inculcaret.
2940 2864 3080 2922 Nam
3120 2868 3202 2923 sic
3225 2883 3345 2935 eam
3377 2871 3545 2926 nobis
3584 2870 3803 2941 evangeli-

2266 2969 2346 3010 cae
2365 2964 2420 3010 et
2447 2956 2762 3025 apostolicae
2792 2956 3006 3024 litteras,
3044 2959 3497 3016 authenticarum
3512 2962 3801 3035 synodorutn

592 3075 834 3133 perares,
859 3059 999 3114 etde
1043 3055 1355 3114 sanctuario
1382 3054 1596 3110 Domini
1633 3053 1999 3110 Simoniacam
2051 3055 2166 3110 ha:-

2267 3044 2503 3113 decreta,
2523 3055 2573 3101 et
2593 3045 2926 3103 eximiorum
2947 3048 3235 3104 doctorum
3255 3061 3524 3122 praecepta
3545 3052 3801 3115 insinuant,

591 3154 760 3209 resim
794 3161 848 3209 et
874 3149 1405 3207 {tedam-libidinosa
1427 3147 1767 3218 contagionis
1810 3147 2164 3218 pollutionem

577 3245 909 3316 cxpelleres.
945 3241 1256 3313 Apostolica
1295 3255 1542 3309 namque
1582 3238 1644 3292 Β.
1678 3237 1836 3293 Pau’li
1892 3240 2167 3311 pncpollet

590 3337 914 3404 auctoritas,
944 3350 1053 3406 qua
1068 3331 1514 3391 femicatorcsxt
1539 3330 1815 3386 adulteros
1863 3346 1988 3386 cum
2017 3338 2168 3387 caete-

593 3430 727 3489 teris
751 3428 1026 3487 sceleratis
1048 3440 1473 3491 connumerans,
1514 3417 1796 3479 diiﬁnitam
1835 3438 1947 3479 sua:
1969 3421 2170 3494 jussio-

592 3521 685 3577 nis
732 3518 1051 3576 sententiam
1086 3516 1326 3587 subjicit,
1373 3531 1498 3570 cum
1548 3513 1815 3584 ejusmodi
1850 3529 1949 3569 nec
1981 3514 2166 3570 cibum

582 3625 808 3682 capere.
832 3608 1099 3665 Praeterea
1128 3607 1417 3663 universus
1457 3604 1712 3661 Ecclesia
1743 3605 2023 3661 catholicae
2055 3620 2168 3662 cot-

574 3712 705 3768 .tus,
737 3706 830 3755 aut
856 3699 1092 3773 virgines
1125 3705 1272 3763 sunt,
1297 3705 1387 3753 aut
1436 3695 1795 3761 continentes,
1842 3705 1942 3752 aut
1972 3697 2167 3778 conju-

594 3808 721 3864 ges;
751 3795 1064 3863 quicunque
1096 3804 1228 3861 ergo
1250 3796 1403 3846 extra
1424 3788 1526 3843 hos
1556 3794 1673 3842 tres
1699 3786 1917 3843 ordines
1959 3788 2165 3858 reperi-

561 3892 704 3951 ,tur,
736 3883 879 3938 inter
902 3882 1043 3937 ﬁlios
1071 3880 1349 3948 Ecclesiae,
1381 3880 1497 3935 sive
1518 3879 1658 3934 intra
1683 3877 2009 3935 Christianae
2049 3879 2168 3935 reli-

582 3975 775 4047 gionis
788 3975 1005 4030 limites
1034 3988 1149 4029 non
1184 3980 1544 4029 numeratur:
1579 3971 1741 4038 unde,
1770 3980 1824 4028 et
1857 3986 1979 4040 nos,
2012 3972 2060 4028 si
2082 3972 2166 4028 vel

590 4077 896 4124 extremum
930 4066 1137 4123 =laicum
1161 4065 1436 4137 pellicatui
1460 4065 1826 4120 adhaerentem
1841 4064 2054 4135 liquido
2074 4078 2169 4120 co-

580 4159 961 4231 gnoverimus,
982 4158 1146 4213 hunc
1165 4157 1314 4213 velut
1333 4156 1623 4226 praecisum
1664 4155 2021 4210 membruma
2041 4169 2166 4210 cor-

570 4266 724 4322 pore
752 4249 1057 4316 Dominico,
1081 4264 1113 4305 a
1155 4246 1513 4304 sacramentis
1546 4246 1760 4312 altaris,
1791 4243 2167 4316 denecpmni-

591 4342 722 4407 teat,
744 4353 1027 4395 arcemus:
1056 4338 1334 4409 quomodo
1364 4351 1494 4408 ergo
1515 4345 1831 4393 sanctozum
1857 4348 2169 4391 sacramen-

2267 3144 2328 3193 ut
2346 3152 2468 3193 eam
2497 3138 2843 3195 dissimulare
2865 3150 2918 3194 et
2948 3132 3218 3212 negligere
3275 3143 3397 3198 sine
3426 3159 3622 3215 magno
3644 3142 3804 3197 anime

2265 3235 2467 3284 nostra
2489 3239 2543 3284 et
2562 3230 2743 3300 populi
2762 3230 3062 3286 Christiani
3084 3233 3537 3291 detrimentonon
3548 3234 3799 3306 possimus.

2267 3318 2373 3376 Sed
2398 3321 2688 3391 episcopus
2706 3331 2906 3391 vester,
2930 3332 2993 3378 ut
3010 3324 3170 3380 nobis
3195 3326 3432 3382 relatum
3467 3339 3571 3395 est,
3598 3343 3706 3399 quae
3727 3343 3803 3397 pa—

2265 3418 2420 3466 terne
2443 3428 2814 3479 suaseramus,
2854 3415 3112 3485 perﬁcere
3154 3432 3268 3472 non
3297 3420 3544 3475 curavit:
3568 3428 3689 3475 etut
3712 3434 3801 3474 non

2266 3509 2441 3558 solum
2469 3503 2867 3574 inobedientiae,
2904 3522 3095 3563 verum
3133 3508 3300 3565 etiam
3332 3511 3637 3568 rebellionis
3664 3510 3804 3567 υσθυ-

2267 3608 2388 3649 sam
2416 3597 2783 3663 contraheret,
2816 3600 3277 3669 quemadmodum
3304 3606 3632 3674 accepimus,
3654 3604 3800 3676 palam

2264 3686 2481 3743 clericis
2501 3689 2616 3743 suis
2642 3689 2879 3759 jussioni
2904 3701 3124 3761 nostrae,
3150 3693 3261 3761 imo
3302 3695 3447 3751 beati
3472 3697 3632 3762 Petri,
3657 3694 3803 3751 omni-

2264 3793 2339 3834 no
2368 3780 2642 3835 contraria
2660 3782 2939 3851 permisit;
2964 3784 3038 3839 ita
3071 3794 3130 3840 ut
3150 3786 3244 3856 qui
3276 3788 3616 3844 mulierculas
3640 3788 3803 3843 habue-

2262 3881 2410 3937 rant,
2456 3872 2750 3929 retinerent
2774 3883 2829 3931 et
2856 3875 2952 3946 qui
2973 3892 3083 3932 non
3109 3877 3405 3946 habebant,
3439 3880 3622 3938 illicita
3664 3888 3800 3935 teme-

2264 3960 2422 4017 ritate
2444 3965 2972 4024 subintroducerent.
3004 3967 3187 4037 Quod,
3209 3979 3272 4027 ut
3313 3972 3638 4039 audivimus,
3660 3970 3797 4026 mole-

2266 4061 2348 4108 ste
2371 4052 2625 4124 l‘ereutes,
2676 4059 2971 4115 secundam
2992 4060 3044 4116 ei
3068 4062 3393 4132 scripsimus
3421 4064 3707 4136 epistolam,
3725 4061 3795 4115 in-

2265 4145 2596 4218 dignationis
2639 4150 2691 4205 ei
2742 4161 2942 4209 nostra}
2982 4161 3165 4209 motus
3193 4157 3562 4225 ostendentes,
3598 4165 3648 4212 et
3680 4154 3794 4209 idem

2264 4247 2593 4309 praeceptum
2633 4240 2827 4297 iterato
2869 4244 3051 4301 acrius
3094 4245 3437 4305 inculcantes
3470 4268 3485 4304 :
3516 4258 3625 4304 tum
3661 4246 3793 4302 etiam

2263 4327 2446 4399 ipsum
2468 4331 2535 4385 ad
2558 4333 2824 4411 synodum
2858 4334 3181 4406 Romanam,
3226 4354 3351 4409 qua:
3377 4339 3550 4410 prima
3577 4337 3794 4409 proxima

574 4444 780 4486 .rorum
817 4429 1138 4486 distributor
1161 4428 1245 4484 vel
1270 4427 1521 4483 minister
1545 4441 1668 4482 esse
1700 4426 1877 4492 debet,
1891 4426 1984 4497 qui
2014 4424 2163 4481 nulla
2264 4419 2705 4493 Quadragesimze
2740 4425 3075 4483 hebdomada
3103 4427 3287 4484 futura
3322 4441 3432 4497 est,
3455 4428 3792 4488 advocavimus

572 4522 803 4577 ratione
848 4526 1029 4592 potest
1086 4534 1208 4575 esse
1249 4519 1334 4575 vel
1364 4519 1686 4589 particeps?
1726 4517 1838 4573 Sed
1888 4518 1980 4573 illa
2020 4518 2160 4574 beati

592 4627 746 4682 papae
768 4610 967 4669 Leonis
996 4625 1102 4666 nos
1150 4609 1368 4679 impulit
1412 4610 1733 4676 auctoritas,
1752 4609 2160 4679 quisuhdiaeo-

593 4706 681 4761 nis
724 4705 946 4761 ineundi
1005 4702 1247 4775 coniugii
1299 4702 1578 4757 licentiam
1630 4712 1863 4772 prersus
1916 4702 2158 4758 abstulit.

592 4794 751 4864 Quod
781 4797 1057 4853 decretum
1089 4793 1146 4850 S.
1173 4794 1373 4850 Leonis
1384 4793 1722 4868 posteriores
1742 4803 1945 4851 sanctae
1969 4794 2166 4851 Roma-

594 4902 681 4943 nae
727 4884 987 4942 Ecclesiae
1033 4885 1339 4956 pontiﬁces,
1404 4883 1640 4959 maxime
1694 4883 1885 4940 doctor
1926 4884 2164 4941 eximius

592 4975 910 5047 Gregorius,
933 4974 1008 5030 ita
1029 4990 1128 5045 pro
1182 4976 1313 5053 lege.
1332 4984 1651 5043 sanxerunt,
1690 4983 1752 5030 ut
1792 4974 2048 5047 deinceps
2076 4973 2164 5031 his

592 5070 882 5130 ordinibus
904 5069 1309 5137 ecclesiasticis,
1333 5069 1727 5136 sacerdotibus,
1750 5068 1929 5125 levitis
1952 5077 2008 5125 et
2035 5069 2166 5125 sub-

592 5160 843 5220 diaconis
870 5157 1095 5215 vincula
1126 5159 1431 5231 conjngalia
1471 5159 1701 5216 omnino
1729 5160 1835 5216 sint
1870 5160 2163 5231 prohibita.

571 5255 731 5312 -Cum
764 5260 946 5309 autem
971 5250 1090 5307 haec
1135 5252 1317 5307 omnia
1353 5252 1451 5308 tibi
1498 5252 1855 5319 observanda,
1906 5253 2165 5323 pastorali

593 5343 933 5390 nrnvidenlia
959 5341 1474 5390 transmitteremns:
1518 5352 1596 5390 tu-
1632 5360 1742 5390 mn
1773 5360 2008 5390 ’ςιιι-ςιιπι
2047 5359 2159 5390 nor-

2266 4520 2327 4567 ut
2351 4527 2450 4581 pro
2479 4527 2539 4567 se
2560 4514 2824 4570 rationem
2864 4517 3074 4585 reddat,
3101 4528 3155 4574 et
3203 4519 3577 4576 inohed-ientize
3611 4529 3789 4579 causas.

2264 4602 2312 4657 si
2336 4604 2685 4661 rationabiles
2706 4606 2975 4681 habuerit,
3004 4608 3057 4663 in
3106 4610 3438 4665 audientiam
3488 4610 3643 4666 totius
3686 4621 3793 4662 con-

2263 4702 2460 4751 ventus
2481 4707 2736 4767 exponat.
2762 4694 2876 4755 Hoc
2897 4699 3039 4763 ideo,
3061 4698 3259 4757 fratres
3304 4700 3621 4770 charissimi,
3665 4695 3791 4753 vobis

2264 4786 2658 4844 innotescimus
2683 4798 2743 4845 ut
2787 4791 2984 4847 animat
3012 4801 3209 4848 vestrae
3261 4794 3421 4849 saluti
3462 4791 3787 4872 consulamus.

2270 4876 2329 4932 Si
2383 4878 2531 4934 enim
2590 4880 2748 4936 beato
2798 4881 2964 4938 Petro
3009 4891 3065 4939 et
3110 4894 3314 4941 sanctae
3375 4885 3486 4941 sedi
3522 4881 3788 4954 aposton

2268 4966 2447 5024 fronte
2474 4980 2663 5041 aperta
2693 4985 3003 5044 repugnans
3033 4983 3089 5030 et
3118 4984 3413 5032 contumax
3435 4990 3555 5031 esse
3572 4966 3785 5034 subierit.

2268 5062 2475 5133 liquido
2529 5062 2878 5121 manifestum
2923 5076 3009 5123 est
3042 5068 3189 5138 quod
3234 5069 3330 5140 qui
3366 5077 3585 5125 matrem
3606 5065 3682 5121 vel
3710 5077 3786 5135 pa-

2266 5164 2406 5211 trem
2436 5155 2746 5226 inhonorat,
2775 5159 2981 5215 nullam
3011 5175 3044 5216 a
3075 5161 3326 5218 ﬁdelibus
3353 5162 3520 5234 patris
3543 5169 3597 5217 et
3628 5153 3785 5214 mauis

2264 5247 2389 5318 jure
2408 5246 2769 5305 obedientiam
2793 5250 3007 5322 exigere
3028 5262 3123 5309 aut
3170 5269 3415 5324 quaerere
3450 5253 3646 5310 debeat.
3674 5244 3785 5302 Indi-

2270 5354 2439 5390 Rnum
2477 5351 2561 5390 est
2583 5341 2727 5390 enim
2761 5353 2821 5390 ut
2868 5344 2961 5390 nni
3005 5344 3268 5390 magicam
3293 5346 3547 5390 detractat
3579 5340 3782 5390 sum.
