3972 5390
174 302 278 383 6:7
344 388 347 395 _

1077 306 1433 394 srisrous
1472 337 1707 397 sxrna
1742 305 2143 397 neuisrnuu
2179 339 2562 399 vacares.

3335 349 3440 417 658

162 428 514 502 auctoritate
544 446 912 519 praecipimus,
949 449 996 505 si
1019 451 1072 505 in
1127 441 1614 509 obduratione‘sua
1644 467 1767 524 pcr-
1794 454 1840 512 Δ
1868 467 1988 508 rum
2018 430 2271 509 ordinum
2319 456 2546 527 gradum
2580 456 2665 513 vel
2703 454 2941 514 ollieium
2986 460 3224 528 promoti
3265 470 3395 518 sunt
3419 504 3439 531 ,

171 539 377 599 sistere
402 540 656 612 voluerit,
703 545 909 601 nullam
932 546 983 602 ei
1036 547 1358 605 obedientiae
1406 551 1763 607 reverentiam
1865 544 2075 599 nullum
2112 545 2169 599 in
2194 556 2383 602 sancta
2425 546 2667 604 Ecclesia
2710 549 2938 604 ulterius
2967 550 3313 608 ministrandi
3356 555 3438 611 lo-

173 634 509 700 exhibeatis,
534 649 717 707 neque
750 637 806 693 id
828 639 1028 696 anima:
1075 650 1272 697 vestrae
1313 643 1610 712 perniciem
1640 658 1748 701 esse

1862 649 1988 690 cum
2016 637 2273 705 habeant,
2316 654 2417 695 nec
2463 640 2537 695 illi
2569 640 2665 710 qui
2704 639 2761 696 in
2785 640 3013 697 crimine
3059 641 3439 703 fornicationis

170 727 403 796 putetis.
438 724 573 783 Nam
608 727 677 796 si,
706 737 768 785 ut
788 732 949 788 toties
968 730 1083 802 jam
1122 732 1474 804 praediximus
1496 777 1511 803 ,
1555 749 1760 807 praece-

171 818 279 887 ptis
307 819 631 888 apostolicis
651 821 886 877 voluerit
905 838 1027 878 esse
1046 823 1376 891 contrarius,
1404 825 1473 879 ab
1502 825 1653 880 omni
1690 826 1760 880 il-

170 908 277 965 lius
302 911 668 980 subjectionis
710 912 845 985 jugo
868 914 1012 971 beati
1041 913 1190 971 Petri
1218 915 1543 970 auctoritate
1578 915 1760 972 absol-

106 1040 116 1046 .
169 1001 352 1057 vimus
379 1003 456 1057 ita
488 1005 796 1072 universos,
837 1015 897 1061 ut
931 1024 1056 1064 cum
1078 1008 1404 1064 sacramenti
1428 1008 1758 1080 obligatione

158 1088 403 1163 quilibet
431 1095 483 1149 ei
528 1093 690 1151 fuerit
717 1098 1031 1166 obstrictus,
1074 1098 1315 1169 quandiu
1356 1098 1467 1154 Deo
1503 1101 1756 1170 omnipo-

162 1176 300 1240 tenti
347 1196 408 1241 et
446 1188 565 1243 sedi
619 1191 931 1260 apostolicre
965 1190 1181 1245 rebellis
1220 1190 1505 1258 exstiterit,
1533 1191 1681 1247 nulla
1705 1191 1756 1247 ei

172 1278 451 1335 ﬁdelitatis
478 1281 815 1338 exhibitione
834 1283 926 1338 ﬁat
956 1283 1247 1339 obnoxius.
1270 1282 1396 1337 Non
1450 1284 1605 1339 enim
1630 1283 1753 1339 cui-

169 1369 294 1426 libet
317 1384 583 1442 personae‘
610 1384 802 1431 contra
848 1374 1160 1433 Creatorem
1201 1390 1387 1442 suum,
1416 1376 1510 1447 qui
1539 1375 1755 1433 cunctis

169 1466 575 1534 praeponendus
608 1475 713 1535 est,
739 1469 935 1541 aliquis
965 1468 1124 1524 debet
1159 1466 1408 1535 obedire;
1449 1468 1541 1524 sed
1590 1469 1754 1525 debe-

170 1572 288 1640 mus
326 1566 528 1613 contra
569 1557 737 1614 Deum
765 1560 1099 1640 superbieuti
1134 1559 1409 1626 resistere,
1452 1569 1515 1615 ut
1558 1560 1751 1622 saltem

172 1636 267 1703 hac
286 1651 628 1707 necessitate
671 1636 893 1710 coactus
933 1653 1002 1709 ad
1047 1652 1194 1709 viam
1239 1651 1465 1721 justitiaa
1507 1653 1754 1710 addiscat

173 1743 359 1797 redire.
393 1741 599 1809 Quanti
626 1746 772 1800 enim
796 1746 1042 1817 periculi,
1067 1753 1394 1823 quantteque
1434 1761 1464 1800 a
1484 1744 1751 1801 Christia-

171 1851 234 1889 na
257 1835 375 1905 lege
396 1836 473 1890 sit
489 1836 839 1894 alienationis
862 1818 1247 1903 obedientiam,
1275 1836 1510 1897 maxime
1533 1847 1753 1908 aposto-
1785 1818 1828 1872 Β

156 1927 293 2001 lica:
324 1928 493 1995 sedi,
523 1944 638 1983 non
683 1930 938 1985 exhibere
983 1947 1050 1985 ex
1080 1928 1241 1985 dictis
1284 1927 1751 2005 beati.Samuclis

174 2021 441 2100 prophetae
454 2019 687 2091 potestis
708 2037 1058 2102 cognoscere,
1086 2036 1208 2093 quae
1231 2021 1611 2076 sanctissimus
1650 2037 1749 2092 pa-

174 2130 234 2182 pa
254 2114 554 2186 Gregorius
577 2115 635 2170 in
652 2116 843 2171 ultimo
864 2114 1003 2174 libro
1022 2113 1308 2169 Moralium
1324 2113 1638 2185 procuravit
1657 2129 1750 2167 ex.

177 2222 381 2274 ponere.
414 2206 487 2262 Ut
506 2223 573 2263 ea
603 2218 789 2265 autem
816 2208 933 2263 sint
957 2207 1113 2265 vobis
1140 2206 1198 2260 in
1226 2214 1500 2276 promptu,
1546 2205 1749 2276 scripta

176 2300 605 2368 transmisimus;
650 2309 921 2371 quatenus
962 2298 1333 2365 indubitanter
1360 2297 1583 2365 sciatis,
1646 2312 1749 2353 nos

174 2391 315 2445 vobis
339 2386 543 2446 novam
565 2408 682 2469 non
711 2394 912 2459 dicere,
967 2391 1063 2447 sed
1103 2390 1385 2466 antiquam
1430 2398 1746 2446 sanctorum

176 2481 384 2538 Patrum
416 2485 733 2540 doctrinam
757 2485 1062 2556 propalare.
1086 2482 1227 2542 Hinc
1259 2483 1480 2538 Samuel
1500 2482 1604 2541 ait:
1632 2481 1747 2541 Me-

176 2578 268 2634 lior
284 2590 369 2637 est
390 2581 709 2637 obedientia
730 2596 895 2651 quam
926 2581 1169 2648 victima,
1202 2590 1257 2636 et
1275 2579 1586 2651 auscultare
1630 2594 1748 2635 ma-

177 2672 434 2744 g'squam
456 2673 658 2745 oﬁ‘erre
701 2674 915 2744 adipem
962 2675 1192 2731 arietum
1227 2673 1283 2747 (Ι
1317 2650 1444 2746 Reg.
1490 2691 1580 2742 xv,
1608 2674 1743 2746 22);

158 2758 421 2833 quoniam
457 2758 623 2835 quasi
650 2773 937 2835 peccatum
990 2765 1257 2822 ariolandi
1302 2772 1388 2821 est
1420 2781 1743 2837 repugnare,

178 2865 224 2909 et
241 2858 393 2926 quasi
409 2858 594 2913 scelus
609 2856 930 2912 idololatria;
943 2857 1086 2913 nolle
1099 2858 1445 2929 acquiescere
1459 2876 1474 2925 ;
1488 2858 1747 2915 obedien-

182 2950 245 3003 tia
266 2950 465 3021 quippe
483 2949 730 3006 victimis
753 2950 878 3020 jure
931 2950 1284 3021 prmponitur,
1305 2951 1435 3021 quia
1474 2966 1570 3021 per
1597 2949 1750 3007 victi-

179 3058 285 3097 mas
310 3043 487 3097 aliena
515 3058 670 3109 caro,
704 3058 801 3113 per
850 3042 1212 3099 obedientiam
1236 3059 1365 3099 vero
1398 3043 1618 3115 prOpria
1647 3056 1747 3099 vo-

179 3135 341 3189 luntas
364 3143 663 3191 mactatur.
695 3134 870 3195 Tanto
909 3137 1073 3208 igitur
1101 3137 1334 3207 quisque
1376 3136 1549 3192 Deum
1584 3136 1745 3192 citius

154 3225 356 3307 placat,
381 3236 598 3297 quanto
621 3235 748 3283 ante
767 3229 885 3300 ejus
907 3228 1117 3295 oculos,
1141 3243 1392 3299 repressa
1416 3228 1628 3293 arbitrii
1657 3230 1745 3289 sui

156 3321 438 3397 superbia,
462 3321 646 3393 gladio
694 3322 946 3394 praecepti
988 3337 1048 3379 se
1084 3321 1350 3381 immolat.
1395 3320 1515 3388 Quo
1556 3331 1746 3379 contra

154 3413 430 3479 ariolandi
460 3423 748 3485 peccatum
776 3415 1140 3470 inobedientia
1171 3414 1392 3482 dicitur,
1434 3423 1496 3470 ut
1539 3425 1747 3487 quanta
1818 3463 1827 3469 .

156 3504 242 3591 {sit
256 3506 433 3562 virtus
456 3504 778 3569 obedientize
809 3508 1232 3566 demonstretur.
1261 3506 1341 3567 Ex
1380 3507 1612 3564 adverso
1643 3508 1746 3579 igi—

154 3600 475 3679 _turmelius
507 3599 832 3666 ostenditur,
849 3599 981 3670 quid
1009 3600 1076 3655 de
1103 3599 1222 3670 ejus
1259 3599 1419 3655 laude
1449 3600 1744 3669 sentiatur;

153 3685 222 3747 ,εἰ
244 3676 694 3746 έώιιιὶτίοὶεηὰὶ
721 3700 1007 3762 peccatum
1031 3700 1118 3747 est
1149 3706 1471 3764 repugnare,
1502 3702 1557 3747 et
1587 3693 1749 3763 quasi

124 3790 134 3798 '
181 3779 339 3837 scelus
370 3781 700 3853 idololatria:
719 3783 865 3839 nolle
885 3782 1256 3855 acquiescere,
1284 3784 1400 3840 sola
1440 3784 1747 3840 obedientia

182 3879 271 3939 est,
294 3890 421 3945 quae
441 3875 572 3931 ﬁdei
592 3876 849 3933 meritum
870 3876 1147 3948 possidet;
1200 3876 1322 3933 sine
1368 3893 1475 3947 qua
1516 3878 1750 3948 quisque

183 3954 511 4027 convincitur
537 3967 797 4038 inﬁdelis,
823 3969 928 4026 etsi
951 3969 1125 4026 ﬁdelis
1153 3983 1277 4045 esse
1300 3970 1568 4025 videatur.
1636 4008 1641 4014 -

880 4060 1021 4116 XIV.

372 4140 629 4225 Epistula
664 4153 902 4225 Gregorii
947 4133 1059 4210 VII
1113 4155 1183 4210 ad
1223 4154 1530 4213 Germanos.

765 4245 945 4317 (Anno
974 4244 1155 4316 1074.)

555 4336 775 4410 [Manen
803 4336 1008 4393 εοηεη.
1052 4335 1169 4405 xx,
1204 4336 1356 4411 625.]

160 4482 163 4485 .
244 4424 542 4485 (insontes
566 4430 880 4500 episcopus,
915 4445 1107 4485 servus
1141 4444 1426 4487 servorum
1469 4427 1587 4497 Dei,
1620 4444 1743 4485 om-

1854 725 2042 797 jacent
2084 728 2283 787 missas
2298 731 2617 797 acelebrare,
2662 740 2758 786 aut
2788 728 3089 788 secundum
3124 734 3437 795 inferiorem

1860 818 2104 873 ordinem
2128 820 2441 876 ministrare
2472 822 2631 876 altari
2671 821 2925 878 debeant.
2968 823 3037 878 Et
3067 826 3249 895 infra:
3285 826 3438 894 Qua-

1858 918 2079 980 pr0pter
2107 910 2173 965 ad
2196 925 2389 967 omnes
2410 913 2475 968 de
2523 928 2757 984 quorum
2792 914 2895 969 ﬁde
2918 925 2973 970 et
2992 917 3280 973 devotione
3312 934 3440 973 con-

1856 998 2076 1056 ﬁdimus
2104 1017 2251 1058 nunc
2283 1004 2677 1072 convertimur,
2700 1013 2960 1075 rogantes
3008 1023 3108 1063 vos
3129 1018 3185 1063 et
3211 1018 3439 1079 apostor

1856 1089 1960 1146 llca
2002 1093 2327 1149 auctoritate
2376 1104 2790 1155 commonentes
2825 1105 2885 1154 ut
2912 1098 3177 1171 quidquid
3194 1100 3436 1175 episcopi

1856 1181 2051 1239 dehinc
2072 1184 2368 1255 loquantur
2410 1194 2506 1241 aut
2549 1195 2785 1255 taceant,
2832 1204 2930 1244 vos
2965 1189 3199 1245 cilicium
3244 1205 3435 1246 eorum

1854 1290 1995 1346 quos
2020 1284 2115 1330 aut
2159 1275 2467 1332 Simoniacc
2497 1288 2777 1349 promotos
2808 1289 2864 1335 et
2902 1281 3204 1349 ordinatos,
3235 1290 3331 1344 aut
3378 1281 3434 1340 iu

1854 1366 2083 1422 crimine
2124 1366 2505 1425 fornicationis
2527 1370 2774 1440 jacentes
2823 1371 3220 1444 cognoveritis,
3255 1372 3435 1429 nulla-

1854 1458 2332 1530 tenusrecipiatis.

2577 1553 2695 1611 XV.

2124 1643 2208 1699 Ad
2241 1647 2519 1701 canonicos
2543 1646 2777 1702 ecclesiae
2806 1645 3164 1702 Balvacensis.

2446 1739 2625 1812 (Anno
2664 1738 2848 1811 1074.)

2251 1828 2472 1904 [Μυκεῃ
2506 1830 2712 1888 Concil.
2746 1830 2866 1900 XX,
2896 1826 3049 1904 εει]

1925 1921 2234 1979 Gnsconws
2261 1923 2579 1994 episcopus,
2607 1939 2801 1981 servus
2838 1938 3120 1980 servorum
3157 1922 3273 1988 Dei,
3314 1938 3434 1978 om-

1853 2013 2014 2069 nibus
2041 2021 2241 2071 sanctae
2264 2013 2358 2069 Dei
2388 2012 2735 2072 Belvacensis
2767 2013 3021 2075 Ecclesiae
3053 2012 3179 2071 ﬁliis
3207 2014 3431 2070 benedi—

1836 2102 2087 2181 ﬁctionem
2123 2105 2436 2175 apostolicae
2469 2105 2636 2166 sedis.

1921 2194 2190 2262 Quoniam
2241 2194 2549 2253 audivimus
2594 2186 2693 2254 vos
2749 2196 2986 2270 perfecte
3036 2195 3434 2269 redintegratas

1850 2303 1975 2344 cum
2020 2288 2373 2346 dilectissimo
2422 2290 2534 2345 lilio
2578 2297 2635 2346 et
2680 2287 3003 2363 ccepiscOpo
3044 2290 3235 2345 nostro
3277 2296 3438 2360 patre

1848 2391 2032 2438 vestro
2066 2380 2318 2450 Widonc,
2346 2383 2646 2455 gaudemus
2671 2390 2726 2439 et
2750 2397 2819 2438 ne
2848 2381 2979 2453 quid
3002 2382 3256 2439 scissura:
3290 2379 3432 2437 ulte—

1850 2478 1965 2541 rius
1988 2478 2082 2537 ﬁat
2107 2478 2340 2550 petimus
2370 2486 2424 2533 et
2449 2478 2844 2535 interdicimus.
2880 2476 3078 2533 Sciatis
3099 2476 3262 2532 etiam
3292 2472 3432 2546 que-

1849 2571 1997 2629 niam
2033 2570 2292 2643 quidquid
2334 2586 2460 2626 cum
2512 2569 2804 2624 Lanzclino
2834 2578 3046 2643 gestum
3089 2575 3191 2635 est,
3238 2557 3432 2625 nostra

1848 2663 2125 2719 voluntate
2153 2674 2363 2735 gestum
2384 2672 2468 2720 est
2493 2662 2651 2737 (Vide
2676 2661 2913 2718 Gnscon.
2936 2658 3150 2727 Vll,lib.
3178 2654 3241 2727 ii,
3264 2658 3427 2728 epist.

1848 2753 1926 2837 5),
1950 2755 2181 2811 multum
2218 2755 2484 2811 renitente
2524 2761 2579 2810 et
2612 2754 2941 2810 reclamante
2971 2751 3195 2808 domino
3224 2750 3336 2805 ﬁlio
3375 2760 3433 2809 et

1848 2842 2170 2914 coepiscopo
2204 2843 2458 2912 Widone,
2493 2843 2656 2899 etiam
2683 2841 2891 2914 aliquid
2940 2842 3158 2913 gravius
3191 2848 3246 2895 et
3275 2842 3429 2895 acer—

1847 2934 1971 2990 bius
2006 2933 2063 2989 in
2091 2950 2191 2990 nos
2222 2934 2441 3005 obloqui
2486 2943 2869 3006 prmsumente.
2915 2932 3020 2988 Sed
3057 2930 3312 2987 Ecclesiae
3335 2944 3429 2985 ve.

1848 3033 1973 3080 strue
1998 3022 2156 3080 nobis
2177 3024 2485 3081 commissa:
2505 3023 2794 3081 commodo
2815 3020 3230 3095 prospicientes,
3258 3029 3313 3077 et
3332 3036 3429 3085 ett-

1849 3113 2397 3187 communicationem
2424 3132 2455 3171 a
2482 3130 2541 3171 se
2585 3113 2784 3172 factam
2820 3112 3155 3185 rumpentes,
3189 3128 3312 3184 quae
3341 3112 3427 3167 in-

1847 3206 2149 3271 consultius
2190 3217 2310 3264 acta
2357 3207 2553 3276 fuerat,
2598 3208 2851 3264 eumdem
2896 3207 3281 3278 cOepiscopum
3327 3219 3428 3260 no-

1849 3305 2020 3354 strum
2057 3297 2409 3365 absolvimus,
2441 3306 2496 3353 et
2523 3298 2681 3353 militi
2717 3313 2816 3369 pro
2846 3312 2956 3368 quo
2981 3286 3216 3353 vobis’et
3241 3293 3427 3352 Eccle—

1847 3384 1943 3443 sia:
1964 3394 2157 3442 vestra:
2189 3397 2243 3442 et
2272 3389 2412 3466 patri
2438 3398 2621 3444 vestro
2644 3389 2826 3444 minus
2850 3387 3020 3445 ﬁdelis
3045 3397 3162 3444 erat
3192 3387 3429 3445 redona~

1847 3476 2046 3532 vimus.
2080 3474 2236 3533 Unde
2279 3478 2476 3532 obnixe
2510 3479 2745 3557 petimus
2775 3484 2829 3533 et
2857 3477 3204 3549 praecipimus
3229 3493 3300 3533 ne
3334 3493 3428 3533 su-

1848 3584 1945 3639 per
1977 3569 2081 3624 hoc
2105 3569 2286 3625 minus
2314 3569 2560 3633 benevoli
2588 3570 2912 3644 coepiscopo
2935 3574 3124 3627 uestro
3158 3568 3305 3625 Patri
3334 3586 3427 3626 vc-

1850 3666 1963 3713 stro
1988 3655 2218 3719 fueritis.
2245 3657 2533 3713 Veritatem
2568 3658 2713 3718 enim
2744 3659 2942 3730 loquor
2961 3659 3138 3727 vobis,
3167 3660 3427 3739 quohiam

1850 3765 1950 3806 nec
1983 3748 2153 3805 voluit
2183 3766 2282 3806 nec
2307 3749 2948 3818 consensit.‘Valete,'ﬁlii
2982 3752 3108 3813 mei.
3186 3752 3187 3755 “
3224 3754 3225 3757 “

2563 3836 2703 3895 XVI.
2942 3846 2943 3849 “

1851 3928 2090 4007 (ἑτεροῖα
2111 3947 2263 4007 pupa:
2285 3927 2362 4007 Y1
2366 3928 2396 3983 Ι
2412 3929 2709 4007 ᾴεςέαηατξο
2728 3929 3144 4007 canonizajtonis
3159 3928 3427 3983 Hcribcrti

2125 4000 2451 4055 Galanicmia
2475 4000 2731 4054 Ecclesia:
2757 4000 3155 4071 archiepiscopi.

2434 4089 2618 4159 (Anno
2653 4089 2836 4160 1074.)

1849 4182 2681 4257 [Lacoatstsnhlfrkundcnburh
2706 4178 2709 4185 λ
2730 4183 2819 4257 [ἃ]
2859 4183 2954 4257 die
2982 4182 3289 4257 Qegclu’clltc
3336 4181 3427 4235 des

2188 4253 2587 4319 Nicderrheim,
2610 4251 2743 4311 tom.
2780 4252 2823 4320 l,
2851 4268 2905 4324 p.
2935 4251 3095 4324 145.}
3152 4296 3153 4301 η

1919 4344 2228 4402 ϐιιεθοιιιυε
2269 4343 2579 4415 episcopus,
2608 4358 2801 4401 servus
2832 4357 3120 4399 servorum
3159 4340 3285 4405 Dei,
3304 4339 3428 4395 uni-

1845 4437 2021 4494 versis
2052 4442 2256 4492 sanctae
2279 4435 2562 4491 catholica:
2603 4443 2773 4505 atque.
2816 4433 3133 4504 apostolica
3172 4430 3430 4489 Ecclesiae

186 4515 322 4576 nibus
351 4522 575 4579 clericis
596 4530 654 4578 et
678 4522 833 4595 laicis
856 4522 911 4577 in
950 4536 1120 4592 regno
1162 4519 1585 4581 Teutonicorum
1614 4535 1746 4579 con—
1779 4550 1822 4605 ι)
1846 4531 1973 4587 ﬁliis
1994 4530 2080 4586 vel
2105 4529 2343 4585 maxime
2367 4537 2551 4587 tamen
2577 4527 2633 4582 in
2649 4527 2730 4582 eis
2749 4525 2962 4597 Alpinis
2976 4523 3257 4597 gentibus,
3282 4522 3433 4579 salu-

188 4610 363 4671 stitutis
382 4616 625 4671 salutem
642 4622 699 4671 et
721 4615 1076 4686 apostolicam
1111 4612 1566 4673 benedictionem.

244 4704 555 4765 Audivimus
577 4707 732 4778 quod
790 4707 1012 4779 quidam
1043 4706 1426 4777 episcoporum
1467 4705 1611 4776 apud
1644 4719 1742 4767 vos

189 4802 645 4867 oommorantium,
667 4806 766 4854 aut
786 4800 1119 4865 sacerdotes,
1168 4805 1224 4853 et
1268 4798 1505 4866 diaconi,
1535 4807 1588 4853 et
1609 4798 1742 4853 sub-

188 4884 371 4948 diaconi
410 4893 745 4950 mulieribus
790 4892 1248 4949 commisceantur
1283 4898 1377 4951 aut
1401 4892 1748 4948 consentiant

188 4990 265 5035 aut
285 4987 569 5058 negligant.
598 4984 701 5041 His
721 4984 1069 5058 praecipimus
1090 4997 1188 5037 vos
1217 4983 1369 5039 nullo
1399 4984 1562 5047 modo
1606 4984 1744 5039 obc-

166 5069 301 5149 flire,
324 5079 405 5134 vel
456 5079 686 5134 illorum
734 5076 1019 5147 praeceptis
1063 5073 1405 5142 consentire,
1439 5076 1587 5132 sicut
1640 5074 1745 5145 ipsi

190 5170 470 5233 apostolica:
495 5171 647 5227 sedis
685 5168 967 5239 praeceptis
996 5182 1108 5223 non
1156 5165 1416 5221 obediunt
1444 5183 1622 5240 neque
1644 5181 1745 5221 au-

190 5260 393 5317 ctoritati
425 5272 752 5320 sanctorum
797 5259 1016 5315 Patrum
1062 5259 1432 5315 consentiunt.
1485 5261 1747 5317 Testante

168 5344 340 5390 ἰιὶςίιη
367 5354 646 5390 ἓως-ιω...
684 5353 944 5390 ronianum
976 5363 1028 5390 nt
1060 5350 1463 5390 nnnmnlinntac
1493 5372 1591 5390 ιιη-
1623 5367 1745 5390 nm.

1846 4630 1957 4678 tem
1978 4619 2358 4677 charissimam
2380 4635 2509 4685 cum
2527 4617 2908 4677 benedictione
2931 4613 3253 4686 apostolica.

1916 4712 2193 4783 Quidquid
2224 4712 2424 4769 divinis
2467 4710 2795 4768 testimtmiis
2822 4709 3134 4766 roboratur
3176 4704 3431 4771 humanis

1846 4823 1960 4864 non
1989 4806 2195 4878 indiget
2220 4814 2284 4861 ut
2300 4806 2608 4861 roboretur.
2634 4801 2953 4859 Heribertus
2971 4797 3315 4855 Coloniensis
3338 4813 3430 4853 ar-

1810 4928 1815 4933 ι
1848 4898 2231 4970 chiepiscopus
2250 4897 2611 4954 sanctissimae
2633 4894 2761 4949 vitae
2794 4892 3009 4954 meritis
3034 4891 3176 4946 inter
3206 4898 3428 4947 sancto-

1851 5006 1974 5046 rum
2010 4989 2230 5060 agmina
2258 4988 2315 5041 in
2344 4985 2552 5044 caelesti
2598 4986 2882 5041 numerari
2935 4984 3060 5049 aula
3110 4982 3433 5052 promeruit.

1846 5080 2004 5150 Quod
2027 5089 2397 5145 asseruerant,
2424 5086 2481 5133 et
2500 5076 2632 5133 dum
2664 5075 2801 5132 vixit
2828 5077 2886 5134 in
2908 5078 3015 5133 hoc
3034 5074 3255 5139 saeculo,
3282 5071 3440 5153 factm

1847 5190 1943 5247 per
1975 5188 2101 5229 eum
2131 5170 2363 5226 virtutes
2385 5180 2441 5224 et
2463 5178 2822 5240 posteaquam
2860 5172 2992 5228 illuc
3030 5168 3339 5227 translatus
3388 5175 3445 5223 et

1846 5269 2001 5340 signa
2030 5265 2345 5322 subsecuta.
2382 5260 2561 5318 Vitam
2580 5262 2713 5333 ejus
2732 5265 2882 5335 stylo
2908 5263 3162 5327 traditam
3203 5260 3442 5329 vidimus

1849 5361 1900 5390 ιη
1931 5374 2034 5390 nun
2052 5369 2303 5390 manuum
2326 5354 2444 5390 nine
2467 5354 2812 5390 conMiIolam
2840 5356 3150 5390 Αἷιιῖιιῖτηιια·
3167 5360 3442 5390 nnnnnnln
