3972 5390
554 403 659 472 653

1477 403 1531 458 S.
1563 399 1894 458 GREGOIUI
1933 401 2024 457 VII
2057 399 2259 457 PANE
2297 399 2582 458 OPEIIUM
2613 401 2792 460 PARS
2827 401 2886 457 II-

3697 399 3794 455 660

558 517 849 572 honoravit
871 517 926 572 in
947 517 1170 583 corlis,a
1191 515 1349 574 nobis
1361 515 1607 588 ejusdem
1633 517 1806 581 servis
1836 517 2138 586 honoratur
2163 529 2210 590 Α
2236 516 2572 580 Neunboren
2620 534 2746 574 cum
2804 517 3062 586 omnibus
3115 515 3495 588 pertinentiis,
3541 523 3596 570 et
3639 531 3792 571 unam

558 604 725 660 etiam
757 605 814 661 in
833 597 1016 661 terris.

1267 673 1432 732 XVII.

561 761 859 840 Gregorius!
881 765 992 840 VII
1019 788 1036 818 ι
1069 769 1374 840 monasterii
1401 768 1458 840 δ.
1487 767 1676 824 Mario:
1715 768 1966 840 Virginis,
2011 786 2138 824 con-

631 839 818 912 structi
840 838 896 912 in
919 837 1034 892 loco
1057 840 1150 912 qui
1171 839 1372 894 dicitur
1394 839 1598 909 Bauza,
1633 859 1651 892 ι
1675 837 2050 912 “possessiones
2088 849 2138 894 et
2231 864 2236 868 -

629 906 909 979 privilegia
937 906 1238 978 confirmat.

1149 1002 1329 1073 (Anno
1371 1001 1555 1074 1075.)

559 1086 640 1162 [In
665 1089 936 1162 tabulario
959 1089 1214 1162 Ecclesia):
1237 1091 1519 1158 Romanae,
1545 1109 1612 1148 ex
1646 1091 1874 1150 Schedis
1919 1093 2138 1162 Pertzii,

631 1167 769 1236 [este
789 1159 1216 1236 Jarrs,_Regesta
1237 1165 1451 1236 gpontif.
1479 1164 1656 1232 Rom,
1685 1180 1809 1236 pag.
1853 1164 1977 1222 417.
2025 1159 2136 1221 Inc.

631 1227 886 1302 Supernae
915 1227 1295 1290 miserit-tionis.

1257 1325 1306 1380 Χ
1339 1325 1352 1346 ⁷
1381 1323 1404 1378 ῐ
1433 1367 1447 1382 .

667 1413 832 1470 Bulla
857 1413 1096 1487 Gregorii
1119 1412 1230 1470 VII
1240 1325 1344 1487 pr:
1358 1322 1678 1472 In‘anasterio
1700 1417 2032 1475 Patavieusi.

767 1513 776 1522 ’
1152 1508 1332 1577 (Anno
1372 1508 1555 1580 I075.)

742 1595 1108 1670 [Munumeuta
1143 1601 1331 1695 Boicu,
1363 1609 1496 1658 tom.
1535 1601 1626 1669 IV,
1659 1620 1781 1675 pag.
1813 1601 1966 1675 290.]

633 1687 943 1747 GREGORIUS
979 1687 1298 1764 episcopus,
1326 1709 1518 1753 servus
1559 1710 1846 1751 servorum
1889 1693 2014 1762 Dei,
2061 1695 2146 1750 di-

563 1781 706 1836 lecto
734 1776 888 1838 fratri
913 1781 968 1837 in
1005 1782 1227 1852 Christo
1255 1784 1488 1840 Alamno
1521 1784 1832 1848 Pataviensi
1862 1785 2142 1856 episeopo.

2239 595 2580 676 hofsaeham,
2617 625 2780 681 quam
2819 609 3004 680 Egeno
3055 609 3121 664 ad
3158 625 3319 664 usum
3364 607 3602 678 episcopi
3640 607 3794 681 dedit,

2237 710 2292 756 et
2341 717 2511 756 unum
2564 718 2814 756 mansum
2865 711 2920 756 et
2975 702 3261 757 dimidium
3303 691 3370 756 ad
3405 697 3800 766 Stainfelde,et

2238 802 2352 850 tres
2389 793 2678 850 hol'sac'ms
2709 795 2762 848 in
2794 795 2914 850 loco
2939 795 3032 866 qui
3067 794 3265 849 dicitur
3297 791 3560 855 Alburcb,
3579 783 3634 846 et
3661 791 3800 846 deci-

2239 885 2536 941 mationem
2585 887 2706 956 ejus
2755 888 2893 942 villa:
2944 902 3068 955 cum
3107 901 3218 940 uno
3264 898 3492 950 menso,
3547 891 3599 938 et
3643 899 3797 940 unam

2239 985 2447 1033 curtem
2473 976 2760 1036 Enzenwis
2790 995 2915 1034 cum
2939 979 3186 1036 Genezco
3221 985 3275 1032 et
3305 975 3456 1033 omni
3481 975 3716 1040 utilitate,
3747 985 3801 1034 et

2242 1079 2352 1126 tres
2386 1069 2678 1126 hofsachas
2723 1072 2791 1126 de
2825 1068 3176 1129 Euchendorf
3211 1084 3336 1126 cum
3369 1069 3522 1123 omni
3561 1067 3796 1122 utilitate.

2240 1161 2322 1216 Ad
2375 1161 2690 1218 Richcstorf
2719 1180 2888 1218 unum
2932 1179 3207 1229 mansum,
3243 1172 3297 1217 et
3329 1175 3500 1215 unum
3549 1160 3802 1215 molendi-

2242 1269 2396 1319 num,
2419 1253 2706 1309 ecclesiam
2750 1271 2916 1310 unam
2945 1270 3069 1326 qua:
3101 1255 3303 1310 dicitur
3345 1252 3641 1308 Aitenbach
3679 1267 3802 1308 cum

2243 1345 2394 1402 omni
2427 1344 2660 1402 utilitate
2702 1363 2825 1417 qua:
2871 1347 2938 1404 ad
2975 1348 3147 1417 ipsam
3194 1344 3520 1424 pertinebat,
3570 1335 3623 1402 et
3647 1359 3801 1398 una

2241 1436 2658 1496 decimationcm
2683 1438 2738 1508 in
2767 1439 3024 1509 parochia
3060 1437 3314 1502 Huttarn,
3356 1445 3414 1492 et
3443 1451 3606 1492 unam
3637 1434 3806 1491 hofsa-

2243 1528 2402 1583 cham
2425 1529 2492 1584 ad
2515 1527 2684 1585 Ousta
2708 1546 2830 1585 cum
2848 1530 3058 1586 caneris
3079 1530 3238 1586 bonis
3255 1530 3384 1585 illuc
3405 1527 3803 1600 pertinentibus,

2243 1628 2300 1675 et
2337 1621 2406 1675 ad
2442 1619 2724 1698 Ainkoven
2753 1637 2922 1676 unum
2968 1637 3225 1678 mansum
3279 1637 3408 1676 cum
3464 1620 3806 1676 decimatioue

2244 1712 2488 1782 ejusdem
2541 1713 2825 1779 ecclesiae,
2867 1713 2935 1768 ad
2973 1712 3200 1780 Rustam
3257 1712 3696 1777 decimationem,
3745 1712 3806 1766 ad

2249 1802 2468 1860 Leuben
2492 1821 2658 1860 unam
2685 1805 2924 1871 vineam,
2955 1806 3022 1863 ad
3058 1803 3309 1863 Mautarn
3347 1820 3522 1859 unum
3549 1819 3808 1869 mansum,

561 1877 617 1924 et
661 1885 758 1940 per
789 1887 916 1927 eum
959 1872 1205 1931 ecclesiae
1257 1889 1423 1944 quam
1472 1875 1528 1930 in
1584 1875 1858 1931 territorio
1899 1874 2144 1945 ejusdem

2250 1897 2314 1951 ad
2357 1895 2649 1952 Wachawe
2696 1897 2833 1952 duas
2875 1897 3081 1964 vineas,
3125 1898 3193 1953 ad
3225 1891 3638 1956 Schenenbobel
3663 1897 3808 1966 duas,

562 1959 798 2016 civitatis
841 1963 894 2016 in
945 1971 1108 2033 portu
1136 1962 1276 2020 OEni
1321 1965 1563 2023 fluminis
1605 1967 1942 2032 construxit,
1987 1975 2042 2021 et
2089 1967 2145 2021 in

562 2049 774 2106 honore
802 2049 1015 2108 Sancta:
1037 2052 1338 2121 Trinitatis,
1357 2059 1412 2110 et
1431 2057 1708 2127 passionis
1729 2056 1944 2112 Domini
1971 2057 2146 2115 nostri

561 2137 688 2194 Jesu
725 2139 952 2210 Christi,
997 2151 1053 2214 et
1088 2153 1402 2210 sanctorum
1442 2145 1674 2212 Andreae
1707 2145 1968 2216 apostoli,
2001 2145 2145 2202 Pan-

564 2233 798 2291 taleonis
833 2237 1088 2308 martyris
1113 2246 1168 2296 et
1202 2238 1377 2294 sancti
1410 2236 1620 2300 Nicolai
1646 2237 1998 2306 confessoris,
2015 2255 2148 2294 con-

563 2327 800 2411 secravit
834 2327 889 2383 in
924 2339 1270 2402 perpetuum.
1355 2395 1360 2400 ,

635 2417 906 2476 Convenit
949 2421 1251 2490 apostolico
1288 2417 1652 2483 'moderamini
1697 2422 1966 2494 religiosis
1998 2423 2146 2492 desi-

564 2509 729 2568 deriis
794 2519 848 2566 et
897 2512 1252 2582 petitionibus
1314 2529 1379 2568 ea
1428 2513 1765 2584 benignitate
1823 2517 1878 2568 et
1927 2513 2148 2583 pietatis

565 2601 749 2659 studio
771 2603 1208 2660 condescendere
1248 2604 1608 2676 effectumque
1629 2605 1888 2672 praebere,
1914 2615 1992 2671 ut,
2016 2605 2146 2660 dum

568 2695 872 2764 Spiritualis
920 2697 1220 2753 auctoritas
1276 2697 1435 2754 oﬂicii
1485 2698 1571 2755 sui
1619 2698 1858 2754 debitum
1908 2698 2145 2770 peragit,

567 2785 702 2852 dum
737 2786 976 2844 fidelium
1007 2796 1208 2844 statuta
1235 2790 1544 2851 roboranda
1573 2790 1977 2847 venerabilibus
2013 2777 2149 2848 locis

567 2881 882 2950 praesidium
905 2882 1244 2941 defensionis
1271 2885 1552 2956 impendit,
1583 2885 1672 2940 hic
1693 2884 1919 2942 atl‘ectus
1957 2900 2150 2956 super-

567 2987 655 3028 na:
692 2975 1070 3038 retributionis
1123 2976 1366 3041 lucretur
1421 2977 1848 3044 incrementum,
1899 2977 2047 3048 quod
2091 2977 2147 3034 in

569 3065 879 3134 praestando
919 3067 1186 3123 beneficio
1212 3085 1324 3124 non
1365 3069 1546 3126 minor
1571 3069 1674 3125 fuit
1707 3071 1948 3128 charitas
1982 3086 2146 3140 quam

568 3154 762 3225 pietas.
789 3154 905 3212 Hoc
925 3159 1072 3214 enim
1099 3168 1154 3214 et
1187 3159 1457 3216 bonorum
1483 3161 1676 3226 studiis
1712 3177 1806 3231 spe
1831 3161 2144 3232 proﬁciendi

2247 1989 2314 2044 ad
2341 1988 2591 2060 Aschach
2619 1989 2756 2045 duas
2775 1998 2831 2044 et
2851 1999 2964 2044 tres
2991 2005 3243 2060 sagenas,
3273 2005 3442 2047 unam
3478 1987 3730 2055 Pataviae,
3762 1995 3812 2042 et

2249 2081 2409 2135 aliam
2459 2059 2706 2148 Se'bach,
2756 2081 2972 2138 tertiam
3025 2059 3298 2147 llIathsee,
3331 2096 3432 2151 pro
3483 2075 3676 2134 vestitu
3726 2095 3810 2133 au-

2250 2181 2357 2237 tem
2384 2188 2532 2240 xxrv,
2571 2173 2664 2229 lib.
2695 2189 2729 2226 ιι
2753 2173 2820 2228 de
2854 2174 3108 2241 navibus,
3136 2191 3189 2229 vt
3216 2173 3284 2228 de
3321 2173 3659 2239 Colderbert,
3687 2189 3737 2226 tv
3755 2171 3813 2227 de

2248 2263 2526 2334 Evirding,
2545 2281 2603 2318 ιιι
2620 2264 2686 2318 de
2708 2279 2874 2318 censu
2893 2261 3154 2330 Mathsee,
3186 2280 3201 2318 ι
3227 2263 3294 2318 de
3307 2262 3688 2328 Aufhorcn,et
3711 2277 3815 2317 mos

2247 2355 2527 2413 lendinum
2590 2355 2646 2412 in
2705 2355 2893 2410 eodem
2947 2354 3090 2412 loco.
3153 2353 3326 2422 Unam
3391 2352 3710 2414 hofsacham
3755 2352 3813 2411 ad

2250 2444 2621 2519 Richerstorf,
2663 2462 2680 2500 ι
2724 2445 3023 2515 Peringen,
3067 2443 3457 2498 Aunchirehen
3506 2449 3562 2498 et
3599 2443 3814 2496 Altheim

2249 2553 2373 2592 eum
2412 2538 2669 2592 omnibus
2699 2536 3041 2607 pertinentiis
3087 2535 3234 2603 suis;
3275 2533 3641 2602 tGericbwis,
3664 2553 3680 2590 ι
3707 2534 3816 2592 Hei-

2249 2628 2419 2700 ming,
2461 2645 2624 2684 unam
2651 2628 3068 2685 decimationem
3107 2627 3656 2694 Ruebreehtshoven,
3697 2627 3817 2682 duas

2249 2720 2437 2776 vineas
2485 2719 2833 2793 Liumating,
2873 2738 3040 2776 unam
3077 2721 3366 2777 ecclesiam
3415 2737 3545 2777 cum
3593 2722 3815 2777 decima-

2249 2810 2398 2866 tione
2423 2809 2874 2880 Griescbirchen,
2905 2822 2960 2868 et
2999 2829 3016 2866 t
3063 2811 3418 2879 hofsacham,
3471 2811 3818 2884 Kaltenpach,

2250 2901 2668 2957 decimationem
2711 2903 2766 2957 in
2803 2919 2930 2960 rure
2963 2903 3202 2976 Beugen,
3248 2905 3380 2960 item
3417 2905 3817 2960 decimationem

2257 2995 2500 3057 Gumtis.
2527 2996 2672 3068 Haec,
2702 2999 2947 3068 inquam,
2973 2999 3178 3065 omnia,
3213 3007 3268 3060 et
3303 3015 3649 3074 quascunque
3673 2999 3817 3054 etiam

2263 3086 2604 3145 innominata
2651 3089 2792 3144 bona
2841 3089 3016 3144 eidem
3065 3089 3309 3149 ecclesiae
3361 3088 3446 3144 vel
3497 3105 3647 3146 nunc
3693 3089 3820 3160 justo

2252 3180 2448 3234 collata
2479 3188 2628 3246 sunt,
2659 3181 2744 3233 vel
2769 3179 2821 3233 in
2846 3187 3125 3249 posterum
3168 3177 3280 3234 Deo
3309 3179 3634 3248 disponente
3655 3175 3820 3234 confe-

569 3249 923 3338 augmentum
969 3252 1161 3310 tribuit
1193 3261 1248 3308 et
1290 3269 1428 3323 Opus
1469 3254 1746 3324 proprium
1799 3253 1976 3310 fructu
2020 3270 2144 3325 per-

2250 3274 2416 3328 renda
2437 3289 2502 3328 eo
2527 3255 2734 3338 tenore,
2761 3282 2813 3328 et
2847 3272 3171 3328 auctoritate
3195 3271 3263 3326 ad
3298 3285 3652 3326 communem
3677 3285 3819 3324 usum

569 3335 826 3394 fectionis
881 3339 994 3398 Deo
1057 3343 1389 3412 aceeptabile
1441 3344 1637 3398 reddit.
1689 3343 1907 3415 Itaque,
1957 3344 2152 3406 dilecte

570 3429 777 3498 frater,
825 3432 1152 3490 charissima
1203 3435 1378 3489 sancti
1437 3434 1585 3506 Petri
1640 3435 1747 3508 tilia
1811 3436 2152 3506 imperatrice

571 3520 783 3590 Agnete
825 3537 1040 3594 semper
1073 3533 1306 3595 augusta
1343 3525 1617 3581 indicante
1663 3526 1842 3594 nobis,
1875 3535 1928 3582 te
1951 3526 2005 3585 in
2019 3527 2156 3583 sub—

571 3612 734 3675 urbio
767 3614 1002 3685 civitatis
1043 3625 1150 3674 tua;
1187 3617 1345 3688 juxta
1385 3628 1606 3690 portum
1631 3620 1872 3691 praedicti
1914 3620 2154 3677 ﬂuminis

573 3701 713 3758 UEni
749 3705 818 3760 ad
847 3721 1195 3784 communem
1226 3719 1280 3780 et
1321 3713 1626 3782 regularem
1663 3713 1830 3767 vitam
1865 3713 2152 3773 ecclesiam

572 3793 969 3864 construxisse,
999 3807 1054 3853 et
1087 3807 1148 3853 ut
1179 3815 1324 3868 eam,
1356 3801 1512 3870 juxta
1554 3803 1895 3874 propositum
1928 3812 2034 3862 tua:
2061 3802 2156 3858 de-

572 3887 836 3956 votionis,
877 3891 1289 3950 constitutionis
1332 3895 1645 3966 apostolicae
1691 3895 1987 3965 privilegiis
2023 3911 2156 3950 con-

570 3975 950 4048 ﬁrmaremus,
998 3989 1115 4038 tum
1170 3974 1289 4052 ipsa
1346 3998 1448 4054 pro
1509 3991 1562 4038 te
1616 3993 1809 4054 sancto
1877 3981 2156 4055 Desiderio

571 4069 918 4137 postulante,
968 4079 1120 4139 tanto
1180 4073 1489 4144 promptius
1541 4074 1830 4144 utriusque
1885 4059 2155 4132 voluntati

571 4163 925 4222 annuendum
965 4180 1087 4222 esse
1130 4166 1500 4239 judicavimus
1535 4173 1742 4237 quanto
1793 4175 1848 4221 et
1893 4175 1988 4224 tua
2028 4175 2156 4224 vota

566 4251 722 4323 jnsta
758 4270 902 4318 esse.
937 4259 1142 4328 certius
1191 4260 1567 4330 intelligimus,
1609 4267 1674 4324 et.
1701 4259 1851 4315 illius
1886 4258 2152 4316 desideria

571 4343 759 4401 divino
789 4361 1019 4404 accensa
1045 4347 1252 4419 Spiritu
1283 4349 1484 4425 ubique
1521 4351 1835 4420 prosperari
1879 4350 2150 4420 cupimus.

570 4433 949 4494 Concedentes
992 4437 1158 4508 igitur
1213 4439 1308 4495 tibi
1339 4448 1396 4496 et
1436 4440 1674 4510 prtefatte
1707 4440 1953 4496 ecclesia
1990 4439 2156 4510 hujus

572 4525 752 4580 nostri
782 4527 1068 4597 apostolici
1097 4528 1302 4585 decreti
1328 4528 1730 4604 [auctoritate],
1759 4530 1854 4600 qui
1881 4529 1968 4584 vel
2009 4545 2158 4586 nunc

578 4613 638 4670 in
659 4617 852 4674 eadem
881 4620 1113 4676 ecclesia
1160 4629 1291 4684 sunt
1319 4623 1576 4688 ordinati,
1617 4623 1702 4678 vel
1751 4623 1937 4693 aliquo
1965 4631 2152 4694 postea
2186 4624 2230 4678 D

577 4705 896 4779 iultempore
930 4710 1134 4769 fuerint
1155 4713 1466 4782 ordinandi,
1501 4715 1605 4770 sub
1629 4714 1908 4770 communi
1939 4729 2156 4786 semper

541 4799 682 4854 -vita
705 4809 761 4856 et
785 4803 1064 4866 claustrali
1099 4805 1516 4862 conversatione
1557 4807 1880 4868 consistant.
1911 4805 1994 4861 Ad
2016 4821 2144 4876 quo-

571 4906 698 4947 rum
724 4908 1072 4952 communem
1119 4913 1284 4954 usum
1328 4899 1740 4964 conﬁrmamus,
1765 4906 1820 4954 et
1847 4900 2146 4955 incommu-

573 4984 816 5041 tabiliter
849 4989 1086 5046 tenenda
1127 4989 1592 5056 determinaturus,
1627 4991 1986 5060 determinate
2031 4989 2155 5061 qui-
2227 4999 2231 5003 ‘

574 5075 722 5142 dem,
770 5086 826 5132 et
875 5093 940 5134 ea
973 5095 1096 5150 quae
1127 5083 1524 5151 prainominata
1563 5082 1873 5153 imperatrix
1907 5082 2151 5152 Augusta

571 5169 816 5224 remedio
843 5171 1041 5226 animae
1074 5188 1188 5228 sua:
1221 5174 1475 5240 donavit,
1515 5175 1762 5232 videlicet
1794 5190 1996 5235 nonam
2035 5189 2154 5244 par-

571 5269 682 5315 tem
710 5263 992 5328 omnium,
1029 5280 1152 5334 qua:
1193 5267 1262 5321 ad
1291 5266 1636 5340 Persenburg
1679 5267 1746 5322 ad
1793 5282 1991 5323 manus
2021 5282 2150 5330 suas

571 5353 716 5390 nuIlo
767 5353 1068 5390 rmhlnulnp

1100 5365 1153 5390 Δ.
1203 5373 1262 5390 nn
1320 5374 1441 5390 num
1489 5367 1544 5390 Ωιι
1591 5361 1706 5390 ἕπε-η
1759 5375 1856 5390 nnn
1920 5375 2143 5390 ηιιὶηιιηι

2253 3364 2484 3421 fratrum
2540 3366 2738 3423 ibidem
2787 3364 2900 3419 Deo
2957 3359 3340 3418 famul'antium
3397 3363 3743 3418 decernimus
3775 3369 3820 3415 et
3892 3405 3894 3408 .

2255 3458 2676 3514 corroboramus
2725 3465 2784 3512 ut
2824 3471 3172 3515 communem
3223 3463 3277 3511 et
3320 3454 3629 3528 regularem
3670 3455 3818 3510 vitam

2255 3549 2544 3617 ducentes,
2571 3549 2708 3605 nihil
2738 3548 2805 3604 de
2841 3547 3000 3604 bonis
3025 3547 3268 3604 ecclesiae
3306 3547 3544 3617 propriae
3573 3557 3628 3602 et
3651 3546 3820 3616 singu-

2253 3643 2442 3700 lariter
2489 3642 2592 3698 sibi
2633 3641 2929 3701 vindicent.
2966 3639 3023 3694 Si
3068 3639 3193 3710 quis
3244 3654 3374 3694 vero
3423 3639 3818 3710 imperatorum,

2254 3752 2470 3806 regum,
2499 3736 2868 3802 sacerdotum,
2902 3734 3250 3806 clericorum,
3289 3730 3572 3802 judicum,
3610 3745 3674 3784 ac
3713 3727 3820 3783 reli-

2256 3830 2534 3902 giosarum
2581 3843 2941 3900 personarum
2985 3827 3128 3882 hanc
3184 3823 3597 3880 constitutionis
3641 3829 3846 3900 nostra.

2257 3920 2508 3992 paginam
2541 3933 2867 3992 agnoscens,
2911 3926 3100 3972 contra
3135 3931 3257 3970 eam
3297 3915 3489 3970 venire
3530 3911 3817 3976 tentarcrit,

2256 4012 2544 4084 potestatis
2573 4006 2909 4082 honoriSque
2949 4010 3212 4082 dignitate
3253 4017 3438 4065 careat
3473 4023 3735 4078 reumque
3770 4019 3818 4058 se

2255 4105 2441 4159 divino
2493 4103 2701 4173 judicio
2759 4104 2994 4158 existere
3053 4103 3118 4158 de
3186 4109 3512 4173 perpetrata"
3555 4099 3818 4170 iniquitate

2257 4204 2550 4264 cognoscat
2583 4205 2638 4250 et
2669 4195 2772 4250 nisi
2803 4211 2866 4250 ea
2899 4211 3020 4266 qute
3063 4195 3131 4251 ab
3157 4195 3251 4248 illo
3301 4201 3430 4264 sunt
3467 4193 3614 4248 male
3659 4191 3814 4247 ablata

2257 4288 2656 4349 restitueritvel
2675 4287 2836 4363 digna
2858 4287 3176 4358 poenitentia
3199 4285 3382 4366 illicite
3404 4295 3527 4342 acta
3543 4284 3814 4348 deﬂevcrit,

2257 4397 2287 4436 a
2319 4381 2695 4452 sacratissimo
2752 4393 2979 4450 corpore
3033 4394 3098 4434 ac
3141 4379 3408 4448 sanguine
3468 4376 3686 4432 Domini
3727 4373 3814 4427 Re-

2257 4469 2557 4538 demptoris
2580 4469 2755 4524 nostri
2797 4467 2928 4524 Iesu
2957 4467 3162 4531 Christi
3193 4467 3404 4522 alienus
3437 4466 3554 4531 fiat,
3581 4475 3736 4538 atque
3768 4463 3812 4517 in

2257 4569 2503 4618 extremo
2537 4563 2788 4620 examine
2831 4561 3092 4616 districta:
3115 4559 3312 4614 ultioni
3355 4557 3659 4630 subiaceat.
3685 4555 3812 4610 Cun-z

2260 4655 2362 4711 ctis
2411 4663 2591 4710 autem
2642 4653 2817 4709 eidem
2864 4653 2985 4708 loco
3019 4653 3171 4723 justa
3210 4651 3556 4710 servantibus
3611 4650 3680 4705 sit
3726 4661 3812 4718 pax

2258 4745 2472 4802 Domini
2500 4747 2672 4802 nostri
2703 4746 2829 4801 Jesu
2862 4744 3372 4816 Christi,quatcnus
3396 4751 3452 4798 et
3481 4743 3573 4798 hic
3600 4741 3809 4796 fructum

2259 4840 2418 4904 bonae
2441 4840 2674 4895 actionis
2699 4837 3003 4910 percipiant
3027 4846 3081 4892 et
3099 4838 3242 4907 apud
3267 4836 3580 4891 districtum
3596 4834 3808 4906 judicem

2257 4933 2482 5006 prmmia
2525 4941 2742 4986 teter-uae
2780 4931 2931 5001 pacis
2952 4929 3251 4984 inveniant.
3284 4926 3480 4983 Amen.

2330 5023 2525 5080 Datum
2559 5023 2746 5080 Roma:
2787 5039 2884 5094 per
2907 5037 3105 5077 manus
3147 5019 3294 5076 Petri
3319 5019 3622 5092 presbyteri
3653 5013 3806 5074 cardi-

2257 5120 2397 5176 nalis
2425 5135 2490 5176 ac
2533 5117 2954 5185 bibliothecarii,
2990 5132 3046 5171 Ix
3093 5114 3318 5170 Kalend.
3352 5113 3578 5184 Aprilis,
3603 5126 3738 5168 anno
3775 5120 3806 5160 ιι

2253 5213 2604 5283 pontificatus
2639 5211 2825 5270 domui
2849 5209 3096 5282 Gregorii
3123 5207 3360 5278 septimi,
3391 5206 3686 5262 indictione
3704 5213 3803 5256 xm.

2967 5321 3110 5378 XIX.
