3972 5390
518 273 623 338 663

1399 351 1416 361 _
1431 285 1490 360 is.
1521 279 1849 340 GREGORll
1881 281 1974 338 VII
2009 283 2212 340 ΡΑΡᾸΞ
2249 285 2532 346 OPERUM
2565 287 2748 348 PARS
2779 285 2842 346 ll.
2895 329 2902 335 -

3647 284 3738 342 ϐω

517 407 706 456 monte
739 415 864 456 cum
908 397 1136 456 ecclesia
1187 395 1400 454 Sancta
1443 396 1626 454 Mariae
1657 406 1712 453 et
1729 399 1984 455 omnibus
2012 399 2087 456 ibi
2114 403 2162 463 Λ
2190 399 2415 470 Baiard;
2446 411 2501 460 et
2541 402 2848 466 obedientia
2893 417 3016 482 quae
3054 402 3256 460 dicitur
3295 401 3452 458 Villa.
3487 401 3546 457 ln
3588 403 3741 460 comi-

519 491 935 563 pertinentibus,
966 489 1251 546 ecclesiam
1279 489 1345 544 de
1363 489 1678 561 Campiloco
1696 506 1822 551 cum
1843 492 1958 553 suis
1989 507 2088 564 ap-

517 583 805 656 pendiciis,
853 589 1064 639 curtem
1085 581 1350 638 vocabulo
1378 580 1650 640 Iuliacum
1681 597 1806 642 cum
1843 583 2088 640 ecclesiis

517 683 575 732 et
607 674 770 731 terris
791 675 966 730 eidem
996 674 1118 728 loco
1151 673 1426 743 quondam
1462 674 1533 730 ab
1561 675 1817 746 episcopo
1837 673 2090 738 Manasse

517 766 750 824 collatis.
787 764 1084 824 ECclesiam
1121 765 1306 820 Sancti
1336 764 1583 837 Gengulﬁ
1615 781 1739 821 cum
1773 766 1888 822 suis
1915 768 2087 838 perti-

513 859 734 930 nentiis,
769 858 956 914 cellam
991 866 1306 914 sanctorum
1328 867 1628 930 martme
1653 857 1866 914 Cosme:
1893 866 1948 914 et
1981 858 2088 915 Da-

513 929 685 1010 iniani
702 955 720 1018 ,'
739 958 794 1006 et
814 949 1207 1007 monasterium
1232 948 1417 1005 Sancti
1428 929 1666 1006 Marcelli
1682 965 1807 1004 cum
1830 950 2086 1008 omnibus

513 1023 632 1104 suis
665 1042 1038 1114 pertinentiis;
1073 1055 1265 1097 omnes
1297 1041 1461 1096 etiam
1504 1041 1760 1098 ecclesias
1811 1049 1867 1097 et
1912 1050 2087 1100 terras

511 1143 570 1212 et
621 1135 988 1206 quodcunque
1009 1133 1354 1205 supradictus
1383 1134 1538 1194 locus
1568 1134 1954 1208 comprobatur
1981 1136 2085 1192 ha-

510 1227 643 1286 bere
667 1227 724 1282 in
749 1227 865 1300 jam
893 1227 1040 1283 dicto
1066 1225 1350 1283 comitatu.

581 1339 644 1398 In
693 1341 1009 1412 episcopatu
1046 1339 1526 1412 Augustodunensi
1575 1339 1970 1396 monasterium
2026 1339 2084 1398 in

510 1431 691 1493 Aurea
714 1432 884 1500 Valle,
928 1432 1074 1504 quod
1103 1441 1329 1488 vocatur
1353 1431 1625 1498 Paredum
1675 1449 1799 1488 cum
1829 1433 2084 1491 omnibus

510 1525 630 1585 suis
656 1525 1034 1598 pertinentiis;
1067 1525 1460 1582 monasterium
1505 1525 1667 1580 etiam
1695 1523 2082 1581 Marciniacum

509 1632 652 1691 cum
692 1617 947 1673 omnibus
985 1617 1124 1684 suis,
1155 1617 1346 1678 cellam
1384 1616 1452 1672 de
1501 1615 1758 1672 Oiadellis
1805 1631 1930 1671 cum
1966 1615 2082 1673 suis

507 1709 872 1780 appendiciis,
930 1709 1053 1764 illas
1101 1709 1267 1765 etiam
1310 1717 1486 1764 terras
1527 1717 1582 1764 et
1633 1707 1896 1766 ecclesias
1941 1723 2080 1778 quas

507 1799 864 1858 Theodardus
885 1801 1118 1857 clericus
1145 1800 1376 1858 contulit
1408 1801 1526 1872 jam
1553 1800 1698 1856 dicto
1727 1798 2078 1856 Cluniacensi

505 1893 864 1951 monasterio.
904 1892 1311 1950 Conﬁrmamus
1359 1893 1526 1950 etiam
1574 1903 1630 1949 et
1657 1893 2080 1950 corroboramus

503 1981 674 2040 lllam-
696 1986 1133 2042 convenientiam
1183 1995 1373 2042 nostra
1415 1987 1712 2058 apostolica
1755 1985 2080 2042 auctoritate

501 2091 674 2148 quam
734 2076 862 2135 fecit
907 2079 1165 2136 dominus
1217 2079 1510 2136 Walterius
1565 2077 2078 2152 Augustodunensis

503 2165 764 2226 Ecclesiae
789 2171 1081 2244 episcopus
1100 2173 1168 2228 de
1197 2172 1532 2228 monasterio
1551 2171 1796 2243 Magatro
1829 2171 1898 2226 ad
1919 2185 2076 2227 suam

502 2261 792 2324 coelesiam
817 2265 1123 2335 pertinente
1151 2280 1278 2320 cum
1311 2264 1566 2320 omnibus
1597 2263 1665 2318 ad
1698 2263 1875 2334 ipsum
1912 2263 2078 2334 perti-

498 2353 724 2412 nentiis.
765 2355 1081 2412 Burbonum
1132 2356 1526 2412 monasterium
1570 2371 1695 2412 cum
1743 2355 1861 2410 suis
1905 2355 2075 2426 perti-

502 2447 742 2514 nentils,
785 2447 1072 2504 ecclesiam
1109 2449 1168 2504 in
1215 2448 1341 2503 villa
1395 2463 1518 2519 quae
1569 2445 1770 2504 dicitur
1821 2445 1980 2502 Melai
2023 2455 2078 2504 et

444 2524 455 2534 ’
499 2539 792 2595 ecclesiam
821 2539 877 2594 in
907 2540 1032 2598 villa
1059 2556 1182 2612 quas
1204 2541 1404 2597 dicitur
1429 2539 1677 2596 Simullai
1707 2549 1762 2596 et
1789 2540 2075 2598 ecclesiam

425 2698 430 2703 π
502 2628 692 2686 Sancti
737 2629 1122 2703 Christophori
1159 2632 1314 2704 juxta
1357 2633 1613 2689 Castrum
1662 2632 1968 2701 Caninum;
2021 2641 2076 2690 et

499 2722 776 2780 abbatiam
824 2721 1270 2788 Vizeliacensem.
1311 2741 1502 2782 omnes
1529 2725 1693 2782 etiam
1721 2727 1982 2782 ecclesias
2021 2734 2076 2782 et

495 2823 695 2882 terras,
723 2823 778 2871 et
803 2817 1167 2888 quodcunque
1225 2818 1570 2890 supradictus
1611 2819 1764 2874 locus
1779 2819 2074 2874 Cluniacus

493 2905 714 2962 videtur
742 2905 944 2962 habere
983 2907 1041 2962 in
1081 2907 1272 2963 eodem
1304 2910 1640 2982 episcopatu.
1688 2908 1748 2964 In
1797 2909 2074 2965 territorio

497 3013 630 3054 vero
675 2996 993 3055 Divionensi
1037 3009 1245 3056 curtem
1292 3000 1589 3058 Giuracum
1641 3017 1767 3057 cum
1816 3001 2072 3057 omnibus

498 3080 608 3149 sibi
657 3090 1076 3161 pertinentibus.
1110 3091 1170 3146 In
1215 3108 1356 3164 pago
1412 3092 1906 3160 Autissiodorensi,
1954 3108 2074 3149 mo-

497 3181 802 3239 nasterium
823 3183 970 3254 quod
993 3183 1190 3239 dicitur
1213 3183 1426 3240 Sancta:
1443 3183 1627 3240 Mariae
1651 3185 1716 3240 ad
1740 3185 2074 3242 Charitatem

499 3289 630 3330 cum
659 3273 775 3330 suis
811 3275 1172 3346 pertinentiis,
1203 3274 1536 3332 Bonaiacum
1583 3284 1638 3332 et
1682 3278 2074 3334 monasterium

503 3365 720 3422 Sanctae
742 3365 838 3422 Dei
869 3366 1146 3439 genitricis
1197 3369 1252 3424 in
1287 3367 1568 3425 Donziaco
1585 3377 1767 3426 castro
1799 3385 1923 3424 cum
1957 3385 2077 3426 om-

499 3456 667 3512 nibus
697 3473 820 3528 quae
861 3458 917 3513 in
959 3459 1080 3530 ipso
1106 3460 1420 3531 episcopatu
1451 3461 1650 3518 habere
1688 3462 1898 3517 Videtur
1941 3459 2073 3518 Clu-

500 3547 715 3606 niacus.
797 3548 857 3604 In
941 3551 1204 3608 comitatu
1287 3552 1613 3608 Arvernensi
1639 3595 1654 3622 ,
1721 3551 2074 3610 Silviniacum

499 3641 926 3710 monasterium,
971 3643 1070 3698 ubi
1096 3645 1272 3700 sancti
1296 3643 1525 3702 Maiolus
1565 3653 1620 3702 et
1666 3644 1824 3700 Odilo
1860 3646 2076 3716 requie-

500 3742 682 3802 scunt,
724 3749 850 3790 cum
894 3735 1094 3792 ibidem
1123 3737 1550 3807 pertinentibus,
1593 3739 1786 3794 cellam
1815 3754 1938 3808 qua:
1977 3752 2074 3793 vo-

499 3833 658 3880 catur
694 3824 985 3896 Firmitas,
1040 3829 1232 3885 cellam
1291 3845 1415 3901 quae
1473 3839 1700 3886 vocatur
1768 3829 2071 3899 Scuriolas,

499 3917 785 3974 ecclesiam
819 3918 1007 3976 Sancti
1043 3919 1263 3996 Sulpitii
1292 3938 1350 3977 tn
1387 3922 1512 3979 villa
1543 3938 1666 3994 qua:
1701 3922 1900 3978 dicitur
1929 3921 2075 3977 Lan-

469 4031 472 4034 ~
498 4008 710 4083 giacus,
741 4010 994 4067 cellulam
1039 4029 1162 4084 qua:
1189 4023 1417 4070 vocatur
1445 4014 1512 4070 ad
1561 4013 1814 4070 Boscum.
1849 4013 2072 4072 Curtem

497 4115 663 4172 quem
706 4111 906 4160 vocant
954 4103 1012 4159 in
1059 4103 1440 4174 Fridomonte,
1487 4107 1880 4178 monasterium
1923 4107 2072 4178 quod

494 4191 698 4252 dicitur
737 4191 890 4260 Rivis
937 4183 1064 4273 cum
1105 4206 1260 4254 curte
1293 4197 1546 4270 Lipsiaco
1574 4207 1630 4254 et
1657 4213 1782 4255 cum
1813 4198 1929 4256 suis
1971 4215 2070 4272 ap-

492 4283 798 4362 pendiciis,
841 4282 1130 4344 ecclesiam
1173 4304 1296 4360 quae
1324 4297 1550 4346 vocatur
1593 4289 1662 4346 ad
1685 4299 1920 4358 montes,
1950 4305 2072 4348 mo-

455 4379 462 4385 ‘
491 4366 801 4434 nasterium
822 4371 1237 4436 Celsinianense
1259 4396 1386 4436 cum
1418 4381 1590 4448 cellis,
1612 4381 1878 4449 ecclesiis,
1902 4381 2066 4450 villis,

2190 497 2305 545 tatu
2354 490 2680 548 Pictavlensi
2733 493 2919 548 villam
2979 509 3104 564 qua:
3153 494 3356 554 dicitur
3400 491 3629 566 Molgon.
3687 495 3739 551 ln

2187 579 2504 656 episcopatu
2537 580 2870 646 Sancwnico
2901 584 3297 647 monasterium
3326 583 3395 640 de
3423 582 3598 646 insula
3632 599 3740 654 qua:

2186 670 2388 727 dicitur
2439 673 2602 741 Aias,
2652 675 3048 730 monasterium
3101 671 3287 731 Sancti
3343 674 3562 746 Georgii
3603 675 3740 744 juxta

2186 771 2430 823 castrum
2480 763 2770 822 Didonium
2795 807 2812 833 ,
2869 768 3264 824 monasterium
3312 767 3526 826 Sanctae
3577 767 3740 827 Mariae

2183 853 2338 926 juxta
2360 865 2600 918 castrum
2627 857 3030 928 Berbeziacum,
3044 859 3317 915 abbatiam
3339 859 3516 915 sancti
3533 857 3739 914 Joannis

2187 960 2310 1016 quae
2337 957 2566 1002 vocatur
2589 945 2920 1018 lngeriacus,
2945 949 3219 1010 abbatiam
3241 949 3652 1010 Malliacensem.

2256 1036 2317 1093 In
2345 1039 2561 1095 abbatia
2605 1049 2786 1096 autem
2837 1041 3022 1099 Sancti
3069 1041 3323 1113 Cypriani
3364 1057 3492 1110 qua:
3541 1051 3619 1096 est
3661 1039 3734 1094 Pi.

2185 1131 2381 1198 ctavis,
2434 1131 2786 1188 concedimus
2825 1132 2924 1188 tibi
2951 1132 3096 1203 quod
3131 1140 3506 1188 antecessores
3551 1133 3626 1186 tui
3672 1133 3737 1187 ibi

2186 1220 2514 1276 habuerunt.
2570 1219 2628 1274 ln
2682 1221 2997 1292 episcopatu
3058 1219 3432 1278 Lcmorlcensi
3482 1230 3742 1276 monaste-

2184 1313 2328 1373 rium
2343 1311 2528 1369 Sancti
2539 1313 2820 1371 Martialis.
2835 1313 2894 1370 ln
2915 1315 3227 1387 episcopatu
3238 1313 3739 1387 Engoiismensimo—

2183 1404 2486 1464 nasterium
2527 1403 2713 1462 Sancti
2738 1404 2976 1462 Mauritii
3013 1407 3160 1478 quod
3199 1415 3283 1461 est
3313 1405 3471 1476 juxta
3513 1413 3738 1461 castrum

2183 1495 2387 1559 montis
2431 1494 2651 1557 Berolti.
2700 1494 2760 1550 ln
2808 1497 3116 1572 episcopatu
3147 1494 3444 1553 Parisiensi
3483 1504 3740 1556 monaste-

2183 1587 2326 1644 rium
2375 1588 2443 1644 de
2495 1587 2870 1660 Longoponte.
2927 1587 2988 1642 ιιι
3049 1588 3366 1658 episcopatu
3427 1585 3739 1642 Trecassino

2185 1679 2578 1739 monasterium
2629 1677 2844 1740 Sanctae
2888 1679 3192 1751 Margaritte
3235 1694 3363 1734 cum
3400 1678 3488 1734 his
3515 1692 3632 1747 qua:
3674 1677 3738 1730 ad

2109 1771 2152 1828 Β
2169 1771 2307 1832 illud
2339 1771 2632 1843 pertinent.
2674 1770 2735 1827 In
2777 1773 3091 1846 episc0patu
3125 1770 3510 1834 Suessionensi
3531 1755 3752 1824 Concia:

2177 1879 2304 1920 cum
2331 1865 2518 1920 villam
2539 1879 2706 1936 quam
2733 1864 2882 1921 dedit
2905 1863 3273 1921 Theotbaldus
3303 1877 3492 1922 comes
3523 1871 3578 1916 et
3613 1874 3742 1916 uror

2175 1954 2294 2030 ejus
2315 1953 2660 2015 Cluniacensi
2679 1955 2947 2017 coenobio.
2978 1953 3038 2010 In
3076 1955 3390 2026 episcopatu
3409 1953 3746 2024 Petragorito

2175 2047 2464 2108 ecclesiam
2521 2046 2737 2107 Sanctae
2771 2046 2958 2104 Maria:
3001 2061 3124 2120 quae
3176 2045 3377 2102 dicitur
3427 2044 3651 2103 Anessa.
3682 2042 3741 2098 In

2174 2139 2490 2214 episcopatu
2527 2139 2868 2198 Cadurcensi
2924 2138 3199 2202 abbatiam
3251 2137 3439 2193 Sancti
3492 2134 3636 2191 Petri
3677 2135 3743 2190 de

2174 2230 2451 2304 Moysiaco
2499 2247 2627 2288 cum
2669 2233 2924 2290 omnibus
2965 2231 3082 2288 suis
3123 2229 3492 2302 appendiciis;
3534 2237 3589 2283 et
3632 2242 3744 2282 mo-

2173 2324 2475 2380 nasterium
2523 2325 2669 2396 quod
2722 2325 2923 2380 dicitur
2972 2322 3199 2389 Fiacus,
3249 2331 3304 2380 et
3357 2319 3740 2380 monasterium

2173 2414 2576 2477 Caronnacum.
2621 2415 2834 2474 Tolosae
2875 2415 3266 2473 monasterium
3311 2411 3530 2476 Sancta:
3571 2410 3742 2466 Mariae

2172 2507 2241 2564 de
2280 2507 2504 2575 Aurate,
2556 2509 2696 2565 etin
2747 2508 2940 2568 eodem
2987 2507 3302 2580 episcopatu
3353 2503 3741 2588 monasterium

2171 2601 2319 2671 quod
2347 2601 2547 2659 dicitur
2569 2600 2766 2671 Lajad;
2790 2607 2844 2656 et
2864 2607 3105 2660 castrum
3118 2597 3262 2670 quod
3293 2596 3498 2655 dicitur
3519 2595 3741 2666 Lordag,

2171 2700 2228 2748 et
2257 2700 2433 2748 terras
2463 2708 2602 2763 quas
2642 2691 2912 2764 Rogerius
2951 2705 3137 2747 comes
3177 2689 3326 2747 dedit
3373 2688 3646 2743 Cluniaco
3691 2687 3742 2741 in

2169 2783 2310 2838 valle
2363 2781 2686 2839 Javartensi.
2735 2783 2793 2838 ln
2827 2799 2969 2854 pago
3011 2781 3322 2853 Agisinensi
3352 2780 3740 2839 monasterium

2170 2874 2318 2944 quod
2358 2873 2558 2930 dicitur
2602 2873 2926 2942 Lairacum;
2977 2883 3032 2930 et
3075 2875 3308 2934 alterum
3354 2875 3508 2949 quod
3556 2874 3744 2932 dicitur

2169 2963 2494 3035 Muiracum,
2510 2976 2566 3024 et
2583 2969 2814 3022 alterum
2835 2969 2982 3038 quod
3001 2968 3200 3024 dicitur
3225 2965 3425 3025 Sancta
3448 2965 3743 3032 Gencvera,

2170 3065 2227 3112 et
2252 3059 2649 3116 monasterium
2669 3061 2816 3132 quod
2849 3061 3050 3118 dicitur
3082 3061 3498 3117 Mcediziacum.
3526 3059 3588 3116 In
3613 3074 3742 3131 pago

2101 3149 2144 3210 C
2176 3147 2544 3208 Lecturiceusi
2594 3153 2989 3208 monasterium
3039 3153 3226 3210 Sancti
3279 3151 3455 3208 Genu.
3503 3151 3566 3206 ln
3599 3151 3746 3208 terri-

2175 3239 2316 3300 torio
2374 3239 2664 3298 Ausciensi
2717 3243 3112 3298 monasterium
3171 3242 3360 3299 Sancti
3411 3240 3648 3298 Orientii
3697 3250 3746 3297 et

2159 3331 2464 3397 ecclesiam
2509 3349 2632 3404 quae
2674 3343 2904 3397 vocatur
2946 3336 3016 3392 ad
3057 3337 3224 3392 altum
3267 3346 3514 3392 montem
3555 3346 3611 3392 et
3635 3351 3746 3392 mo-

2172 3425 2472 3480 nasterium
2501 3427 2650 3496 quod
2699 3427 2900 3484 dicitur
2932 3427 3342 3486 Mcnasterium.
3372 3428 3444 3485 Et
3473 3438 3747 3486 monaste-

2139 3517 2314 3574 rium
2376 3518 2564 3583 Sancti
2620 3519 2846 3580 Joannis
2899 3524 3048 3598 quod
3105 3525 3305 3581 dicitur
3360 3525 3430 3580 ad
3491 3523 3745 3581 Sanctum

2173 3613 2411 3671 Montem
2430 3633 2556 3672 cum
2593 3618 2708 3675 suis
2740 3619 3102 3688 pertinentiis.
3125 3619 3186 3676 1n
3209 3619 3487 3680 territorio
3514 3619 3747 3691 Bigorri-

2172 3711 2304 3763 tano
2329 3707 2723 3768 monasterium
2749 3707 2934 3764 Sancti
2963 3709 3182 3766 Licerii.
3215 3708 3277 3769 In
3309 3709 3590 3766 territorio
3617 3709 3746 3765 Lac-

2171 3800 2442 3866 currensi,
2471 3801 2527 3864 in
2583 3801 2708 3864 villa
2759 3817 2884 3890 qua:
2926 3811 3152 3859 vocatur
3199 3801 3408 3858 Furcas
3461 3803 3744 3860 ecclesiam

2173 3894 2386 3952 Sanctae
2417 3890 2584 3952 Fidis.
2610 3885 2882 3960 Ecclesias
2919 3899 3084 3954 etiam
3105 3897 3264 3954 villas
3290 3907 3345 3954 et
3373 3909 3554 3956 terras
3583 3915 3744 3969 quas-

2169 4006 2388 4062 cunque
2437 3991 2734 4056 Cluniacus
2778 3993 2834 4048 in
2873 3991 3144 4050 Vasconia
3183 3994 3466 4065 possidere
3489 4009 3742 4064 compro-

2174 4088 2354 4144 batur.
2383 4087 2443 4143 ln
2463 4089 2782 4160 episcopatu
2804 4087 3112 4160 Hispalensi
3131 4089 3529 4146 monasterium
3564 4088 3744 4144 Sancti

2169 4178 2365 4237 Isidori
2389 4179 2792 4252 martyris_cum
2816 4179 2934 4236 suis
2965 4179 3318 4250 appendiciis.
3346 4179 3407 4234 In
3429 4179 3742 4250 episcopatu

2171 4274 2477 4341 Vivariensi
2506 4277 2832 4345 Misoscum,
2879 4279 3069 4335 cellam
3104 4279 3174 4335 de
3215 4288 3402 4335 monte
3436 4277 3741 4350 Rompono,

2170 4372 2362 4428 cellam
2417 4373 2484 4432 ad
2536 4373 2773 4443 Fontes,
2819 4375 3011 4430 cellam
3060 4373 3275 4436 Bionis.
3322 4375 3382 4432 in
3429 4385 3742 4448 episcopatu

491 4453 660 4561 griis
707 4477 764 4526 et
807 4485 934 4526 cum
977 4471 1315 4528 monasterio
1363 4472 1458 4528 ubi
1503 4473 1799 4544 requiescit
1844 4483 2068 4532 sanctus
2097 4502 2144 4561 υ
2172 4464 2414 4522 Uticenci
2443 4475 2836 4557 monasterium
2871 4467 3057 4524 Sancti
3093 4469 3376 4525 Saturnini
3402 4486 3530 4526 cum
3561 4480 3742 4527 castro

451 4553 691 4616 'Florus
739 4561 886 4632 quod
939 4559 1160 4618 tradidit
1214 4565 1526 4634 supradicto
1575 4566 1698 4620 loco
1736 4565 2066 4638 ‘Eustorgius

493 4648 729 4707 clericus
761 4667 888 4708 cum
917 4653 1174 4710 omnibus
1195 4653 1299 4710 sibi
1320 4655 1734 4725 pertinentibus,
1752 4658 2067 4716 mansiones

495 4736 555 4792 in
575 4738 880 4800 Brivatensi
909 4743 1054 4812 vico,
1079 4746 1472 4802 monasterium
1498 4749 1646 4818 quod
1678 4749 1878 4804 dicitur
1910 4747 2066 4806 Volta

495 4841 623 4883 cum
668 4829 784 4912 suis
807 4833 1167 4902 pertinentjls,
1208 4834 1414 4892 Rocam
1456 4836 1672 4906 fortem,
1705 4840 1896 4894 cellam
1938 4839 2066 4896 Bei-

491 4921 694 4978 liacum
724 4939 851 4979 cum
879 4935 1031 4982 curte
1056 4937 1110 4983 et
1125 4928 1380 4986 omnibus
1409 4929 1477 4986 ad
1497 4944 1619 4985 eam
1645 4933 2062 5002 pertinentibus,

493 5011 687 5066 cellam
745 5011 958 5070 Sanctae
1011 5015 1196 5074 Maria:
1246 5034 1368 5089 quae
1416 5029 1642 5076 vocatur
1689 5021 1756 5076 ad
1803 5021 2060 5090 Pontem,

494 5117 689 5159 omnes
727 5117 947 5174 quoque
989 5109 1248 5166 ecclesias
1300 5120 1356 5167 et
1381 5120 1575 5180 terras,
1605 5120 1661 5171 et
1701 5114 2066 5186 quodcunque

489 5192 708 5250 videtur
727 5193 1024 5252 Cluniacus
1053 5200 1332 5267 possidere
1355 5203 1410 5258 in
1437 5203 1552 5275 jam
1590 5204 1738 5265 dicto
1775 5205 2060 5264 comitatu.

490 5283 551 5316 ’.κ
595 5283 909 5316 Ληῖιιηὴηαοη
941 5284 1256 5316 Νἷπνη--ιιΑ-...ξ
1293 5296 1676 5316 η.----ι--εη---
1725 5295 1808 5316 5,,
1849 5297 1908 5316 -.!
1941 5297 1974 5316 ο
2016 5299 2030 5316 1

2167 4558 2529 4617 Columcellas
2557 4545 2618 4617 et
2633 4570 2788 4618 curte
2811 4561 3055 4632 Tuelcta,
3087 4572 3142 4618 et
3163 4565 3420 4620 omnibus
3443 4567 3511 4621 ad
3542 4581 3603 4622 se
3624 4583 3742 4637 per-

2168 4654 2468 4713 tinentibus
2509 4670 2577 4710 ex
2606 4664 2840 4727 utraque
2881 4661 3035 4728 parte
3079 4657 3328 4714 Rhodani
3371 4657 3634 4716 ﬂuminis.
3684 4661 3740 4716 in

2167 4749 2482 4820 epis00patu
2503 4749 2863 4806 Nemausensi
2895 4759 3289 4814 monasterium
3306 4751 3737 4826 Sancti-Egidii.

2167 4841 2228 4898 In
2253 4841 2652 4906 Tricassinensi
2688 4843 2905 4899 civitate
2927 4844 3321 4900 monasterium
3345 4846 3519 4902 sancti
3540 4845 3741 4901 Aman-

2169 4933 2244 4988 di.
2297 4932 2356 4988 ln
2409 4934 2724 5007 episcopatu
2776 4933 3042 4991 Arausico
3108 4936 3298 4995 cellam
3363 4952 3485 5007 qua:
3542 4937 3740 4997 dicitur

2166 5023 2521 5094 Podiolenus,
2573 5027 2968 5084 monasterium
3022 5027 3210 5084 Sancti
3262 5025 3629 5084 Pentaleonis.
3681 5027 3738 5084 In

2164 5114 2486 5186 Agapicensi
2539 5118 2854 5194 episcopatu
2874 5119 3066 5174 cellam
3113 5117 3297 5174 Sancti
3336 5119 3566 5179 Andreae
3607 5135 3736 5192 con;

2166 5224 2380 5264 cessam
2405 5209 2668 5266 Cluniaco
2708 5226 2738 5266 a
2781 5209 3026 5266 Ricaudo
3071 5210 3301 5279 clerico;
3327 5209 3735 5282 Ganagobiense
