3972 5390
1040 361 1403 425 EPISTOLE
1442 363 1682 423 EXTRA
1715 360 2127 423 REGISTRUM
2153 362 2535 427 VAGANTES.

3294 342 3301 349 ’
3324 367 3434 433 666

178 481 346 531 castro
389 471 687 532 Candiaco.
734 473 797 533 In
851 477 1167 553 episcopatu
1222 478 1744 560 Lugdunensi‘mo-
1772 481 1820 537 Α
1848 493 1907 536 se
1949 478 2138 536 divino
2164 478 2376 550 judicio
2405 480 2639 537 existere
2689 478 2757 535 de
2796 487 3104 551 perpetrata
3146 480 3436 554 iniquitate

181 567 460 623 nasterium
490 567 638 638 quod
673 568 876 625 dicitur
914 571 983 626 de
1017 570 1309 640 Amberta;
1351 572 1547 629 cellam
1579 570 1746 627 Talu-

179 660 391 724 siaeum,
412 659 607 715 cellam
628 660 932 729 Poliacum,
947 663 1141 719 cellam
1167 663 1531 731 Artedunum,
1552 664 1744 720 cellam

176 750 533 819 Saviniacum,
558 762 769 808 curtem
793 754 1208 823 Ambariacum,
1241 756 1531 813 ecclesiam
1558 755 1747 812 Sancti

175 841 410 910 Andioli,
457 842 747 899 ecclesiam
802 860 927 915 quae
974 854 1207 902 vocatur
1268 846 1352 901 Ad
1405 846 1744 914 oratorium,

177 942 373 991 cortem
405 933 473 989 de
499 933 788 1009 Romanis,
809 937 1003 992 cellam
1036 936 1420 1005 Cavariacum,
1459 937 1747 993 ecclesiam

178 1026 232 1080 in
249 1034 422 1083 castro
447 1025 650 1083 Gosan.
676 1026 881 1085 Omnes
901 1046 1123 1102 quoque
1154 1030 1312 1093 villas
1332 1038 1389 1086 et
1410 1039 1584 1086 terras
1609 1046 1749 1101 quas

177 1117 491 1175 Wiehardus
530 1120 774 1177 moriens
819 1121 1085 1183 Cluuiaco
1120 1123 1370 1179 contulit.
1420 1122 1479 1179 in
1534 1123 1751 1180 Gratia-

176 1210 481 1282 nopolitano
507 1212 829 1284 episcopatu
857 1215 1052 1272 cellam
1098 1233 1225 1288 quae
1262 1227 1493 1274 vocatur
1530 1217 1747 1289 Borget,

175 1302 554 1360 monasterium
585 1306 736 1375 quod
774 1315 1004 1363 vocatur
1049 1306 1312 1365 Domena.
1341 1308 1400 1363 1n
1432 1309 1750 1380 episcopatu

174 1389 508 1449 Vesontiensi
545 1394 739 1449 cellam
769 1411 895 1467 qua:
924 1405 1154 1453 vocatur
1189 1396 1413 1455 Portus.
1442 1397 1501 1453 In
1537 1398 1751 1469 episco-

175 1494 299 1555 patu
320 1483 559 1542 Tullensi
583 1486 777 1544 cellam
800 1504 924 1561 quae
944 1498 1176 1546 vocatur
1198 1489 1524 1562 Ramengas.
1542 1490 1596 1545 In
1615 1490 1751 1546 Lau-

172 1577 423 1633 sannensi
444 1577 764 1650 episcopatu
786 1580 1183 1639 monasterium
1203 1582 1350 1653 quod
1363 1580 1755 1639 diciturPater-

172 1668 372 1737 niacas,
384 1678 438 1725 et
458 1685 586 1742 qua:
604 1670 664 1727 in
684 1670 891 1728 Alsatia
910 1672 1178 1729 dederunt
1196 1673 1553 1745 imperatores
1574 1675 1752 1733 eidem

174 1759 317 1826 loco;
339 1759 532 1816 aliam
568 1776 693 1831 qua:
713 1762 916 1820 dicitur
940 1778 1103 1821 mons
1126 1762 1348 1821 Richeri
1381 1773 1438 1821 et
1477 1774 1753 1822 monaste-

1845 581 2161 643 cognoscat,
2188 582 2242 629 et
2285 574 2393 629 nisi
2426 589 2492 630 ea
2518 588 2643 644 qua:
2685 573 2755 631 ab
2783 573 2875 629 illo
2905 582 3035 630 sunt
3070 575 3211 630 male
3254 577 3437 641 oblata

1846 664 2207 720 restitueritet
2230 665 2394 736 digna
2413 666 2733 736 ptenitentia
2747 665 2930 721 illicite
2954 674 3075 721 aeta
3095 666 3437 735 deﬁeverit,a

1847 757 2221 815 sacratissimo
2244 773 2476 827 corpore
2490 768 2545 812 et
2556 758 2821 828 sanguine
2833 757 3050 814 Domini
3062 758 3439 832 Redemptoris

1847 849 2022 906 nostri
2038 848 2166 904 lcsu
2177 848 2381 905 Christi
2393 849 2606 905 alienus
2627 850 2958 922 tiatatqnein
2970 860 3174 911 aeterno
3187 853 3440 910 examine

1846 941 2109 997 district-.e
2129 942 2322 998 ultioni
2343 941 2642 1011 subjaccat.
2664 942 2890 999 Cunctis
2900 952 3083 998 autem
3105 945 3282 1001 eidem
3318 947 3440 1004 loco

1843 1034 1994 1106 iusta
2016 1034 2385 1102 servantibus,
2398 1034 2471 1091 sit
2490 1050 2591 1105 pax
2622 1033 2838 1090 Domini
2857 1036 3031 1093 nostri
3056 1035 3186 1093 Jcsu
3210 1038 3438 1106 Christi,

1848 1136 2122 1199 quatenus
2148 1136 2202 1184 et
2231 1128 2322 1184 hic
2341 1125 2584 1185 fructum
2601 1127 2760 1183 boum
2782 1129 3013 1185 actionis
3035 1131 3356 1202 percipiant,
3387 1142 3443 1191 et

1849 1223 1995 1294 apud
2017 1223 2329 1280 districtum
2350 1223 2591 1295 iudicem
2626 1224 2850 1294 praemia
2890 1226 3045 1296 pacis
3082 1226 3413 1285 inveniant..

1923 1315 2121 1372 Datum
2176 1315 2485 1384 Lateranis,
2534 1316 2729 1387 quinto
2794 1316 2923 1373 ldus
2971 1317 3307 1389 Decembris,
3348 1337 3446 1392 per

1850 1425 2051 1466 manus
2098 1408 2245 1466 Petri
2301 1424 2473 1466 saerre
2522 1408 2786 1466 Romana:
2828 1408 3088 1467 Ecclesiae
3142 1414 3445 1487 presbyteri

1851 1503 2147 1563 cardinalis
2187 1518 2253 1560 ac
2298 1501 2718 1570 bibliothecarii,
2753 1517 2900 1558 anno
2929 1513 3128 1574 quarto
3154 1504 3445 1575 pontiﬁca-

1852 1607 2009 1654 catus
2037 1595 2227 1654 domni
2257 1594 2507 1668 Gregorii
2539 1609 2694 1667 papa:
2728 1593 2981 1666 septimi,
3002 1594 3300 1653 indictione
3335 1613 3444 1655 xiv.

1853 1690 2002 1747 Bene
2034 1689 2225 1746 valete.

2581 1755 2721 1813 XXI.

173 1845 310 1908 rium
325 1851 471 1922 quod
485 1851 695 1909 dicitur
715 1852 1122 1912 RomanumJn
1136 1855 1452 1928 episcopatu
1475 1856 1749 1921 Gencven-
1784 1841 1827 1898 Β
1855 1853 2202 1928 Pricilegium
2239 1851 2480 1928 Gregorii
2509 1868 2668 1928 papq:
2718 1848 2849 1928 fil,
2884 1868 2977 1928 per
3011 1851 3151 1928 quod
3182 1862 3449 1927 monaste-

171 1944 617 2002 simonasterium
634 1945 822 2002 Sancti
838 1946 1075 2004 Victoris
1088 1949 1362 2020 martyris.
1381 1947 1436 2003 In
1452 1949 1751 2020 Argentino

173 2038 471 2109 episcopatu
506 2040 908 2103 monasterium
936 2041 1212 2110 Salsense.
1244 2040 1301 2096 in
1331 2041 1752 2103 Constantiensi

175 2128 472 2200 episcopatu
498 2131 695 2187 cellam
720 2148 847 2203 quae
875 2132 1084 2205 dicitur.
1110 2131 1431 2201 Romisino.
1454 2132 1510 2188 In
1535 2133 1750 2205 episco-

175 2232 293 2294 patu
314 2222 573 2295 Papiensi
593 2216 995 2285 monasterium
1021 2224 1207 2281 Sancti
1228 2224 1430 2281 Maioli.
1460 2224 1517 2280 ιη
1540 2226 1754 2297 episco-

174 2324 293 2384 patu
339 2314 617 2372 Lausensi
671 2315 1069 2374 monasterium
1125 2316 1183 2373 S.
1238 2316 1428 2374 Marci.
1488 2316 1547 2372 In
1611 2316 1755 2374 Urbe

174 2406 471 2463 Placentina
492 2408 789 2467 ecclesiam
822 2408 1010 2467 Sancti
1055 2408 1325 2481 Gregorii.
1365 2408 1529 2465 Juxta
1559 2409 1749 2465 urbem

174 2494 486 2555 Cremonam
518 2501 919 2558 monasterium
941 2502 997 2557 in
1024 2502 1236 2558 honore
1265 2500 1454 2558 Sancti
1480 2502 1754 2559 Gabriclis

176 2600 227 2647 et
252 2601 571 2649 sanctorum
603 2592 871 2652 Barnabas
915 2604 974 2652 ct
1013 2594 1196 2652 Lucae.
1231 2594 1437 2653 Praeter
1479 2612 1575 2663 ea,
1611 2596 1757 2654 sicut

176 2701 325 2757 supra
343 2687 611 2756 diximus,
635 2703 980 2762 quascunque
1004 2706 1152 2747 nunc
1178 2690 1343 2746 habet
1375 2699 1471 2746 aut
1488 2690 1542 2745 in
1569 2699 1754 2762 poste-

176 2794 304 2848 rum,
327 2779 565 2837 Domino
602 2790 913 2851 annuente,
959 2784 1167 2841 habere
1190 2784 1484 2856 contigerit
1526 2782 1582 2840 in
1627 2783 1756 2856 qui-

176 2872 397 2930 buslibet
418 2875 911 2954 rebus_mobilibus
932 2877 1021 2933 vel
1041 2877 1435 2934 immobilibus.

234 2965 361 3023 Item
393 2968 788 3025 constituimus
807 2979 870 3026 ut
887 2970 1124 3027 obeunte
1151 2970 1348 3026 abbate
1380 2984 1493 3026 non
1519 2970 1662 3027 alius
1684 2969 1759 3027 ibi

176 3074 487 3133 quantoque
521 3061 866 3134 obreptionis
898 3063 1101 3119 astutia
1130 3062 1418 3119 ordinetur
1452 3062 1560 3118 nisi
1595 3077 1760 3133 quem

175 3150 361 3209 fratres
404 3153 657 3225 ejusdem
697 3154 938 3212 emnobii
974 3171 1103 3212 cum
1156 3153 1438 3211 communi
1483 3169 1757 3210 consensu

178 3246 466 3302 mndum
500 3246 761 3304 timorem
788 3246 884 3305 Dei
936 3248 1219 3320 elegerint.
1245 3246 1313 3303 Et
1342 3246 1410 3302 ad
1429 3262 1762 3303 consecran—

177 3335 294 3393 dum
318 3338 476 3394 illum
509 3339 618 3410 ipsi
647 3338 850 3412 fratres
890 3340 1159 3396 advocent
1195 3339 1517 3410 episcopum
1565 3354 1762 3412 quem-

179 3445 379 3503 cunque
411 3431 710 3488 voluerint.
747 3430 861 3488 Nec
896 3432 1096 3503 quovis
1120 3431 1286 3487 modo
1320 3431 1614 3501 quisquam
1643 3430 1763 3500 epi-

181 3537 364 3594 scopus
390 3520 483 3579 vel
508 3523 962 3595 archiepiscopus
991 3525 1173 3581 locum
1202 3524 1393 3594 ipsum-
1409 3538 1506 3578 seu
1527 3522 1765 3593 capellas

179 3617 534 3687 supradictas,
564 3616 817 3677 videlicet
853 3616 1068 3673 Sanctae
1096 3615 1301 3678 Mariae,
1341 3614 1400 3670 S.
1425 3614 1609 3670 Maioli
1626 3625 1684 3671 et
1703 3613 1762 3671 S.

181 3706 447 3775 Odilonis,
479 3708 567 3764 vel
601 3709 952 3781 presbyteros
987 3709 1059 3765 ab
1086 3709 1283 3765 abbate
1306 3708 1383 3763 ibi
1410 3708 1761 3765 constitutos.

184 3798 240 3857 Et
258 3801 565 3859 monachos
595 3800 772 3871 ipsius
805 3801 1130 3858 monasterii
1156 3800 1661 3869 cxcommnnicare,
1680 3802 1766 3857 vel

178 3892 408 3963 judicare
442 3893 664 3960 audeat,
709 3893 807 3986 sed
843 3894 1197 3986 semper.sub
1221 3893 1391 3950 tutela
1413 3902 1469 3949 et
1500 3893 1765 3950 immuni-

183 3994 278 4044 tate
312 3987 598 4053 Romana,
637 3985 921 4056 soliusque
976 3984 1210 4041 Romani
1246 3984 1525 4056 pontiﬁcis
1560 3984 1767 4056 judicio

186 4077 569 4154 consistentes,
602 4077 966 4148 omnipotenti
1004 4077 1241 4134 Domino
1266 4078 1439 4148 quieti
1481 4078 1769 4149 securique

187 4169 502 4227 deserviant.
530 4169 580 4224 Α
599 4184 932 4242 quocunque
950 4170 1213 4243 episcopo
1227 4170 1503 4225 voluerint
1521 4170 1685 4226 etiam
1711 4170 1769 4225 in

188 4276 310 4333 opus
330 4262 821 4320 consecrationum
848 4262 906 4318 in
934 4262 1055 4335 ipso
1085 4263 1208 4322 loco
1243 4261 1599 4334 agendarum,
1622 4261 1772 4318 chri-

190 4367 322 4424 sma,
343 4356 533 4413 oleum
565 4363 841 4422 sanetum,
879 4356 1061 4413 oleum
1103 4354 1450 4412 inﬁrmorum
1487 4353 1766 4425 accipere;

190 4459 382 4506 necnon
400 4458 458 4505 et
478 4447 920 4505 consecrationis
944 4448 1201 4504 altarium
1223 4457 1279 4504 et
1301 4447 1657 4518 capellarum,
1672 4462 1770 4502 seu

192 4540 552 4598 ordinationes
581 4540 1005 4598 monachorum.
1040 4538 1411 4598 Concedimus
1442 4538 1541 4595 tibi
1576 4548 1631 4595 et
1662 4538 1765 4610 ipsi

193 4633 468 4690 venerabili
493 4633 642 4700 loco,
677 4640 733 4688 et
758 4630 1153 4689 conﬁrmamus
1179 4632 1481 4704 apostolica
1524 4631 1766 4688 auctori—

194 4727 288 4779 tate
307 4725 751 4796 quandocunque
772 4724 858 4780 vel
893 4724 1139 4794 quandiu
1166 4724 1325 4780 vobis
1352 4724 1620 4796 placuerit
1653 4738 1773 4795 per-

197 4829 464 4874 cussuram
498 4817 710 4890 proprii
746 4816 1100 4874 numismatis
1133 4817 1221 4876 vel
1250 4826 1482 4885 monetae
1515 4816 1776 4888 quemad-

1926 1920 2115 1979 imum
2144 1920 2409 1979 norum’in
2435 1920 2686 1978 suburbio
2710 1920 3064 1977 Pictaricensi
3087 1920 3449 1978 constructum

1924 2014 1958 2051 a
2015 1994 2284 2050 Willclmo
2331 1995 2521 2050 comite
2560 1993 2927 2060 Piclarorum,
2975 1994 3045 2047 ad
3071 1995 3203 2065 ejus
3250 2009 3448 2065 preces,

1924 2066 2210 2122 conmittit
2242 2066 2524 2134 regendum
2557 2074 3021 2137 perpetuosanclo
3057 2063 3272 2137 Rogaui
3306 2066 3451 2137 ejus-

1923 2155 2022 2211 que
2044 2138 2432 2193 successoribus
2454 2134 2733 2195 abbatibus
2770 2134 3226 2211 Clutti‘aceusibns.

2458 2228 2641 2301 (Anno
2667 2225 2851 2298 1075.)
2908 2276 2911 2283 .

2211 2322 2541 2397 [Bullarium
2576 2320 2944 2388 Cluniacense,
2979 2319 3096 2393 20.]

1927 2416 2238 2473 Caesonius
2271 2416 2585 2487 episcopus,
2610 2429 2813 2483 servus
2852 2428 3139 2468 servorum
3176 2411 3290 2480 Dei,
3314 2413 3454 2469 dile—

1854 2519 1944 2568 cto
1967 2510 2022 2565 in
2053 2506 2276 2565 Christo
2299 2508 2410 2563 lilio
2452 2505 2658 2563 llucoxt
2698 2505 2881 2561 abbati
2916 2505 3235 2560 monasterii
3267 2507 3457 2561 beato-

1854 2619 1979 2661 rum
2007 2601 2383 2673 apostolorum
2424 2597 2571 2655 Petri
2611 2608 2665 2655 ct
2708 2597 2865 2653 Pauli
2907 2598 3208 2677 constructi
3243 2598 3299 2652 in
3336 2597 3457 2653 loco

1855 2696 1951 2769 qui
1978 2694 2179 2751 dicitur
2201 2691 2519 2749 Cluniacus.

1930 2785 2193 2858 Supernae
2218 2782 2585 2840 miserationis
2606 2790 2857 2854 respectu
2889 2782 2959 2838 ad
2992 2781 3099 2837 hoc
3126 2780 3458 2837 universalis

1856 2877 2120 2936 Ecclesia:
2144 2892 2335 2934 curam
2353 2875 2721 2947 suscepimus,
2744 2882 2799 2929 et
2818 2873 3107 2945 apostolici
3130 2874 3459 2928 moderami-

1858 2971 1946 3029 nis
1969 2969 2391 3028 sollicitudinem
2414 2967 2676 3040 gerimus,
2696 2976 2755 3022 ut
2777 2964 2947 3037 justis
2977 2966 3323 3036 precantium
3355 2981 3456 3021 vo-

1860 3065 1931 3122 tis
1955 3072 2165 3131 attenta
2190 3061 2526 3133 benignitate
2553 3059 2855 3126 faveamus,
2892 3066 2948 3114 et
2972 3057 3260 3113 libramine
3284 3056 3458 3128 tequi-

1865 3158 1993 3214 tatis
2039 3154 2374 3212 omnibusin
2417 3152 2744 3209 necessitate
2779 3150 2975 3216 positis
3014 3158 3301 3222 quantum,
3346 3148 3460 3205 Deo

1863 3249 2124 3313 donante,
2150 3260 2448 3318 possumus
2490 3244 2780 3301 subvenire
2826 3241 3153 3310 debeamus;
3190 3242 3462 3313 praecipue

1863 3350 2047 3399 tamen
2068 3341 2135 3396 de
2160 3338 2553 3395 venerabilium
2569 3336 2818 3407 locorum
2842 3334 3136 3392 stabilitate
3156 3349 3256 3406 pro
3278 3333 3461 3389 debito

1864 3435 2077 3490 honore
2106 3448 2338 3489 summa:
2362 3440 2416 3487 et
2446 3428 2763 3502 apostolica:
2788 3427 2936 3485 sedis
2970 3426 3060 3482 cui
3097 3425 3318 3498 speciali
3338 3425 3463 3496 jure

1831 3588 1835 3592 ,
1866 3526 2171 3592 adhmrent,
2198 3532 2467 3597 quantum
2498 3539 2566 3578 ex
2597 3521 2784 3577 divino
2819 3518 3095 3591 adjutorio
3130 3517 3464 3590 possibilitas

1864 3620 2049 3686 datur,
2077 3619 2238 3675 nobis
2262 3616 2605 3689 pensandum
2628 3624 2682 3669 ct
2702 3612 3061 3668 laborandum
3085 3628 3207 3667 esse
3232 3627 3464 3682 perpen-

1865 3712 2067 3768 dimus.
2096 3709 2509 3780 Proindejuxta
2540 3707 2865 3779 petitionem
2894 3713 3045 3760 tuam
3083 3713 3138 3759 et
3164 3703 3261 3757 lilii
3288 3702 3465 3759 nostri

1866 3803 2126 3860 Willelmi
2157 3802 2375 3861 comitis
2396 3799 2769 3867 Pictavorum,
2798 3795 3134 3853 monasterio
3162 3794 3309 3866 quod
3347 3795 3466 3866 ipse

1866 3911 2053 3953 comes
2098 3897 2154 3951 in
2221 3894 2489 3953 suburbio
2536 3892 2810 3965 ejusdem.
2843 3890 3101 3957 civitatis,
3161 3889 3213 3944 in
3256 3889 3467 3944 honore

1865 3990 2155 4046 beatorum
2180 3988 2557 4059 apostolorum
2569 3984 2799 4041 Joannis
2818 3983 3165 4055 evangelista:
3181 4023 3195 4047 ,
3224 3980 3466 4035 Simonis

1866 4091 1921 4141 et
1942 4080 2096 4137 Iudae
2118 4079 2448 4136 construxit.
2474 4075 2696 4149 Nosque
2722 4087 2783 4132 ut
2804 4076 2903 4131 tibi
2939 4091 3005 4130 ac
3034 4075 3144 4130 tuis
3176 4087 3465 4139 successo-

1866 4173 2024 4229 ribus
2051 4171 2354 4227 sccundum
2378 4168 2674 4224 Dominum
2705 4175 2968 4238 perpetuo
2991 4165 3287 4237 regendum
3309 4179 3464 4219 com-

1868 4267 2211 4322 mitteremus
2256 4260 2521 4341 exoravit.
2560 4258 2890 4330 Hujusmodi
2924 4256 3273 4329 privilegium
3321 4270 3466 4326 pra:-

1869 4356 2011 4415 senti
2045 4353 2387 4412 auctoritatis
2422 4360 2625 4409 nostra:
2661 4350 2883 4406 decreto
2919 4342 3288 4418 indulgemus,
3325 4350 3465 4411 con-

1868 4450 2116 4508 cedimus
2144 4457 2309 4520 atque
2343 4446 2648 4501 ﬁrmamus.
2687 4442 3001 4497 Statucntes
3036 4440 3243 4495 nullum
3278 4453 3466 4508 regum

1800 4552 1925 4630 Det
1978 4543 2391 4612 imperatorum,
2438 4537 2749 4593 antistitum
2796 4535 2877 4589 vel
2917 4533 3202 4592 comitum.
3242 4530 3467 4585 nullum

1869 4648 2198 4707 quacunque
2233 4630 2499 4704 dignitate
2523 4628 2811 4701 prteditum
2830 4627 2915 4682 vel
2936 4640 3270 4699 quemquam
3298 4622 3468 4677 alium

1872 4728 2071 4784 audere
2106 4726 2173 4781 de
2204 4724 2292 4783 his
2321 4740 2445 4794 qua:
2468 4740 2499 4779 a
2525 4720 2753 4793 praefato
2784 4719 3006 4786 comite,
3033 4717 3119 4773 vel
3150 4733 3182 4771 a
3206 4714 3472 4787 quibusli-

1838 4870 1843 4873 _
1873 4822 1967 4878 bet
1988 4817 2308 4875 hominibus
2329 4816 2508 4873 cidem
2533 4812 2833 4869 venerabili
2860 4812 2981 4868 loco
3010 4809 3077 4866 de
3108 4808 3473 4881 propriojurc

199 4910 397 4967 modum
421 4911 725 4982 privilegiis
751 4910 1149 4966 venerabilium
1191 4911 1659 4981 prmdecessorum
1683 4924 1779 4966 no-
1873 4914 1989 4986 jam
2025 4913 2229 4968 donata
2273 4917 2424 4976 sunt,
2455 4908 2541 4963 vel
2569 4906 2625 4961 in
2665 4906 2913 4960 futurum
2960 4901 3194 4958 Domino
3235 4900 3477 4959 donante

201 5009 418 5058 atrorum
444 5002 819 5075 comperimus
841 5001 1000 5059 vobis
1033 5017 1359 5059 concessum
1399 5012 1453 5058 et
1486 5002 1780 5059 conﬁrma—
1879 5007 2077 5062 collata
2101 5002 2322 5057 fuerunt
2345 5001 2449 5057 sub
2469 4999 2761 5070 cujuslibet
2776 5011 2947 5061 causa
2972 4993 3482 5067 occasionisvespe—

202 5099 303 5149 mm
334 5111 475 5163 esse.
499 5096 861 5153 concedimus
902 5101 957 5149 et
999 5094 1413 5151 conﬁrmamus.
1448 5093 1575 5151 ΗίΒο
1613 5094 1780 5166 igitur
1882 5099 1966 5154 cie
1989 5098 2233 5153 minuere
2255 5093 2339 5148 vel
2367 5092 2673 5159 auferre,et
2687 5093 2800 5144 sive
2814 5089 2934 5146 suis
2956 5087 3147 5144 usibus
3184 5086 3486 5157 applicare,

206 5187 363 5220 “mnia
395 5204 516 5220 num
546 5190 665 5220 A:aao
714 5186 974 5220 ,κηλητιθῖ
1021 5187 1338 5220 ιΙιιΛ-ιοιῖηιιο
1369 5188 1543 5220 ποοῦ-ἶ
1583 5185 1777 5220 ηηηίηη

1882 5191 1965 5220 ..ιιι
1995 5189 2112 5218 ηιῖἶι-
2140 5185 2293 5218 nunc:
2322 5184 2422 5218 niic
2453 5184 2520 5218 ,1η
2550 5182 2729 5218 nni-cie
2769 5196 2871 5216 nI-n
2902 5197 3016 5216 cn-n
3044 5178 3289 5216 nvorili-n
3319 5194 3494 5214 nvnn-
