3972 5390
557 349 662 410 667

1485 354 1540 412 ε.
1577 353 1904 412 caaconn
1937 337 2033 409 'v'n
2069 342 2270 406 Parin
2299 345 2800 410 orenun'mns
2833 347 2924 412 ιι..
3707 353 3794 410 sas

555 481 884 538 quacunque
916 467 1250 538 obreptionis
1279 469 1476 524 astutia
1505 470 1810 539 ordinetur,
1847 471 1953 528 nisi
1979 485 2144 542 quem
2172 471 2220 530 Α
2244 483 2382 532 rem,
2401 468 2843 534 sollicitudinem,
2887 467 3104 538 penitus
3144 465 3400 523 amisisse
3436 465 3673 538 vigorem
3693 509 3707 534 ,
3745 478 3797 525 et

557 567 614 613 tu
638 558 825 629 tuique
856 573 1202 615 successores
1227 561 1527 616 secundum
1558 561 1812 617 timorem
1843 561 1940 618 Dei
1963 563 2142 635 elege-

556 647 705 716 ritis,
735 657 788 704 et
817 649 921 704 hoc
949 665 1168 734 quoque
1195 651 1444 721 praesenti
1474 652 1714 724 capitulo
1739 654 2140 732 subjungimus,

554 747 616 794 ut
647 741 824 811 ipsum
855 742 1250 798 monasterium
1282 751 1337 798 et
1363 743 1590 800 abbates
1624 745 1744 815 ejus
1763 746 1848 802 vel
1887 749 2144 804 monachi

551 832 624 887 ab
657 833 806 886 omni
829 833 1108 890 srecularis
1133 836 1412 892 servitutis
1433 836 1544 892 sint
1567 835 1918 894 infestatione
1939 840 2140 907 securi,

550 923 814 994 omnique
849 927 1165 995 gravamine
1192 920 1486 983 mundanae
1519 929 1892 1000 oppressionis
1922 933 2139 1000 remoti,

547 1012 602 1068 in
624 1023 825 1070 sanctae
845 1017 1122 1088 religionis
1139 1019 1530 1074 iobservatione
1551 1021 1721 1076 seduli
1751 1031 1915 1092 atque
1947 1023 2138 1094 quieti.

547 1103 693 1162 Nulli
717 1107 810 1163 alii
835 1109 939 1165 nisi
967 1111 1508 1168 abbatiCluniacensi
1533 1113 1715 1184 aliqua
1732 1115 2140 1188 teneanturjoc-

545 1199 770 1254 casione
807 1201 1058 1272 subjecti.
1095 1203 1540 1260 ConSecrationis
1569 1215 1749 1260 autem
1785 1207 2042 1264 abbatum
2087 1218 2142 1265 et

545 1291 904 1348 ecclesiarum
937 1302 990 1349 et
1011 1295 1373 1352 ordinationis
1399 1298 1818 1366 monachorum,
1847 1301 1960 1356 sive
1985 1299 2142 1356 cleri-

546 1399 760 1452 corum,
784 1401 926 1457 saepe
949 1386 1060 1443 lato
1083 1389 1334 1444 caanobio
1356 1389 1768 1460 pertinentium,
1793 1392 1862 1446 ab
1882 1393 2138 1465 episeopo

547 1474 604 1530 in
625 1476 786 1547 cujus
827 1479 1050 1536 dioecesi
1081 1471 1216 1536 sunt
1239 1482 1528 1552 accipiant,
1562 1483 1637 1538 ita
1671 1493 1878 1550 tamen,
1928 1485 1974 1540 si
2017 1486 2138 1556 epi-

528 1582 750 1638 scopus
792 1574 1056 1628 canonice
1093 1574 1380 1631 Ordinatus
1411 1574 1580 1632 fuerit
1605 1618 1620 1642 ,
1649 1586 1706 1631 et
1735 1577 2135 1633 ordinationem

544 1661 715 1731 gratis
755 1661 962 1718 fecerit.
1001 1663 1096 1720 Sin
1145 1675 1327 1722 autem
1366 1667 1570 1738 aliquid
1603 1669 1799 1724 horum
1840 1669 2134 1738 obstiterit,

546 1751 784 1809 habeant
815 1755 1104 1826 licentiam
1137 1759 1493 1828 auctoritatis
1532 1759 1676 1814 sedis
1715 1762 2027 1831 apostolicae
2069 1765 2134 1820 ad

2241 562 2636 632 temporalibus
2675 561 2840 616 etiam
2871 560 3097 614 omnino
3137 560 3455 615 destitutum
3494 574 3618 615 esse
3644 563 3797 617 subsi.

2240 653 2367 720 diis,
2397 653 2822 726 lacrymabiliter
2841 652 3127 722 conquesti
3141 659 3310 725 _sunt.
3344 651 3558 719 Quibus
3581 650 3794 708 miseriis

2239 745 2603 816 propcllendis
2653 745 2757 816 ipsi
2806 760 3027 816 quoque
3082 744 3335 798 monachi
3385 760 3508 815 qua:
3549 745 3792 800 medicina

2229 837 2416 908 possit
2447 835 2692 892 adhiberi
2719 844 3072 908 suggerentes
3106 836 3292 892 multis
3328 836 3794 906 supplicationibus

2239 929 2400 985 nobis
2426 929 2760 996 institerunt,
2800 937 2862 982 ut
2893 938 2999 984 tua:
3039 929 3331 999 vigilantiae
3373 927 3654 999 praefatum
3690 945 3795 985 mo-

2239 1021 2539 1077 nasterium
2582 1021 2878 1076 debeamus
2921 1006 3323 1088 commendare,
3351 1035 3463 1093 quo
3505 1037 3602 1092 per
3631 1024 3794 1093 provi-

2237 1113 2434 1169 dentiae
2451 1123 2557 1169 tute
2569 1113 2808 1170 studium
2831 1125 2954 1184 quae
2976 1113 3207 1168 aliorum
3231 1114 3594 1169 somnolentis
3614 1115 3794 1185 deper-

2238 1205 2301 1261 iit
2340 1206 2530 1278 religio
2565 1207 2873 1274 reviviscat,
2915 1214 2968 1260 et
3001 1206 3378 1277 corporalibus
3401 1207 3552 1272 item,
3581 1205 3792 1262 Domino

2238 1298 2554 1365 auxiliante,
2578 1298 2850 1370 sulfragiis
2873 1307 3161 1353 renovetur
3179 1306 3235 1354 et
3253 1306 3485 1354 crescat.
3510 1297 3684 1369 Igitur,
3699 1300 3795 1354 tibi

2237 1388 2454 1463 Hugoni
2493 1391 2824 1447 charissima
2867 1398 3069 1446 sancta:
3111 1389 3370 1445 Romanze
3395 1388 3645 1445 Ecclesiae
3670 1390 3794 1458 lilio,

2237 1484 2692 1540 reverendissimo
2733 1483 2986 1540 videlicet
3025 1483 3416 1540 Cluniacensis.
3446 1483 3672 1539 casnobii
3698 1485 3795 1539 ab-

2235 1577 2368 1644 bati,
2399 1578 2718 1650 praedictum
2739 1577 3034 1650 Gigniense
3053 1576 3442 1632 monasterium
3465 1578 3796 1632 committen-

2236 1676 2338 1736 tes,
2381 1670 2546 1740 hujus
2583 1677 2786 1726 nostra:
2829 1669 3209 1740 praeceptionis
3229 1669 3555 1725 auctoritate
3573 1669 3799 1740 praecipi»

2236 1778 2380 1827 mus,
2416 1762 2710 1818 annuimus
2744 1772 2908 1833 atque
2952 1761 3303 1817 concedimus
3328 1769 3386 1816 nt
3431 1762 3502 1816 ab
3545 1761 3642 1817 hac
3679 1778 3798 1832 prte-

543 1845 982 1918 qualemeunque
1027 1851 1354 1906 catholicum
1401 1851 1720 1923 episcopum
1765 1853 1861 1924 qui
1909 1855 1986 1910 eis
2022 1857 2139 1926 pla-
2169 1848 2214 1905 B
2239 1853 2376 1908 senti
2401 1855 2508 1922 die,
2543 1855 2785 1926 quandiu
2809 1854 3030 1921 vixeris,
3063 1853 3216 1920 illud,
3246 1862 3412 1924 prout
3440 1852 3670 1909 Domino
3699 1855 3796 1909 Ini-

541 1937 737 2005 cuerit,
769 1955 937 1995 causa
967 1943 1399 1999 consecrationis
1420 1951 1474 1998 et
1503 1944 1886 2014 ordinationis,
1917 1956 2026 2003 tam
2052 1950 2135 2005 lo-
2237 1955 2456 2002 serante
2503 1947 2742 2004 volueris
2763 1989 2778 2014 ,
2828 1947 3150 2012 ordinandi,
3197 1946 3456 2017 regendi,
3508 1946 3796 2018 corrigendi

540 2042 731 2084 corum
759 2047 923 2101 quam
958 2049 1348 2103 personarum,
1375 2036 1600 2091 licenter
1621 2053 1863 2109 pergere.
1889 2038 2138 2113 Ilaecigi-
2237 2040 2722 2110 eommutandique
2783 2054 2910 2094 eum
2987 2038 3244 2093 omnibus
3301 2037 3418 2094 suis
3473 2039 3797 2109 pertinentiis

541 2129 634 2175 tur
657 2123 841 2177 omnia
873 2139 995 2194 quae
1025 2125 1190 2195 hujus
1213 2127 1467 2198 praecepti
1495 2128 1810 2200 decretique
1834 2133 2008 2186 nostri
2031 2149 2133 2206 pa-
2234 2131 2463 2186 liberam
2486 2139 2811 2201 potestatem
2836 2129 3060 2186 habeas.
3086 2129 3380 2200 Postquam
3413 2138 3595 2184 autem
3632 2141 3684 2184 tu
3713 2131 3796 2185 dc-

543 2211 668 2282 gina
693 2215 969 2281 continet,
1006 2225 1116 2271 tam
1146 2217 1242 2272 tibi
1279 2234 1446 2289 quam
1481 2221 1695 2275 cunctis
1723 2221 1816 2293 qui
1851 2223 1905 2276 in
1930 2239 1996 2277 eo
2021 2239 2132 2295 quo

539 2317 600 2358 es
641 2304 832 2359 ordine
879 2307 1107 2378 locoque
1147 2311 1511 2364 successerint
1551 2312 1630 2366 vel
1665 2312 1730 2368 iis
1775 2329 2012 2384 quorum
2047 2315 2134 2370 ia-

539 2401 745 2450 teresse
765 2399 1022 2467 potuerit,
1045 2400 1098 2454 in
1129 2411 1450 2472 perpetuum
1474 2403 1740 2458 servanda
1761 2406 2127 2464 decernimus.

543 2483 602 2540 Si
629 2488 754 2557 quis
787 2505 917 2544 vero
944 2506 1130 2562 regum
1147 2533 1162 2558 ,
1195 2494 1572 2561 sacerdotum,
1597 2496 1921 2555 clericorum
1943 2541 1956 2565 ,
1976 2498 2127 2569 judi-

539 2593 664 2632 cum
697 2595 760 2634 ac
791 2583 1134 2638 saecularium
1162 2600 1522 2655 personarum
1549 2587 1691 2643 hanc
1719 2590 2128 2649 constitutionis

539 2680 742 2727 nostrae
775 2675 1028 2745 paginam
1066 2692 1398 2748 agnoscens,
1429 2687 1620 2735 contra
1641 2696 1762 2736 eam
1794 2684 1979 2738 venire
2005 2693 2127 2740 terr-

538 2765 751 2831 taverit,
788 2768 1075 2835 potestatis
1102 2769 1439 2841 honorisque
1488 2772 1575 2826 sui
1624 2773 1887 2844 dignitate
1922 2788 2124 2845 careat,

537 2870 774 2928 reusque
798 2874 858 2913 se
887 2859 1074 2915 divino
1089 2861 1297 2931 judicio
1320 2863 1552 2920 existere
1582 2865 1650 2920 de
1679 2875 1988 2936 perpetrata
2017 2869 2124 2925 ini-

533 2949 742 3019 quitate
782 2963 1106 3026 cegnoscat;
1143 2964 1198 3010 et
1231 2956 1338 3011 nisi
1362 2973 1426 3012 ea
1454 2973 1577 3029 quae
1604 2960 1674 3013 ab
1704 2959 1798 3014 illo
1828 2969 1956 3016 sunt
1985 2965 2126 3019 male

531 3043 714 3099 ablata
745 3047 1061 3113 restituerit,
1083 3057 1137 3103 et
1158 3049 1318 3120 digna
1342 3051 1657 3120 paenitentia
1683 3052 1868 3108 illicite
1886 3063 2006 3110 acta
2028 3057 2123 3113 de-

534 3132 761 3202 lleverit,
792 3155 822 3192 a
849 3140 1225 3196 saeratissimo
1255 3157 1484 3213 corpore
1507 3159 1572 3198 ac
1597 3145 1862 3214 sanguine
1899 3145 1993 3202 Dei
2016 3147 2124 3203 Do-

535 3227 671 3281 mini
707 3231 1067 3300 redemptoris
1110 3234 1284 3288 nostri
1329 3233 1457 3289 Jesu
1505 3234 1710 3291 Christi
1749 3238 1962 3294 alienus
2005 3241 2120 3308 fiat,

535 3322 775 3389 atquein
813 3333 1016 3378 :eterno
1041 3325 1291 3380 examine
1317 3326 1580 3384 distrietze
1607 3329 1801 3384 ultioni
1824 3331 2122 3402 subjaeeat.

533 3407 763 3467 Cunctis
789 3423 969 3470 autem
1005 3416 1182 3471 eidem
1217 3417 1483 3488 locojura
1525 3420 1894 3488 servantibus,
1927 3424 1999 3478 sit
2019 3440 2124 3494 pax

537 3498 755 3556 Domini
781 3507 954 3560 nostri
983 3503 1110 3561 Jcsn
1137 3507 1360 3575 Christi,
1383 3518 1656 3580 quatenus
1684 3520 1738 3568 et
1772 3512 1861 3569 hic
1887 3513 2123 3572 fructum

541 3592 701 3648 bonzn
736 3597 968 3652 actionis
1001 3599 1323 3670 percipiant,
1365 3609 1421 3655 et
1453 3602 1595 3671 apud
1635 3603 1940 3660 districtum
1973 3607 2124 3678 judi-

539 3685 686 3741 cium
713 3689 932 3757 praamia
955 3699 1172 3745 aeterna:
1195 3692 1346 3761 pacis
1373 3692 1669 3748 inveniant.

608 3777 803 3833 Datum
837 3779 1140 3848 Lateranis,
1167 3783 1360 3854 quinto
1383 3781 1508 3838 ldus
1533 3783 1864 3853 Decembris,
1884 3803 1980 3858 per
2003 3805 2124 3845 ma-

535 3885 643 3926 nus
673 3870 821 3926 Petri
851 3883 1052 3930 sancta:
1089 3873 1350 3931 Romanae
1380 3874 1636 3932 Ecclesiae
1667 3879 1968 3951 presbyteri
2003 3897 2126 3937 car-

535 3961 734 4018 dinalis
780 3981 843 4020 ac
888 3966 1306 4034 bibliothecarii,
1354 3983 1500 4023 anno
1537 3978 1735 4040 quarto
1774 3971 2124 4040 pontificatus

535 4053 724 4110 domni
753 4055 998 4128 Gregorii
1035 4061 1280 4130 septimi,
1309 4060 1607 4116 indictione
1637 4061 1846 4118 decima
1869 4073 2084 4138 quarta.

605 4147 750 4204 Bene
779 4150 969 4208 valete.

1239 4221 1408 4285 XXII.

539 4329 891 4410 Pri‘zgilegium
916 4331 1328 4410 Gregoriipapa:
1340 4336 1452 4392 VII
1472 4356 1565 4410 per
1586 4340 1724 4410 quod
1743 4343 2120 4396 monasterium

607 4393 948 4484 (iigniacense
979 4393 1260 4462 σῦηιηιίὶιὶἱ
1281 4393 1559 4530 regendum
1591 4393 1771 4464 sancto
1800 4393 2119 4482 H'agbiiﬁi

607 4489 718 4530 eius
741 4477 1126 4530 successoribus
1151 4478 1331 4530 abbati
1369 4495 1430 4530 us
1452 4479 1887 4530 Cluniacensibus
1923 4483 1976 4530 in
1999 4499 2118 4530 uer.

603 4477 718 4554 ejus
741 4477 1126 4530 successoribus
1151 4477 1430 4532 abbatibus
1452 4477 1976 4540 Cluniacensibus'iu
1997 4477 2118 4554 per.

603 4553 802 4611 petum.

606 4616 612 4622 ’
1124 4615 1305 4687 (Anno
1338 4617 1524 4690 1075.)

885 4701 1213 4776 [Bullarium
1248 4705 1613 4776 Cluniacense,
1650 4708 1767 4782 ει]

609 4801 918 4860 Gnsconws
952 4807 1265 4878 episcopus,
1299 4825 1490 4865 servus
1512 4825 1793 4865 servorum
1827 4810 1942 4878 Dei,
1976 4813 2111 4874 cha—
2172 4823 2182 4828 ‘

449 4925 458 4934 -
535 4893 759 4950 rissimo
784 4896 896 4950 ﬁlio
930 4895 1136 4954 Hucom
1156 4899 1501 4956 Cluniacensi
1526 4902 1728 4956 abbati.

2235 2223 2528 2279 sideratam
2558 2223 2706 2294 longi
2729 2222 2934 2278 laboris
2956 2211 3260 2278 mercedem
3277 2238 3308 2276 a
3327 2221 3552 2277 Christo
3576 2232 3799 2293 receptu-

2231 2332 2349 2381 rus,
2399 2315 2632 2370 Domino
2671 2323 2919 2381 vocante,
2965 2314 3035 2368 ab
3078 2313 3184 2370 hoc
3227 2314 3434 2369 mundo
3495 2315 3795 2382 transieris,

2231 2419 2533 2474 omnesque
2573 2417 2927 2460 successores
2967 2412 3094 2461 tuos
3133 2405 3298 2458 talem
3343 2397 3416 2458 in'
3446 2403 3671 2474 praefato
3709 2403 3795 2460 Gi-

2230 2497 2442 2567 guiensi
2481 2496 2814 2551 monasterio
2857 2503 3180 2566 potestatem
3228 2495 3432 2550 habere
3465 2495 3718 2552 volumus
3748 2504 3798 2552 et

2229 2588 2372 2644 hanc
2419 2589 2741 2644 auctoritate
2785 2588 3130 2654 roboramus,
3172 2587 3377 2643 scilicet
3407 2595 3468 2643 ut
3493 2588 3676 2644 nullus
3705 2587 3796 2642 ibi-

2227 2675 2348 2738 dem
2381 2682 2551 2738 abbas
2585 2683 2816 2753 eligatur
2836 2689 2931 2736 aut
2953 2681 3259 2747 ordinetur,
3287 2681 3396 2736 nisi
3427 2679 3512 2736 vel
3539 2681 3662 2751 ipse
3679 2680 3796 2736 Clu-

2228 2774 2499 2831 niacensis
2519 2775 2687 2830 abbas
2705 2772 2937 2829 adfuerit
2959 2773 3603 2843 eumqueapprobaverit,
3617 2775 3699 2828 vel
3713 2789 3795 2844 per

2226 2869 2458 2937 legatum
2483 2881 2641 2922 suum
2665 2867 2964 2922 secundum
2977 2865 3227 2920 timorem
3243 2864 3338 2919 Dei
3359 2879 3652 2920 assensum
3673 2880 3797 2935 pra»

2225 2959 2422 3014 buerit.
2443 2957 2501 3012 Si
2532 2959 2657 3028 quis
2679 2966 2858 3012 autem
2891 2972 3104 3028 regum,
3127 2957 3544 3026 imperatorum,
3586 2957 3792 3022 ducum,

2225 3051 2522 3116 comitum,
2567 3065 2662 3106 seu
2700 3051 2954 3120 quaelibet
2995 3050 3223 3104 omnino
3271 3063 3472 3120 magna
3523 3049 3608 3102 vel
3645 3063 3795 3118 parva

2223 3157 2479 3212 persona,
2498 3143 2663 3212 hujus
2678 3143 2851 3198 nostri
2887 3141 3140 3212 praecepti
3161 3141 3504 3196 sanctionem
3527 3140 3798 3196 violaverit

2224 3243 2279 3290 et
2319 3234 2614 3306 infringere
2645 3251 2812 3291 ausus
2853 3233 3036 3301 fuerit,
3059 3233 3238 3288 donec
3275 3223 3390 3287 tibi.
3420 3243 3519 3288 aut
3551 3233 3662 3289 tuis
3684 3248 3795 3288 sue-

2225 3327 2536 3383 cessorihus
2549 3327 3207 3398 satisfeceritdiguamque
3222 3324 3606 3396 paenitentiam
3617 3325 3792 3397 egerit,

2225 3436 2349 3475 eum
2372 3427 2766 3476 asacrosancto
2789 3433 3016 3488 corpore
3047 3417 3436 3483 Domini,velut
3457 3417 3792 3489 sacrilegum,

2225 3523 2590 3576 removemus,
2621 3519 2676 3565 et
2714 3510 3011 3582 apostolica
3039 3509 3360 3564 auctoritate
3391 3509 3764 3578 prohibemus.

2235 3615 2238 3620 '
2297 3603 2490 3658 Datum
2527 3602 2850 3668 Lateranis,
2891 3601 3085 3672 quinto
3122 3600 3258 3656 .Idus
3309 3598 3663 3667 Decembris,
3710 3615 3794 3672 pa-

2193 3710 2420 3750 -manus
2457 3694 2624 3760 Petri,
2656 3703 2857 3750 sanctae
2885 3695 3146 3750 Romanae
3185 3692 3444 3748 Ecclesia:
3483 3693 3789 3764 presbyteri,

2223 3786 2516 3841 eardinalis
2536 3803 2600 3841 ac
2629 3786 3048 3852 bibliothecarii,
3071 3801 3218 3840 anno
3236 3793 3433 3855 quarto
3453 3786 3792 3855 pontiﬁcatus

2222 3876 2407 3930 domni
2430 3874 2674 3948 Gregorii
2696 3891 2847 3948 papa:
2867 3877 3106 3965 septimi,
3131 3876 3318 3932 indict.
3347 3877 3564 3932 decima
3585 3885 3787 3950 quarta.

2294 3969 2438 4024 Bene
2463 3971 2655 4024 valete.

2909 4037 3096 4094 XXIII.

2226 4133 2508 4204 Gregorius
2575 4131 2686 4187 VII
2735 4133 3041 4186 monasterii
3093 4130 3150 4188 S.
3191 4131 3345 4204 Petri
3395 4129 3786 4202 Caulomicnjs

2679 4203 3026 4274 possessiones
3066 4203 3364 4273 confirmat.

2799 4281 2980 4352 (Anno
3037 4280 3220 4352 1076.)

2365 4351 2542 4424 [Apud
2567 4349 2876 4419 Acnnnw'u,
2916 4351 3192 4423 Spicilegii
3219 4358 3352 4405 tom.
3391 4349 3468 4417 II,
3505 4349 3660 4424 584.]

2291 4444 2598 4500 Gnsconms
2633 4445 2942 4515 episcOpns,
2967 4457 3158 4500 servus
3194 4457 3480 4498 servorum
3509 4439 3629 4509 Dei,
3657 4442 3783 4498 dile-

2149 4553 2192 4616 υ
2217 4545 2306 4593 cto
2349 4537 2404 4591 in
2456 4536 2676 4595 Christo
2743 4537 2854 4591 ﬁlio
2897 4533 3192 4590 Rununno
3244 4533 3428 4590 abbati
3475 4532 3783 4588 monasterii

2222 4629 2407 4685 Sancti
2433 4628 2578 4684 Petri
2605 4630 2693 4685 siti
2721 4629 2776 4684 in
2804 4629 2926 4684 loco
2947 4627 3042 4698 qui
3063 4627 3264 4682 dicitur
3281 4625 3626 4692 Condomus,
3649 4624 3782 4680 suis~

2219 4735 2327 4794 que
2353 4720 2762 4775 successoribus
2783 4720 2864 4773 in‘
2883 4724 3222 4790 perpetuum.

2293 4809 2554 4882 Supernae
2575 4810 2947 4866 miserationis
2980 4816 3227 4878 respectu
3252 4807 3320 4862 ad
3342 4807 3448 4862 hoc
3470 4805 3782 4863 universalis

2216 4901 2474 4957 Ecclesiae
2493 4916 2682 4957 curam
2710 4900 3071 4970 suscepimus,
3117 4905 3174 4954 et
3213 4897 3504 4968 apostolici
3545 4899 3781 4953 modera-

607 4982 761 5040 Justa
808 4997 1120 5060 sanctasque
1157 4991 1406 5062 religioni
1437 4991 1722 5062 profutura
1758 4995 2140 5064 poscentibus-
2214 4993 2379 5050 minis
2414 4994 2833 5050 sollicitudinem
2874 4993 3132 5064 gerimus,
3177 5000 3238 5046 ut
3254 4990 3422 5062 justis
3449 4991 3778 5062 precantium

537 5091 724 5124 aurem
756 5091 858 5124 nos
879 5087 1091 5126 nnnrtet
1112 5081 1424 5126 hnnpvnlnm
1445 5084 1792 5126 onmmmlnm
1835 5095 2110 5128 niis-tamne.

2214 5085 2357 5128 vntic
2401 5094 2602 5128 ultimm
2661 5078 2992 5128 Imnianitnm
3045 5083 3342 5128 fnvnammt-
3401 5093 3459 5128 ρι
3502 5084 3777 5128 Iiltramim
