3972 5390
535 339 636 441 (δὴ

1239 524 1425 582 XXVI.

539 661 782 734 Gregorii
829 664 938 750 Vl!
982 667 1208 751 epistola
1374 647 1682 751 Germanos.
1705 703 1783 751 _—
1803 669 2010 751 Causas
2031 684 2126 728 ea:-

642 739 1131 794 communicationis
1147 739 1198 793 Η
1201 740 1386 796 eiurici
1408 744 1742 812 imperatoris
1763 743 2013 814 explicat.

1103 875 1295 948 (Anno
1372 877 1555 952 10:6.)

963 1009 1158 1084 [Maust
1201 1011 1407 1075 ϐοτη-ἐι.
1438 1013 1557 1082 XX,
1581 1013 1733 1086 577.]

605 1144 934 1220 GREGORIUS,
959 1168 1154 1211 servus
1173 1172 1458 1214 servorum
1487 1157 1602 1228 Dei,
1629 1140 1886 1215 omnibus
1907 1159 2122 1232 episco-

533 1239 640 1332 pis,
677 1241 929 1323 ducibus,
953 1248 1266 1318 comitibus,
1303 1255 1620 1327 caeterisque
1641 1258 1697 1313 in
1732 1274 1900 1332 regno
1919 1265 2122 1320 Teuto-

533 1331 786 1390 nicorum
812 1335 1180 1396 Christianam
1215 1343 1377 1400 ﬁdem
1421 1346 1839 1412 defendentibus
1889 1359 2120 1416 salutem

531 1431 589 1479 et
617 1428 974 1496 apostolicam
993 1431 1447 1496 benedictionem.
1677 1487 1686 1496 .
2100 1464 2102 1466 '

603 1517 930 1577 Audivimus
975 1523 1119 1581 inter
1161 1543 1264 1609 vos
1305 1533 1574 1602 quosdam
1621 1537 1689 1594 de
1739 1545 2119 1602 excommuni-

517 1609 773 1704 catione,
796 1628 960 1684 quam
998 1617 1052 1672 in
1085 1635 1268 1692 regem
1299 1621 1552 1696 fecimus,
1578 1629 1850 1702 dubitare,
1876 1651 1942 1693 ac
1971 1653 2122 1710 quae-

534 1715 658 1757 rere
705 1711 892 1760 utrum
934 1707 1082 1778 juste
1125 1712 1198 1768 sit
1236 1721 1774 1793 excommunicatus,
1813 1735 1869 1784 et
1913 1729 1960 1784 si
1988 1707 2117 1786 ἠο-

1459 386 1515 448 s.
1557 387 1886 450 cnsconu
1923 388 2016 445 vn
2038 357 2250 444 pm
2290 385 2575 474 eranum
2611 383 2795 442 rans
2829 383 2894 442 ιι.
3139 447 3142 451 _

2095 571 2100 578 ,
2147 505 2198 564 Α
2223 501 2468 574 nequitia
2497 497 2843 572 pertinaciter
2871 505 3016 559 stare
3037 493 3382 570 agnovimus,
3414 488 3556 548 sicut
3574 489 3800 561 dignum

3680 378 3798 434 672

2225 604 2364 662 erat,
2379 595 2674 666 sacrilegos
2685 591 3038 649 administros
3048 598 3102 646 et
3117 587 3363 644 membra
3377 585 3580 642 diaboli
3602 601 3632 639 a
3649 600 3804 640 cum-

2221 686 2484 742 munione
2498 693 2550 740 et
2566 699 2792 755 corpore
2803 682 2970 738 totius
2980 678 3238 737 Ecclesiae
3248 669 3699 749 separavimus,et
3709 689 3806 730 re-

2224 791 2345 850 gem
2365 785 2427 861 ut
2453 791 2550 832 eos
2579 791 2610 830 a
2631 775 2796 830 domo
2809 788 2933 841 sua,
2963 787 2996 828 a
3015 767 3286 837 consiliis,
3315 777 3370 824 et
3389 767 3540 824 omni
3558 780 3804 820 commu-

2221 877 2386 934 nione
2397 893 2518 946 sua,
2533 878 2676 934 sicut
2686 874 3190 932 excommunicatos
3201 873 3514 947 expelleret,
3525 871 3807 928 admonui-

2206 985 2368 1042 mus.
2382 968 2602 1024 Interim
2613 983 2764 1036 vero,
2791 969 3203 1040 ingravescente
3219 975 3416 1022 contra
3425 979 3606 1037 regem
3625 963 3802 1020 Saxo-

2223 1073 2355 1114 num
2377 1075 2562 1126 causa,
2587 1073 2713 1116 cum
2730 1057 2875 1112 vires
2887 1065 2940 1110 et
2957 1055 3206 1126 praesidia
3221 1055 3371 1126 regni
3383 1070 3448 1110 ex
3465 1063 3616 1124 parte
3629 1055 3811 1109 maxi-

2221 1171 2312 1211 ma
2324 1173 2354 1210 a
2369 1172 2428 1212 se
2441 1157 2674 1212 dellcere
2685 1153 3190 1226 velleconspiceret,
3208 1152 3430 1230 interim
3443 1151 3805 1209 direxitnobis

2221 1249 2508 1320 epistolam
2541 1251 2862 1322 supplicem,
2891 1257 2946 1306 et
2973 1248 3463 1322 omnihumilitate
3491 1247 3714 1318 plenam,
3739 1247 3808 1302 in

2221 1357 2330 1412 qua
2360 1342 2723 1414 omnipotenti
2745 1341 2878 1409 Deo,
2907 1347 2962 1396 et
2989 1339 3148 1396 beato
3175 1339 3342 1396 Petro
3371 1354 3439 1394 ac
3466 1337 3624 1394 nobis
3647 1338 3808 1394 valde

2222 1448 2284 1490 se
2331 1435 2662 1514 culpabilem
2711 1435 2966 1502 reddens,
2996 1448 3190 1504 preces
3246 1433 3413 1489 etiam
3475 1430 3682 1498 “obtulit,
3711 1439 3803 1498 ut,

2222 1527 2371 1599 quod
2406 1544 2474 1596 ex
2508 1543 2611 1586 sua
2638 1529 2798 1600 culpa
2845 1528 2903 1584 in
2953 1524 3347 1587 ecclesiasticis
3391 1521 3580 1580 causis
3617 1531 3804 1578 cotra

2221 1618 2545 1675 canonicam
2565 1618 2836 1690 justitiam
2859 1629 2915 1676 et
2962 1619 3184 1676 decreta
3235 1624 3553 1674 sanctorum
3585 1611 3807 1678 Patrum

2223 1705 2428 1764 factum
2453 1706 2670 1776 fuisset,
2703 1717 2896 1766 nostra
2923 1708 3224 1781 apostolica
3267 1703 3557 1780 prudentia
3599 1712 3652 1759 et
3699 1718 3808 1757 au-

534 1801 648 1850 stra
693 1799 965 1904 sententia
1007 1817 1071 1860 ex
1129 1810 1458 1867 auctoritate
1502 1813 1691 1886 legalis
1723 1833 1990 1890 censurae,
2029 1839 2116 1894 ea,
2151 1847 2195 1904 Β
2221 1801 2471 1859 ctoritate
2502 1801 2774 1875 corrigere
2811 1801 3179 1867 studeremus,
3214 1807 3380 1870 atque
3424 1795 3484 1854 in
3531 1809 3598 1850 eo
3648 1809 3806 1850 suam

533 1900 642 1956 qua
713 1889 941 1961 debuit,
995 1894 1386 1957 deliberatione
1445 1920 1663 1978 egressa
1713 1911 1804 1966 sit.
1866 1889 2117 1986 Quapro;

511 1988 674 2055 ‘pter,
707 1985 942 2054 qualiter
980 1989 1048 2046 ad
1083 1997 1672 2057 excommunicandum
1711 2003 1864 2062 illum
1901 2007 2119 2066 adducti

533 2088 747 2142 sumus,
763 2087 925 2148 prout
961 2083 1146 2139 verius
1192 2089 1552 2159 potuerimus,
1590 2089 1727 2150 tc'ste
1783 2099 2118 2160 conscientia

531 2173 742 2237 nostra,
780 2172 956 2229 oculis
1003 2183 1059 2231 et
1115 2177 1476 2240 intellectibus
1533 2187 1776 2243 omnium
1815 2189 2121 2260 patefacere

533 2261 870 2358 curabimus,
898 2282 1010 2322 non
1045 2277 1157 2324 tam
1193 2281 1254 2327 ut
1293 2273 1535 2348 singulas
1571 2295 1788 2348 causas,
1813 2283 1948 2339 heu!
1997 2302 2120 2358 quae

426 2417 431 2422 ι
531 2351 765 2455 nimium
788 2365 931 2414 notae
951 2369 1098 2428 sunt,
1121 2365 1278 2434 quasi
1300 2377 1488 2424 nostro
1509 2370 1746 2429 clamore
1766 2351 2121 2447 projiciamus

533 2447 587 2500 in
611 2447 910 2517 publicum,
941 2468 1106 2523 quam
1157 2465 1217 2511 ut
1275 2473 1466 2516 eorum
1504 2463 1856 2534 opinionibus
1901 2467 2122 2526 satisfa-

531 2536 744 2596 ciamus
769 2543 863 2614 qui
898 2554 1089 2615 putant
1121 2565 1222 2606 nos
1253 2551 1590 2622 spiritualem
1617 2557 1854 2629 gladium
1894 2569 2118 2630 temere,

533 2637 589 2684 et
637 2635 810 2704 magis
847 2649 999 2694 motu
1043 2641 1212 2697 animi
1246 2647 1422 2700 nostri
1467 2663 1632 2718 quam
1677 2651 1860 2708 divino
1890 2663 2038 2710 metu
2067 2665 2122 2712 et

529 2723 760 2794 justitiae
814 2729 954 2798 zelo,
1001 2733 1320 2804 arripuisse.
1351 2736 1488 2796 Cum
1535 2742 1714 2800 adhuc
1757 2745 1814 2799 in
1857 2746 2119 2804 diacona-

535 2821 638 2913 tus
652 2817 829 2913 cilicio
873 2825 1040 2892 positi
1095 2841 1363 2898 essemus,
1403 2833 1608 2903 perlata
1632 2836 1700 2891 ad
1732 2853 1834 2893 nos
1871 2839 1940 2894 de
1975 2841 2121 2913 regis

533 2909 842 2988 actionibus
868 2914 1091 2975 sinistra
1115 2927 1169 2975 et
1190 2921 1423 2979 multum
1450 2920 1737 2984 inhonesta
1778 2929 1924 2988 fama
1950 2951 1964 2989 :
1993 2909 2124 3004 ρίο-
2143 2909 2158 2916 ’

513 3008 654 3070 .pter
672 3001 1022 3106 ‘imperialem
1036 3009 1388 3082 dignitatem,
1412 3027 1467 3072 et
1487 3023 1844 3080 reverentiam
1873 3001 2044 3095 patris
2067 3033 2124 3082 et

517 3095 726 3158 ;matris
751 3095 892 3168 ejus,
912 3115 1141 3160 nec-nou
1159 3115 1381 3177 propter
1404 3125 1553 3180 spem
1573 3121 1629 3168 et
1653 3114 1984 3173 desiderium
2006 3135 2124 3176 cor-

2220 1897 2380 1970 nobis
2419 1898 2804 1968 obedientiam,
2835 1897 3150 1965 consilium,
3170 1903 3226 1952 et
3249 1892 3406 1950 ﬁdele
3433 1889 3686 1964 promisit
3709 1889 3808 1944 ad-

2215 1991 2502 2063 iutorium.
2535 1993 2650 2050 Hoc
2664 1994 2808 2050 idem
2839 1993 3004 2051 etiam
3029 2000 3221 2062 postea
3265 2005 3297 2050 a
3334 1985 3706 2044 confratribus
3749 1993 3808 2040 et

2219 2090 2413 2164 legatis
2441 2091 2646 2148 nostris
2706 2089 3005 2146 Humberto
3050 2085 3390 2143 Praenestino
3443 2081 3721 2153 episeopo,
3748 2087 3804 2134 et

2220 2186 2451 2243 Geraldo
2481 2186 2755 2244 Hostiensi
2782 2186 3060 2258 episcopo,
3098 2197 3240 2255 quos
3257 2181 3324 2238 ad
3350 2181 3510 2240 illum
3539 2177 3802 2240 misimus,

2214 2278 2287 2356 ad
2316 2278 2692 2350 pceuitentiam
2721 2283 3010 2347 susceptus
3037 2275 3092 2330 in
3122 2273 3342 2331 illorum
3373 2285 3580 2326 manus
3609 2283 3699 2340 per
3719 2282 3807 2322 sa-

2220 2381 2346 2424 cras
2395 2367 2567 2424 stolas
2596 2383 2737 2439 quas
2781 2366 2837 2422 in
2884 2365 3025 2421 collo
3070 2363 3348 2430 tenebant,
3383 2357 3805 2432 repromittendo

2222 2461 2583 2518 confirmavit.
2616 2459 2752 2517 Dein
2794 2468 2921 2531 post
2965 2456 3188 2530 aliquod
3241 2465 3464 2527 tempus
3511 2451 3806 2509 commisso

2221 2571 2347 2612 cum
2373 2554 2685 2611 Saxonibus
2699 2553 2910 2625 praelia,
2940 2569 3059 2620 rex,
3095 2567 3198 2624 pro
3225 2549 3457 2614 victoria
3483 2561 3653 2618 quam
3684 2545 3805 2600 ade-

2217 2659 2348 2723 ptus
2383 2659 2488 2717 est,
2521 2649 2660 2705 tales
2704 2647 2820 2704 Deo
2865 2657 3050 2720 grates
3114 2649 3174 2702 et
3219 2643 3475 2700 victimas
3505 2639 3722 2704 obtulit,
3749 2647 3808 2692 ut

2215 2753 2348 2816 _vota
2377 2759 2500 2816 quae
2527 2744 2593 2800 de
2615 2742 2994 2806 emendatione
3019 2757 3119 2796 sua
3150 2738 3372 2803 fecerat,
3387 2735 3659 2793 continuo
3677 2733 3807 2788 [ran-

2223 2848 2394 2912 geret,
2419 2850 2474 2896 et
2507 2839 2645 2895 nihil
2663 2853 2855 2894 eorum
2881 2851 3004 2908 quae
3043 2835 3204 2891 nobis
3251 2831 3610 2905 promiserat,
3639 2840 3806 2886 atten—

2219 2934 2379 3003 dens,
2395 2931 2897 2991 excommunicatos
2908 2931 2965 2986 in
2977 2945 3134 2986 suam
3149 2927 3585 2994 familiaritatem
3599 2933 3658 2980 et
3675 2937 3808 2978 com-

2226 3030 2544 3086 munionem
2581 3030 2870 3100 reciperet,
2897 3011 2954 3083 et
2978 3027 3242 3084 ecclesias
3261 3023 3320 3079 in
3348 3038 3472 3079 eam
3493 3036 3666 3094 quam
3693 3035 3808 3076 cou-

2225 3129 2516 3176 sueverant
2567 3118 2947 3175 confusionem
2985 3117 3246 3173 traheret.
3277 3113 3398 3182 Qua
3443 3113 3516 3168 de
3561 3126 3627 3167 re
3672 3108 3808 3184 gravi

535 3185 797 3291 τοθῑίρηξε
843 3192 966 3291 elusi
991 3197 1318 3291 Pél'lilteras
1351 3217 1494 3274 saepe
1534 3205 1925 3264 admonuimus
1978 3219 2037 3266 ut
2091 3227 2124 3267 a
2151 3207 2193 3265 C
2224 3214 2411 3272 dolore
2430 3214 2692 3286 perculsi,
2723 3227 3038 3284 quanquam
3070 3211 3274 3282 potius,
3307 3209 3626 3278 contempta
3681 3204 3808 3276 regis

534 3285 804 3373 pravitate
822 3299 919 3338 sua
935 3285 1239 3358 desisteret,
1262 3301 1336 3360 et,
1361 3311 1572 3352 memor
1589 3299 1885 3356 clarissimi
1905 3305 2123 3373 generis
2227 3285 2465 3358 Caelestis
2495 3300 2870 3366 beneﬁcentia,
2902 3314 3040 3370 pene
3063 3297 3246 3354 omnis
3287 3311 3417 3368 spes
3457 3293 3810 3351 correctionis

537 3385 603 3425 ac
635 3371 916 3442 dignitatis
943 3394 1076 3446 suae,
1097 3383 1264 3438 vitam
1319 3402 1474 3443 suam
1511 3392 1758 3448 moribus
1793 3371 1994 3464 quibus
2039 3411 2126 3452 re-
2224 3395 2346 3465 ejus
2375 3395 2536 3450 nobis
2559 3395 2739 3451 ablata
2783 3393 2856 3450 sit
2884 3380 3084 3460 adhuc,
3117 3401 3300 3448 tamen
3324 3391 3582 3446 animum
3612 3398 3807 3458 tempe—

538 3477 666 3564 gem
693 3473 748 3519 et
768 3465 1036 3564 futurum,
1061 3469 1174 3530 Deo
1194 3477 1450 3548 donante,
1473 3482 1688 3539 deceret
1715 3485 2120 3556 imperatorem,

537 3554 865 3656 institueret.
890 3559 1183 3634 Postquam
1210 3577 1391 3625 autem
1412 3572 1480 3626 ad
1505 3554 1852 3643 pontiﬁcatus
1893 3554 2123 3648 apicem,

538 3643 666 3702 licet
695 3648 925 3724 indigni,
953 3657 1224 3725 venimus,
1249 3670 1304 3716 et
1341 3662 1418 3716 illi
1463 3675 1596 3721 aetas
1633 3668 1838 3737 pariter-
1880 3643 2126 3728 crescere

539 3739 706 3808 coepit
743 3751 797 3798 et
853 3744 1137 3817 iniquitas,
1170 3751 1534 3827 intelligentes
1563 3757 1736 3816 Deum
1780 3763 2127 3834 omnipoten-

541 3837 648 3885 tem
680 3841 834 3926 tanto
857 3837 1162 3898 districtius
1200 3844 1266 3900 de
1290 3863 1457 3904 manu
1487 3845 1676 3907 nostra
1728 3853 1969 3910 animam
2005 3857 2125 3926 ejus

537 3924 1192 4004 requisiturum,’quanto
1221 3939 1380 3994 nobis
1411 3941 1564 3998 illum
1613 3945 1683 4001 ad
1733 3924 2124 4018 increpandam

476 4021 482 4027 '
539 4029 654 4086 pra:
681 4021 896 4080 cunctis
920 4025 1142 4083 libertas
1163 4029 1287 4102 data
1314 4031 1509 4092 fuisset
1536 4043 1590 4093 et
1617 4039 1936 4108 auctoritas,
1951 4042 2125 4098 multo

539 4109 829 4170 sollicitius
885 4133 1008 4174 eum
1068 4122 1246 4178 modis
1297 4127 1554 4184 omnibus
1611 4131 1910 4202 arguendo,
1965 4135 2126 4192 obse-

516 4204 766 4278 crando,
789 4207 1140 4283 increpando,
1165 4216 1234 4270 ad
1249 4221 1688 4279 emendationem
1713 4225 1838 4281 vitae
1861 4241 1976 4282 sum
1996 4228 2126 4283 bor-

515 4296 636 4350 .tati
667 4312 878 4358 sumus.
913 4303 1016 4371 Qui
1053 4321 1179 4364 cum
1209 4311 1370 4368 nobis
1571 4316 1930 4374 salutationes
1952 4329 2008 4374 et
2035 4319 2124 4375 lit-

535 4396 686 4446 teras
715 4393 971 4462 mitteret,
1007 4413 1279 4458 excusans
1308 4419 1369 4459 se
1396 4421 1520 4462 cum
1535 4424 1602 4462 ex
1625 4418 1802 4475 aetate,
1827 4425 1950 4482 quae
1977 4411 2124 4468 ﬂuxa

521 4493 761 4540 essetet
789 4485 1018 4559 fragilis,
1051 4501 1165 4548 tum
1193 4497 1340 4566 quod
1369 4498 1440 4553 ab
1469 4500 1555 4556 bis
1603 4501 1660 4556 in
1718 4517 1954 4572 quorum
2007 4519 2125 4559 ma-

2227 3486 2456 3542 randum
2493 3483 2611 3540 fore
2646 3483 2989 3540 decrevimus
3017 3483 3195 3556 magis
3219 3481 3504 3554 cupientes
3529 3496 3662 3537 eum
3693 3493 3810 3550 apo-

2227 3578 2477 3636 stolicam
2499 3577 2688 3632 audire
2724 3575 3224 3643 mansuetudinem,
3255 3589 3423 3646 quam
3461 3572 3701 3644 experiri
3729 3586 3808 3626 se-

2225 3672 2532 3729 veritatem.
2563 3669 2752 3741 ltaque
2781 3670 3038 3741 misimus
3083 3669 3134 3724 ei
3161 3667 3428 3728 epistolas
3455 3664 3810 3720 commonito-

2226 3764 2360 3830 rias,
2397 3774 2457 3820 ut
2481 3763 2791 3822 meminerit
2829 3763 2982 3834 quid,
3009 3772 3063 3818 et
3089 3761 3179 3823 c’ui
3209 3759 3549 3832 promiserit,
3582 3772 3654 3812 ne
3699 3771 3808 3810 cre-

2223 3855 2318 3910 dat
2354 3870 2414 3910 se
2445 3869 2606 3926 posse
2647 3852 2838 3908 fallere
2885 3852 3079 3919 Deum,
3105 3851 3262 3922 cujus
3289 3857 3502 3920 quanto
3549 3845 3806 3918 prolixior

2223 3952 2310 4002 est
2355 3943 2637 4016 patientia,
2697 3951 2857 3999 tanto
2912 3942 3160 3999 severior
3199 3950 3317 4008 est,
3363 3955 3492 3997 cum
3543 3939 3809 3994 Vindium

2226 4036 2471 4106 coeperit,
2498 4035 2612 4102 ira;
2647 4049 2717 4090 ne
2765 4033 3062 4090 inhonoret
3101 4031 3274 4086 Deum
3323 4031 3696 4086 bonorantem
3737 4043 3806 4093 se,

2223 4143 2327 4184 nec
2371 4127 2670 4198 potentiam
2716 4141 2872 4182 suam
2931 4125 3003 4180 ad
3033 4125 3130 4180 Dei
3158 4131 3556 4194 contemptum,
3597 4131 3654 4178 et
3685 4137 3808 4193 apo-

2223 4221 2475 4280 stolicam
2543 4226 2714 4277 tentet
2777 4218 3072 4275 extendere
3135 4215 3532 4290 contumeliam
3556 4254 3574 4282 ,
3639 4214 3808 4270 sciens

2224 4313 2372 4386 quod
2455 4312 2706 4384 superbis
2781 4311 2993 4370 resistit
3063 4309 3232 4378 Deus,
3284 4308 3591 4365 humilibus
3639 4315 3807 4363 autem

2213 4405 2317 4462 .dat
2337 4405 2589 4478 gratiam.
2605 4403 2875 4462 Praeterea
2905 4403 3160 4460 misimus
3186 4403 3256 4458 ad
3279 4417 3406 4458 eum
3434 4411 3550 4457 tres
3600 4399 3808 4472 religio-

2225 4511 2316 4552 sos
2339 4499 2511 4562 viros,
2535 4510 2664 4551 suos
2694 4495 2885 4566 utique
2913 4493 3120 4562 ﬁdeles,
3150 4509 3246 4565 per
3273 4505 3416 4564 quos
3443 4505 3572 4546 eum
3607 4497 3807 4545 semoto

541 4573 706 4632 nibus
734 4594 867 4635 cura
897 4581 1032 4661 ejus,
1069 4561 1516 4654 erat,—multoties
1557 4593 1660 4648 sibi
1696 4561 1838 4650 male
1891 4611 2120 4652 suasum
2155 4561 2540 4648 l)monuimus
2567 4599 2632 4645 ut
2661 4561 3040 4660 paenitentiam
3060 4561 3245 4660 ageret
3261 4561 3331 4642 de
3351 4585 3472 4642 suis
3494 4583 3805 4649 sceleribus,

538 4676 703 4738 atque
731 4673 1042 4730 consultum
1072 4676 1146 4732 sit
1163 4719 1178 4744 ,
1211 4680 1419 4736 monita
1459 4695 1647 4739 nostra
1677 4685 1745 4741 de
1773 4686 1860 4742 die
1891 4687 1946 4742 in
1973 4687 2117 4744 diem
2223 4699 2368 4757 quae,
2385 4700 2552 4756 quam
2575 4682 2988 4742 borreudasunt
3009 4681 3442 4752 dieta,pluribus
3457 4689 3646 4744 tamen
3666 4687 3804 4743 nota.

507 4774 611 4862 ise.
629 4765 1034 4864 promptissime
1074 4780 1456 4842 suscepturum
1499 4776 1684 4832 verbis
1725 4777 1942 4848 quidem
1996 4795 2123 4851 pro—
2221 4787 2278 4836 e’t
2326 4780 2382 4834 in
2431 4779 2618 4835 multis
2637 4778 2888 4850 partibus
2915 4788 3076 4833 terra:
3101 4776 3399 4848 divulgata.
3431 4773 3664 4844 Propter
3699 4786 3806 4844 quae

538 4861 717 4953 misit;
744 4867 999 4953 caeterum
1024 4877 1105 4928 re,
1131 4870 1186 4918 et
1225 4867 1642 4936 exaggeratione
1695 4869 1977 4940 culparum
2021 4887 2120 4942 pe-
2182 4887 2190 4896 ’
2223 4885 2334 4927 non
2359 4871 2540 4926 solum
2566 4869 3035 4927 excommunieari
3068 4882 3244 4939 usque
3271 4866 3340 4922 ad
3391 4864 3611 4937 dignam
3656 4863 3806 4920 satis.

525 4948 1342 5011 nituscouculcavit.lnterbaec
1361 4957 1629 5026 quosdam
1652 4957 1947 5015 familiares
1967 4975 2118 5029 suos,
2216 4963 2534 5032 factionem,
2566 4964 2664 5019 sed
2725 4965 2891 5020 etiam
2916 4963 2986 5018 ab
3035 4961 3186 5018 omni
3240 4961 3451 5016 honore
3495 4957 3651 5030 regni
3692 4972 3805 5014 eum

539 5049 774 5172 quo'rum
811 5043 1058 5098 consiliis
1081 5055 1138 5100 ct
1159 5047 1660 5104 machinationibus
1703 5051 2048 5123 episcopatus
2067 5063 2122 5110 et
2225 5059 2432 5128 absque
2456 5057 2605 5112 omni
2623 5071 2718 5126 spe
2746 5053 3176 5128 recuperationis
3205 5051 3406 5108 debere
3451 5049 3698 5116 destitui,
3727 5047 3808 5105 di.

541 5143 632 5172 mu
659 5136 708 5172 In
741 5135 1072 5172 “translatos-in
1131 5137 1364 5172 ἷιιιιηηοξι-
1420 5157 1515 5172 nan
1543 5143 1776 5172 ηκηιὲιηη
1827 5144 1967 5172 1..-}-
2016 5161 2114 5172 -..Α
2251 5153 2274 5171 γρ
2329 5167 2469 5172 ,,_-_,--
2513 5161 2552 5172 -.
2591 5153 2949 5172 L,-_--_-__._.-
2984 5151 3162 5172 I-_.__.
3187 5155 3422 5172 ........ι-...
3441 5155 3492 5172 ..ι
3524 5147 3668 5172 ξηιλ.
3720 5157 3781 5172 ..η

541 5135 708 5172 ΙηΙΙΙΙΩ
741 5135 1072 5172 "translatos-in
1131 5137 1364 5172 :III‘IIA.:O
1420 5157 1515 5172 nan
1543 5143 1678 5172 nunt:

1131 5137 1364 5172 :III‘IIA.:O
1420 5157 1515 5172 nan
1543 5143 1776 5172 nnnl:ulnn
1827 5144 1967 5172 ‘---,A
2016 5161 2114 5172 ...κΑ

2251 5153 2274 5171 ,9
2329 5169 2338 5172 ν
2357 5167 2469 5172 ,_-_,--
2513 5161 2552 5172 ,Α
2591 5153 2617 5172 ι.
2633 5168 2714 5172 ,---
2732 5166 2744 5172 -
2761 5169 2784 5172 __
2803 5167 2949 5172 -._..-_.-
2984 5151 3162 5172 ’-μα--α
3187 5155 3422 5172 ι--.-Δ-ι-
3441 5155 3492 5172 Λα
3524 5147 3668 5172 2..ι.ηο
3720 5157 3781 5172 Α..

2016 5161 2114 5172 -ιιιΑ
