3972 5390
163 283 256 340 675
1022 274 1381 331 EPISTOLJS
1418 269 1652 329 EXTRA
1688 271 2082 329 BEGISTRUM
2119 270 2509 330 VAGANTES.

3285 272 3391 329 674

166 392 374 464 ho'nore,
390 404 445 452 et
470 409 598 451 cum
640 401 842 465 quanta
901 390 1167 475 charitate
1222 405 1347 444 eum
1398 388 1453 442 in
1512 386 1718 459 gremio
1748 391 1794 447 Α
1818 388 1956 458 ejus,
1982 395 2326 443 etconvertat
2356 400 2452 441 cor
2498 383 2641 455 regis
2685 383 2752 439 ad
2797 384 3185 455 pznitentiam,
3224 395 3285 442 ut
3338 397 3396 443 et

165 502 352 547 sancta:
391 478 646 542 Ecclesiae
692 483 1162 554 amplecteremur,
1206 488 1393 551 utpote
1439 494 1566 534 eum
1601 477 1718 549 qui,

162 582 397 652 princeps
414 578 600 649 populi
629 575 979 640 constitutus,
1006 583 1059 633 et
1081 570 1400 642 amplissimi
1429 570 1579 642 regni
1619 584 1721 640 gu-

165 650 441 726 bernaclua
470 678 685 736 tenens,
709 660 989 722 catholicae
1018 664 1170 734 pacis
1190 672 1243 717 et
1263 661 1490 733 iustitiae
1532 650 1723 715 defen-

165 782 253 821 sor
277 780 393 821 esse
421 764 656 820 deberet.
687 760 887 817 Verum
917 759 1107 831 quanti
1137 760 1253 830 ipse
1272 767 1367 813 aut
1388 757 1612 827 scripto,
1633 763 1728 810 aut

164 875 258 931 per
307 859 508 930 legatos
546 857 718 913 missa
757 864 945 911 nostra
996 854 1162 909 verba
1201 853 1408 920 fecerit,
1438 851 1558 922 ejus
1585 849 1725 906 facta

165 948 459 1018 declarant;
489 948 585 1019 qui
613 946 834 1018 indigne
883 942 1064 1000 ferens
1093 959 1151 1000 se
1172 959 1205 999 a
1233 956 1508 1013 quoquam
1548 955 1729 1011 repre-

167 1036 321 1092 hendi
342 1044 435 1092 aut
451 1033 673 1105 corripi,
706 1048 815 1088 non
839 1032 1017 1087 solum
1036 1047 1067 1085 a
1091 1030 1417 1102 perpetratis
1444 1028 1511 1083 ad
1538 1041 1728 1083 emen-

166 1128 433 1183 dationem
484 1124 728 1181 revocari
786 1138 899 1180 non
941 1123 1139 1194 potuit,
1161 1121 1258 1178 sed
1307 1118 1557 1199 ampliori
1606 1132 1732 1173 con-

169 1224 399 1279 scientiae
428 1221 615 1277 furore
634 1228 939 1290 correptus,
965 1233 1077 1274 non
1101 1217 1254 1288 prius
1283 1214 1537 1281 cessavit,
1560 1212 1733 1268 donec

168 1314 603 1385 episcopospene
624 1325 820 1366 omnes
858 1310 917 1364 in
945 1307 1127 1375 italia,
1160 1307 1216 1360 in
1254 1303 1569 1361 Teutonicis
1603 1318 1735 1359 vero

166 1411 405 1481 partibus
449 1415 719 1479 quotquot
745 1405 944 1476 potuit,
974 1404 1121 1460 circa
1157 1402 1320 1457 ﬁdem
1348 1398 1575 1475 Christi
1598 1413 1736 1453 nau-

170 1502 372 1574 fragare
392 1499 540 1567 fecit,
563 1500 696 1555 dum
715 1513 814 1554 eos
831 1498 1068 1553 debitam
1088 1497 1247 1551 beato
1267 1494 1429 1549 Petro
1452 1502 1506 1549 et
1526 1500 1740 1564 aposto-

169 1575 284 1649 licae
309 1593 415 1647 sedi
445 1589 831 1657 obedientiam,
852 1597 909 1645 et
934 1589 1196 1644 honorem
1234 1602 1267 1641 a
1295 1584 1529 1640 Domino
1549 1591 1739 1639 nostro

170 1673 290 1738 Iesu
310 1681 525 1737 Christo
547 1694 893 1746 concessum,
919 1678 1187 1748 abnegare
1214 1676 1444 1747 subegit.
1469 1673 1607 1730 Cum
1638 1675 1740 1746 igi-

173 1784 254 1829 tur
273 1773 615 1843 iniquitatem
643 1771 764 1841 ejus
787 1769 856 1824 ad
885 1783 1164 1824 summum
1192 1766 1460 1837 prodiisse
1483 1765 1737 1833 vidimus,

172 1879 263 1934 pro
296 1863 382 1919 his
433 1863 642 1930 causis,
665 1861 941 1926 videlicet,
988 1860 1246 1930 primum,
1272 1857 1419 1927 quod
1450 1857 1519 1911 ab
1546 1872 1741 1912 eorum

175 1955 547 2010 communione
567 1954 663 2024 qui
690 1968 792 2024 pro
812 1952 1078 2023 sacrilego
1107 1960 1262 2006 reatu
1283 1948 1606 2004 Simoniacae
1635 1950 1744 2004 ha:-

174 2047 299 2105 resis
321 2046 727 2103 excommuuati
757 2055 906 2111 sunt,
921 2060 981 2100 se
1002 2044 1276 2099 abstinere
1298 2042 1497 2109 noluit,
1519 2040 1741 2097 demum

174 2140 307 2209 quod
317 2155 412 2210 pro
426 2137 741 2194 criminosis
756 2135 1199 2196 actionibusviue
1218 2150 1332 2189 suae
1347 2133 1740 2204 pmnitentiam,

177 2247 273 2286 non
292 2232 412 2288 dico
437 2231 739 2302 suscipere,
769 2231 865 2286 sed
884 2246 982 2285 nec
1005 2229 1317 2299 promittere
1326 2228 1523 2303 “voluit,
1545 2227 1744 2281 immu-

175 2332 276 2379 tata
285 2340 367 2392 ea,
376 2340 544 2395 quam
556 2324 614 2378 in
625 2336 820 2377 manus
841 2322 1140 2392 legatorum
1152 2329 1466 2376 nostrorum
1485 2319 1747 2390 promise-

178 2430 271 2485 rat,
288 2419 408 2485 tide,
423 2431 649 2472 necnon
667 2416 814 2488 quod
825 2430 1022 2485 corpus
1031 2413 1237 2470 Christi
1258 2422 1313 2470 et
1339 2413 1601 2469 unitatem
1618 2427 1746 2467 san-

180 2521 267 2567 cta:
284 2511 529 2567 scindere
539 2508 798 2565 Ecclesia:
814 2524 923 2562 non
942 2507 1242 2577 expaverit,
1260 2522 1360 2577 pro
1376 2506 1483 2572 his,
1497 2505 1743 2575 inquam,

181 2604 339 2673 culpis
363 2602 617 2675 synodali
636 2616 763 2656 eum
788 2599 994 2670 judicio
1020 2598 1634 2664 excommunicavimus,
1665 2605 1744 2663 ut,

180 2710 327 2764 quem
350 2695 513 2750 mites
532 2709 646 2748 non
663 2692 963 2763 potuimus,
987 2690 1072 2746 vel
1093 2690 1267 2746 severi
1288 2690 1357 2745 ad
1375 2690 1515 2743 viam
1533 2689 1745 2757 salutis,

181 2785 281 2843 Deo
303 2787 618 2857 adjuvante,
646 2797 901 2839 revocare
924 2782 1231 2849 valeamus;
1254 2790 1349 2836 aut
1369 2780 1437 2848 si,
1473 2779 1618 2851 quod
1648 2780 1746 2834 ab-

183 2879 279 2934 sit!
304 2893 373 2933 ne
391 2875 759 2934 districtionis
790 2874 1011 2945 quidem
1052 2888 1342 2928 censuram
1385 2870 1745 2942 pet-timuerit,

181 2981 359 3027 nostra
377 2970 578 3026 saltem
602 2967 787 3024 anima
816 2964 1157 3044 negligentiae
1182 2974 1276 3019 aut
1297 2963 1509 3018 timoris
1552 2962 1747 3018 discri-

1822 486 1938 557 ipse
1975 487 2272 556 aliquando
2300 492 2596 557 cognoscat
2620 500 2720 540 nos
2760 485 2932 539 multo
2985 485 3167 539 verius
3209 500 3396 541 amare

1821 597 1969 648 eum,
1992 597 2155 653 quam
2180 581 2301 636 illos
2331 579 2425 651 qui
2477 595 2623 634 nunc
2665 578 2781 634 suis
2816 578 3192 648 iniquitatibus
3237 579 3398 636 obse-

1825 682 2070 743 quuntur
2096 682 2151 727 et
2171 671 2372 728 favent.
2399 670 2553 738 Quod
2590 671 2659 738 si,
2688 670 2799 726 Deo
2823 670 3139 741 inspirante,
3168 672 3400 729 voluerit

1824 763 2166 833 resipiscere,
2196 761 2458 833 quidquid
2489 768 2679 816 contra
2722 776 2825 817 nos
2880 762 3154 830 moliatur,
3185 778 3402 835 semper

1828 863 2009 935 tamen
2048 871 2151 910 nos
2176 855 2242 910 ad
2270 841 2641 923 recipiendum
2664 869 2787 908 eum
2853 853 2908 907 in
2960 863 3205 910 sanctam
3250 853 3401 911 c'om-

1828 947 2165 1011 munionem,
2199 953 2357 1016 prout
2376 952 2558 1000 vestra
2580 944 2737 1000 nobis
2765 945 3003 1003 Charitas
3043 948 3402 1019 consuluerit,

1829 1048 2050 1108 paratos
2084 1038 2338 1093 inveniet.

2506 1124 2720 1184 XXVII.

1835 1220 2073 1292 Gregorii
2117 1220 2227 1276 VII
2254 1221 2475 1292 epistola
2511 1223 2581 1275 ad
2624 1239 2815 1298 omnes.
2841 1205 3123 1295 episcopos,
3170 1216 3411 1298 abbates,

2345 1302 2660 1364 craterasque
2689 1288 2890 1363 ﬁdeles.

2417 1405 2595 1477 (Anno
2647 1406 2831 1467 1076.)

1838 1515 2104 1589 [Hugonts
2132 1516 2426 1589 Elavmtac.
2460 1517 2728 1589 Cltronic.,
2764 1517 2905 1589 apud
2946 1517 3128 1574 Psnrz
3180 1520 3411 1580 Monum.

2119 1586 2295 1642 Germ.
2339 1587 2508 1650 Hist..
2553 1586 2747 1653 Script.
2794 1586 2939 1656 VIII,
2979 1590 3131 1651 442.]

1910 1698 2215 1755 Gnsconws
2249 1698 2553 1771 episcopus,
2594 1716 2782 1756 servus
2820 1718 3098 1757 servorum
3136 1702 3253 1770 Dei,
3291 1720 3414 1761 om-

1839 1793 2002 1848 nibus
2039 1792 2096 1846 in
2146 1790 2363 1847 Christo
2408 1791 2698 1861 fratribus,
2739 1794 3038 1865 episcopis,
3086 1795 3371 1877 abbatibus
3395 1837 3414 1865 ,

1832 1884 2247 1951 sacerdotibus,
2292 1884 2525 1940 ducibus
2574 1893 2627 1939 et
2683 1885 3019 1955 principibus
3068 1899 3232 1957 atque
3270 1888 3417 1943 mili-

1839 1976 2007 2043 tibus,
2044 1977 2404 2046 omnibusque
2439 1976 2804 2032 Christianam
2842 1977 3001 2033 ﬁdem
3040 1988 3094 2034 et
3129 1961 3270 2034 beati
3311 1979 3417 2036 Pe-

1839 2067 1909 2123 tri
1947 2069 2209 2123 honorem
2247 2083 2433 2123 revera
2470 2069 2816 2140 diligentibus
2857 2071 2911 2124 in
2950 2069 3195 2127 Romano
3245 2071 3420 2142 impe-

1841 2160 1926 2215 rio
1962 2160 2366 2227 habitantibus,
2406 2161 2638 2216 salutem
2699 2170 2755 2216 et
2799 2163 3152 2232 apostolicam
3189 2164 3416 2220 benedi-

1843 2252 2097 2308 ctionem.
2248 2278 2255 2283 -
2815 2315 2819 2319 ι
2906 2313 2975 2321 Η
3293 2313 3298 2317 _

1912 2343 2211 2413 Postquam
2275 2342 2600 2399 fraternitati
2652 2353 2846 2401 vestrae
2895 2346 3181 2417 epistolam
3220 2348 3424 2422 direxi-

1844 2451 1968 2491 mus
2002 2452 2125 2507 quae
2157 2436 2233 2490 ita
2262 2434 2451 2506 incipit
2484 2455 2497 2491 :
2527 2456 2546 2487 ί
2577 2436 2791 2493 Gratias
2824 2439 3037 2510 agimus
3065 2422 3424 2511 omnipotenti

1843 2524 1974 2594 Deo,
2005 2547 2024 2578 ι
2067 2544 2099 2583 a
2137 2528 2385 2583 fidelibus
2422 2536 2627 2583 sanctae
2654 2529 2907 2586 Ecclesiae
2932 2518 3242 2602 accepimus
3276 2534 3426 2604 quod

1844 2634 1941 2675 rex
1979 2635 2323 2694 summopere
2360 2629 2613 2690 procuret
2641 2636 2741 2677 nos
2762 2622 2831 2677 ab
2852 2615 3426 2697 invicem-sejungere,

1846 2726 2053 2782 suaque
2078 2712 2267 2767 fraude
2289 2712 2557 2782 decipere,
2582 2714 2745 2768 modo
2777 2729 2873 2784 per
2911 2716 3240 2785 spirituales,
3264 2717 3427 2772 modo

1845 2818 1941 2874 per
1970 2804 2259 2859 saeculares
2281 2819 2563 2873 personas.
2605 2804 2836 2874 Proinde
2860 2808 3172 2863 dubitamus
3198 2826 3265 2864 ne
3292 2808 3429 2865 forte

1847 2909 1915 2949 ex
1951 2895 2151 2967 nostris
2189 2893 2448 2976 fratribus
2485 2896 2669 2975 minus
2707 2897 2849 2953 cauti
2886 2914 2983 2968 pro
3021 2900 3238 2965 licentia
3263 2917 3429 2971 quam

1848 2986 2096 3042 dedimus
2145 2986 2514 3057 decipiantur;
2554 2996 2609 3043 et
2645 2976 2868 3044 ideo'ex
2906 2990 3239 3059 parte‘beati
3277 2991 3428 3053 Petri

183 3063 305 3119 mini
330 3078 447 3118 non
472 3056 900 3152 succumbat-usi
920 3057 1046 3128 quis
1073 3056 1235 3152 ίβίωτ
1257 3055 1398 3110 hanc
1427 3054 1750 3152 semenﬁafn
1778 3070 1818 3127 C
1851 3078 2215 3147 apostolorum
2265 3054 2527 3149 principis
2563 3054 2924 3152 praecipimus.
2958 3054 3022 3135 ut
3067 3054 3252 3137 nullus
3303 3099 3428 3138 eum

182 3155 370 3225 injuste
390 3154 478 3210 vel
514 3150 959 3208 irrationabiliter
987 3148 1253 3218 prolatam
1295 3161 1415 3201 esse
1464 3146 1750 3215 putaverit,

180 3249 227 3304 si
252 3249 372 3303 talis
415 3255 525 3312 est,
558 3252 622 3299 ut
661 3243 836 3299 sacris
880 3239 1083 3312 regulis
1129 3238 1492 3308 intelligentiae
1531 3253 1753 3294 sensum

187 3340 411 3409 pmbere
460 3338 613 3405 velit,
647 3335 934 3390 nobiscum
980 3332 1145 3387 etiam
1190 3339 1333 3402 agat,
1363 3339 1417 3385 et
1464 3346 1569 3385 non
1610 3332 1756 3400 quod

188 3448 297 3500 nos,
320 3432 417 3489 sed
447 3430 584 3501 quid
606 3428 791 3487 divina
820 3425 1116 3482 auctoritas
1156 3423 1367 3488 doceat,
1397 3421 1526 3491 quid
1572 3422 1758 3478 decer—

184 3531 288 3589 nat.
304 3522 447 3593 .quid
469 3535 716 3577 consona
737 3535 842 3574 vox
862 3524 1174 3574 sanctorum
1187 3512 1411 3583 Patrum
1428 3513 1649 3581 indicet,
1664 3530 1759 3584 pa-

190 3612 367 3670 uenter
387 3614 601 3680 audiat,
623 3611 950 3682 acquiescat.
967 3606 1076 3663 Nos
1092 3614 1275 3662 tamen
1296 3620 1407 3660 non
1426 3605 1760 3661 aestimamus

188 3720 514 3778 quemquam
532 3704 789 3769 ﬁdelium,
811 3701 905 3773 qui
928 3697 1295 3756 ecclesiastica
1306 3704 1503 3753 statuta
1530 3699 1758 3765 noverit,

193 3795 283 3853 hoc
309 3813 503 3853 errore
524 3794 722 3860 teneri,
753 3802 814 3849 ut
840 3809 950 3848 non
971 3792 1096 3858 hoc,
1122 3788 1243 3844 etsi
1266 3788 1476 3858 publice
1496 3789 1762 3846 aﬂirmare

184 3904 295 3955 non
316 3890 545 3963 audeat,
580 3887 664 3943 vel
711 3887 767 3941 in
816 3883 978 3959 corde
1007 3896 1108 3938 suo
1145 3888 1354 3935 rectum
1397 3878 1598 3936 factum
1640 3896 1762 3937 esse

184 3982 481 4055 .perhibeat.
541 3979 865 4051 Quanquam
926 3975 974 4030 si
1042 3988 1169 4051 nos,
1220 3971 1365 4042 quod
1415 3971 1554 4028 Deus
1609 3988 1762 4026 aver-

188 4075 288 4127 tat!
323 4088 441 4128 non
491 4072 631 4127 satis
669 4062 820 4143 gravi
855 4070 922 4125 de
951 4082 1118 4143 causa
1148 4073 1243 4143 aut
1292 4063 1476 4143 minus
1518 4064 1764 4121 ordinate

196 4180 307 4221 eum
353 4154 683 4236 huj’lismodi
751 4159 974 4219 vinculo
1040 4136 1352 4230 ligavimus,
1403 4154 1546 4211 sicut
1588 4156 1764 4210 sancti

197 4254 367 4312 Patres
455 4255 635 4310 nostri
698 4260 974 4327 asserunt,
1035 4266 1146 4306 non
1216 4247 1419 4304 idcirco
1463 4247 1766 4318 spernenda

200 4348 458 4433 sententia
494 4347 734 4419 est;sed
760 4341 1033 4437 absolutio
1081 4361 1209 4400 cum
1269 4340 1420 4399 omni
1461 4338 1767 4395 humilitate

200 4428 506 4509 Quaerenda.
534 4416 885 4529 Vosautem‘
902 4436 1119 4492 Domini
1158 4433 1465 4508 [Annalista
1507 4430 1652 4486 Saxo
1689 4431 1768 4486 ιε·
1800 4416 1845 4471 D

202 4530 266 4599 git
294 4548 312 4584 :
349 4529 731 4613 dilectissimi]
776 4526 883 4602 qui
912 4529 1184 4600 justitiam
1240 4526 1334 4582 Dei
1403 4540 1505 4581 nec
1550 4540 1650 4595 pro
1678 4539 1768 4580 re-
1802 4554 1803 4557 η

204 4623 280 4690 gia
318 4623 722 4696 indignatione,
758 4637 859 4678 nec
897 4637 995 4691 pro
1024 4621 1207 4691 aliquo
1232 4619 1474 4690 periculo
1521 4619 1770 4699 deserere

207 4716 461 4784 voluistis,
507 4715 811 4782 fatuitates,
841 4728 964 4783 quae
1001 4713 1067 4769 de
1110 4711 1485 4768 exsecratione
1536 4718 1590 4765 et
1617 4725 1771 4764 men-

209 4804 348 4863 dacio
382 4807 862 4863 annuntiabuntur
895 4804 952 4859 in
992 4803 1459 4878 consummatione
1487 4802 1773 4874 parvipen-

196 4897 401 4969 dentes,
445 4899 677 4957 viriliter
721 4907 861 4955 state
907 4906 963 4953 et
1001 4895 1386 4953 confortamini
1435 4895 1488 4950 in
1520 4894 1773 4962 Domino,

214 4990 428 5049 scientes
451 4993 601 5064 quod
630 4991 781 5046 illius
802 4998 1014 5060 partem
1042 4987 1332 5045 defenditis
1374 4986 1468 5058 qui
1496 4987 1778 5057 iusupera-
1867 4976 1875 4989 ’

214 5078 325 5138 bilis
347 5101 439 5141 rex
463 5094 567 5152 est,
598 5092 654 5139 et
683 5080 1006 5153 magniﬁcus
1032 5079 1412 5150 triumphator,
1434 5078 1779 5149 judicaturus

216 5172 353 5231 vivos
379 5186 432 5231 et
457 5186 726 5232 mortuos.
744 5173 976 5228 reddens
1001 5172 1293 5232 unicuique
1322 5170 1620 5225 secundum
1641 5183 1779 5232 opus

1853 3178 2146 3239 praesumat
2173 3186 2204 3224 a
2228 3170 2445 3225 vinculo
2492 3171 2852 3227 anathematis
2887 3173 3183 3240 absolvere,
3221 3190 3433 3244 quous-

1855 3276 1962 3331 que
1999 3262 2145 3317 illius
2181 3261 2483 3317 satisfactio
2516 3270 2571 3317 et
2608 3264 2923 3332 poenitentia
2962 3280 3056 3334 per
3094 3266 3315 3321 idoneos
3340 3282 3473 3323 ve-w

1855 3360 2000 3408 stros
2037 3355 2193 3410 nobis
2228 3354 2393 3411 fuerit
2429 3355 2755 3423 renuntiata,
2796 3364 2856 3411 ut
2893 3359 3053 3413 simul
3081 3358 3434 3415 decernentes

1856 3460 1951 3515 per
1988 3447 2192 3517 legatos
2228 3456 2445 3504 nostros
2482 3448 2630 3519 quod
2666 3463 2881 3519 aequum
2905 3450 3069 3507 fuerit
3091 3468 3154 3507 ac
3175 3450 3287 3507 Deo
3314 3453 3436 3524 pla-

1857 3537 2047 3605 citum,
2084 3539 2233 3619 omni
2271 3538 2458 3596 fraude
2494 3547 2723 3607 remota,
2762 3543 3056 3611 apostolica
3093 3545 3434 3603 auctoritate.

1859 3629 1969 3686 Vos
2017 3639 2198 3707 autem
2248 3632 2531 3707 diligenter
2557 3633 2793 3701 ,studete
2844 3650 2964 3690 eam
3023 3637 3437 3706 promissionem

1857 3738 2088 3794 eamque
2107 3725 2452 3780 securitatem
2472 3727 2538 3797 ab
2564 3726 2656 3782 illo
2669 3714 2916 3796 accipere
2940 3735 3002 3782 ut
3030 3744 3136 3801 non
3159 3729 3440 3786 videamur

1859 3830 1960 3885 pro
1994 3816 2260 3872 columba:
2298 3816 2642 3887 simplicitate
2679 3820 2947 3889 serpentis
2977 3821 3315 3889 prudentiam
3352 3837 3443 3877 ne-

1861 3907 2081 3979 gligere.
2136 3908 2289 3974 Quod
2336 3908 2384 3963 si
2432 3909 2572 3963 inter
2626 3909 2759 3978 haec,
2811 3912 2955 3981 quod
3009 3928 3118 3967 non
3167 3920 3439 3983 optamus,

1860 4007 2036 4053 morte
2072 4006 2377 4068 praeventus
2402 3997 2585 4065 fuerit,
2612 4016 2720 4065 non
2752 4002 2962 4057 dubitet
2989 4011 3167 4058 vestra
3191 4003 3445 4059 fraterni-

1861 4098 1949 4146 tas
1968 4106 2136 4160 quam
2158 4105 2285 4144 vera
2313 4090 2630 4166 pmnitentia
2650 4082 2885 4163 veraque
2914 4095 3214 4152 satisfactio
3236 4112 3445 4153 erome-

1862 4186 2013 4251 retur
2036 4178 2396 4233 absolutionis
2431 4179 2756 4235 medicinam
2793 4181 3127 4252 impendere.

1866 4335 1879 4342 -
1937 4269 2069 4325 Data
2110 4260 2379 4345 Triburis,
2418 4285 2474 4347 ιγ
2510 4260 3022 4357 Κιιιτηὸρριθιιιιπὶε.

2529 4381 2765 4439 XXVIII.
2794 4388 2813 4433 ‘j

1874 4475 2113 4547 Gregorii
2167 4472 2278 4552 γι]
2317 4474 2540 4552 epistola
2578 4475 3217 4552 adWiilelmumregem
3249 4478 3448 4552 Anglo-

1944 4545 2082 4620 rum.
2121 4575 2193 4620 -_—-
2212 4545 2298 4620 ΔΙὶε
2323 4545 2567 4620 Simonia
2590 4588 2605 4613 ,
2651 4546 2886 4613 luxuria,
2916 4558 2965 4603 et
2995 4545 3314 4620 depositione
3333 4545 3447 4606 ’.Ιο-

1943 4614 2360 4737 Ιιᾳειιὶιυοιεηδὶε
2389 4617 2654 4689 episcopi,
2700 4628 2749 4673 et
2800 4614 3129 4675 ordinatione
3183 4619 3343 4675 Oveni
3391 4623 3450 4678 in

1944 4703 2058 4737 eius
2109 4701 2279 4737 acum.

1944 4703 2058 4758 ejus
2088 4701 2279 4739 locum.

2463 4779 2643 4850 (Anno
2682 4778 2863 4850 1076.)

2298 4866 2731 4944 [MANSIjCor'tciL
2758 4870 2877 4938 XX,
2894 4871 3043 4945 585.]

1876 5175 1934 5222 et
1955 5165 2309 5232 apostolicam
2333 5163 2789 5221 benedictionem.

1948 4983 2256 5040 Gneconms
2283 4983 2592 5053 episcopus,
2626 4998 2818 5039 servus
2840 4999 3121 5039 servorum
3144 4982 3258 5051 Dei,
3282 4998 3482 5056 excej.

1877 5074 2183 5131 lentissimo
2211 5073 2323 5128 filio
2347 5072 2436 5128 W.
2460 5073 2702 5143 glorioso
2730 5074 2844 5145 regi
2878 5075 3195 5147 Anglorum,
3222 5080 3497 5152 salutem

3560 3767 3833 3835 \v‘.-‘
