3972 5390
495 190 596 246 675

1420 153 1480 240 δ’.
1519 153 1976 239 ςῐξΕαοιίιῐγιι
2010 177 2216 234 ΡΑΡΑΕ
2253 173 2540 236 eranum
2570 179 2751 238 psus
2783 171 2848 238 ll.

3657 183 3758 245 676

492 302 836 376 impudenter
886 298 1182 366 invaserit,
1213 306 1265 354 et
1297 297 1510 369 prolixo
1535 297 1652 368 jam
1679 279 1928 368 tempore
1975 311 2078 368 ορ-
2108 279 2276 355 Ανείω
2291 291 2570 366 episcopo,
2597 296 2823 368 suisque
2851 295 3283 366 successoribus,
3302 297 3536 356 salutem
3557 307 3612 357 et
3634 317 3762 374 apo-

489 397 753 468 prcsserit
787 394 1068 451 violenter.
1115 390 1266 446 Datis
1299 402 1536 461 namque
1567 389 1756 445 comiti
1781 390 1958 444 Alano
1986 404 2084 444 co-

491 483 663 559 pi‘osis
692 485 1012 542 muneribus
1032 526 1047 551 ,
1087 498 1211 554 qua:
1253 497 1428 553 usque
1474 482 1636 537 hodie
1662 482 1730 538 ad
1753 481 2084 552 probamcn-

491 588 606 636 tum
633 580 786 651 prius
821 577 1075 648 nequitiae
1115 576 1168 631 in
1212 576 1500 647 propatulo
1539 583 1798 642 exstant,
1830 588 1940 630 non
1987 589 2085 644 per

489 673 691 732 ostium
720 671 775 726 i‘n
807 670 948 726 ovile
975 668 1205 736 Christi,
1253 669 1346 724 sed
1389 674 1450 722 ut
1489 665 1580 724 fur
1607 674 1662 722 et
1696 667 1837 722 latro
1865 666 2083 722 aliunde

489 764 746 834 irrepsit;
794 763 889 834 qui
918 762 1082 817 etiam
1115 777 1218 817 nec
1247 762 1353 816 hoc
1399 761 1604 816 scelere
1632 767 1944 826 contentus,
1977 760 2084 815 iui-

487 856 755 926 quitatem
785 871 952 926 super
985 854 1334 925 iniquitatem
1373 853 1625 925 apposuit
1651 895 1666 920 ,
1711 861 1766 908 et
1798 853 1960 924 quasi
1995 852 2082 908 Si-

485 947 801 1004 moniacum
833 962 956 1004 esse
985 963 1180 1019 parum
1211 956 1265 1002 et
1299 961 1400 1018 pro
1432 947 1604 1001 nihilo
1631 947 1916 1016 deputaret
1935 988 1951 1014 ,
1980 943 2078 1000 Ni-

484 1040 680 1096 colaita
711 1055 933 1110 quoque
970 1039 1086 1095 ﬁeri
1138 1038 1436 1094 festinavit.
1491 1036 1628 1093 Nam
1679 1038 1736 1092 iu
1790 1037 1913 1109 ipso
1964 1045 2078 1092 tam

481 1131 792 1204 perniciose
836 1135 1034 1202 adepto
1079 1138 1397 1202 eprScopatu
1429 1130 1636 1201 nuptiis
1674 1129 1888 1201 publice
1933 1129 2077 1186 cele-

483 1225 656 1280 bratis
679 1265 695 1291 ,
727 1234 972 1280 scortum
1019 1223 1204 1294 potius
1233 1238 1399 1293 quam
1431 1237 1688 1292 sponsam
1729 1223 1928 1277 ducere
1965 1237 2078 1276 non

482 1317 721 1382 erubuit,
752 1331 818 1371 ex
844 1331 950 1386 qua
977 1323 1032 1370 et
1060 1313 1202 1370 filios
1229 1315 1554 1386 procreavit,
1597 1323 1657 1370 ut
1680 1315 1776 1386 qui
1811 1315 1925 1384 jam
1965 1314 2080 1384 spi—

483 1400 649 1462 ritum
697 1423 860 1462 suum
905 1405 1214 1462 animarum
1254 1407 1564 1477 corruptori
1612 1421 1711 1477 per
1761 1404 2077 1462 Simouiaca

481 1499 808 1554 commercia
839 1499 1212 1570 prostituerat,
1236 1514 1334 1569 per
1355 1499 1513 1554 foedae
1538 1498 1779 1554 libidinis
1803 1497 2076 1554 incestum

479 1603 684 1660 corpus
721 1599 884 1646 suum
925 1591 999 1648 ita
1031 1590 1088 1646 in
1114 1591 1500 1646 contumeliam
1530 1590 1749 1646 diabolo
1779 1606 2074 1647 consecra-

2189 385 2440 443 stolieam
2469 385 2928 446 benedictionem.

2258 478 2522 550 Supernae
2544 481 2920 536 miserationis
2944 488 3195 553 respectu
3222 483 3291 538 ad
3318 483 3426 540 hoc
3445 484 3760 544 universalis

2183 568 2443 626 Ecclesia:
2492 587 2683 628 curam
2731 574 3077 644 suscepimus
3111 583 3165 630 et
3191 577 3478 646 apostolici
3521 579 3761 634 modera-

2189 663 2355 720 minis
2379 663 2801 722 sollicitudinem
2829 667 3071 737 gerimus
3096 673 3158 722 ut
3207 667 3377 738 justis
3427 670 3759 739 precantium

2181 757 2326 811 votis
2352 756 2635 813 faveamus
2671 765 2726 814 et
2755 765 2948 813 nostro
2983 757 3273 814 libramine
3297 759 3484 815 charis
3513 761 3762 816 omnibus

2181 844 2236 899 in
2267 846 2588 901 necessitate
2611 847 2828 916 positis,
2857 855 3124 917 quantum
3163 846 3276 902 Deo
3307 848 3551 903 donante
3573 839 3764 918 posse-

2180 953 2325 1005 mus,
2363 938 2654 993 subvenire
2676 939 2994 994 debeamus.
3026 937 3262 995 Proinde
3289 939 3452 1010 juxta
3480 955 3761 1011 personam

2179 1038 2331 1084 tuam
2377 1031 2623 1086 ecclesia!
2657 1031 2800 1086 beati
2827 1030 3096 1098 Autberti,
3140 1031 3456 1102 hujusmodi
3493 1033 3760 1104 privilegio

2179 1120 2634 1195 auctoritatisque
2670 1131 2874 1180 nostra:
2903 1123 3122 1179 decreto
3175 1123 3544 1196 indulgemus,
3574 1140 3763 1181 conce-

2177 1215 2360 1270 dimus
2383 1223 2548 1286 atque
2570 1217 2877 1283 ﬁrmamus,
2910 1221 3217 1272 statuentes
3237 1217 3454 1272 nullum
3485 1231 3760 1273 successo-

2176 1322 2300 1360 rum
2350 1313 2595 1375 tuorum,
2644 1308 2856 1364 nullum
2905 1323 3127 1379 quoque
3160 1309 3423 1380 dignitate
3453 1310 3756 1380 praeditum,

2176 1399 2258 1454 vel
2297 1414 2572 1471 quemque
2627 1399 2819 1468 alium,
2849 1399 2916 1456 de
2959 1400 3047 1456 his
3091 1417 3214 1471 qua:
3247 1401 3426 1456 cidem
3469 1388 3758 1457 venerabili

2175 1492 2514 1546 monasterio
2536 1507 2567 1546 a
2591 1497 2644 1546 te
2666 1492 2749 1548 vel
2773 1508 2805 1546 a
2841 1491 3176 1563 quibuslibet
3199 1493 3522 1549 hominibus
3555 1494 3622 1549 de
3640 1509 3758 1564 pro-

2173 1581 2296 1652 prio
2314 1580 2437 1652 jure
2455 1581 2573 1654 jam
2610 1583 2817 1639 donata
2863 1584 2994 1651 sint,
3019 1583 3102 1639 vel
3138 1583 3195 1638 in
3225 1585 3502 1653 futurum,
3533 1585 3644 1642 Deo
3663 1586 3760 1642 mi-

478 1689 602 1750 ret,
629 1689 683 1737 et
705 1681 786 1738 sic
816 1682 870 1738 in
896 1695 964 1738 eo
1003 1683 1187 1738 nullus
1212 1683 1366 1739 loeus
1397 1691 1708 1754 superesset
1743 1682 2024 1738 Couditori
2051 1720 2066 1754 ,

2176 1681 2408 1742 serante,
2453 1675 2617 1730 allata
2647 1673 2875 1743 fuerint,
2911 1676 3016 1730 sub
3051 1673 3346 1746 cujuslibet
3384 1693 3572 1734 causa:
3610 1693 3759 1734 oma-

477 1789 640 1846 quem
671 1775 819 1830 intus
837 1775 1186 1847 exteriusque
1215 1777 1514 1849 obligatum
1543 1785 1720 1832 totum
1749 1776 1852 1832 sibi
1879 1777 2073 1834 adver-

477 1865 660 1922 sarius
690 1881 802 1921 non
829 1867 1180 1924 vindicasset.
1213 1863 1326 1924 Nec
1357 1877 1540 1926 tamen
1581 1869 1870 1940 hucusque
1912 1870 2071 1925 mali-

477 1956 568 2012 tiae
590 1965 822 2014 conatus
851 1959 1114 2027 substitit,
1144 1961 1237 2016 sed
1264 1961 1671 2018 atrocissimum
1713 1960 1928 2019 facinus
1949 1972 2070 2018 tur-

476 2049 875 2122 pissimumque
929 2050 1197 2124 flagitium
1244 2053 1522 2110 horrendo
1568 2053 1734 2110 etiam
1784 2055 2070 2128 sacrilegio

475 2141 794 2198 cumulavit.
826 2141 964 2199 Nam
1011 2145 1228 2200 adultas
1275 2161 1344 2201 ex
1381 2145 1574 2202 illicito
1607 2147 1960 2204 matrimonio
2001 2149 2068 2204 ti-

475 2233 578 2291 lias
608 2274 622 2301 ,
671 2235 893 2306 praediis
930 2229 1176 2294 ecclesiae
1209 2243 1262 2292 et
1295 2225 1598 2296 redditibus
1649 2240 1873 2296 nomine
1923 2241 2069 2298 dotis

473 2327 709 2395 collatis,
739 2335 903 2400 atque
938 2330 1188 2386 alienatis
1230 2330 1436 2386 scelere
1476 2331 1875 2389 immanissima
1901 2319 2071 2390 mari-

475 2419 628 2476 tavit.
679 2418 776 2476 His
817 2421 1198 2492 iniquitatibus
1227 2432 1521 2494 coopertus
1545 2465 1562 2491 ,
1597 2427 1846 2482 eamdem
1883 2432 2066 2483 tamen

471 2512 761 2568 ecclesiam
797 2513 1150 2570 dilaceratam
1191 2515 1623 2588 dissipatamque
1651 2518 1698 2572 si
1723 2519 1884 2575 liceat
1913 2520 2069 2576 incu-

472 2603 612 2659 bare
627 2605 872 2672 molitur,
905 2607 1106 2677 quibus
1133 2607 1200 2663 de
1227 2609 1414 2664 causis
1435 2608 1704 2666 celsitudo
1737 2619 1827 2666 tua
1855 2613 2068 2668 noverit

473 2695 630 2750 illum
669 2695 782 2767 jam
823 2697 970 2754 beati
1009 2697 1158 2755 Petri
1197 2700 1430 2771 apostoli
1459 2701 1671 2773 Spiculo
1713 2703 2021 2775 perfossum
2047 2746 2064 2774 ,

469 2797 555 2856 et,
588 2788 696 2844 nisi
751 2790 974 2847 sceleris
1015 2793 1342 2864 resipuerit,
1394 2795 1740 2852 anathemate
1779 2796 2066 2865 mortifero

469 2894 594 2936 esse
629 2879 970 2937 damnatum.
1024 2881 1370 2956 Quapropter
1416 2891 1646 2956 paterna
1699 2888 1966 2946 charitate
2013 2899 2066 2948 te

470 2972 784 3041 admonere,
811 2983 867 3030 et
894 2991 1120 3032 causam
1153 2977 1390 3034 breviter
1425 2994 1699 3050 exponere
1729 2982 2061 3053 studuimus,

469 3079 538 3119 ne
579 3063 814 3121 fortasse
863 3082 960 3137 per
1007 3068 1374 3141 ignorantiam
1420 3078 1533 3126 tam
1575 3073 1806 3130 scelesto
1855 3075 2065 3133 homini

469 3155 660 3212 tandiu
707 3157 764 3212 in
819 3160 1060 3217 tenebris
1108 3162 1224 3218 suis
1264 3162 1471 3232 jacenti
1522 3164 1754 3222 ulterius
1797 3168 2064 3226 auxilium

469 3249 734 3318 praebeas,
768 3265 903 3306 neve
931 3241 1202 3308 scelerum
1248 3254 1369 3324 ejus
1409 3262 1463 3310 te
1503 3255 1821 3328 participem
1851 3259 2021 3318 facias
2043 3304 2060 3331 ,

471 3339 566 3399 sed
595 3341 711 3396 sedi
736 3343 1070 3412 apostolicae,
1103 3347 1420 3418 nostrisque
1448 3347 1672 3404 monitis
1696 3351 1944 3408 modeste
1967 3369 2064 3425 pa-

471 3431 642 3486 rendo
673 3431 824 3487 illum
855 3449 887 3488 a
920 3443 974 3488 te
1006 3437 1242 3506 repellas
1267 3455 1282 3505 ;
1323 3439 1412 3494 vel
1440 3439 1605 3494 etiam
1635 3444 1936 3500 uttandem
1963 3447 2064 3501 ali-

471 3523 692 3592 quando
721 3524 827 3580 sibi
857 3527 1130 3594 consulat,
1165 3535 1330 3600 atque
1357 3529 1426 3586 ad
1454 3531 1756 3588 remedium
1793 3537 2062 3607 paenitens

473 3613 560 3670 tia:
587 3613 886 3688 confugiat,
914 3618 1112 3674 blande
1135 3621 1436 3688 suadendo,
1477 3623 1523 3678 si
1558 3627 1782 3696 poteris,
1812 3628 2058 3688 inducas.

468 3703 606 3761 Nam
634 3707 771 3764 tales
814 3708 868 3762 in
895 3711 1040 3766 malo
1062 3723 1476 3782 perseverantes
1513 3713 1696 3774 fovere
1721 3728 1777 3775 et
1803 3721 2063 3792 adjuvare

469 3798 606 3853 nihil
631 3807 716 3855 est
755 3800 904 3858 aliud
939 3816 1105 3874 quam
1135 3804 1273 3860 iram
1314 3805 1530 3862 Domini
1565 3819 1756 3867 contra
1785 3828 1844 3868 se
1863 3829 2062 3885 provo-

469 3905 614 3947 care.
665 3889 780 3950 Nos
840 3909 974 3951 vero
1031 3899 1358 3972 supradictae
1406 3899 1664 3960 Ecclesia:
1713 3905 2060 3964 aﬂlictionem

467 3983 674 4040 diutius
709 4001 819 4042 non
853 3986 1089 4045 ferentes
1112 4031 1128 4058 ,
1181 3989 1294 4047 Deo
1339 3992 1641 4064 inspirante
1663 4039 1678 4064 ,
1717 3987 1897 4056 virum
1933 3989 2060 4058 vitae

467 4077 806 4164 probabilem
856 4087 910 4152 et
937 4089 1229 4164 comperta:
1270 4085 1550 4164 religionis
1596 4089 1729 4164 inibi
1781 4087 2059 4150 ordinavié

467 4181 592 4224 mus
633 4177 688 4224 et
729 4158 1214 4243 consecravimus,
1247 4156 1495 4234 videlicet
1626 4156 1843 4239 nfelanii
1884 4187 2056 4243 abba-

465 4266 576 4316 tem
617 4261 733 4331 qui,
774 4279 900 4318 cum
946 4265 1018 4320 ob
1063 4266 1200 4323 alias
1228 4284 1427 4326 causas
1457 4285 1598 4342 quas
1625 4275 1898 4344 explicare
1929 4295 2058 4349 pro.

466 4351 638 4408 lixum
692 4345 816 4421 est,
869 4355 937 4410 ad
968 4372 1068 4411 nos
1106 4359 1384 4425 venisset,
1420 4365 1770 4432 pontiﬁcatus
1815 4345 1956 4426 ortus
1985 4387 2052 4428 ex
2084 4393 2130 4448 ι)

467 4439 746 4515 insperato
778 4446 966 4501 subire
995 4449 1312 4519 compulsus
1342 4463 1444 4508 cst.
1475 4452 1552 4510 De
1583 4473 1693 4526 quo
1727 4460 2056 4522 conﬁdimus

468 4533 523 4588 in
545 4534 799 4604 Domino,
813 4538 942 4608 quia
965 4539 1032 4606 si,
1048 4549 1107 4594 ut
1129 4541 1504 4601 desideramus
1529 4547 1830 4621 litterisque
1849 4557 2056 4614 nostris

469 4625 844 4696 multipliciter
879 4631 1172 4700 implorare
1200 4635 1538 4705 curavimus,
1563 4656 1870 4713 principum
1897 4655 2056 4706 terra;

469 4716 740 4774 bonorum
789 4721 1035 4777 virorum
1079 4725 1312 4795 gratiam
1359 4736 1414 4782 et
1458 4731 1635 4787 studia
1687 4733 1889 4793 habere
1933 4755 2054 4796 me-

471 4809 662 4874 ruerit,
701 4809 930 4868 Domino
955 4826 1304 4886 cooperante,
1338 4820 1444 4876 sub
1476 4821 1538 4878 B.
1571 4823 1717 4880 Petri
1748 4831 2052 4898 patrocinio

469 4899 758 4956 ecclesiam
783 4902 836 4956 in
870 4905 1064 4962 melius
1085 4911 1436 4968 restaurabit.

609 5097 766 5156 Bulla
795 5101 1034 5178 Gregorii
1062 5021 1209 5184 Y1?
1211 5022 1550 5184 :rloleoclesia
1587 5119 1646 5178 S.
1673 5123 1918 5182 Autberti

1049 5177 1464 5244 Cameracensis.

1071 5266 1250 5338 (Anno
1277 5274 1430 5332 1076.

465 5337 764 5390 inuruntur
829 5350 1124 5390 ΙἾη-Αυὲιηη.
1173 5353 1386 5390 ,μὶ-..μ
1429 5337 1464 5390 .’.
1527 5373 1540 5390 Ι
1615 5373 1650 5390 η
1751 5378 1764 5390 .
1848 5381 1861 5390 .
1961 5383 1996 5390 -.

2171 1763 2412 1821 sionisve
2457 1765 2659 1836 specie,
2693 1768 2962 1836 minuere,
3003 1768 3090 1824 vel
3131 1767 3370 1837 auferre,
3415 1785 3485 1826 ac
3512 1771 3628 1828 suis
3653 1771 3758 1828 usi-

2171 1855 2274 1911 bus
2293 1857 2569 1927 applicare
2611 1868 2708 1915 aut
2749 1859 2873 1916 aliis
2905 1860 3223 1917 concedere.
3261 1860 3368 1918 Sed
3413 1872 3614 1920 cuncta
3645 1878 3757 1936 qua

2170 1948 2352 2004 oblata
2383 1959 2532 2017 sunt,
2556 1951 2642 2007 vel
2667 1952 2740 2008 ibi
2780 1951 2966 2008 offerri
2995 1953 3364 2026 contigerunt,
3379 1957 3608 2027 perenni
3631 1967 3758 2012 tem-

2169 2054 2302 2110 pore
2347 2039 2558 2105 integra
2595 2058 2628 2098 a
2651 2043 2868 2099 clericis
2901 2044 3010 2100 loci
3043 2044 3192 2102 illius
3238 2055 3294 2101 et
3318 2047 3439 2102 sine
3485 2049 3755 2120 inquietu-

2168 2130 2295 2186 dine
2351 2131 2608 2190 volumus
2663 2134 2962 2205 possideri,
3027 2149 3221 2192 eorum
3265 2139 3494 2208 quidem
3547 2141 3754 2208 usibus,

2167 2231 2268 2292 pro
2289 2239 2527 2294 quorum
2551 2227 2954 2284 sustentatioue
2974 2229 3486 2310 gubernationeque
3506 2249 3754 2290 concessa

2168 2323 2298 2370 sunt
2351 2317 2530 2372 modis
2565 2319 2822 2374 omnibus
2856 2319 3163 2390 profutura.
3202 2321 3328 2380 Haec
3365 2325 3539 2396 igitur
3582 2327 3754 2382 omnia

2166 2422 2290 2478 quae
2323 2407 2489 2479 hujus
2523 2410 2768 2480 przedicti
2800 2411 3116 2484 decretique
3145 2415 3320 2470 uestri
3349 2417 3554 2488 pagina
3584 2419 3752 2474 contis

2167 2505 2260 2552 net
2301 2506 2412 2553 tam
2439 2499 2534 2554 tibi
2578 2507 2745 2572 quam
2780 2503 2998 2560 'cunctis
3046 2505 3141 2574 qui
3185 2506 3283 2560 tibi
3315 2491 3688 2564 successerint
3704 2510 3756 2564 in
3800 2568 3808 2573 _

2165 2597 2487 2660 perpetuum
2533 2594 2804 2650 servando
2833 2595 3200 2653 decernimus.
3230 2596 3288 2652 Si
3321 2599 3452 2669 quis
3483 2615 3620 2656 vero
3651 2601 3754 2672 epi-

2167 2695 2459 2752 scoporum
2484 2691 2580 2738 aut
2619 2684 2969 2754 clericorum,
2993 2687 3078 2742 vel
3109 2689 3462 2744 saecularium
3495 2705 3755 2761 persona-

2167 2785 2288 2824 rum
2325 2771 2467 2827 hanc
2492 2773 2904 2832 constitutionis
2941 2785 3144 2833 nostra:
3168 2779 3428 2850 paginam
3450 2796 3756 2862 agnoscens

2166 2869 2359 2916 contra
2390 2863 2576 2917 venire
2609 2866 2916 2933 teutaverit,
2961 2869 3248 2938 potestatis
3283 2869 3630 2942 honorisque
3673 2872 3753 2928 di-

2165 2954 2369 3025 gnitate
2389 2965 2593 3024 careat,
2620 2973 2888 3030 reumque
2938 2976 2997 3016 se
3019 2961 3206 3016 divino
3231 2963 3447 3034 judicio
3467 2965 3539 3020 de
3561 2979 3751 3036 perpe.‘

2091 3049 2132 3106 C
2167 3053 2308 3102 trata
2353 3047 2642 3120 iniquitate
2691 3059 3010 3124 cognoscat,
3037 3062 3094 3108 et
3129 3054 3239 3110 nisi
3263 3056 3482 3127 quaeab
3508 3056 3604 3112 illo
3632 3065 3756 3113 sunt

2165 3139 2309 3194 male
2345 3139 2526 3196 ablata
2557 3142 2830 3212 restituat,
2861 3159 2896 3200 a
2916 3145 3269 3203 sanctissimo
3288 3162 3524 3220 corpore
3543 3165 3611 3205 ac
3632 3164 3756 3205 san3

2165 3229 2328 3301 guine
2352 3229 2451 3288 Dei
2481 3231 2703 3289 Domini
2731 3233 3114 3308 Redemptoris
3161 3243 3337 3296 nostri
3354 3239 3490 3297 Jesu
3530 3240 3754 3310 Christi,

2163 3321 2378 3378 alienus
2405 3325 2519 3392 liat,
2547 3333 2714 3397 atque
2753 3327 2810 3382 in
2829 3337 3039 3385 aeterno“
3072 3331 3325 3390 examine
3363 3333 3631 3392 districta
3668 3336 3754 3392 ul-

2163 3413 2300 3469 tioni
2323 3417 2624 3488 subjaceat.
2654 3417 2884 3498 Cunctis
2909 3429 3096 3478 autem
3116 3422 3292 3480 eidem
3320 3424 3446 3482 loco
3460 3425 3616 3498 justa
3639 3441 3756 3484 ser-

2161 3505 2418 3564 vantibus
2448 3509 2520 3564 sit
2557 3526 2664 3581 pax
2685 3509 2906 3568 Domini
2951 3515 3129 3571 nostri
3165 3514 3292 3573 Jesu
3317 3515 3550 3588 Christi,
3582 3527 3645 3575 ut
3666 3519 3756 3578 hic.

2163 3599 2398 3654 iructum
2427 3601 2584 3658 bonae
2604 3603 2838 3661 actionis
2869 3606 3157 3678 recipiant,
3187 3617 3242 3664 et
3272 3611 3417 3680 apud
3437 3610 3749 3670 districtum

2155 3690 2399 3762 judiccm
2427 3695 2652 3764 praemia
2675 3703 2896 3754 aeterna:
2919 3699 3071 3770 pacis
3099 3699 3398 3757 inveniant.

2231 3782 2428 3838 Datum
2460 3783 2744 3844 Lateranis
2767 3787 3040 3848 Kalendas
3079 3790 3403 3850 Novembris
3423 3810 3524 3867 per
3551 3813 3752 3855 manus

2159 3872 2328 3943 Petri,
2373 3887 2578 3934 sancta:
2623 3878 2885 3937 Romana:
2917 3881 3174 3941 Ecclesia:
3213 3889 3517 3962 presbyteri
3573 3893 3750 3947 cardi-

2160 3967 2301 4022 nalis
2330 3964 2394 4024 ac
2425 3969 2843 4082 biuituhgsarji,
2876 3989 3044 4058 anno,
3076 3971 3517 4084 ivgontitltatpa
3562 3981 3748 4039 domui

2160 4059 2406 4084 “MM”
2437 4057 2585 4084 ___.'__
2969 4054 2984 4066 .
3113 4053 3138 4064 -
3209 4051 3305 4084 ,ιι
3421 4057 3432 4065 -

2159 4059 2234 4114 G,
2373 4060 2406 4072 η
2502 4037 2607 4092 '-..'
2649 4037 2720 4057 ’τ
2756 4037 2838 4082 ’θ’
2955 4052 2984 4066 -ο
3039 4037 3432 4096 ιιι-ξολιθθσ-

2184 4090 2186 4093 -
2209 4075 2408 4131 legerit
2435 4075 2606 4132 papae.
2814 4117 2820 4124 ,
3111 4089 3128 4105 α

2159 4243 2402 4342 Gregorii
2447 4245 2560 4342 V‘Il
2589 4221 3272 4342 ερὶέεοῖιξίιάῖῆιρηᾳε..
3292 4285 3364 4338 -τ-
3381 4251 3670 4342 Signiﬁcat
3683 4263 3778 4342 αξξ

2231 4317 2350 4400 ideo
2365 4387 2396 4400 Α
2407 4317 2704 4400 αᾳειενὰιςς
2754 4321 2847 4400 adh
2857 4339 2963 4400 eos
3015 4317 3121 4400 iter
3129 4330 3149 4346 ‘
3165 4327 3418 4381 statuisse
3449 4317 3523 4382 "ut
3570 4317 3753 4400 possit

2224 4387 2310 4440 die
2363 4387 2398 4441 8
2445 4385 2696 4464 Januarii
2761 4391 2944 4464 (71077)
3005 4388 3253 4456 lautae:
3318 4414 3450 4453 esse.
3521 4385 3746 4455 Alauda!

2229 4468 2410 4512 curent
2440 4469 2499 4512 ut
2524 4459 2650 4514 bene
2685 4459 2988 4532 recipiatur.
3543 4484 3564 4500 ο

2753 4554 2934 4624 (Anno
2957 4555 3140 4626 1076.)

2542 4637 2775 4716 [[ΜΑΝει,
2814 4645 3018 4703 Concil.
3047 4647 3166 4716 XX,
3199 4649 3352 4725 579.]

2228 4733 2558 4804 Caesonius,
2591 4753 2783 4794 servus
2814 4755 3100 4797 servorum
3149 4741 3268 4812 Dei,
3291 4746 3741 4820 archiepiscopis,

2155 4825 2448 4897 episcopis,
2493 4829 2745 4898 ducibus,
2783 4833 3096 4902 comitibus,
3144 4851 3248 4892 nec
3295 4853 3408 4894 non
3441 4841 3741 4912 majoribus

2154 4923 2211 4968 et
2248 4917 2554 4999 minoribus
2599 4919 2654 4974 in
2716 4937 2886 4993 regno
2937 4919 3364 4984 Teutonicorum
3405 4933 3738 5000 constitutis,

2156 4993 2385 5060 salutem
2409 5016 2464 5062 et
2489 5009 2846 5080 apostolicam
2876 5015 3331 5074 benedictionem.

2225 5091 2358 5162 Nos,
2391 5104 2446 5151 et
2482 5097 2690 5170 indigni
2721 5108 2776 5156 et
2811 5103 3032 5160 inutiles
3062 5105 3326 5179 principis
3361 5115 3734 5182 apostolorum

2141 5185 2295 5240 servi
2333 5189 2627 5245 statuimus
2669 5191 2737 5246 ad
2762 5209 2862 5250 vos
2901 5194 3082 5252 divina
3117 5199 3419 5273 auxiliante
3453 5200 3734 5264 clementia

2151 5275 2360 5346 venire,
2389 5288 2446 5336 et
2469 5290 2862 5353 postponenlcs
2877 5288 3123 5345 omnium
3147 5291 3388 5351 ﬁdelium
3423 5310 3732 5357 nostrorum

2221 5367 2435 5390 -.-212---.-
2511 5371 2571 5390 34-
2637 5375 2644 5390 Σ
2739 5372 2762 5390 Β
2828 5377 2860 5390 ,ο

2153 5380 2212 5390 ΔΑ
