  <div class='ocr_page' id='page_1' title='image "/cluster/home/n/w/nwhite01/storage/ocr_20150623/148/hvd.32044015471840/338.png"; bbox 0 0 3972 5390; ppageno 0'>
   <div class='ocr_carea' id='block_1_1' title="bbox 163 185 275 239">
    <p class='ocr_par' dir='ltr' id='par_1_1' title="bbox 163 185 275 239">
     <span class='ocr_line' id='line_1_1' title="bbox 163 185 275 239; baseline -0.018 0"><span class='ocrx_word' id='word_1_1' title='bbox 163 185 275 239; x_wconf 72' lang='grc' dir='ltr'><strong>6ἷῖ</strong></span> 
     </span>
    </p>
   </div>
   <div class='ocr_carea' id='block_1_2' title="bbox 998 145 2543 238">
    <p class='ocr_par' dir='ltr' id='par_1_2' title="bbox 998 145 2543 238">
     <span class='ocr_line' id='line_1_2' title="bbox 998 145 2543 238; baseline 0 -2"><span class='ocrx_word' id='word_1_2' title='bbox 998 145 1007 152; x_wconf 65' lang='grc'><em>’</em></span> <span class='ocrx_word' id='word_1_3' title='bbox 1049 178 1410 238; x_wconf 68' lang='grc' dir='ltr'><strong>Εριδτοιιε</strong></span> <span class='ocrx_word' id='word_1_4' title='bbox 1440 178 1680 234; x_wconf 58' lang='lat' dir='ltr'><strong>unus</strong></span> <span class='ocrx_word' id='word_1_5' title='bbox 1718 171 2119 234; x_wconf 73' lang='lat' dir='ltr'><strong>REGISTRUM</strong></span> <span class='ocrx_word' id='word_1_6' title='bbox 2161 178 2543 237; x_wconf 62' lang='lat' dir='ltr'><strong>VAGANTES.</strong></span> 
     </span>
    </p>
   </div>
   <div class='ocr_carea' id='block_1_3' title="bbox 3340 185 3444 242">
    <p class='ocr_par' dir='ltr' id='par_1_3' title="bbox 3340 185 3444 242">
     <span class='ocr_line' id='line_1_3' title="bbox 3340 185 3444 242; baseline 0.01 -2"><span class='ocrx_word' id='word_1_7' title='bbox 3340 185 3444 242; x_wconf 77' lang='lat'><strong>678</strong></span> 
     </span>
    </p>
   </div>
   <div class='ocr_carea' id='block_1_4' title="bbox 165 280 3447 369">
    <p class='ocr_par' dir='ltr' id='par_1_4' title="bbox 165 280 3447 369">
     <span class='ocr_line' id='line_1_4' title="bbox 165 280 3447 369; baseline 0.002 -20"><span class='ocrx_word' id='word_1_8' title='bbox 165 298 353 365; x_wconf 83' lang='lat' dir='ltr'><strong>fuerit,</strong></span> <span class='ocrx_word' id='word_1_9' title='bbox 402 295 579 368; x_wconf 90' lang='lat' dir='ltr'><strong>ipsam</strong></span> <span class='ocrx_word' id='word_1_10' title='bbox 634 296 956 353; x_wconf 69' lang='lat' dir='ltr'><strong>effusionem</strong></span> <span class='ocrx_word' id='word_1_11' title='bbox 1010 296 1296 368; x_wconf 78' lang='lat' dir='ltr'><strong>sanguinis</strong></span> <span class='ocrx_word' id='word_1_12' title='bbox 1348 310 1449 366; x_wconf 89' lang='lat' dir='ltr'><strong>pro</strong></span> <span class='ocrx_word' id='word_1_13' title='bbox 1501 294 1750 349; x_wconf 88' lang='lat' dir='ltr'><strong>libertate</strong></span> <span class='ocrx_word' id='word_1_14' title='bbox 1778 295 1824 351; x_wconf 79' lang='grc' dir='ltr'><strong>Α</strong></span> <span class='ocrx_word' id='word_1_15' title='bbox 1851 292 2145 360; x_wconf 84' lang='lat' dir='ltr'><strong>Gerardus,</strong></span> <span class='ocrx_word' id='word_1_16' title='bbox 2169 302 2299 349; x_wconf 88' lang='lat' dir='ltr'><strong>tunc</strong></span> <span class='ocrx_word' id='word_1_17' title='bbox 2323 295 2633 366; x_wconf 75' lang='lat' dir='ltr'><strong>episcopus,</strong></span> <span class='ocrx_word' id='word_1_18' title='bbox 2658 302 2845 365; x_wconf 79' lang='lat' dir='ltr'><strong>postea</strong></span> <span class='ocrx_word' id='word_1_19' title='bbox 2868 280 3129 354; x_wconf 67' lang='lat' dir='ltr'><strong>Romana:</strong></span> <span class='ocrx_word' id='word_1_20' title='bbox 3150 297 3294 354; x_wconf 80' lang='lat' dir='ltr'><strong>sedis</strong></span> <span class='ocrx_word' id='word_1_21' title='bbox 3317 314 3447 369; x_wconf 83' lang='lat' dir='ltr'><strong>pon-</strong></span> 
     </span>
    </p>
   </div>
   <div class='ocr_carea' id='block_1_5' title="bbox 164 388 1747 459">
    <p class='ocr_par' dir='ltr' id='par_1_5' title="bbox 164 388 1747 459">
     <span class='ocr_line' id='line_1_5' title="bbox 164 388 1747 459; baseline -0.003 -12"><span class='ocrx_word' id='word_1_22' title='bbox 164 392 421 448; x_wconf 74' lang='lat' dir='ltr'><strong>Ecclesia:</strong></span> <span class='ocrx_word' id='word_1_23' title='bbox 455 401 662 446; x_wconf 71' lang='lat' dir='ltr'><strong>sancta:</strong></span> <span class='ocrx_word' id='word_1_24' title='bbox 703 400 757 445; x_wconf 90' lang='lat' dir='ltr'><strong>et</strong></span> <span class='ocrx_word' id='word_1_25' title='bbox 802 390 976 445; x_wconf 88' lang='lat' dir='ltr'><strong>salute</strong></span> <span class='ocrx_word' id='word_1_26' title='bbox 1026 388 1259 459; x_wconf 91' lang='lat' dir='ltr'><strong>imperii,</strong></span> <span class='ocrx_word' id='word_1_27' title='bbox 1295 404 1430 459; x_wconf 88' lang='lat' dir='ltr'><strong>pura</strong></span> <span class='ocrx_word' id='word_1_28' title='bbox 1453 397 1507 443; x_wconf 90' lang='lat' dir='ltr'><strong>et</strong></span> <span class='ocrx_word' id='word_1_29' title='bbox 1536 388 1747 442; x_wconf 89' lang='lat' dir='ltr'><strong>sincera</strong></span> 
     </span>
    </p>
   </div>
   <div class='ocr_carea' id='block_1_6' title="bbox 166 476 1749 549">
    <p class='ocr_par' dir='ltr' id='par_1_6' title="bbox 166 476 1749 549">
     <span class='ocr_line' id='line_1_6' title="bbox 166 476 1749 549; baseline -0.004 -12"><span class='ocrx_word' id='word_1_30' title='bbox 166 482 472 537; x_wconf 86' lang='lat' dir='ltr'><strong>intentione</strong></span> <span class='ocrx_word' id='word_1_31' title='bbox 500 480 688 535; x_wconf 90' lang='lat' dir='ltr'><strong>subire</strong></span> <span class='ocrx_word' id='word_1_32' title='bbox 717 495 825 534; x_wconf 90' lang='lat' dir='ltr'><strong>non</strong></span> <span class='ocrx_word' id='word_1_33' title='bbox 864 479 1195 535; x_wconf 74' lang='lat' dir='ltr'><strong>dubitemus.</strong></span> <span class='ocrx_word' id='word_1_34' title='bbox 1231 476 1405 533; x_wconf 80' lang='lat' dir='ltr'><strong>Vestri</strong></span> <span class='ocrx_word' id='word_1_35' title='bbox 1432 493 1561 549; x_wconf 79' lang='lat' dir='ltr'><strong>ergo</strong></span> <span class='ocrx_word' id='word_1_36' title='bbox 1585 476 1749 531; x_wconf 84' lang='lat' dir='ltr'><strong>studii</strong></span> 
     </span>
    </p>
   </div>
   <div class='ocr_carea' id='block_1_7' title="bbox 164 572 1746 642">
    <p class='ocr_par' dir='ltr' id='par_1_7' title="bbox 164 572 1746 642">
     <span class='ocr_line' id='line_1_7' title="bbox 164 572 1746 642; baseline -0.003 -12"><span class='ocrx_word' id='word_1_37' title='bbox 164 573 241 631; x_wconf 82' lang='lat' dir='ltr'><strong>sit</strong></span> <span class='ocrx_word' id='word_1_38' title='bbox 266 573 334 627; x_wconf 88' lang='lat' dir='ltr'><strong>de</strong></span> <span class='ocrx_word' id='word_1_39' title='bbox 369 573 689 642; x_wconf 75' lang='lat' dir='ltr'><strong>exceptione</strong></span> <span class='ocrx_word' id='word_1_40' title='bbox 719 581 773 627; x_wconf 90' lang='lat' dir='ltr'><strong>et</strong></span> <span class='ocrx_word' id='word_1_41' title='bbox 792 572 1014 627; x_wconf 88' lang='lat' dir='ltr'><strong>servitio</strong></span> <span class='ocrx_word' id='word_1_42' title='bbox 1052 581 1243 626; x_wconf 90' lang='lat' dir='ltr'><strong>nostro</strong></span> <span class='ocrx_word' id='word_1_43' title='bbox 1269 586 1605 642; x_wconf 68' lang='lat' dir='ltr'><strong>praemonere</strong></span> <span class='ocrx_word' id='word_1_44' title='bbox 1629 586 1746 637; x_wconf 85' lang='lat' dir='ltr'><strong>eos,</strong></span> 
     </span>
    </p>
   </div>
   <div class='ocr_carea' id='block_1_8' title="bbox 162 661 1749 736">
    <p class='ocr_par' dir='ltr' id='par_1_8' title="bbox 162 661 1749 736">
     <span class='ocr_line' id='line_1_8' title="bbox 162 661 1749 736; baseline -0.004 -15"><span class='ocrx_word' id='word_1_45' title='bbox 162 681 309 735; x_wconf 80' lang='lat' dir='ltr'><strong>quos</strong></span> <span class='ocrx_word' id='word_1_46' title='bbox 337 665 626 736; x_wconf 75' lang='lat' dir='ltr'><strong>prudentia</strong></span> <span class='ocrx_word' id='word_1_47' title='bbox 657 674 834 720; x_wconf 86' lang='lat' dir='ltr'><strong>vestra</strong></span> <span class='ocrx_word' id='word_1_48' title='bbox 866 664 1183 735; x_wconf 84' lang='lat' dir='ltr'><strong>cegnoverit</strong></span> <span class='ocrx_word' id='word_1_49' title='bbox 1205 663 1257 718; x_wconf 91' lang='lat' dir='ltr'><strong>id</strong></span> <span class='ocrx_word' id='word_1_50' title='bbox 1291 679 1475 734; x_wconf 88' lang='lat' dir='ltr'><strong>posse,</strong></span> <span class='ocrx_word' id='word_1_51' title='bbox 1506 672 1561 717; x_wconf 93' lang='lat' dir='ltr'><strong>et</strong></span> <span class='ocrx_word' id='word_1_52' title='bbox 1590 661 1749 715; x_wconf 87' lang='lat' dir='ltr'><strong>nobis</strong></span> 
     </span>
    </p>
   </div>
   <div class='ocr_carea' id='block_1_9' title="bbox 163 756 1748 826">
    <p class='ocr_par' dir='ltr' id='par_1_9' title="bbox 163 756 1748 826">
     <span class='ocr_line' id='line_1_9' title="bbox 163 756 1748 826; baseline -0.001 -14"><span class='ocrx_word' id='word_1_53' title='bbox 163 758 380 819; x_wconf 82' lang='lat' dir='ltr'><strong>debere.</strong></span> <span class='ocrx_word' id='word_1_54' title='bbox 436 756 520 810; x_wconf 88' lang='lat' dir='ltr'><strong>Sit</strong></span> <span class='ocrx_word' id='word_1_55' title='bbox 566 757 732 811; x_wconf 82' lang='lat' dir='ltr'><strong>etiam</strong></span> <span class='ocrx_word' id='word_1_56' title='bbox 773 756 939 813; x_wconf 89' lang='lat' dir='ltr'><strong>studii</strong></span> <span class='ocrx_word' id='word_1_57' title='bbox 982 756 1147 810; x_wconf 89' lang='lat' dir='ltr'><strong>vestri</strong></span> <span class='ocrx_word' id='word_1_58' title='bbox 1200 771 1295 826; x_wconf 92' lang='lat' dir='ltr'><strong>per</strong></span> <span class='ocrx_word' id='word_1_59' title='bbox 1327 763 1510 826; x_wconf 87' lang='lat' dir='ltr'><strong>partes</strong></span> <span class='ocrx_word' id='word_1_60' title='bbox 1536 764 1748 810; x_wconf 84' lang='lat' dir='ltr'><strong>vestras</strong></span> 
     </span>
    </p>
   </div>
   <div class='ocr_carea' id='block_1_10' title="bbox 162 846 1748 920">
    <p class='ocr_par' dir='ltr' id='par_1_10' title="bbox 162 846 1748 920">
     <span class='ocr_line' id='line_1_10' title="bbox 162 846 1748 920; baseline -0.001 -17"><span class='ocrx_word' id='word_1_61' title='bbox 162 865 355 920; x_wconf 86' lang='lat' dir='ltr'><strong>pacem</strong></span> <span class='ocrx_word' id='word_1_62' title='bbox 405 851 645 916; x_wconf 80' lang='lat' dir='ltr'><strong>ﬁrmare,</strong></span> <span class='ocrx_word' id='word_1_63' title='bbox 692 857 754 903; x_wconf 91' lang='lat' dir='ltr'><strong>ut</strong></span> <span class='ocrx_word' id='word_1_64' title='bbox 786 846 1106 903; x_wconf 76' lang='lat' dir='ltr'><strong>intentionis</strong></span> <span class='ocrx_word' id='word_1_65' title='bbox 1153 856 1355 902; x_wconf 71' lang='lat' dir='ltr'><strong>nostra:</strong></span> <span class='ocrx_word' id='word_1_66' title='bbox 1406 846 1748 917; x_wconf 91' lang='lat' dir='ltr'><strong>propositum</strong></span> 
     </span>
    </p>
   </div>
   <div class='ocr_carea' id='block_1_11' title="bbox 165 937 1747 1012">
    <p class='ocr_par' dir='ltr' id='par_1_11' title="bbox 165 937 1747 1012">
     <span class='ocr_line' id='line_1_11' title="bbox 165 937 1747 1012; baseline -0.004 -14"><span class='ocrx_word' id='word_1_67' title='bbox 165 942 301 1000; x_wconf 83' lang='lat' dir='ltr'><strong>nihil</strong></span> <span class='ocrx_word' id='word_1_68' title='bbox 343 943 607 1012; x_wconf 86' lang='lat' dir='ltr'><strong>impedire</strong></span> <span class='ocrx_word' id='word_1_69' title='bbox 657 941 848 1011; x_wconf 88' lang='lat' dir='ltr'><strong>possit.</strong></span> <span class='ocrx_word' id='word_1_70' title='bbox 899 937 1044 1006; x_wconf 85' lang='lat' dir='ltr'><strong>Quot</strong></span> <span class='ocrx_word' id='word_1_71' title='bbox 1075 948 1129 994; x_wconf 90' lang='lat' dir='ltr'><strong>et</strong></span> <span class='ocrx_word' id='word_1_72' title='bbox 1186 947 1422 1010; x_wconf 79' lang='lat' dir='ltr'><strong>quantas</strong></span> <span class='ocrx_word' id='word_1_73' title='bbox 1480 939 1747 993; x_wconf 87' lang='lat' dir='ltr'><strong>collucta-</strong></span> 
     </span>
    </p>
   </div>
   <div class='ocr_carea' id='block_1_12' title="bbox 162 1030 1749 1107">
    <p class='ocr_par' dir='ltr' id='par_1_12' title="bbox 162 1030 1749 1107">
     <span class='ocr_line' id='line_1_12' title="bbox 162 1030 1749 1107; baseline -0.001 -20"><span class='ocrx_word' id='word_1_74' title='bbox 162 1033 343 1087; x_wconf 88' lang='lat' dir='ltr'><strong>tiones</strong></span> <span class='ocrx_word' id='word_1_75' title='bbox 392 1048 519 1087; x_wconf 90' lang='lat' dir='ltr'><strong>eum</strong></span> <span class='ocrx_word' id='word_1_76' title='bbox 564 1032 772 1087; x_wconf 90' lang='lat' dir='ltr'><strong>nuntiis</strong></span> <span class='ocrx_word' id='word_1_77' title='bbox 827 1032 992 1102; x_wconf 77' lang='lat' dir='ltr'><strong>regiis</strong></span> <span class='ocrx_word' id='word_1_78' title='bbox 1033 1031 1409 1107; x_wconf 79' lang='lat' dir='ltr'><strong>habuerimus,</strong></span> <span class='ocrx_word' id='word_1_79' title='bbox 1461 1038 1516 1085; x_wconf 90' lang='lat' dir='ltr'><strong>et</strong></span> <span class='ocrx_word' id='word_1_80' title='bbox 1548 1030 1749 1101; x_wconf 88' lang='lat' dir='ltr'><strong>quibus</strong></span> 
     </span>
    </p>
   </div>
   <div class='ocr_carea' id='block_1_13' title="bbox 164 1122 1749 1194">
    <p class='ocr_par' dir='ltr' id='par_1_13' title="bbox 164 1122 1749 1194">
     <span class='ocr_line' id='line_1_13' title="bbox 164 1122 1749 1194; baseline 0 -17"><span class='ocrx_word' id='word_1_81' title='bbox 164 1122 472 1177; x_wconf 86' lang='lat' dir='ltr'><strong>rationibus</strong></span> <span class='ocrx_word' id='word_1_82' title='bbox 528 1122 689 1177; x_wconf 90' lang='lat' dir='ltr'><strong>dictis</strong></span> <span class='ocrx_word' id='word_1_83' title='bbox 743 1137 935 1177; x_wconf 88' lang='lat' dir='ltr'><strong>eorum</strong></span> <span class='ocrx_word' id='word_1_84' title='bbox 990 1122 1418 1190; x_wconf 87' lang='lat' dir='ltr'><strong>obviaverimus,</strong></span> <span class='ocrx_word' id='word_1_85' title='bbox 1482 1122 1749 1194; x_wconf 83' lang='lat' dir='ltr'><strong>quidquid</strong></span> 
     </span>
    </p>
   </div>
   <div class='ocr_carea' id='block_1_14' title="bbox 162 1212 1747 1285">
    <p class='ocr_par' dir='ltr' id='par_1_14' title="bbox 162 1212 1747 1285">
     <span class='ocr_line' id='line_1_14' title="bbox 162 1212 1747 1285; baseline -0.001 -16"><span class='ocrx_word' id='word_1_86' title='bbox 162 1213 353 1269; x_wconf 81' lang='lat' dir='ltr'><strong>deesse</strong></span> <span class='ocrx_word' id='word_1_87' title='bbox 375 1213 589 1268; x_wconf 88' lang='lat' dir='ltr'><strong>videtur</strong></span> <span class='ocrx_word' id='word_1_88' title='bbox 629 1213 846 1281; x_wconf 80' lang='lat' dir='ltr'><strong>litteris,</strong></span> <span class='ocrx_word' id='word_1_89' title='bbox 889 1214 1091 1269; x_wconf 88' lang='lat' dir='ltr'><strong>latores</strong></span> <span class='ocrx_word' id='word_1_90' title='bbox 1125 1229 1316 1269; x_wconf 88' lang='lat' dir='ltr'><strong>earum</strong></span> <span class='ocrx_word' id='word_1_91' title='bbox 1355 1213 1571 1285; x_wconf 87' lang='lat' dir='ltr'><strong>plenius</strong></span> <span class='ocrx_word' id='word_1_92' title='bbox 1598 1212 1747 1283; x_wconf 87' lang='lat' dir='ltr'><strong>judi-</strong></span> 
     </span>
    </p>
   </div>
   <div class='ocr_carea' id='block_1_15' title="bbox 161 1305 1750 1378">
    <p class='ocr_par' dir='ltr' id='par_1_15' title="bbox 161 1305 1750 1378">
     <span class='ocr_line' id='line_1_15' title="bbox 161 1305 1750 1378; baseline 0.002 -18"><span class='ocrx_word' id='word_1_93' title='bbox 161 1306 384 1360; x_wconf 83' lang='lat' dir='ltr'><strong>cabunt.</strong></span> <span class='ocrx_word' id='word_1_94' title='bbox 437 1305 669 1372; x_wconf 87' lang='lat' dir='ltr'><strong>Quibus,</strong></span> <span class='ocrx_word' id='word_1_95' title='bbox 703 1306 845 1361; x_wconf 89' lang='lat' dir='ltr'><strong>sicut</strong></span> <span class='ocrx_word' id='word_1_96' title='bbox 889 1307 956 1361; x_wconf 90' lang='lat' dir='ltr'><strong>de</strong></span> <span class='ocrx_word' id='word_1_97' title='bbox 1003 1307 1092 1371; x_wconf 89' lang='lat' dir='ltr'><strong>iis,</strong></span> <span class='ocrx_word' id='word_1_98' title='bbox 1144 1323 1265 1378; x_wconf 63' lang='lat' dir='ltr'><strong>quae</strong></span> <span class='ocrx_word' id='word_1_99' title='bbox 1290 1308 1451 1362; x_wconf 90' lang='lat' dir='ltr'><strong>beato</strong></span> <span class='ocrx_word' id='word_1_100' title='bbox 1508 1306 1670 1363; x_wconf 88' lang='lat' dir='ltr'><strong>Petro</strong></span> <span class='ocrx_word' id='word_1_101' title='bbox 1695 1317 1750 1363; x_wconf 85' lang='lat' dir='ltr'><strong>et</strong></span> 
     </span>
    </p>
   </div>
   <div class='ocr_carea' id='block_1_16' title="bbox 164 1398 1751 1468">
    <p class='ocr_par' dir='ltr' id='par_1_16' title="bbox 164 1398 1751 1468">
     <span class='ocr_line' id='line_1_16' title="bbox 164 1398 1751 1468; baseline 0.003 -17"><span class='ocrx_word' id='word_1_102' title='bbox 164 1398 319 1454; x_wconf 85' lang='lat' dir='ltr'><strong>nobis</strong></span> <span class='ocrx_word' id='word_1_103' title='bbox 342 1398 694 1468; x_wconf 82' lang='lat' dir='ltr'><strong>promisistis,</strong></span> <span class='ocrx_word' id='word_1_104' title='bbox 728 1399 1096 1454; x_wconf 78' lang='lat' dir='ltr'><strong>indubitanter</strong></span> <span class='ocrx_word' id='word_1_105' title='bbox 1117 1400 1412 1468; x_wconf 87' lang='lat' dir='ltr'><strong>credimus,</strong></span> <span class='ocrx_word' id='word_1_106' title='bbox 1450 1402 1523 1456; x_wconf 86' lang='lat' dir='ltr'><strong>ila</strong></span> <span class='ocrx_word' id='word_1_107' title='bbox 1560 1417 1658 1455; x_wconf 90' lang='lat' dir='ltr'><strong>vos</strong></span> <span class='ocrx_word' id='word_1_108' title='bbox 1681 1401 1751 1456; x_wconf 31' lang='lat' dir='ltr'><strong>de.</strong></span> 
     </span>
    </p>
   </div>
   <div class='ocr_carea' id='block_1_17' title="bbox 163 1491 1747 1563">
    <p class='ocr_par' dir='ltr' id='par_1_17' title="bbox 163 1491 1747 1563">
     <span class='ocr_line' id='line_1_17' title="bbox 163 1491 1747 1563; baseline 0.002 -19"><span class='ocrx_word' id='word_1_109' title='bbox 163 1491 266 1557; x_wconf 80' lang='lat' dir='ltr'><strong>his,</strong></span> <span class='ocrx_word' id='word_1_110' title='bbox 297 1506 423 1560; x_wconf 73' lang='lat' dir='ltr'><strong>qua:</strong></span> <span class='ocrx_word' id='word_1_111' title='bbox 446 1507 512 1546; x_wconf 81' lang='lat' dir='ltr'><strong>ex</strong></span> <span class='ocrx_word' id='word_1_112' title='bbox 548 1500 736 1546; x_wconf 88' lang='lat' dir='ltr'><strong>nostra</strong></span> <span class='ocrx_word' id='word_1_113' title='bbox 781 1503 935 1563; x_wconf 84' lang='lat' dir='ltr'><strong>parte</strong></span> <span class='ocrx_word' id='word_1_114' title='bbox 955 1493 1213 1563; x_wconf 81' lang='lat' dir='ltr'><strong>dixerint,</strong></span> <span class='ocrx_word' id='word_1_115' title='bbox 1251 1494 1407 1551; x_wconf 90' lang='lat' dir='ltr'><strong>nobis</strong></span> <span class='ocrx_word' id='word_1_116' title='bbox 1443 1494 1747 1550; x_wconf 87' lang='lat' dir='ltr'><strong>certissime</strong></span> 
     </span>
    </p>
   </div>
   <div class='ocr_carea' id='block_1_18' title="bbox 164 1584 688 1643">
    <p class='ocr_par' dir='ltr' id='par_1_18' title="bbox 164 1584 688 1643">
     <span class='ocr_line' id='line_1_18' title="bbox 164 1584 688 1643; baseline -0.006 0"><span class='ocrx_word' id='word_1_117' title='bbox 164 1584 413 1643; x_wconf 76' lang='lat' dir='ltr'><strong>volumus</strong></span> <span class='ocrx_word' id='word_1_118' title='bbox 444 1585 688 1640; x_wconf 85' lang='lat' dir='ltr'><strong>credere.</strong></span> 
     </span>
    </p>
   </div>
   <div class='ocr_carea' id='block_1_19' title="bbox 174 1679 1049 1738">
    <p class='ocr_par' dir='ltr' id='par_1_19' title="bbox 174 1679 1049 1738">
     <span class='ocr_line' id='line_1_19' title="bbox 174 1679 1049 1738; baseline 0.011 -10"><span class='ocrx_word' id='word_1_119' title='bbox 174 1732 179 1737; x_wconf 53' lang='grc'>,</span> <span class='ocrx_word' id='word_1_120' title='bbox 855 1679 1049 1738; x_wconf 76' lang='lat' dir='ltr'><strong>XXXI.</strong></span> 
     </span>
    </p>
   </div>
   <div class='ocr_carea' id='block_1_20' title="bbox 164 1768 1745 1840">
    <p class='ocr_par' dir='ltr' id='par_1_20' title="bbox 164 1768 1745 1840">
     <span class='ocr_line' id='line_1_20' title="bbox 164 1768 1745 1840; baseline 0.004 -17"><span class='ocrx_word' id='word_1_121' title='bbox 164 1768 398 1840; x_wconf 70' lang='lat' dir='ltr'><strong>Gregorii</strong></span> <span class='ocrx_word' id='word_1_122' title='bbox 440 1769 553 1825; x_wconf 73' lang='lat' dir='ltr'><strong>VII</strong></span> <span class='ocrx_word' id='word_1_123' title='bbox 582 1772 809 1840; x_wconf 81' lang='lat' dir='ltr'><strong>epistola</strong></span> <span class='ocrx_word' id='word_1_124' title='bbox 840 1773 910 1826; x_wconf 84' lang='lat' dir='ltr'><strong>ad</strong></span> <span class='ocrx_word' id='word_1_125' title='bbox 951 1772 1258 1829; x_wconf 83' lang='lat' dir='ltr'><strong>Germanos.</strong></span> <span class='ocrx_word' id='word_1_126' title='bbox 1297 1804 1370 1813; x_wconf 97' lang='lat'><strong>—</strong></span> <span class='ocrx_word' id='word_1_127' title='bbox 1416 1772 1647 1829; x_wconf 75' lang='lat' dir='ltr'><strong>Nuntiat</strong></span> <span class='ocrx_word' id='word_1_128' title='bbox 1691 1792 1745 1830; x_wconf 84' lang='lat' dir='ltr'><strong>se</strong></span> 
     </span>
    </p>
   </div>
   <div class='ocr_carea' id='block_1_21' title="bbox 228 1843 1746 1899">
    <p class='ocr_par' dir='ltr' id='par_1_21' title="bbox 228 1843 1746 1899">
     <span class='ocr_line' id='line_1_21' title="bbox 228 1843 1746 1899; baseline 0.004 -6"><span class='ocrx_word' id='word_1_129' title='bbox 228 1852 410 1895; x_wconf 83' lang='lat' dir='ltr'><strong>contra</strong></span> <span class='ocrx_word' id='word_1_130' title='bbox 454 1843 778 1897; x_wconf 80' lang='lat' dir='ltr'><strong>voluntatem</strong></span> <span class='ocrx_word' id='word_1_131' title='bbox 827 1853 875 1897; x_wconf 86' lang='lat' dir='ltr'><strong>et</strong></span> <span class='ocrx_word' id='word_1_132' title='bbox 926 1845 1209 1898; x_wconf 80' lang='lat' dir='ltr'><strong>consilium</strong></span> <span class='ocrx_word' id='word_1_133' title='bbox 1248 1846 1607 1899; x_wconf 85' lang='lat' dir='ltr'><strong>Romanorum</strong></span> <span class='ocrx_word' id='word_1_134' title='bbox 1646 1847 1746 1899; x_wconf 80' lang='lat' dir='ltr'><strong>iter</strong></span> 
     </span>
    </p>
   </div>
   <div class='ocr_carea' id='block_1_22' title="bbox 225 1912 1744 2035">
    <p class='ocr_par' dir='ltr' id='par_1_22' title="bbox 225 1912 1744 2035">
     <span class='ocr_line' id='line_1_22' title="bbox 225 1912 1744 2035; baseline 0.004 -71"><span class='ocrx_word' id='word_1_135' title='bbox 225 1913 409 2035; x_wconf 49' lang='lat' dir='ltr'><strong>ﬂeas</strong></span> <span class='ocrx_word' id='word_1_136' title='bbox 440 1913 649 1968; x_wconf 81' lang='lat' dir='ltr'><strong>habere.</strong></span> <span class='ocrx_word' id='word_1_137' title='bbox 685 1912 951 1968; x_wconf 80' lang='lat' dir='ltr'><strong>Hortatur</strong></span> <span class='ocrx_word' id='word_1_138' title='bbox 979 1916 1104 1969; x_wconf 85' lang='lat' dir='ltr'><strong>dent</strong></span> <span class='ocrx_word' id='word_1_139' title='bbox 1126 1932 1336 1986; x_wconf 82' lang='lat' dir='ltr'><strong>operam</strong></span> <span class='ocrx_word' id='word_1_140' title='bbox 1370 1924 1427 1969; x_wconf 88' lang='lat' dir='ltr'><strong>ut</strong></span> <span class='ocrx_word' id='word_1_141' title='bbox 1455 1932 1541 1969; x_wconf 86' lang='lat' dir='ltr'><strong>eos</strong></span> <span class='ocrx_word' id='word_1_142' title='bbox 1578 1918 1744 1986; x_wconf 78' lang='lat' dir='ltr'><strong>possit</strong></span> 
     </span>
     <span class='ocr_line' id='line_1_23' title="bbox 294 2000 392 2035; baseline 0 0"><span class='ocrx_word' id='word_1_143' title='bbox 294 2000 392 2035; x_wconf 78' lang='lat' dir='ltr'><strong>tre.</strong></span> 
     </span>
    </p>
   </div>
   <div class='ocr_carea' id='block_1_23' title="bbox 294 2000 392 2038">
    <p class='ocr_par' dir='ltr' id='par_1_23' title="bbox 294 2000 392 2038">
     <span class='ocr_line' id='line_1_24' title="bbox 294 2000 392 2038; baseline 0.041 -3"><span class='ocrx_word' id='word_1_144' title='bbox 294 2000 392 2038; x_wconf 73' lang='grc' dir='ltr'><strong>ηε.</strong></span> 
     </span>
    </p>
   </div>
   <div class='ocr_carea' id='block_1_24' title="bbox 752 2074 1159 2150">
    <p class='ocr_par' dir='ltr' id='par_1_24' title="bbox 752 2074 1159 2150">
     <span class='ocr_line' id='line_1_25' title="bbox 752 2074 1159 2150; baseline 0.007 -20"><span class='ocrx_word' id='word_1_145' title='bbox 752 2074 935 2147; x_wconf 84' lang='lat' dir='ltr'><strong>(Anno</strong></span> <span class='ocrx_word' id='word_1_146' title='bbox 976 2077 1159 2150; x_wconf 76' lang='grc'><strong>1076.)</strong></span> 
     </span>
    </p>
   </div>
   <div class='ocr_carea' id='block_1_25' title="bbox 552 2167 1352 2244">
    <p class='ocr_par' dir='ltr' id='par_1_25' title="bbox 552 2167 1352 2244">
     <span class='ocr_line' id='line_1_26' title="bbox 552 2167 1352 2244; baseline 0.005 -22"><span class='ocrx_word' id='word_1_147' title='bbox 552 2167 772 2242; x_wconf 62' lang='grc' dir='ltr'><strong>[Μηει.</strong></span> <span class='ocrx_word' id='word_1_148' title='bbox 813 2169 1017 2225; x_wconf 81' lang='lat' dir='ltr'><strong>Concil.</strong></span> <span class='ocrx_word' id='word_1_149' title='bbox 1058 2170 1177 2236; x_wconf 76' lang='lat' dir='ltr'><strong>XX,</strong></span> <span class='ocrx_word' id='word_1_150' title='bbox 1201 2170 1352 2244; x_wconf 76' lang='lat'><strong>585.]</strong></span> 
     </span>
    </p>
   </div>
   <div class='ocr_carea' id='block_1_26' title="bbox 178 2261 1744 2332">
    <p class='ocr_par' dir='ltr' id='par_1_26' title="bbox 178 2261 1744 2332">
     <span class='ocr_line' id='line_1_27' title="bbox 178 2261 1744 2332; baseline 0.003 -15"><span class='ocrx_word' id='word_1_151' title='bbox 178 2278 181 2285; x_wconf 87' lang='grc'><strong>·</strong></span> <span class='ocrx_word' id='word_1_152' title='bbox 224 2261 533 2317; x_wconf 70' lang='grc' dir='ltr'><strong>ϐιιεεοκιυε</strong></span> <span class='ocrx_word' id='word_1_153' title='bbox 560 2261 872 2332; x_wconf 87' lang='lat' dir='ltr'><strong>episcopus,</strong></span> <span class='ocrx_word' id='word_1_154' title='bbox 900 2278 1092 2318; x_wconf 85' lang='lat' dir='ltr'><strong>servus</strong></span> <span class='ocrx_word' id='word_1_155' title='bbox 1130 2279 1410 2318; x_wconf 88' lang='lat' dir='ltr'><strong>servorum</strong></span> <span class='ocrx_word' id='word_1_156' title='bbox 1458 2264 1592 2332; x_wconf 92' lang='lat' dir='ltr'><strong>Dei,</strong></span> <span class='ocrx_word' id='word_1_157' title='bbox 1625 2282 1744 2321; x_wconf 77' lang='lat' dir='ltr'><strong>oni-</strong></span> 
     </span>
    </p>
   </div>
   <div class='ocr_carea' id='block_1_27' title="bbox 164 2354 1738 2425">
    <p class='ocr_par' dir='ltr' id='par_1_27' title="bbox 164 2354 1738 2425">
     <span class='ocr_line' id='line_1_28' title="bbox 164 2354 1738 2425; baseline 0.005 -18"><span class='ocrx_word' id='word_1_158' title='bbox 164 2354 313 2409; x_wconf 86' lang='lat' dir='ltr'><strong>nibus</strong></span> <span class='ocrx_word' id='word_1_159' title='bbox 337 2354 792 2424; x_wconf 80' lang='lat' dir='ltr'><strong>archiepiscopis,</strong></span> <span class='ocrx_word' id='word_1_160' title='bbox 824 2356 1117 2425; x_wconf 87' lang='lat' dir='ltr'><strong>eplscopis,</strong></span> <span class='ocrx_word' id='word_1_161' title='bbox 1152 2357 1461 2422; x_wconf 83' lang='lat' dir='ltr'><strong>abbatibus,</strong></span> <span class='ocrx_word' id='word_1_162' title='bbox 1485 2358 1738 2425; x_wconf 91' lang='lat' dir='ltr'><strong>ducibus,</strong></span> 
     </span>
    </p>
   </div>
   <div class='ocr_carea' id='block_1_28' title="bbox 164 2447 1740 2519">
    <p class='ocr_par' dir='ltr' id='par_1_28' title="bbox 164 2447 1740 2519">
     <span class='ocr_line' id='line_1_29' title="bbox 164 2447 1740 2519; baseline 0.005 -20"><span class='ocrx_word' id='word_1_163' title='bbox 164 2447 584 2513; x_wconf 83' lang='lat' dir='ltr'><strong>marchionibus,</strong></span> <span class='ocrx_word' id='word_1_164' title='bbox 625 2447 940 2513; x_wconf 90' lang='lat' dir='ltr'><strong>comitibus,</strong></span> <span class='ocrx_word' id='word_1_165' title='bbox 972 2449 1339 2519; x_wconf 89' lang='lat' dir='ltr'><strong>omnibusque</strong></span> <span class='ocrx_word' id='word_1_166' title='bbox 1371 2449 1740 2507; x_wconf 89' lang='lat' dir='ltr'><strong>Christianam</strong></span> 
     </span>
    </p>
   </div>
   <div class='ocr_carea' id='block_1_29' title="bbox 165 2539 1737 2612">
    <p class='ocr_par' dir='ltr' id='par_1_29' title="bbox 165 2539 1737 2612">
     <span class='ocr_line' id='line_1_30' title="bbox 165 2539 1737 2612; baseline 0.004 -19"><span class='ocrx_word' id='word_1_167' title='bbox 165 2548 211 2593; x_wconf 85' lang='lat' dir='ltr'><strong>et</strong></span> <span class='ocrx_word' id='word_1_168' title='bbox 236 2539 291 2593; x_wconf 84' lang='grc' dir='ltr'>Β.</span> <span class='ocrx_word' id='word_1_169' title='bbox 318 2539 462 2594; x_wconf 84' lang='lat' dir='ltr'><strong>Petri</strong></span> <span class='ocrx_word' id='word_1_170' title='bbox 492 2540 893 2610; x_wconf 77' lang='lat' dir='ltr'><strong>apostolorum,</strong></span> <span class='ocrx_word' id='word_1_171' title='bbox 927 2540 1188 2612; x_wconf 85' lang='lat' dir='ltr'><strong>principis</strong></span> <span class='ocrx_word' id='word_1_172' title='bbox 1228 2543 1385 2597; x_wconf 80' lang='lat' dir='ltr'><strong>fidem</strong></span> <span class='ocrx_word' id='word_1_173' title='bbox 1413 2585 1428 2610; x_wconf 93' lang='lat'><strong>,</strong></span> <span class='ocrx_word' id='word_1_174' title='bbox 1459 2552 1513 2598; x_wconf 91' lang='lat' dir='ltr'><strong>et</strong></span> <span class='ocrx_word' id='word_1_175' title='bbox 1538 2544 1737 2599; x_wconf 85' lang='lat' dir='ltr'><strong>doctri—</strong></span> 
     </span>
    </p>
   </div>
   <div class='ocr_carea' id='block_1_30' title="bbox 165 2632 1740 2709">
    <p class='ocr_par' dir='ltr' id='par_1_30' title="bbox 165 2632 1740 2709">
     <span class='ocr_line' id='line_1_31' title="bbox 165 2632 1740 2709; baseline 0.003 -23"><span class='ocrx_word' id='word_1_176' title='bbox 165 2642 276 2687; x_wconf 90' lang='lat' dir='ltr'><strong>nam</strong></span> <span class='ocrx_word' id='word_1_177' title='bbox 304 2632 752 2699; x_wconf 82' lang='lat' dir='ltr'><strong>defendentibus,</strong></span> <span class='ocrx_word' id='word_1_178' title='bbox 780 2641 835 2686; x_wconf 92' lang='lat' dir='ltr'><strong>et</strong></span> <span class='ocrx_word' id='word_1_179' title='bbox 869 2634 1289 2690; x_wconf 79' lang='lat' dir='ltr'><strong>observantibus</strong></span> <span class='ocrx_word' id='word_1_180' title='bbox 1315 2636 1370 2689; x_wconf 90' lang='lat' dir='ltr'><strong>in</strong></span> <span class='ocrx_word' id='word_1_181' title='bbox 1398 2636 1548 2690; x_wconf 91' lang='lat' dir='ltr'><strong>omni</strong></span> <span class='ocrx_word' id='word_1_182' title='bbox 1570 2651 1740 2709; x_wconf 78' lang='lat' dir='ltr'><strong>regno</strong></span> 
     </span>
    </p>
   </div>
   <div class='ocr_carea' id='block_1_31' title="bbox 166 2721 1736 2798">
    <p class='ocr_par' dir='ltr' id='par_1_31' title="bbox 166 2721 1736 2798">
     <span class='ocr_line' id='line_1_32' title="bbox 166 2721 1736 2798; baseline 0.005 -21"><span class='ocrx_word' id='word_1_183' title='bbox 166 2721 578 2781; x_wconf 81' lang='lat' dir='ltr'><strong>Teutonicorum</strong></span> <span class='ocrx_word' id='word_1_184' title='bbox 608 2767 622 2793; x_wconf 92' lang='lat'><strong>,</strong></span> <span class='ocrx_word' id='word_1_185' title='bbox 676 2726 908 2780; x_wconf 88' lang='lat' dir='ltr'><strong>salutem</strong></span> <span class='ocrx_word' id='word_1_186' title='bbox 953 2733 1007 2781; x_wconf 89' lang='lat' dir='ltr'><strong>et</strong></span> <span class='ocrx_word' id='word_1_187' title='bbox 1048 2727 1331 2781; x_wconf 86' lang='lat' dir='ltr'><strong>beatorum</strong></span> <span class='ocrx_word' id='word_1_188' title='bbox 1366 2730 1736 2798; x_wconf 85' lang='lat' dir='ltr'><strong>apostolorum</strong></span> 
     </span>
    </p>
   </div>
   <div class='ocr_carea' id='block_1_32' title="bbox 164 2813 1736 2892">
    <p class='ocr_par' dir='ltr' id='par_1_32' title="bbox 164 2813 1736 2892">
     <span class='ocr_line' id='line_1_33' title="bbox 164 2813 1736 2892; baseline 0.006 -24"><span class='ocrx_word' id='word_1_189' title='bbox 164 2813 292 2871; x_wconf 86' lang='lat' dir='ltr'><strong>Petri</strong></span> <span class='ocrx_word' id='word_1_190' title='bbox 315 2827 367 2873; x_wconf 89' lang='lat' dir='ltr'><strong>et</strong></span> <span class='ocrx_word' id='word_1_191' title='bbox 392 2818 554 2873; x_wconf 85' lang='lat' dir='ltr'><strong>Pauli</strong></span> <span class='ocrx_word' id='word_1_192' title='bbox 577 2819 1012 2874; x_wconf 88' lang='lat' dir='ltr'><strong>benedictionem</strong></span> <span class='ocrx_word' id='word_1_193' title='bbox 1039 2826 1093 2874; x_wconf 90' lang='lat' dir='ltr'><strong>et</strong></span> <span class='ocrx_word' id='word_1_194' title='bbox 1113 2821 1359 2874; x_wconf 90' lang='lat' dir='ltr'><strong>omnium</strong></span> <span class='ocrx_word' id='word_1_195' title='bbox 1388 2831 1736 2892; x_wconf 89' lang='lat' dir='ltr'><strong>peccatorum</strong></span> 
     </span>
    </p>
   </div>
   <div class='ocr_carea' id='block_1_33' title="bbox 165 2909 568 2967">
    <p class='ocr_par' dir='ltr' id='par_1_33' title="bbox 165 2909 568 2967">
     <span class='ocr_line' id='line_1_34' title="bbox 165 2909 568 2967; baseline 0.01 -4"><span class='ocrx_word' id='word_1_196' title='bbox 165 2909 568 2967; x_wconf 71' lang='lat' dir='ltr'><strong>absolutionem.</strong></span> 
     </span>
    </p>
   </div>
   <div class='ocr_carea' id='block_1_34' title="bbox 225 3002 1806 3089">
    <p class='ocr_par' dir='ltr' id='par_1_34' title="bbox 225 3002 1806 3089">
     <span class='ocr_line' id='line_1_35' title="bbox 225 3002 1806 3089; baseline 0.005 -32"><span class='ocrx_word' id='word_1_197' title='bbox 225 3002 329 3074; x_wconf 81' lang='lat' dir='ltr'><strong>Ego</strong></span> <span class='ocrx_word' id='word_1_198' title='bbox 358 3002 764 3075; x_wconf 70' lang='lat' dir='ltr'><strong>qualiscunque</strong></span> <span class='ocrx_word' id='word_1_199' title='bbox 793 3004 1048 3059; x_wconf 87' lang='lat' dir='ltr'><strong>sacerdos</strong></span> <span class='ocrx_word' id='word_1_200' title='bbox 1072 3006 1442 3075; x_wconf 85' lang='lat' dir='ltr'><strong>apostolorum</strong></span> <span class='ocrx_word' id='word_1_201' title='bbox 1474 3007 1736 3079; x_wconf 89' lang='lat' dir='ltr'><strong>principis</strong></span> <span class='ocrx_word' id='word_1_202' title='bbox 1764 3026 1806 3089; x_wconf 68' lang='grc' dir='ltr'>ρ</span> 
     </span>
    </p>
   </div>
   <div class='ocr_carea' id='block_1_35' title="bbox 166 3098 1739 3162">
    <p class='ocr_par' dir='ltr' id='par_1_35' title="bbox 166 3098 1739 3162">
     <span class='ocr_line' id='line_1_36' title="bbox 166 3098 1739 3162; baseline 0.004 -12"><span class='ocrx_word' id='word_1_203' title='bbox 166 3110 336 3153; x_wconf 76' lang='lat' dir='ltr'><strong>servus</strong></span> <span class='ocrx_word' id='word_1_204' title='bbox 361 3139 375 3162; x_wconf 97' lang='lat'><strong>,</strong></span> <span class='ocrx_word' id='word_1_205' title='bbox 406 3105 604 3152; x_wconf 87' lang='lat' dir='ltr'><strong>contra</strong></span> <span class='ocrx_word' id='word_1_206' title='bbox 653 3098 986 3151; x_wconf 87' lang='lat' dir='ltr'><strong>voluntatem</strong></span> <span class='ocrx_word' id='word_1_207' title='bbox 1033 3106 1087 3152; x_wconf 91' lang='lat' dir='ltr'><strong>et</strong></span> <span class='ocrx_word' id='word_1_208' title='bbox 1130 3099 1421 3154; x_wconf 90' lang='lat' dir='ltr'><strong>consilium</strong></span> <span class='ocrx_word' id='word_1_209' title='bbox 1462 3098 1739 3157; x_wconf 77' lang='lat' dir='ltr'><strong>Romano-</strong></span> 
     </span>
    </p>
   </div>
   <div class='ocr_carea' id='block_1_36' title="bbox 165 3189 1739 3255">
    <p class='ocr_par' dir='ltr' id='par_1_36' title="bbox 165 3189 1739 3255">
     <span class='ocr_line' id='line_1_37' title="bbox 165 3189 1739 3255; baseline 0.006 -14"><span class='ocrx_word' id='word_1_210' title='bbox 165 3203 291 3255; x_wconf 88' lang='lat' dir='ltr'><strong>rum,</strong></span> <span class='ocrx_word' id='word_1_211' title='bbox 322 3189 606 3245; x_wconf 84' lang='lat' dir='ltr'><strong>conlidens</strong></span> <span class='ocrx_word' id='word_1_212' title='bbox 630 3190 699 3244; x_wconf 87' lang='lat' dir='ltr'><strong>de</strong></span> <span class='ocrx_word' id='word_1_213' title='bbox 728 3190 1104 3247; x_wconf 88' lang='lat' dir='ltr'><strong>misericordia</strong></span> <span class='ocrx_word' id='word_1_214' title='bbox 1152 3190 1247 3247; x_wconf 89' lang='lat' dir='ltr'><strong>Dei</strong></span> <span class='ocrx_word' id='word_1_215' title='bbox 1279 3199 1333 3247; x_wconf 90' lang='lat' dir='ltr'><strong>et</strong></span> <span class='ocrx_word' id='word_1_216' title='bbox 1362 3209 1488 3247; x_wconf 90' lang='lat' dir='ltr'><strong>vera</strong></span> <span class='ocrx_word' id='word_1_217' title='bbox 1516 3193 1617 3249; x_wconf 87' lang='lat' dir='ltr'><strong>tide</strong></span> <span class='ocrx_word' id='word_1_218' title='bbox 1646 3210 1739 3249; x_wconf 90' lang='lat' dir='ltr'><strong>ca-</strong></span> 
     </span>
    </p>
   </div>
   <div class='ocr_carea' id='block_1_37' title="bbox 166 3279 1737 3354">
    <p class='ocr_par' dir='ltr' id='par_1_37' title="bbox 166 3279 1737 3354">
     <span class='ocr_line' id='line_1_38' title="bbox 166 3279 1737 3354; baseline 0.005 -21"><span class='ocrx_word' id='word_1_219' title='bbox 166 3279 365 3347; x_wconf 81' lang='lat' dir='ltr'><strong>tholica,</strong></span> <span class='ocrx_word' id='word_1_220' title='bbox 404 3280 570 3337; x_wconf 86' lang='lat' dir='ltr'><strong>venio</strong></span> <span class='ocrx_word' id='word_1_221' title='bbox 604 3281 675 3336; x_wconf 81' lang='lat' dir='ltr'><strong>ad</strong></span> <span class='ocrx_word' id='word_1_222' title='bbox 699 3297 819 3347; x_wconf 88' lang='lat' dir='ltr'><strong>vos,</strong></span> <span class='ocrx_word' id='word_1_223' title='bbox 846 3291 1071 3352; x_wconf 87' lang='lat' dir='ltr'><strong>paratus</strong></span> <span class='ocrx_word' id='word_1_224' title='bbox 1100 3292 1325 3354; x_wconf 86' lang='lat' dir='ltr'><strong>propter</strong></span> <span class='ocrx_word' id='word_1_225' title='bbox 1351 3285 1613 3341; x_wconf 86' lang='lat' dir='ltr'><strong>honorem</strong></span> <span class='ocrx_word' id='word_1_226' title='bbox 1642 3285 1737 3343; x_wconf 89' lang='lat' dir='ltr'><strong>Dei</strong></span> 
     </span>
    </p>
   </div>
   <div class='ocr_carea' id='block_1_38' title="bbox 167 3375 1740 3445">
    <p class='ocr_par' dir='ltr' id='par_1_38' title="bbox 167 3375 1740 3445">
     <span class='ocr_line' id='line_1_39' title="bbox 167 3375 1740 3445; baseline 0.006 -18"><span class='ocrx_word' id='word_1_227' title='bbox 167 3383 213 3427; x_wconf 83' lang='lat' dir='ltr'><strong>et</strong></span> <span class='ocrx_word' id='word_1_228' title='bbox 234 3375 458 3431; x_wconf 87' lang='lat' dir='ltr'><strong>salutem</strong></span> <span class='ocrx_word' id='word_1_229' title='bbox 493 3375 810 3430; x_wconf 85' lang='lat' dir='ltr'><strong>animarum</strong></span> <span class='ocrx_word' id='word_1_230' title='bbox 836 3381 1142 3429; x_wconf 88' lang='lat' dir='ltr'><strong>vestrarum</strong></span> <span class='ocrx_word' id='word_1_231' title='bbox 1173 3385 1404 3432; x_wconf 90' lang='lat' dir='ltr'><strong>mortem</strong></span> <span class='ocrx_word' id='word_1_232' title='bbox 1444 3379 1645 3445; x_wconf 89' lang='lat' dir='ltr'><strong>subire,</strong></span> <span class='ocrx_word' id='word_1_233' title='bbox 1680 3387 1740 3436; x_wconf 89' lang='lat' dir='ltr'><strong>ut</strong></span> 
     </span>
    </p>
   </div>
   <div class='ocr_carea' id='block_1_39' title="bbox 167 3462 1738 3541">
    <p class='ocr_par' dir='ltr' id='par_1_39' title="bbox 167 3462 1738 3541">
     <span class='ocr_line' id='line_1_40' title="bbox 167 3462 1738 3541; baseline 0.006 -21"><span class='ocrx_word' id='word_1_234' title='bbox 167 3468 248 3536; x_wconf 85' lang='lat' dir='ltr'><strong>per</strong></span> <span class='ocrx_word' id='word_1_235' title='bbox 274 3469 472 3524; x_wconf 88' lang='lat' dir='ltr'><strong>multas</strong></span> <span class='ocrx_word' id='word_1_236' title='bbox 499 3468 887 3524; x_wconf 81' lang='lat' dir='ltr'><strong>tribulatiOncs</strong></span> <span class='ocrx_word' id='word_1_237' title='bbox 914 3469 1233 3537; x_wconf 88' lang='lat' dir='ltr'><strong>tendamus,</strong></span> <span class='ocrx_word' id='word_1_238' title='bbox 1265 3477 1320 3525; x_wconf 90' lang='lat' dir='ltr'><strong>et</strong></span> <span class='ocrx_word' id='word_1_239' title='bbox 1356 3462 1738 3541; x_wconf 83' lang='lat' dir='ltr'><strong>perveniamus</strong></span> 
     </span>
    </p>
   </div>
   <div class='ocr_carea' id='block_1_40' title="bbox 168 3558 1740 3631">
    <p class='ocr_par' dir='ltr' id='par_1_40' title="bbox 168 3558 1740 3631">
     <span class='ocr_line' id='line_1_41' title="bbox 168 3558 1740 3631; baseline 0.006 -20"><span class='ocrx_word' id='word_1_240' title='bbox 168 3558 224 3612; x_wconf 87' lang='lat' dir='ltr'><strong>ad</strong></span> <span class='ocrx_word' id='word_1_241' title='bbox 245 3561 502 3631; x_wconf 80' lang='lat' dir='ltr'><strong>requiem.</strong></span> <span class='ocrx_word' id='word_1_242' title='bbox 531 3558 646 3615; x_wconf 78' lang='lat' dir='ltr'><strong>Vos</strong></span> <span class='ocrx_word' id='word_1_243' title='bbox 671 3569 873 3627; x_wconf 90' lang='lat' dir='ltr'><strong>autem,</strong></span> <span class='ocrx_word' id='word_1_244' title='bbox 916 3559 1109 3617; x_wconf 80' lang='lat' dir='ltr'><strong>fratres</strong></span> <span class='ocrx_word' id='word_1_245' title='bbox 1139 3561 1247 3616; x_wconf 91' lang='lat' dir='ltr'><strong>mei</strong></span> <span class='ocrx_word' id='word_1_246' title='bbox 1275 3561 1612 3619; x_wconf 87' lang='lat' dir='ltr'><strong>dilectissimi</strong></span> <span class='ocrx_word' id='word_1_247' title='bbox 1639 3607 1653 3631; x_wconf 92' lang='lat'><strong>,</strong></span> <span class='ocrx_word' id='word_1_248' title='bbox 1685 3572 1740 3620; x_wconf 89' lang='lat' dir='ltr'><strong>ct</strong></span> 
     </span>
    </p>
   </div>
   <div class='ocr_carea' id='block_1_41' title="bbox 168 3650 1734 3726">
    <p class='ocr_par' dir='ltr' id='par_1_41' title="bbox 168 3650 1734 3726">
     <span class='ocr_line' id='line_1_42' title="bbox 168 3650 1734 3726; baseline 0.004 -22"><span class='ocrx_word' id='word_1_249' title='bbox 168 3650 599 3708; x_wconf 83' lang='lat' dir='ltr'><strong>desideratissimi</strong></span> <span class='ocrx_word' id='word_1_250' title='bbox 623 3694 639 3719; x_wconf 93' lang='lat'><strong>,</strong></span> <span class='ocrx_word' id='word_1_251' title='bbox 681 3667 1029 3723; x_wconf 86' lang='lat' dir='ltr'><strong>summepere</strong></span> <span class='ocrx_word' id='word_1_252' title='bbox 1064 3661 1254 3710; x_wconf 80' lang='lat' dir='ltr'><strong>Curate</strong></span> <span class='ocrx_word' id='word_1_253' title='bbox 1292 3663 1352 3709; x_wconf 92' lang='lat' dir='ltr'><strong>ut</strong></span> <span class='ocrx_word' id='word_1_254' title='bbox 1379 3670 1472 3709; x_wconf 87' lang='lat' dir='ltr'><strong>vos</strong></span> <span class='ocrx_word' id='word_1_255' title='bbox 1502 3658 1734 3726; x_wconf 87' lang='lat' dir='ltr'><strong>possim,</strong></span> 
     </span>
    </p>
   </div>
   <div class='ocr_carea' id='block_1_42' title="bbox 170 3740 1733 3818">
    <p class='ocr_par' dir='ltr' id='par_1_42' title="bbox 170 3740 1733 3818">
     <span class='ocr_line' id='line_1_43' title="bbox 170 3740 1733 3818; baseline 0.006 -22"><span class='ocrx_word' id='word_1_256' title='bbox 170 3740 592 3812; x_wconf 79' lang='lat' dir='ltr'><strong>Deoauxiliante,</strong></span> <span class='ocrx_word' id='word_1_257' title='bbox 621 3746 790 3812; x_wconf 85' lang='lat' dir='ltr'><strong>adire,</strong></span> <span class='ocrx_word' id='word_1_258' title='bbox 812 3746 1076 3816; x_wconf 74' lang='lat' dir='ltr'><strong>vobisque</strong></span> <span class='ocrx_word' id='word_1_259' title='bbox 1102 3747 1156 3800; x_wconf 92' lang='lat' dir='ltr'><strong>in</strong></span> <span class='ocrx_word' id='word_1_260' title='bbox 1177 3747 1433 3801; x_wconf 89' lang='lat' dir='ltr'><strong>omnibus</strong></span> <span class='ocrx_word' id='word_1_261' title='bbox 1455 3749 1733 3818; x_wconf 81' lang='lat' dir='ltr'><strong>prodesse.</strong></span> 
     </span>
    </p>
   </div>
   <div class='ocr_carea' id='block_1_43' title="bbox 169 3826 1737 3911">
    <p class='ocr_par' dir='ltr' id='par_1_43' title="bbox 169 3826 1737 3911">
     <span class='ocr_line' id='line_1_44' title="bbox 169 3826 1737 3911; baseline 0.004 -22"><span class='ocrx_word' id='word_1_262' title='bbox 169 3826 440 3891; x_wconf 84' lang='lat' dir='ltr'><strong>Benedicat</strong></span> <span class='ocrx_word' id='word_1_263' title='bbox 482 3852 583 3892; x_wconf 90' lang='lat' dir='ltr'><strong>vos</strong></span> <span class='ocrx_word' id='word_1_264' title='bbox 613 3837 704 3891; x_wconf 92' lang='lat' dir='ltr'><strong>ille</strong></span> <span class='ocrx_word' id='word_1_265' title='bbox 754 3853 818 3892; x_wconf 82' lang='lat' dir='ltr'><strong>ex</strong></span> <span class='ocrx_word' id='word_1_266' title='bbox 850 3838 1008 3908; x_wconf 88' lang='lat' dir='ltr'><strong>cujus</strong></span> <span class='ocrx_word' id='word_1_267' title='bbox 1037 3839 1210 3911; x_wconf 82' lang='lat' dir='ltr'><strong>gratia</strong></span> <span class='ocrx_word' id='word_1_268' title='bbox 1239 3839 1444 3895; x_wconf 91' lang='lat' dir='ltr'><strong>dictum</strong></span> <span class='ocrx_word' id='word_1_269' title='bbox 1480 3849 1565 3896; x_wconf 92' lang='lat' dir='ltr'><strong>est</strong></span> <span class='ocrx_word' id='word_1_270' title='bbox 1601 3841 1737 3895; x_wconf 89' lang='lat' dir='ltr'><strong>mihi</strong></span> 
     </span>
    </p>
   </div>
   <div class='ocr_carea' id='block_1_44' title="bbox 169 3926 1731 4000">
    <p class='ocr_par' dir='ltr' id='par_1_44' title="bbox 169 3926 1731 4000">
     <span class='ocr_line' id='line_1_45' title="bbox 169 3926 1731 4000; baseline 0.005 -21"><span class='ocrx_word' id='word_1_271' title='bbox 169 3926 225 3981; x_wconf 84' lang='lat' dir='ltr'><strong>ad</strong></span> <span class='ocrx_word' id='word_1_272' title='bbox 267 3944 469 4000; x_wconf 89' lang='lat' dir='ltr'><strong>corpus</strong></span> <span class='ocrx_word' id='word_1_273' title='bbox 513 3929 655 3984; x_wconf 88' lang='lat' dir='ltr'><strong>beati</strong></span> <span class='ocrx_word' id='word_1_274' title='bbox 705 3929 848 3983; x_wconf 87' lang='lat' dir='ltr'><strong>Petri</strong></span> <span class='ocrx_word' id='word_1_275' title='bbox 902 3932 958 3985; x_wconf 89' lang='lat' dir='ltr'><strong>in</strong></span> <span class='ocrx_word' id='word_1_276' title='bbox 1003 3931 1089 3986; x_wconf 87' lang='lat' dir='ltr'><strong>die</strong></span> <span class='ocrx_word' id='word_1_277' title='bbox 1138 3930 1498 3987; x_wconf 89' lang='lat' dir='ltr'><strong>ordinationis</strong></span> <span class='ocrx_word' id='word_1_278' title='bbox 1546 3949 1679 3989; x_wconf 70' lang='lat' dir='ltr'><strong>mete</strong></span> <span class='ocrx_word' id='word_1_279' title='bbox 1718 3951 1731 3987; x_wconf 93' lang='lat'>:</span> 
     </span>
    </p>
   </div>
   <div class='ocr_carea' id='block_1_45' title="bbox 169 4016 1736 4095">
    <p class='ocr_par' dir='ltr' id='par_1_45' title="bbox 169 4016 1736 4095">
     <span class='ocr_line' id='line_1_46' title="bbox 169 4016 1736 4095; baseline 0.004 -22"><span class='ocrx_word' id='word_1_280' title='bbox 169 4016 526 4093; x_wconf 81' lang='lat' dir='ltr'><strong>Quodcunque</strong></span> <span class='ocrx_word' id='word_1_281' title='bbox 550 4022 894 4078; x_wconf 77' lang='lat' dir='ltr'><strong>benedixeris</strong></span> <span class='ocrx_word' id='word_1_282' title='bbox 924 4023 1269 4078; x_wconf 87' lang='lat' dir='ltr'><strong>benedictum</strong></span> <span class='ocrx_word' id='word_1_283' title='bbox 1306 4024 1449 4091; x_wconf 90' lang='lat' dir='ltr'><strong>erit,</strong></span> <span class='ocrx_word' id='word_1_284' title='bbox 1480 4034 1534 4079; x_wconf 91' lang='lat' dir='ltr'><strong>et</strong></span> <span class='ocrx_word' id='word_1_285' title='bbox 1563 4026 1736 4095; x_wconf 92' lang='lat' dir='ltr'><strong>quod-</strong></span> 
     </span>
    </p>
   </div>
   <div class='ocr_carea' id='block_1_46' title="bbox 169 4110 1731 4183">
    <p class='ocr_par' dir='ltr' id='par_1_46' title="bbox 169 4110 1731 4183">
     <span class='ocr_line' id='line_1_47' title="bbox 169 4110 1731 4183; baseline 0.007 -21"><span class='ocrx_word' id='word_1_286' title='bbox 169 4110 357 4183; x_wconf 73' lang='lat' dir='ltr'><strong>Cunque</strong></span> <span class='ocrx_word' id='word_1_287' title='bbox 423 4114 652 4169; x_wconf 88' lang='lat' dir='ltr'><strong>solveris</strong></span> <span class='ocrx_word' id='word_1_288' title='bbox 715 4115 770 4168; x_wconf 91' lang='lat' dir='ltr'><strong>in</strong></span> <span class='ocrx_word' id='word_1_289' title='bbox 837 4124 979 4169; x_wconf 89' lang='lat' dir='ltr'><strong>terra</strong></span> <span class='ocrx_word' id='word_1_290' title='bbox 1028 4116 1133 4170; x_wconf 90' lang='lat' dir='ltr'><strong>erit</strong></span> <span class='ocrx_word' id='word_1_291' title='bbox 1181 4116 1421 4171; x_wconf 88' lang='lat' dir='ltr'><strong>solutum</strong></span> <span class='ocrx_word' id='word_1_292' title='bbox 1466 4117 1522 4171; x_wconf 92' lang='lat' dir='ltr'><strong>in</strong></span> <span class='ocrx_word' id='word_1_293' title='bbox 1572 4119 1731 4173; x_wconf 56' lang='lat' dir='ltr'><strong>coelo.</strong></span> 
     </span>
    </p>
   </div>
   <div class='ocr_carea' id='block_1_47' title="bbox 168 4201 334 4261">
    <p class='ocr_par' dir='ltr' id='par_1_47' title="bbox 168 4201 334 4261">
     <span class='ocr_line' id='line_1_48' title="bbox 168 4201 334 4261; baseline 0.024 -4"><span class='ocrx_word' id='word_1_294' title='bbox 168 4201 334 4261; x_wconf 74' lang='lat' dir='ltr'><strong>Arnen.</strong></span> 
     </span>
    </p>
   </div>
   <div class='ocr_carea' id='block_1_48' title="bbox 831 4292 1045 4352">
    <p class='ocr_par' dir='ltr' id='par_1_48' title="bbox 831 4292 1045 4352">
     <span class='ocr_line' id='line_1_49' title="bbox 831 4292 1045 4352; baseline 0.009 -3"><span class='ocrx_word' id='word_1_295' title='bbox 831 4292 1045 4352; x_wconf 73' lang='lat' dir='ltr'><strong>XXXII.</strong></span> 
     </span>
    </p>
   </div>
   <div class='ocr_carea' id='block_1_49' title="bbox 1848 381 3443 453">
    <p class='ocr_par' dir='ltr' id='par_1_49' title="bbox 1848 381 3443 453">
     <span class='ocr_line' id='line_1_50' title="bbox 1848 381 3443 453; baseline 0.006 -17"><span class='ocrx_word' id='word_1_296' title='bbox 1848 381 2003 447; x_wconf 78' lang='lat' dir='ltr'><strong>tifex,</strong></span> <span class='ocrx_word' id='word_1_297' title='bbox 2038 384 2366 453; x_wconf 86' lang='lat' dir='ltr'><strong>rescriptum</strong></span> <span class='ocrx_word' id='word_1_298' title='bbox 2390 401 2512 439; x_wconf 90' lang='lat' dir='ltr'><strong>esse</strong></span> <span class='ocrx_word' id='word_1_299' title='bbox 2541 393 2777 452; x_wconf 86' lang='lat' dir='ltr'><strong>constat,</strong></span> <span class='ocrx_word' id='word_1_300' title='bbox 2809 387 2892 441; x_wconf 83' lang='lat' dir='ltr'><strong>vel</strong></span> <span class='ocrx_word' id='word_1_301' title='bbox 2914 397 3110 444; x_wconf 69' lang='lat' dir='ltr'><strong>vestrae</strong></span> <span class='ocrx_word' id='word_1_302' title='bbox 3143 390 3443 446; x_wconf 59' lang='lat' dir='ltr'><strong>canonice.</strong></span> 
     </span>
    </p>
   </div>
   <div class='ocr_carea' id='block_1_50' title="bbox 1849 472 3443 546">
    <p class='ocr_par' dir='ltr' id='par_1_50' title="bbox 1849 472 3443 546">
     <span class='ocr_line' id='line_1_51' title="bbox 1849 472 3443 546; baseline 0.008 -20"><span class='ocrx_word' id='word_1_303' title='bbox 1849 472 2022 540; x_wconf 84' lang='lat' dir='ltr'><strong>Quam</strong></span> <span class='ocrx_word' id='word_1_304' title='bbox 2058 474 2266 530; x_wconf 83' lang='lat' dir='ltr'><strong>scilicet</strong></span> <span class='ocrx_word' id='word_1_305' title='bbox 2288 476 2607 532; x_wconf 88' lang='lat' dir='ltr'><strong>canonicam</strong></span> <span class='ocrx_word' id='word_1_306' title='bbox 2638 479 2915 546; x_wconf 82' lang='lat' dir='ltr'><strong>tuendam,</strong></span> <span class='ocrx_word' id='word_1_307' title='bbox 2956 489 3010 534; x_wconf 87' lang='lat' dir='ltr'><strong>et</strong></span> <span class='ocrx_word' id='word_1_308' title='bbox 3046 480 3443 539; x_wconf 81' lang='lat' dir='ltr'><strong>defendendam</strong></span> 
     </span>
    </p>
   </div>
   <div class='ocr_carea' id='block_1_51' title="bbox 1848 567 3444 642">
    <p class='ocr_par' dir='ltr' id='par_1_51' title="bbox 1848 567 3444 642">
     <span class='ocr_line' id='line_1_52' title="bbox 1848 567 3444 642; baseline 0.008 -25"><span class='ocrx_word' id='word_1_309' title='bbox 1848 580 1944 635; x_wconf 88' lang='lat' dir='ltr'><strong>per</strong></span> <span class='ocrx_word' id='word_1_310' title='bbox 1990 567 2238 621; x_wconf 82' lang='lat' dir='ltr'><strong>eamdem</strong></span> <span class='ocrx_word' id='word_1_311' title='bbox 2284 570 2541 639; x_wconf 78' lang='lat' dir='ltr'><strong>paginam</strong></span> <span class='ocrx_word' id='word_1_312' title='bbox 2580 570 2694 640; x_wconf 88' lang='lat' dir='ltr'><strong>ipse</strong></span> <span class='ocrx_word' id='word_1_313' title='bbox 2733 579 2914 625; x_wconf 85' lang='lat' dir='ltr'><strong>vester</strong></span> <span class='ocrx_word' id='word_1_314' title='bbox 2961 572 3271 642; x_wconf 72' lang='lat' dir='ltr'><strong>episcopus,</strong></span> <span class='ocrx_word' id='word_1_315' title='bbox 3312 588 3444 629; x_wconf 83' lang='lat' dir='ltr'><strong>san-</strong></span> 
     </span>
    </p>
   </div>
   <div class='ocr_carea' id='block_1_52' title="bbox 1849 659 3443 737">
    <p class='ocr_par' dir='ltr' id='par_1_52' title="bbox 1849 659 3443 737">
     <span class='ocr_line' id='line_1_53' title="bbox 1849 659 3443 737; baseline 0.006 -23"><span class='ocrx_word' id='word_1_316' title='bbox 1849 659 2079 715; x_wconf 88' lang='lat' dir='ltr'><strong>ctissimi</strong></span> <span class='ocrx_word' id='word_1_317' title='bbox 2105 661 2523 730; x_wconf 71' lang='lat' dir='ltr'><strong>prmdcccssoris</strong></span> <span class='ocrx_word' id='word_1_318' title='bbox 2546 664 2651 716; x_wconf 85' lang='lat' dir='ltr'><strong>mei</strong></span> <span class='ocrx_word' id='word_1_319' title='bbox 2676 662 2876 719; x_wconf 86' lang='lat' dir='ltr'><strong>Leonis</strong></span> <span class='ocrx_word' id='word_1_320' title='bbox 2904 681 3076 735; x_wconf 65' lang='lat' dir='ltr'><strong>papae,</strong></span> <span class='ocrx_word' id='word_1_321' title='bbox 3104 681 3443 737; x_wconf 90' lang='lat' dir='ltr'><strong>suorumque</strong></span> 
     </span>
    </p>
   </div>
   <div class='ocr_carea' id='block_1_53' title="bbox 1849 754 3445 823">
    <p class='ocr_par' dir='ltr' id='par_1_53' title="bbox 1849 754 3445 823">
     <span class='ocr_line' id='line_1_54' title="bbox 1849 754 3445 823; baseline 0.006 -17"><span class='ocrx_word' id='word_1_322' title='bbox 1849 766 2234 808; x_wconf 88' lang='lat' dir='ltr'><strong>successorum</strong></span> <span class='ocrx_word' id='word_1_323' title='bbox 2272 754 2583 808; x_wconf 83' lang='lat' dir='ltr'><strong>auctoritati</strong></span> <span class='ocrx_word' id='word_1_324' title='bbox 2636 757 2911 823; x_wconf 84' lang='lat' dir='ltr'><strong>tuendam,</strong></span> <span class='ocrx_word' id='word_1_325' title='bbox 2953 766 3008 812; x_wconf 90' lang='lat' dir='ltr'><strong>et</strong></span> <span class='ocrx_word' id='word_1_326' title='bbox 3048 756 3445 815; x_wconf 79' lang='lat' dir='ltr'><strong>defendendam</strong></span> 
     </span>
    </p>
   </div>
   <div class='ocr_carea' id='block_1_54' title="bbox 1850 843 3446 918">
    <p class='ocr_par' dir='ltr' id='par_1_54' title="bbox 1850 843 3446 918">
     <span class='ocr_line' id='line_1_55' title="bbox 1850 843 3446 918; baseline 0.005 -20"><span class='ocrx_word' id='word_1_327' title='bbox 1850 843 2147 910; x_wconf 86' lang='lat' dir='ltr'><strong>commisit,</strong></span> <span class='ocrx_word' id='word_1_328' title='bbox 2201 852 2366 915; x_wconf 90' lang='lat' dir='ltr'><strong>atque</strong></span> <span class='ocrx_word' id='word_1_329' title='bbox 2410 847 2717 915; x_wconf 85' lang='lat' dir='ltr'><strong>supposuit,</strong></span> <span class='ocrx_word' id='word_1_330' title='bbox 2749 848 3022 918; x_wconf 82' lang='lat' dir='ltr'><strong>utquicti,</strong></span> <span class='ocrx_word' id='word_1_331' title='bbox 3052 856 3106 903; x_wconf 85' lang='lat' dir='ltr'><strong>et</strong></span> <span class='ocrx_word' id='word_1_332' title='bbox 3144 850 3323 904; x_wconf 88' lang='lat' dir='ltr'><strong>securi</strong></span> <span class='ocrx_word' id='word_1_333' title='bbox 3375 851 3446 906; x_wconf 89' lang='lat' dir='ltr'><strong>ab</strong></span> 
     </span>
    </p>
   </div>
   <div class='ocr_carea' id='block_1_55' title="bbox 1850 935 3440 1014">
    <p class='ocr_par' dir='ltr' id='par_1_55' title="bbox 1850 935 3440 1014">
     <span class='ocr_line' id='line_1_56' title="bbox 1850 935 3440 1014; baseline 0.006 -25"><span class='ocrx_word' id='word_1_334' title='bbox 1850 935 1999 989; x_wconf 90' lang='lat' dir='ltr'><strong>omni</strong></span> <span class='ocrx_word' id='word_1_335' title='bbox 2029 936 2249 991; x_wconf 79' lang='lat' dir='ltr'><strong>laesione</strong></span> <span class='ocrx_word' id='word_1_336' title='bbox 2279 952 2599 1007; x_wconf 87' lang='lat' dir='ltr'><strong>permanere</strong></span> <span class='ocrx_word' id='word_1_337' title='bbox 2629 940 2873 995; x_wconf 86' lang='lat' dir='ltr'><strong>valeatis.</strong></span> <span class='ocrx_word' id='word_1_338' title='bbox 2926 940 3206 997; x_wconf 89' lang='lat' dir='ltr'><strong>Desiderio</strong></span> <span class='ocrx_word' id='word_1_339' title='bbox 3237 944 3440 1014; x_wconf 87' lang='lat' dir='ltr'><strong>itaque,</strong></span> 
     </span>
    </p>
   </div>
   <div class='ocr_carea' id='block_1_56' title="bbox 1850 1027 3445 1106">
    <p class='ocr_par' dir='ltr' id='par_1_56' title="bbox 1850 1027 3445 1106">
     <span class='ocr_line' id='line_1_57' title="bbox 1850 1027 3445 1106; baseline 0.006 -25"><span class='ocrx_word' id='word_1_340' title='bbox 1850 1043 1915 1083; x_wconf 90' lang='lat' dir='ltr'><strong>ac</strong></span> <span class='ocrx_word' id='word_1_341' title='bbox 1943 1027 2203 1097; x_wconf 90' lang='lat' dir='ltr'><strong>petitione</strong></span> <span class='ocrx_word' id='word_1_342' title='bbox 2236 1037 2348 1095; x_wconf 87' lang='lat' dir='ltr'><strong>tua,</strong></span> <span class='ocrx_word' id='word_1_343' title='bbox 2387 1038 2449 1084; x_wconf 90' lang='lat' dir='ltr'><strong>ut</strong></span> <span class='ocrx_word' id='word_1_344' title='bbox 2478 1031 2738 1100; x_wconf 77' lang='lat' dir='ltr'><strong>diximus,</strong></span> <span class='ocrx_word' id='word_1_345' title='bbox 2773 1033 3036 1102; x_wconf 74' lang='lat' dir='ltr'><strong>inclinati,</strong></span> <span class='ocrx_word' id='word_1_346' title='bbox 3079 1043 3134 1090; x_wconf 91' lang='lat' dir='ltr'><strong>et</strong></span> <span class='ocrx_word' id='word_1_347' title='bbox 3182 1037 3445 1106; x_wconf 70' lang='lat' dir='ltr'><strong>praeposi-</strong></span> 
     </span>
    </p>
   </div>
   <div class='ocr_carea' id='block_1_57' title="bbox 1849 1124 3441 1190">
    <p class='ocr_par' dir='ltr' id='par_1_57' title="bbox 1849 1124 3441 1190">
     <span class='ocr_line' id='line_1_58' title="bbox 1849 1124 3441 1190; baseline 0.005 -15"><span class='ocrx_word' id='word_1_348' title='bbox 1849 1125 1987 1185; x_wconf 86' lang='lat' dir='ltr'><strong>tum,</strong></span> <span class='ocrx_word' id='word_1_349' title='bbox 2032 1128 2197 1190; x_wconf 87' lang='lat' dir='ltr'><strong>atque</strong></span> <span class='ocrx_word' id='word_1_350' title='bbox 2233 1132 2583 1176; x_wconf 84' lang='lat' dir='ltr'><strong>successores</strong></span> <span class='ocrx_word' id='word_1_351' title='bbox 2621 1124 2942 1179; x_wconf 88' lang='lat' dir='ltr'><strong>canonicam</strong></span> <span class='ocrx_word' id='word_1_352' title='bbox 2974 1125 3139 1180; x_wconf 88' lang='lat' dir='ltr'><strong>vitam</strong></span> <span class='ocrx_word' id='word_1_353' title='bbox 3175 1128 3441 1184; x_wconf 89' lang='lat' dir='ltr'><strong>ducturos</strong></span> 
     </span>
    </p>
   </div>
   <div class='ocr_carea' id='block_1_58' title="bbox 1850 1211 3443 1283">
    <p class='ocr_par' dir='ltr' id='par_1_58' title="bbox 1850 1211 3443 1283">
     <span class='ocr_line' id='line_1_59' title="bbox 1850 1211 3443 1283; baseline 0.006 -17"><span class='ocrx_word' id='word_1_354' title='bbox 1850 1211 1954 1267; x_wconf 89' lang='lat' dir='ltr'><strong>sub</strong></span> <span class='ocrx_word' id='word_1_355' title='bbox 1989 1220 2190 1269; x_wconf 75' lang='lat' dir='ltr'><strong>nostra:</strong></span> <span class='ocrx_word' id='word_1_356' title='bbox 2215 1213 2529 1283; x_wconf 66' lang='lat' dir='ltr'><strong>apostolica:</strong></span> <span class='ocrx_word' id='word_1_357' title='bbox 2559 1215 2898 1277; x_wconf 83' lang='lat' dir='ltr'><strong>defensionis</strong></span> <span class='ocrx_word' id='word_1_358' title='bbox 2928 1220 3231 1276; x_wconf 89' lang='lat' dir='ltr'><strong>munimine</strong></span> <span class='ocrx_word' id='word_1_359' title='bbox 3263 1221 3443 1276; x_wconf 58' lang='lat' dir='ltr'><strong>suscio</strong></span> 
     </span>
    </p>
   </div>
   <div class='ocr_carea' id='block_1_59' title="bbox 1849 1302 3442 1379">
    <p class='ocr_par' dir='ltr' id='par_1_59' title="bbox 1849 1302 3442 1379">
     <span class='ocr_line' id='line_1_60' title="bbox 1849 1302 3442 1379; baseline 0.008 -24"><span class='ocrx_word' id='word_1_360' title='bbox 1849 1302 2050 1371; x_wconf 88' lang='lat' dir='ltr'><strong>pimus.</strong></span> <span class='ocrx_word' id='word_1_361' title='bbox 2102 1302 2169 1358; x_wconf 83' lang='lat' dir='ltr'><strong>Et</strong></span> <span class='ocrx_word' id='word_1_362' title='bbox 2201 1304 2343 1358; x_wconf 88' lang='lat' dir='ltr'><strong>bona</strong></span> <span class='ocrx_word' id='word_1_363' title='bbox 2370 1307 2577 1372; x_wconf 89' lang='lat' dir='ltr'><strong>omnia,</strong></span> <span class='ocrx_word' id='word_1_364' title='bbox 2604 1323 2728 1377; x_wconf 77' lang='lat' dir='ltr'><strong>qua:</strong></span> <span class='ocrx_word' id='word_1_365' title='bbox 2764 1318 2941 1364; x_wconf 86' lang='lat' dir='ltr'><strong>vestra</strong></span> <span class='ocrx_word' id='word_1_366' title='bbox 2969 1319 3023 1366; x_wconf 88' lang='lat' dir='ltr'><strong>et</strong></span> <span class='ocrx_word' id='word_1_367' title='bbox 3048 1311 3229 1379; x_wconf 89' lang='lat' dir='ltr'><strong>habet,</strong></span> <span class='ocrx_word' id='word_1_368' title='bbox 3257 1319 3311 1367; x_wconf 91' lang='lat' dir='ltr'><strong>et</strong></span> <span class='ocrx_word' id='word_1_369' title='bbox 3341 1313 3442 1367; x_wconf 88' lang='lat' dir='ltr'><strong>ha-</strong></span> 
     </span>
    </p>
   </div>
   <div class='ocr_carea' id='block_1_60' title="bbox 1849 1394 3442 1468">
    <p class='ocr_par' dir='ltr' id='par_1_60' title="bbox 1849 1394 3442 1468">
     <span class='ocr_line' id='line_1_61' title="bbox 1849 1394 3442 1468; baseline 0.007 -20"><span class='ocrx_word' id='word_1_370' title='bbox 1849 1394 2028 1449; x_wconf 84' lang='lat' dir='ltr'><strong>bitura</strong></span> <span class='ocrx_word' id='word_1_371' title='bbox 2060 1404 2163 1459; x_wconf 87' lang='lat' dir='ltr'><strong>est,</strong></span> <span class='ocrx_word' id='word_1_372' title='bbox 2196 1405 2247 1449; x_wconf 89' lang='lat' dir='ltr'><strong>et</strong></span> <span class='ocrx_word' id='word_1_373' title='bbox 2285 1396 2385 1451; x_wconf 89' lang='lat' dir='ltr'><strong>sibi</strong></span> <span class='ocrx_word' id='word_1_374' title='bbox 2416 1398 2687 1466; x_wconf 89' lang='lat' dir='ltr'><strong>pertinent</strong></span> <span class='ocrx_word' id='word_1_375' title='bbox 2712 1402 2996 1468; x_wconf 87' lang='lat' dir='ltr'><strong>canonica,</strong></span> <span class='ocrx_word' id='word_1_376' title='bbox 3029 1402 3281 1458; x_wconf 82' lang='lat' dir='ltr'><strong>videlicet</strong></span> <span class='ocrx_word' id='word_1_377' title='bbox 3314 1419 3442 1458; x_wconf 86' lang='lat' dir='ltr'><strong>cur-</strong></span> 
     </span>
    </p>
   </div>
   <div class='ocr_carea' id='block_1_61' title="bbox 1851 1488 3440 1567">
    <p class='ocr_par' dir='ltr' id='par_1_61' title="bbox 1851 1488 3440 1567">
     <span class='ocr_line' id='line_1_62' title="bbox 1851 1488 3440 1567; baseline 0.008 -29"><span class='ocrx_word' id='word_1_378' title='bbox 1851 1494 1949 1551; x_wconf 90' lang='lat' dir='ltr'><strong>tes,</strong></span> <span class='ocrx_word' id='word_1_379' title='bbox 1978 1496 2231 1554; x_wconf 83' lang='lat' dir='ltr'><strong>terras,ct</strong></span> <span class='ocrx_word' id='word_1_380' title='bbox 2250 1488 2404 1557; x_wconf 75' lang='lat' dir='ltr'><strong>juxta</strong></span> <span class='ocrx_word' id='word_1_381' title='bbox 2431 1488 2799 1545; x_wconf 82' lang='lat' dir='ltr'><strong>Florentinam</strong></span> <span class='ocrx_word' id='word_1_382' title='bbox 2823 1493 3011 1548; x_wconf 81' lang='lat' dir='ltr'><strong>urbem</strong></span> <span class='ocrx_word' id='word_1_383' title='bbox 3035 1504 3247 1564; x_wconf 88' lang='lat' dir='ltr'><strong>pratum</strong></span> <span class='ocrx_word' id='word_1_384' title='bbox 3276 1496 3440 1567; x_wconf 73' lang='lat' dir='ltr'><strong>regis,</strong></span> 
     </span>
    </p>
   </div>
   <div class='ocr_carea' id='block_1_62' title="bbox 1848 1583 3442 1653">
    <p class='ocr_par' dir='ltr' id='par_1_62' title="bbox 1848 1583 3442 1653">
     <span class='ocr_line' id='line_1_63' title="bbox 1848 1583 3442 1653; baseline 0.008 -19"><span class='ocrx_word' id='word_1_385' title='bbox 1848 1596 2102 1651; x_wconf 83' lang='lat' dir='ltr'><strong>campum</strong></span> <span class='ocrx_word' id='word_1_386' title='bbox 2139 1583 2282 1653; x_wconf 81' lang='lat' dir='ltr'><strong>regis</strong></span> <span class='ocrx_word' id='word_1_387' title='bbox 2309 1591 2482 1638; x_wconf 89' lang='lat' dir='ltr'><strong>totum</strong></span> <span class='ocrx_word' id='word_1_388' title='bbox 2514 1602 2637 1639; x_wconf 91' lang='lat' dir='ltr'><strong>cum</strong></span> <span class='ocrx_word' id='word_1_389' title='bbox 2672 1588 2900 1653; x_wconf 86' lang='lat' dir='ltr'><strong>mansis,</strong></span> <span class='ocrx_word' id='word_1_390' title='bbox 2926 1596 2980 1642; x_wconf 91' lang='lat' dir='ltr'><strong>ct</strong></span> <span class='ocrx_word' id='word_1_391' title='bbox 3004 1590 3293 1646; x_wconf 88' lang='lat' dir='ltr'><strong>tcrritoriis</strong></span> <span class='ocrx_word' id='word_1_392' title='bbox 3321 1606 3442 1646; x_wconf 89' lang='lat' dir='ltr'><strong>om-</strong></span> 
     </span>
    </p>
   </div>
   <div class='ocr_carea' id='block_1_63' title="bbox 1846 1675 3439 1751">
    <p class='ocr_par' dir='ltr' id='par_1_63' title="bbox 1846 1675 3439 1751">
     <span class='ocr_line' id='line_1_64' title="bbox 1846 1675 3439 1751; baseline 0.006 -22"><span class='ocrx_word' id='word_1_393' title='bbox 1846 1675 2027 1739; x_wconf 88' lang='lat' dir='ltr'><strong>nibus,</strong></span> <span class='ocrx_word' id='word_1_394' title='bbox 2057 1692 2179 1746; x_wconf 72' lang='lat' dir='ltr'><strong>quw</strong></span> <span class='ocrx_word' id='word_1_395' title='bbox 2207 1675 2260 1730; x_wconf 89' lang='lat' dir='ltr'><strong>in</strong></span> <span class='ocrx_word' id='word_1_396' title='bbox 2286 1676 2601 1734; x_wconf 88' lang='lat' dir='ltr'><strong>Florentiua</strong></span> <span class='ocrx_word' id='word_1_397' title='bbox 2638 1688 2791 1735; x_wconf 83' lang='lat' dir='ltr'><strong>eurte</strong></span> <span class='ocrx_word' id='word_1_398' title='bbox 2826 1682 2988 1736; x_wconf 89' lang='lat' dir='ltr'><strong>habet</strong></span> <span class='ocrx_word' id='word_1_399' title='bbox 3018 1691 3072 1738; x_wconf 91' lang='lat' dir='ltr'><strong>et</strong></span> <span class='ocrx_word' id='word_1_400' title='bbox 3111 1685 3329 1751; x_wconf 85' lang='lat' dir='ltr'><strong>retinet,</strong></span> <span class='ocrx_word' id='word_1_401' title='bbox 3355 1685 3439 1740; x_wconf 90' lang='lat' dir='ltr'><strong>vel</strong></span> 
     </span>
    </p>
   </div>
   <div class='ocr_carea' id='block_1_64' title="bbox 1848 1765 3436 1841">
    <p class='ocr_par' dir='ltr' id='par_1_64' title="bbox 1848 1765 3436 1841">
     <span class='ocr_line' id='line_1_65' title="bbox 1848 1765 3436 1841; baseline 0.005 -20"><span class='ocrx_word' id='word_1_402' title='bbox 1848 1765 1949 1821; x_wconf 86' lang='lat' dir='ltr'><strong>sibi</strong></span> <span class='ocrx_word' id='word_1_403' title='bbox 1979 1766 2249 1836; x_wconf 82' lang='lat' dir='ltr'><strong>pertinent</strong></span> <span class='ocrx_word' id='word_1_404' title='bbox 2288 1768 2542 1838; x_wconf 72' lang='lat' dir='ltr'><strong>praedicta</strong></span> <span class='ocrx_word' id='word_1_405' title='bbox 2586 1780 2764 1825; x_wconf 86' lang='lat' dir='ltr'><strong>vestra</strong></span> <span class='ocrx_word' id='word_1_406' title='bbox 2803 1774 3087 1841; x_wconf 79' lang='lat' dir='ltr'><strong>canonica,</strong></span> <span class='ocrx_word' id='word_1_407' title='bbox 3130 1787 3344 1829; x_wconf 81' lang='lat' dir='ltr'><strong>cur;em</strong></span> <span class='ocrx_word' id='word_1_408' title='bbox 3378 1773 3436 1830; x_wconf 93' lang='lat' dir='ltr'><strong>S.</strong></span> 
     </span>
    </p>
   </div>
   <div class='ocr_carea' id='block_1_65' title="bbox 1846 1855 3439 1933">
    <p class='ocr_par' dir='ltr' id='par_1_65' title="bbox 1846 1855 3439 1933">
     <span class='ocr_line' id='line_1_66' title="bbox 1846 1855 3439 1933; baseline 0.009 -25"><span class='ocrx_word' id='word_1_409' title='bbox 1846 1855 2075 1911; x_wconf 71' lang='lat' dir='ltr'><strong>Andreae</strong></span> <span class='ocrx_word' id='word_1_410' title='bbox 2108 1874 2232 1913; x_wconf 89' lang='lat' dir='ltr'><strong>cum</strong></span> <span class='ocrx_word' id='word_1_411' title='bbox 2265 1860 2519 1915; x_wconf 89' lang='lat' dir='ltr'><strong>omnibus</strong></span> <span class='ocrx_word' id='word_1_412' title='bbox 2548 1861 2650 1916; x_wconf 87' lang='lat' dir='ltr'><strong>sibi</strong></span> <span class='ocrx_word' id='word_1_413' title='bbox 2687 1864 3107 1933; x_wconf 84' lang='lat' dir='ltr'><strong>pertinentibus,</strong></span> <span class='ocrx_word' id='word_1_414' title='bbox 3138 1876 3347 1922; x_wconf 89' lang='lat' dir='ltr'><strong>curtem</strong></span> <span class='ocrx_word' id='word_1_415' title='bbox 3370 1868 3439 1923; x_wconf 84' lang='lat' dir='ltr'><strong>de</strong></span> 
     </span>
    </p>
   </div>
   <div class='ocr_carea' id='block_1_66' title="bbox 1846 1944 3440 2029">
    <p class='ocr_par' dir='ltr' id='par_1_66' title="bbox 1846 1944 3440 2029">
     <span class='ocr_line' id='line_1_67' title="bbox 1846 1944 3440 2029; baseline 0.01 -31"><span class='ocrx_word' id='word_1_416' title='bbox 1846 1944 2070 2013; x_wconf 84' lang='lat' dir='ltr'><strong>Quinto,</strong></span> <span class='ocrx_word' id='word_1_417' title='bbox 2098 1957 2306 2003; x_wconf 89' lang='lat' dir='ltr'><strong>curtem</strong></span> <span class='ocrx_word' id='word_1_418' title='bbox 2332 1950 2399 2004; x_wconf 73' lang='lat' dir='ltr'><strong>tle</strong></span> <span class='ocrx_word' id='word_1_419' title='bbox 2435 1950 2680 2006; x_wconf 81' lang='lat' dir='ltr'><strong>Cintoria</strong></span> <span class='ocrx_word' id='word_1_420' title='bbox 2708 1969 2834 2008; x_wconf 91' lang='lat' dir='ltr'><strong>cum</strong></span> <span class='ocrx_word' id='word_1_421' title='bbox 2875 1957 3133 2013; x_wconf 89' lang='lat' dir='ltr'><strong>omnibus</strong></span> <span class='ocrx_word' id='word_1_422' title='bbox 3164 1959 3281 2013; x_wconf 90' lang='lat' dir='ltr'><strong>suis</strong></span> <span class='ocrx_word' id='word_1_423' title='bbox 3316 1974 3440 2029; x_wconf 81' lang='lat' dir='ltr'><strong>pcr-</strong></span> 
     </span>
    </p>
   </div>
   <div class='ocr_carea' id='block_1_67' title="bbox 1846 2036 3439 2121">
    <p class='ocr_par' dir='ltr' id='par_1_67' title="bbox 1846 2036 3439 2121">
     <span class='ocr_line' id='line_1_68' title="bbox 1846 2036 3439 2121; baseline 0.011 -30"><span class='ocrx_word' id='word_1_424' title='bbox 1846 2036 2108 2105; x_wconf 90' lang='lat' dir='ltr'><strong>tincntiis,</strong></span> <span class='ocrx_word' id='word_1_425' title='bbox 2146 2049 2199 2095; x_wconf 87' lang='lat' dir='ltr'><strong>et</strong></span> <span class='ocrx_word' id='word_1_426' title='bbox 2227 2042 2371 2096; x_wconf 82' lang='lat' dir='ltr'><strong>illam</strong></span> <span class='ocrx_word' id='word_1_427' title='bbox 2411 2052 2639 2113; x_wconf 85' lang='lat' dir='ltr'><strong>partem,</strong></span> <span class='ocrx_word' id='word_1_428' title='bbox 2685 2062 2850 2116; x_wconf 89' lang='lat' dir='ltr'><strong>quam</strong></span> <span class='ocrx_word' id='word_1_429' title='bbox 2876 2047 3071 2105; x_wconf 86' lang='lat' dir='ltr'><strong>Petrus</strong></span> <span class='ocrx_word' id='word_1_430' title='bbox 3092 2052 3439 2121; x_wconf 88' lang='lat' dir='ltr'><strong>primicerius</strong></span> 
     </span>
    </p>
   </div>
   <div class='ocr_carea' id='block_1_68' title="bbox 1844 2132 3436 2211">
    <p class='ocr_par' dir='ltr' id='par_1_68' title="bbox 1844 2132 3436 2211">
     <span class='ocr_line' id='line_1_69' title="bbox 1844 2132 3436 2211; baseline 0.01 -30"><span class='ocrx_word' id='word_1_431' title='bbox 1844 2138 2035 2184; x_wconf 88' lang='lat' dir='ltr'><strong>contra</strong></span> <span class='ocrx_word' id='word_1_432' title='bbox 2058 2132 2320 2188; x_wconf 88' lang='lat' dir='ltr'><strong>canonica</strong></span> <span class='ocrx_word' id='word_1_433' title='bbox 2348 2134 2593 2190; x_wconf 88' lang='lat' dir='ltr'><strong>instituta</strong></span> <span class='ocrx_word' id='word_1_434' title='bbox 2627 2152 2895 2207; x_wconf 88' lang='lat' dir='ltr'><strong>usurpare</strong></span> <span class='ocrx_word' id='word_1_435' title='bbox 2913 2140 3066 2196; x_wconf 89' lang='lat' dir='ltr'><strong>visus</strong></span> <span class='ocrx_word' id='word_1_436' title='bbox 3091 2149 3194 2208; x_wconf 89' lang='lat' dir='ltr'><strong>est,</strong></span> <span class='ocrx_word' id='word_1_437' title='bbox 3226 2143 3436 2211; x_wconf 90' lang='lat' dir='ltr'><strong>plebem</strong></span> 
     </span>
    </p>
   </div>
   <div class='ocr_carea' id='block_1_69' title="bbox 1842 2221 3439 2299">
    <p class='ocr_par' dir='ltr' id='par_1_69' title="bbox 1842 2221 3439 2299">
     <span class='ocr_line' id='line_1_70' title="bbox 1842 2221 3439 2299; baseline 0.009 -23"><span class='ocrx_word' id='word_1_438' title='bbox 1842 2221 1910 2277; x_wconf 90' lang='lat' dir='ltr'><strong>de</strong></span> <span class='ocrx_word' id='word_1_439' title='bbox 1944 2222 2149 2280; x_wconf 75' lang='lat' dir='ltr'><strong>Exinea</strong></span> <span class='ocrx_word' id='word_1_440' title='bbox 2172 2237 2296 2281; x_wconf 83' lang='lat' dir='ltr'><strong>cum</strong></span> <span class='ocrx_word' id='word_1_441' title='bbox 2332 2238 2504 2296; x_wconf 89' lang='lat' dir='ltr'><strong>curte,</strong></span> <span class='ocrx_word' id='word_1_442' title='bbox 2530 2240 2583 2285; x_wconf 86' lang='lat' dir='ltr'><strong>et</strong></span> <span class='ocrx_word' id='word_1_443' title='bbox 2605 2233 2833 2299; x_wconf 90' lang='lat' dir='ltr'><strong>mansis,</strong></span> <span class='ocrx_word' id='word_1_444' title='bbox 2858 2240 2914 2287; x_wconf 90' lang='lat' dir='ltr'><strong>et</strong></span> <span class='ocrx_word' id='word_1_445' title='bbox 2934 2235 3191 2290; x_wconf 89' lang='lat' dir='ltr'><strong>omnibus</strong></span> <span class='ocrx_word' id='word_1_446' title='bbox 3223 2236 3439 2290; x_wconf 83' lang='lat' dir='ltr'><strong>territo-</strong></span> 
     </span>
    </p>
   </div>
   <div class='ocr_carea' id='block_1_70' title="bbox 1843 2314 3438 2396">
    <p class='ocr_par' dir='ltr' id='par_1_70' title="bbox 1843 2314 3438 2396">
     <span class='ocr_line' id='line_1_71' title="bbox 1843 2314 3438 2396; baseline 0.005 -23"><span class='ocrx_word' id='word_1_447' title='bbox 1843 2314 1960 2382; x_wconf 85' lang='lat' dir='ltr'><strong>riis,</strong></span> <span class='ocrx_word' id='word_1_448' title='bbox 1993 2326 2046 2371; x_wconf 89' lang='lat' dir='ltr'><strong>et</strong></span> <span class='ocrx_word' id='word_1_449' title='bbox 2078 2317 2556 2389; x_wconf 85' lang='lat' dir='ltr'><strong>decimatiouibus,</strong></span> <span class='ocrx_word' id='word_1_450' title='bbox 2579 2326 3017 2394; x_wconf 64' lang='lat' dir='ltr'><strong>quaecunque&#39;ad</strong></span> <span class='ocrx_word' id='word_1_451' title='bbox 3044 2326 3291 2381; x_wconf 88' lang='lat' dir='ltr'><strong>eamdem</strong></span> <span class='ocrx_word' id='word_1_452' title='bbox 3325 2327 3438 2396; x_wconf 82' lang='lat' dir='ltr'><strong>ple-</strong></span> 
     </span>
    </p>
   </div>
   <div class='ocr_carea' id='block_1_71' title="bbox 1841 2408 3435 2490">
    <p class='ocr_par' dir='ltr' id='par_1_71' title="bbox 1841 2408 3435 2490">
     <span class='ocr_line' id='line_1_72' title="bbox 1841 2408 3435 2490; baseline 0.008 -28"><span class='ocrx_word' id='word_1_453' title='bbox 1841 2408 1987 2475; x_wconf 81' lang='lat' dir='ltr'><strong>bern,</strong></span> <span class='ocrx_word' id='word_1_454' title='bbox 2024 2410 2106 2463; x_wconf 85' lang='lat' dir='ltr'><strong>vel</strong></span> <span class='ocrx_word' id='word_1_455' title='bbox 2143 2421 2350 2465; x_wconf 87' lang='lat' dir='ltr'><strong>curtem</strong></span> <span class='ocrx_word' id='word_1_456' title='bbox 2379 2416 2647 2483; x_wconf 81' lang='lat' dir='ltr'><strong>pertinere</strong></span> <span class='ocrx_word' id='word_1_457' title='bbox 2682 2418 2953 2472; x_wconf 79' lang='lat' dir='ltr'><strong>videntur.</strong></span> <span class='ocrx_word' id='word_1_458' title='bbox 2982 2417 3212 2490; x_wconf 87' lang='lat' dir='ltr'><strong>Insuper</strong></span> <span class='ocrx_word' id='word_1_459' title='bbox 3238 2428 3435 2489; x_wconf 87' lang='lat' dir='ltr'><strong>totum,</strong></span> 
     </span>
    </p>
   </div>
   <div class='ocr_carea' id='block_1_72' title="bbox 1840 2500 3435 2578">
    <p class='ocr_par' dir='ltr' id='par_1_72' title="bbox 1840 2500 3435 2578">
     <span class='ocr_line' id='line_1_73' title="bbox 1840 2500 3435 2578; baseline 0.01 -25"><span class='ocrx_word' id='word_1_460' title='bbox 1840 2501 1985 2570; x_wconf 89' lang='lat' dir='ltr'><strong>quod</strong></span> <span class='ocrx_word' id='word_1_461' title='bbox 2018 2500 2240 2556; x_wconf 82' lang='lat' dir='ltr'><strong>Theuzo</strong></span> <span class='ocrx_word' id='word_1_462' title='bbox 2268 2504 2411 2560; x_wconf 77' lang='lat' dir='ltr'><strong>titius</strong></span> <span class='ocrx_word' id='word_1_463' title='bbox 2438 2505 2616 2577; x_wconf 81' lang='lat' dir='ltr'><strong>Lepizi</strong></span> <span class='ocrx_word' id='word_1_464' title='bbox 2647 2524 2747 2578; x_wconf 85' lang='lat' dir='ltr'><strong>pro</strong></span> <span class='ocrx_word' id='word_1_465' title='bbox 2786 2511 2961 2565; x_wconf 89' lang='lat' dir='ltr'><strong>salute</strong></span> <span class='ocrx_word' id='word_1_466' title='bbox 3002 2512 3199 2568; x_wconf 62' lang='lat' dir='ltr'><strong>animae</strong></span> <span class='ocrx_word' id='word_1_467' title='bbox 3224 2530 3343 2570; x_wconf 68' lang='lat' dir='ltr'><strong>suae</strong></span> <span class='ocrx_word' id='word_1_468' title='bbox 3379 2514 3435 2569; x_wconf 89' lang='lat' dir='ltr'><strong>in</strong></span> 
     </span>
    </p>
   </div>
   <div class='ocr_carea' id='block_1_73' title="bbox 1840 2592 3437 2668">
    <p class='ocr_par' dir='ltr' id='par_1_73' title="bbox 1840 2592 3437 2668">
     <span class='ocr_line' id='line_1_74' title="bbox 1840 2592 3437 2668; baseline 0.01 -23"><span class='ocrx_word' id='word_1_469' title='bbox 1840 2592 2068 2647; x_wconf 88' lang='lat' dir='ltr'><strong>ecclesia</strong></span> <span class='ocrx_word' id='word_1_470' title='bbox 2126 2592 2183 2647; x_wconf 98' lang='grc'><strong>8.</strong></span> <span class='ocrx_word' id='word_1_471' title='bbox 2241 2593 2470 2651; x_wconf 86' lang='lat' dir='ltr'><strong>Joannis</strong></span> <span class='ocrx_word' id='word_1_472' title='bbox 2518 2600 2777 2668; x_wconf 91' lang='lat' dir='ltr'><strong>contulit,</strong></span> <span class='ocrx_word' id='word_1_473' title='bbox 2825 2603 2904 2656; x_wconf 88' lang='lat' dir='ltr'><strong>vel</strong></span> <span class='ocrx_word' id='word_1_474' title='bbox 2952 2603 3008 2657; x_wconf 92' lang='lat' dir='ltr'><strong>in</strong></span> <span class='ocrx_word' id='word_1_475' title='bbox 3042 2604 3230 2659; x_wconf 89' lang='lat' dir='ltr'><strong>eadem</strong></span> <span class='ocrx_word' id='word_1_476' title='bbox 3269 2621 3437 2660; x_wconf 67' lang='grc' dir='ltr'><strong>εειηο-</strong></span> 
     </span>
    </p>
   </div>
   <div class='ocr_carea' id='block_1_74' title="bbox 1840 2683 3434 2765">
    <p class='ocr_par' dir='ltr' id='par_1_74' title="bbox 1840 2683 3434 2765">
     <span class='ocr_line' id='line_1_75' title="bbox 1840 2683 3434 2765; baseline 0.01 -29"><span class='ocrx_word' id='word_1_477' title='bbox 1840 2683 1993 2750; x_wconf 88' lang='lat' dir='ltr'><strong>nica;</strong></span> <span class='ocrx_word' id='word_1_478' title='bbox 2030 2693 2231 2740; x_wconf 88' lang='lat' dir='ltr'><strong>terram</strong></span> <span class='ocrx_word' id='word_1_479' title='bbox 2265 2686 2321 2741; x_wconf 93' lang='grc'><strong>8.</strong></span> <span class='ocrx_word' id='word_1_480' title='bbox 2350 2687 2567 2745; x_wconf 88' lang='lat' dir='ltr'><strong>Proculi</strong></span> <span class='ocrx_word' id='word_1_481' title='bbox 2605 2692 2659 2745; x_wconf 92' lang='lat' dir='ltr'><strong>in</strong></span> <span class='ocrx_word' id='word_1_482' title='bbox 2705 2694 2961 2763; x_wconf 59' lang='lat' dir='ltr'><strong>pragdicta</strong></span> <span class='ocrx_word' id='word_1_483' title='bbox 3006 2695 3181 2765; x_wconf 87' lang='lat' dir='ltr'><strong>plebe,</strong></span> <span class='ocrx_word' id='word_1_484' title='bbox 3223 2686 3434 2752; x_wconf 84' lang='lat' dir='ltr'><strong>curtem</strong></span> 
     </span>
    </p>
   </div>
   <div class='ocr_carea' id='block_1_75' title="bbox 1839 2773 3432 2857">
    <p class='ocr_par' dir='ltr' id='par_1_75' title="bbox 1839 2773 3432 2857">
     <span class='ocr_line' id='line_1_76' title="bbox 1839 2773 3432 2857; baseline 0.009 -30"><span class='ocrx_word' id='word_1_485' title='bbox 1839 2773 1905 2827; x_wconf 91' lang='lat' dir='ltr'><strong>de</strong></span> <span class='ocrx_word' id='word_1_486' title='bbox 1926 2774 2069 2841; x_wconf 90' lang='lat' dir='ltr'><strong>lacu,</strong></span> <span class='ocrx_word' id='word_1_487' title='bbox 2097 2792 2219 2846; x_wconf 64' lang='lat' dir='ltr'><strong>qua:</strong></span> <span class='ocrx_word' id='word_1_488' title='bbox 2240 2786 2324 2833; x_wconf 88' lang='lat' dir='ltr'><strong>est</strong></span> <span class='ocrx_word' id='word_1_489' title='bbox 2346 2778 2487 2833; x_wconf 85' lang='lat' dir='ltr'><strong>infra</strong></span> <span class='ocrx_word' id='word_1_490' title='bbox 2510 2782 2720 2850; x_wconf 82' lang='lat' dir='ltr'><strong>plebem</strong></span> <span class='ocrx_word' id='word_1_491' title='bbox 2754 2781 2810 2837; x_wconf 91' lang='lat' dir='ltr'><strong>S.</strong></span> <span class='ocrx_word' id='word_1_492' title='bbox 2839 2783 2987 2839; x_wconf 91' lang='lat' dir='ltr'><strong>Petri</strong></span> <span class='ocrx_word' id='word_1_493' title='bbox 3011 2785 3174 2840; x_wconf 89' lang='lat' dir='ltr'><strong>sitam</strong></span> <span class='ocrx_word' id='word_1_494' title='bbox 3199 2784 3432 2857; x_wconf 79' lang='lat' dir='ltr'><strong>Valiam,</strong></span> 
     </span>
    </p>
   </div>
   <div class='ocr_carea' id='block_1_76' title="bbox 1840 2870 3434 2946">
    <p class='ocr_par' dir='ltr' id='par_1_76' title="bbox 1840 2870 3434 2946">
     <span class='ocr_line' id='line_1_77' title="bbox 1840 2870 3434 2946; baseline 0.009 -25"><span class='ocrx_word' id='word_1_495' title='bbox 1840 2882 1966 2923; x_wconf 90' lang='lat' dir='ltr'><strong>cum</strong></span> <span class='ocrx_word' id='word_1_496' title='bbox 2011 2870 2269 2925; x_wconf 90' lang='lat' dir='ltr'><strong>omnibus</strong></span> <span class='ocrx_word' id='word_1_497' title='bbox 2309 2872 2627 2942; x_wconf 88' lang='lat' dir='ltr'><strong>adjacentiis</strong></span> <span class='ocrx_word' id='word_1_498' title='bbox 2657 2885 2711 2929; x_wconf 90' lang='lat' dir='ltr'><strong>et</strong></span> <span class='ocrx_word' id='word_1_499' title='bbox 2737 2874 3078 2946; x_wconf 84' lang='lat' dir='ltr'><strong>pertinentiis</strong></span> <span class='ocrx_word' id='word_1_500' title='bbox 3116 2880 3252 2946; x_wconf 87' lang='lat' dir='ltr'><strong>suis,</strong></span> <span class='ocrx_word' id='word_1_501' title='bbox 3284 2895 3434 2936; x_wconf 88' lang='lat' dir='ltr'><strong>cam-</strong></span> 
     </span>
    </p>
   </div>
   <div class='ocr_carea' id='block_1_77' title="bbox 1839 2965 3431 3048">
    <p class='ocr_par' dir='ltr' id='par_1_77' title="bbox 1839 2965 3431 3048">
     <span class='ocr_line' id='line_1_78' title="bbox 1839 2965 3431 3048; baseline 0.012 -32"><span class='ocrx_word' id='word_1_502' title='bbox 1839 2978 1969 3033; x_wconf 90' lang='lat' dir='ltr'><strong>pum</strong></span> <span class='ocrx_word' id='word_1_503' title='bbox 1994 2965 2351 3023; x_wconf 79' lang='lat' dir='ltr'><strong>nihilominus</strong></span> <span class='ocrx_word' id='word_1_504' title='bbox 2373 2968 2576 3038; x_wconf 81' lang='lat' dir='ltr'><strong>Randi;</strong></span> <span class='ocrx_word' id='word_1_505' title='bbox 2604 2972 2851 3030; x_wconf 88' lang='lat' dir='ltr'><strong>similiter</strong></span> <span class='ocrx_word' id='word_1_506' title='bbox 2869 2974 3239 3033; x_wconf 47' lang='lat' dir='ltr'><strong>ecclesiam‘S.</strong></span> <span class='ocrx_word' id='word_1_507' title='bbox 3264 2975 3431 3048; x_wconf 89' lang='lat' dir='ltr'><strong>Petri,</strong></span> 
     </span>
    </p>
   </div>
   <div class='ocr_carea' id='block_1_78' title="bbox 1838 3059 3432 3145">
    <p class='ocr_par' dir='ltr' id='par_1_78' title="bbox 1838 3059 3432 3145">
     <span class='ocr_line' id='line_1_79' title="bbox 1838 3059 3432 3145; baseline 0.013 -36"><span class='ocrx_word' id='word_1_508' title='bbox 1838 3072 1961 3127; x_wconf 75' lang='lat' dir='ltr'><strong>qua:</strong></span> <span class='ocrx_word' id='word_1_509' title='bbox 1990 3059 2192 3114; x_wconf 84' lang='lat' dir='ltr'><strong>dicitur</strong></span> <span class='ocrx_word' id='word_1_510' title='bbox 2224 3060 2485 3118; x_wconf 90' lang='lat' dir='ltr'><strong>Cantuari</strong></span> <span class='ocrx_word' id='word_1_511' title='bbox 2525 3082 2649 3121; x_wconf 93' lang='lat' dir='ltr'><strong>cum</strong></span> <span class='ocrx_word' id='word_1_512' title='bbox 2691 3069 2808 3124; x_wconf 91' lang='lat' dir='ltr'><strong>suis</strong></span> <span class='ocrx_word' id='word_1_513' title='bbox 2852 3069 3214 3139; x_wconf 90' lang='lat' dir='ltr'><strong>pertinentiis,</strong></span> <span class='ocrx_word' id='word_1_514' title='bbox 3266 3089 3432 3145; x_wconf 89' lang='lat' dir='ltr'><strong>quam</strong></span> 
     </span>
    </p>
   </div>
   <div class='ocr_carea' id='block_1_79' title="bbox 1840 3146 3434 3228">
    <p class='ocr_par' dir='ltr' id='par_1_79' title="bbox 1840 3146 3434 3228">
     <span class='ocr_line' id='line_1_80' title="bbox 1840 3146 3434 3228; baseline 0.011 -24"><span class='ocrx_word' id='word_1_515' title='bbox 1840 3146 2114 3205; x_wconf 86' lang='lat' dir='ltr'><strong>Gcrardus</strong></span> <span class='ocrx_word' id='word_1_516' title='bbox 2138 3154 2463 3210; x_wconf 87' lang='lat' dir='ltr'><strong>venerabilis</strong></span> <span class='ocrx_word' id='word_1_517' title='bbox 2498 3157 2788 3228; x_wconf 87' lang='lat' dir='ltr'><strong>episcopus</strong></span> <span class='ocrx_word' id='word_1_518' title='bbox 2811 3158 3140 3218; x_wconf 67' lang='lat' dir='ltr'><strong>Florentium</strong></span> <span class='ocrx_word' id='word_1_519' title='bbox 3177 3162 3434 3221; x_wconf 73' lang='lat' dir='ltr'><strong>Ecclesiae</strong></span> 
     </span>
    </p>
   </div>
   <div class='ocr_carea' id='block_1_80' title="bbox 1838 3245 3434 3328">
    <p class='ocr_par' dir='ltr' id='par_1_80' title="bbox 1838 3245 3434 3328">
     <span class='ocr_line' id='line_1_81' title="bbox 1838 3245 3434 3328; baseline 0.01 -30"><span class='ocrx_word' id='word_1_520' title='bbox 1838 3245 2132 3315; x_wconf 65' lang='lat' dir='ltr'><strong>praelibatae</strong></span> <span class='ocrx_word' id='word_1_521' title='bbox 2171 3249 2404 3304; x_wconf 90' lang='lat' dir='ltr'><strong>contulit</strong></span> <span class='ocrx_word' id='word_1_522' title='bbox 2441 3252 2738 3309; x_wconf 58' lang='lat' dir='ltr'><strong>canonica.</strong></span> <span class='ocrx_word' id='word_1_523' title='bbox 2774 3252 2909 3311; x_wconf 44' lang='lat' dir='ltr'><strong>.Nee</strong></span> <span class='ocrx_word' id='word_1_524' title='bbox 2960 3270 3072 3311; x_wconf 91' lang='lat' dir='ltr'><strong>non</strong></span> <span class='ocrx_word' id='word_1_525' title='bbox 3120 3256 3434 3328; x_wconf 88' lang='lat' dir='ltr'><strong>ubicunque</strong></span> 
     </span>
    </p>
   </div>
   <div class='ocr_carea' id='block_1_81' title="bbox 1839 3338 3430 3418">
    <p class='ocr_par' dir='ltr' id='par_1_81' title="bbox 1839 3338 3430 3418">
     <span class='ocr_line' id='line_1_82' title="bbox 1839 3338 3430 3418; baseline 0.009 -28"><span class='ocrx_word' id='word_1_526' title='bbox 1839 3338 2041 3410; x_wconf 82' lang='lat' dir='ltr'><strong>aliquid</strong></span> <span class='ocrx_word' id='word_1_527' title='bbox 2073 3339 2295 3406; x_wconf 88' lang='lat' dir='ltr'><strong>habere,</strong></span> <span class='ocrx_word' id='word_1_528' title='bbox 2320 3342 2403 3396; x_wconf 86' lang='lat' dir='ltr'><strong>vel</strong></span> <span class='ocrx_word' id='word_1_529' title='bbox 2430 3351 2634 3412; x_wconf 87' lang='lat' dir='ltr'><strong>tenere,</strong></span> <span class='ocrx_word' id='word_1_530' title='bbox 2661 3353 2756 3401; x_wconf 93' lang='lat' dir='ltr'><strong>aut</strong></span> <span class='ocrx_word' id='word_1_531' title='bbox 2775 3346 2878 3401; x_wconf 88' lang='lat' dir='ltr'><strong>sibi</strong></span> <span class='ocrx_word' id='word_1_532' title='bbox 2904 3347 3176 3418; x_wconf 87' lang='lat' dir='ltr'><strong>pertinere</strong></span> <span class='ocrx_word' id='word_1_533' title='bbox 3196 3350 3430 3418; x_wconf 89' lang='lat' dir='ltr'><strong>videtur,</strong></span> 
     </span>
    </p>
   </div>
   <div class='ocr_carea' id='block_1_82' title="bbox 1839 3429 3435 3509">
    <p class='ocr_par' dir='ltr' id='par_1_82' title="bbox 1839 3429 3435 3509">
     <span class='ocr_line' id='line_1_83' title="bbox 1839 3429 3435 3509; baseline 0.01 -26"><span class='ocrx_word' id='word_1_534' title='bbox 1839 3429 1955 3499; x_wconf 88' lang='lat' dir='ltr'><strong>ipsa</strong></span> <span class='ocrx_word' id='word_1_535' title='bbox 1994 3439 2174 3486; x_wconf 86' lang='lat' dir='ltr'><strong>vestra</strong></span> <span class='ocrx_word' id='word_1_536' title='bbox 2205 3434 2470 3489; x_wconf 90' lang='lat' dir='ltr'><strong>canonica</strong></span> <span class='ocrx_word' id='word_1_537' title='bbox 2501 3453 2513 3489; x_wconf 91' lang='lat'><strong>:</strong></span> <span class='ocrx_word' id='word_1_538' title='bbox 2560 3444 2614 3490; x_wconf 89' lang='lat' dir='ltr'><strong>et</strong></span> <span class='ocrx_word' id='word_1_539' title='bbox 2655 3438 2920 3509; x_wconf 90' lang='lat' dir='ltr'><strong>quidquid</strong></span> <span class='ocrx_word' id='word_1_540' title='bbox 2952 3439 3227 3498; x_wconf 90' lang='lat' dir='ltr'><strong>Gerardus</strong></span> <span class='ocrx_word' id='word_1_541' title='bbox 3258 3444 3435 3499; x_wconf 85' lang='lat' dir='ltr'><strong>archi-</strong></span> 
     </span>
    </p>
   </div>
   <div class='ocr_carea' id='block_1_83' title="bbox 1838 3522 3433 3600">
    <p class='ocr_par' dir='ltr' id='par_1_83' title="bbox 1838 3522 3433 3600">
     <span class='ocr_line' id='line_1_84' title="bbox 1838 3522 3433 3600; baseline 0.011 -26"><span class='ocrx_word' id='word_1_542' title='bbox 1838 3522 2118 3594; x_wconf 77' lang='lat' dir='ltr'><strong>presbyter</strong></span> <span class='ocrx_word' id='word_1_543' title='bbox 2142 3540 2241 3594; x_wconf 90' lang='lat' dir='ltr'><strong>pro</strong></span> <span class='ocrx_word' id='word_1_544' title='bbox 2273 3526 2556 3594; x_wconf 82' lang='lat' dir='ltr'><strong>beneficio,</strong></span> <span class='ocrx_word' id='word_1_545' title='bbox 2588 3536 2643 3582; x_wconf 91' lang='lat' dir='ltr'><strong>et</strong></span> <span class='ocrx_word' id='word_1_546' title='bbox 2675 3529 2793 3600; x_wconf 89' lang='lat' dir='ltr'><strong>ipsa</strong></span> <span class='ocrx_word' id='word_1_547' title='bbox 2838 3524 3156 3588; x_wconf 86' lang='lat' dir='ltr'><strong>Florentina</strong></span> <span class='ocrx_word' id='word_1_548' title='bbox 3188 3532 3433 3591; x_wconf 87' lang='lat' dir='ltr'><strong>Ecclesia</strong></span> 
     </span>
    </p>
   </div>
   <div class='ocr_carea' id='block_1_84' title="bbox 1839 3612 3432 3695">
    <p class='ocr_par' dir='ltr' id='par_1_84' title="bbox 1839 3612 3432 3695">
     <span class='ocr_line' id='line_1_85' title="bbox 1839 3612 3432 3695; baseline 0.011 -30"><span class='ocrx_word' id='word_1_549' title='bbox 1839 3612 2030 3680; x_wconf 87' lang='lat' dir='ltr'><strong>tenuit,</strong></span> <span class='ocrx_word' id='word_1_550' title='bbox 2065 3622 2175 3668; x_wconf 87' lang='lat' dir='ltr'><strong>tam</strong></span> <span class='ocrx_word' id='word_1_551' title='bbox 2201 3614 2254 3669; x_wconf 93' lang='lat' dir='ltr'><strong>in</strong></span> <span class='ocrx_word' id='word_1_552' title='bbox 2286 3617 2743 3676; x_wconf 89' lang='lat' dir='ltr'><strong>decimatiouibus</strong></span> <span class='ocrx_word' id='word_1_553' title='bbox 2776 3637 2943 3693; x_wconf 90' lang='lat' dir='ltr'><strong>quam</strong></span> <span class='ocrx_word' id='word_1_554' title='bbox 2978 3640 3103 3695; x_wconf 73' lang='lat' dir='ltr'><strong>quae</strong></span> <span class='ocrx_word' id='word_1_555' title='bbox 3124 3624 3177 3680; x_wconf 92' lang='lat' dir='ltr'><strong>in</strong></span> <span class='ocrx_word' id='word_1_556' title='bbox 3200 3627 3432 3693; x_wconf 89' lang='lat' dir='ltr'><strong>mansis,</strong></span> 
     </span>
    </p>
   </div>
   <div class='ocr_carea' id='block_1_85' title="bbox 1837 3708 3435 3801">
    <p class='ocr_par' dir='ltr' id='par_1_85' title="bbox 1837 3708 3435 3801">
     <span class='ocr_line' id='line_1_86' title="bbox 1837 3708 3435 3801; baseline 0.009 -38"><span class='ocrx_word' id='word_1_557' title='bbox 1837 3718 1890 3763; x_wconf 89' lang='lat' dir='ltr'><strong>et</strong></span> <span class='ocrx_word' id='word_1_558' title='bbox 1922 3708 1973 3763; x_wconf 94' lang='lat' dir='ltr'><strong>in</strong></span> <span class='ocrx_word' id='word_1_559' title='bbox 2010 3710 2247 3781; x_wconf 68' lang='lat' dir='ltr'><strong>praediis,</strong></span> <span class='ocrx_word' id='word_1_560' title='bbox 2286 3729 2387 3770; x_wconf 90' lang='lat' dir='ltr'><strong>nec</strong></span> <span class='ocrx_word' id='word_1_561' title='bbox 2412 3731 2517 3770; x_wconf 91' lang='lat' dir='ltr'><strong>non</strong></span> <span class='ocrx_word' id='word_1_562' title='bbox 2550 3726 2969 3791; x_wconf 74' lang='lat' dir='ltr'><strong>etqnzccunque</strong></span> <span class='ocrx_word' id='word_1_563' title='bbox 3001 3720 3312 3801; x_wconf 83' lang='lat' dir='ltr'><strong>Stephanus</strong></span> <span class='ocrx_word' id='word_1_564' title='bbox 3337 3722 3435 3778; x_wconf 53' lang='lat' dir='ltr'><strong>al»</strong></span> 
     </span>
    </p>
   </div>
   <div class='ocr_carea' id='block_1_86' title="bbox 1837 3798 3434 3889">
    <p class='ocr_par' dir='ltr' id='par_1_86' title="bbox 1837 3798 3434 3889">
     <span class='ocr_line' id='line_1_87' title="bbox 1837 3798 3434 3889; baseline 0.01 -34"><span class='ocrx_word' id='word_1_565' title='bbox 1837 3800 1937 3857; x_wconf 88' lang='lat' dir='ltr'><strong>bas</strong></span> <span class='ocrx_word' id='word_1_566' title='bbox 1960 3818 2025 3857; x_wconf 83' lang='lat' dir='ltr'><strong>ex</strong></span> <span class='ocrx_word' id='word_1_567' title='bbox 2055 3798 2318 3861; x_wconf 75' lang='lat' dir='ltr'><strong>beneﬁcio</strong></span> <span class='ocrx_word' id='word_1_568' title='bbox 2359 3808 2548 3862; x_wconf 87' lang='lat' dir='ltr'><strong>tenuit.</strong></span> <span class='ocrx_word' id='word_1_569' title='bbox 2601 3808 2863 3867; x_wconf 89' lang='lat' dir='ltr'><strong>Similiter</strong></span> <span class='ocrx_word' id='word_1_570' title='bbox 2883 3822 2936 3871; x_wconf 91' lang='lat' dir='ltr'><strong>et</strong></span> <span class='ocrx_word' id='word_1_571' title='bbox 2962 3798 3303 3887; x_wconf 73' lang='lat' dir='ltr'><strong>qutecunque</strong></span> <span class='ocrx_word' id='word_1_572' title='bbox 3321 3817 3434 3889; x_wconf 91' lang='lat' dir='ltr'><strong>pri-</strong></span> 
     </span>
    </p>
   </div>
   <div class='ocr_carea' id='block_1_87' title="bbox 1837 3893 3428 3981">
    <p class='ocr_par' dir='ltr' id='par_1_87' title="bbox 1837 3893 3428 3981">
     <span class='ocr_line' id='line_1_88' title="bbox 1837 3893 3428 3981; baseline 0.011 -34"><span class='ocrx_word' id='word_1_573' title='bbox 1837 3893 2047 3949; x_wconf 91' lang='lat' dir='ltr'><strong>micerii</strong></span> <span class='ocrx_word' id='word_1_574' title='bbox 2076 3897 2339 3953; x_wconf 79' lang='lat' dir='ltr'><strong>beneﬁcia</strong></span> <span class='ocrx_word' id='word_1_575' title='bbox 2375 3898 2553 3968; x_wconf 90' lang='lat' dir='ltr'><strong>fuere;</strong></span> <span class='ocrx_word' id='word_1_576' title='bbox 2589 3912 2752 3973; x_wconf 83' lang='lat' dir='ltr'><strong>atque</strong></span> <span class='ocrx_word' id='word_1_577' title='bbox 2794 3906 3005 3977; x_wconf 86' lang='lat' dir='ltr'><strong>plebem</strong></span> <span class='ocrx_word' id='word_1_578' title='bbox 3059 3906 3115 3963; x_wconf 92' lang='lat' dir='ltr'><strong>S.</strong></span> <span class='ocrx_word' id='word_1_579' title='bbox 3158 3907 3428 3981; x_wconf 84' lang='lat' dir='ltr'><strong>Hippolyti</strong></span> 
     </span>
    </p>
   </div>
   <div class='ocr_carea' id='block_1_88' title="bbox 1838 3987 3434 4073">
    <p class='ocr_par' dir='ltr' id='par_1_88' title="bbox 1838 3987 3434 4073">
     <span class='ocr_line' id='line_1_89' title="bbox 1838 3987 3434 4073; baseline 0.01 -32"><span class='ocrx_word' id='word_1_580' title='bbox 1838 3987 1999 4042; x_wconf 89' lang='lat' dir='ltr'><strong>sitam</strong></span> <span class='ocrx_word' id='word_1_581' title='bbox 2043 3988 2218 4057; x_wconf 68' lang='lat' dir='ltr'><strong>Elsm,</strong></span> <span class='ocrx_word' id='word_1_582' title='bbox 2258 3990 2495 4063; x_wconf 88' lang='lat' dir='ltr'><strong>itemque</strong></span> <span class='ocrx_word' id='word_1_583' title='bbox 2541 4011 2816 4065; x_wconf 86' lang='lat' dir='ltr'><strong>campum,</strong></span> <span class='ocrx_word' id='word_1_584' title='bbox 2845 4006 2894 4053; x_wconf 92' lang='lat' dir='ltr'><strong>et</strong></span> <span class='ocrx_word' id='word_1_585' title='bbox 2940 4000 3181 4068; x_wconf 78' lang='lat' dir='ltr'><strong>hortum,</strong></span> <span class='ocrx_word' id='word_1_586' title='bbox 3220 4002 3313 4073; x_wconf 93' lang='lat' dir='ltr'><strong>qui</strong></span> <span class='ocrx_word' id='word_1_587' title='bbox 3348 4009 3434 4057; x_wconf 86' lang='lat' dir='ltr'><strong>est</strong></span> 
     </span>
    </p>
   </div>
   <div class='ocr_carea' id='block_1_89' title="bbox 1831 4079 3432 4155">
    <p class='ocr_par' dir='ltr' id='par_1_89' title="bbox 1831 4079 3432 4155">
     <span class='ocr_line' id='line_1_90' title="bbox 1831 4079 3432 4155; baseline 0.01 -24"><span class='ocrx_word' id='word_1_588' title='bbox 1831 4079 1988 4149; x_wconf 69' lang='lat' dir='ltr'><strong>juxta</strong></span> <span class='ocrx_word' id='word_1_589' title='bbox 2039 4082 2320 4137; x_wconf 82' lang='lat' dir='ltr'><strong>ecclesiam</strong></span> <span class='ocrx_word' id='word_1_590' title='bbox 2367 4082 2422 4137; x_wconf 91' lang='lat' dir='ltr'><strong>S.</strong></span> <span class='ocrx_word' id='word_1_591' title='bbox 2475 4083 2779 4155; x_wconf 58' lang='lat' dir='ltr'><strong>Ile-parata},</strong></span> <span class='ocrx_word' id='word_1_592' title='bbox 2828 4105 2924 4142; x_wconf 90' lang='lat' dir='ltr'><strong>seu</strong></span> <span class='ocrx_word' id='word_1_593' title='bbox 2959 4091 3121 4144; x_wconf 88' lang='lat' dir='ltr'><strong>etiam</strong></span> <span class='ocrx_word' id='word_1_594' title='bbox 3160 4100 3343 4146; x_wconf 91' lang='lat' dir='ltr'><strong>curtes</strong></span> <span class='ocrx_word' id='word_1_595' title='bbox 3376 4101 3432 4147; x_wconf 91' lang='lat' dir='ltr'><strong>et</strong></span> 
     </span>
    </p>
   </div>
   <div class='ocr_carea' id='block_1_90' title="bbox 1836 4171 3427 4250">
    <p class='ocr_par' dir='ltr' id='par_1_90' title="bbox 1836 4171 3427 4250">
     <span class='ocr_line' id='line_1_91' title="bbox 1836 4171 3427 4250; baseline 0.009 -27"><span class='ocrx_word' id='word_1_596' title='bbox 1836 4171 2094 4225; x_wconf 79' lang='lat' dir='ltr'><strong>ecclesias</strong></span> <span class='ocrx_word' id='word_1_597' title='bbox 2146 4181 2309 4242; x_wconf 88' lang='lat' dir='ltr'><strong>atque</strong></span> <span class='ocrx_word' id='word_1_598' title='bbox 2352 4174 2635 4228; x_wconf 87' lang='lat' dir='ltr'><strong>castellum</strong></span> <span class='ocrx_word' id='word_1_599' title='bbox 2684 4175 2738 4229; x_wconf 90' lang='lat' dir='ltr'><strong>in</strong></span> <span class='ocrx_word' id='word_1_600' title='bbox 2774 4178 3047 4233; x_wconf 89' lang='lat' dir='ltr'><strong>territorio</strong></span> <span class='ocrx_word' id='word_1_601' title='bbox 3090 4180 3327 4250; x_wconf 86' lang='lat' dir='ltr'><strong>plebium</strong></span> <span class='ocrx_word' id='word_1_602' title='bbox 3368 4181 3427 4239; x_wconf 88' lang='lat' dir='ltr'><strong>S.</strong></span> 
     </span>
    </p>
   </div>
   <div class='ocr_carea' id='block_1_91' title="bbox 1836 4258 3429 4335">
    <p class='ocr_par' dir='ltr' id='par_1_91' title="bbox 1836 4258 3429 4335">
     <span class='ocr_line' id='line_1_92' title="bbox 1836 4258 3429 4335; baseline 0.011 -21"><span class='ocrx_word' id='word_1_603' title='bbox 1836 4258 2062 4318; x_wconf 82' lang='lat' dir='ltr'><strong>Joannis</strong></span> <span class='ocrx_word' id='word_1_604' title='bbox 2096 4262 2337 4333; x_wconf 67' lang='lat' dir='ltr'><strong>Major-is,</strong></span> <span class='ocrx_word' id='word_1_605' title='bbox 2375 4276 2428 4320; x_wconf 87' lang='lat' dir='ltr'><strong>ct</strong></span> <span class='ocrx_word' id='word_1_606' title='bbox 2461 4266 2516 4321; x_wconf 89' lang='lat' dir='ltr'><strong>S.</strong></span> <span class='ocrx_word' id='word_1_607' title='bbox 2553 4265 2853 4335; x_wconf 87' lang='lat' dir='ltr'><strong>Laurentii,</strong></span> <span class='ocrx_word' id='word_1_608' title='bbox 2896 4280 2950 4326; x_wconf 85' lang='lat' dir='ltr'><strong>et</strong></span> <span class='ocrx_word' id='word_1_609' title='bbox 2997 4271 3053 4327; x_wconf 91' lang='lat' dir='ltr'><strong>S.</strong></span> <span class='ocrx_word' id='word_1_610' title='bbox 3102 4272 3353 4329; x_wconf 84' lang='lat' dir='ltr'><strong>Cassiani</strong></span> <span class='ocrx_word' id='word_1_611' title='bbox 3396 4291 3429 4331; x_wconf 87' lang='lat' dir='ltr'><strong>a</strong></span> 
     </span>
    </p>
   </div>
   <div class='ocr_carea' id='block_1_92' title="bbox 171 4350 3429 4457">
    <p class='ocr_par' dir='ltr' id='par_1_92' title="bbox 171 4350 3429 4457">
     <span class='ocr_line' id='line_1_93' title="bbox 171 4350 3429 4457; baseline 0.006 -20"><span class='ocrx_word' id='word_1_612' title='bbox 171 4382 431 4457; x_wconf 73' lang='lat' dir='ltr'><strong>Gregorius</strong></span> <span class='ocrx_word' id='word_1_613' title='bbox 480 4384 592 4442; x_wconf 74' lang='lat' dir='ltr'><strong>VII</strong></span> <span class='ocrx_word' id='word_1_614' title='bbox 640 4387 998 4442; x_wconf 82' lang='lat' dir='ltr'><strong>cathedralem</strong></span> <span class='ocrx_word' id='word_1_615' title='bbox 1034 4350 1316 4444; x_wconf 76' lang='lat' dir='ltr'><strong>ecclesiam</strong></span> <span class='ocrx_word' id='word_1_616' title='bbox 1363 4389 1732 4446; x_wconf 70' lang='lat' dir='ltr'><strong>Florentino»:</strong></span> <span class='ocrx_word' id='word_1_617' title='bbox 1766 4383 1810 4438; x_wconf 86' lang='lat' dir='ltr'><strong>D</strong></span> <span class='ocrx_word' id='word_1_618' title='bbox 1838 4355 2410 4457; x_wconf 32' lang='lat' dir='ltr'><strong>ﬁnibusjugiﬁlpiufn</strong></span> <span class='ocrx_word' id='word_1_619' title='bbox 2439 4360 2850 4457; x_wconf 50' lang='lat' dir='ltr'><strong>’{S‘Fe&#39;lE&#39;lsmm</strong></span> <span class='ocrx_word' id='word_1_620' title='bbox 2892 4381 3067 4457; x_wconf 14' lang='lat' dir='ltr'><strong>&quot;Vsque</strong></span> <span class='ocrx_word' id='word_1_621' title='bbox 3104 4366 3159 4421; x_wconf 69' lang='lat' dir='ltr'><strong>in</strong></span> <span class='ocrx_word' id='word_1_622' title='bbox 3200 4350 3429 4426; x_wconf 53' lang='lat' dir='ltr'><strong>ﬂuvium</strong></span> 
     </span>
    </p>
   </div>
   <div class='ocr_carea' id='block_1_93' title="bbox 230 4459 1733 4533">
    <p class='ocr_par' dir='ltr' id='par_1_93' title="bbox 230 4459 1733 4533">
     <span class='ocr_line' id='line_1_94' title="bbox 230 4459 1733 4533; baseline 0.002 -22"><span class='ocrx_word' id='word_1_623' title='bbox 230 4462 465 4533; x_wconf 50' lang='lat' dir='ltr'><strong>utendam</strong></span> <span class='ocrx_word' id='word_1_624' title='bbox 505 4461 730 4533; x_wconf 78' lang='lat' dir='ltr'><strong>suscipit</strong></span> <span class='ocrx_word' id='word_1_625' title='bbox 770 4459 1003 4531; x_wconf 84' lang='lat' dir='ltr'><strong>bonaque</strong></span> <span class='ocrx_word' id='word_1_626' title='bbox 1040 4460 1153 4530; x_wconf 85' lang='lat' dir='ltr'><strong>ejus</strong></span> <span class='ocrx_word' id='word_1_627' title='bbox 1190 4463 1492 4532; x_wconf 75' lang='lat' dir='ltr'><strong>conﬁrmat,</strong></span> <span class='ocrx_word' id='word_1_628' title='bbox 1530 4473 1733 4533; x_wconf 83' lang='lat' dir='ltr'><strong>petente</strong></span> 
     </span>
    </p>
   </div>
   <div class='ocr_carea' id='block_1_94' title="bbox 187 4526 774 4601">
    <p class='ocr_par' dir='ltr' id='par_1_94' title="bbox 187 4526 774 4601">
     <span class='ocr_line' id='line_1_95' title="bbox 187 4526 774 4601; baseline -0.002 -16"><span class='ocrx_word' id='word_1_629' title='bbox 187 4565 193 4569; x_wconf 95' lang='lat'><strong><em>-</em></strong></span> <span class='ocrx_word' id='word_1_630' title='bbox 230 4526 474 4601; x_wconf 74' lang='lat' dir='ltr'><strong>Ragnerio</strong></span> <span class='ocrx_word' id='word_1_631' title='bbox 510 4526 774 4600; x_wconf 67' lang='lat' dir='ltr'><strong>episeopo.</strong></span> 
     </span>
    </p>
   </div>
   <div class='ocr_carea' id='block_1_95' title="bbox 738 4620 1144 4694">
    <p class='ocr_par' dir='ltr' id='par_1_95' title="bbox 738 4620 1144 4694">
     <span class='ocr_line' id='line_1_96' title="bbox 738 4620 1144 4694; baseline 0.007 -19"><span class='ocrx_word' id='word_1_632' title='bbox 738 4620 919 4693; x_wconf 73' lang='lat' dir='ltr'><strong>(Anno</strong></span> <span class='ocrx_word' id='word_1_633' title='bbox 960 4622 1144 4694; x_wconf 67' lang='grc' dir='ltr'><strong>μηδ.)</strong></span> 
     </span>
    </p>
   </div>
   <div class='ocr_carea' id='block_1_96' title="bbox 437 4713 1440 4792">
    <p class='ocr_par' dir='ltr' id='par_1_96' title="bbox 437 4713 1440 4792">
     <span class='ocr_line' id='line_1_97' title="bbox 437 4713 1440 4792; baseline -0.002 -19"><span class='ocrx_word' id='word_1_634' title='bbox 437 4715 727 4790; x_wconf 59' lang='grc' dir='ltr'><strong>[υσηειιῃ</strong></span> <span class='ocrx_word' id='word_1_635' title='bbox 771 4713 941 4770; x_wconf 82' lang='lat' dir='ltr'><strong>Italia</strong></span> <span class='ocrx_word' id='word_1_636' title='bbox 979 4733 1154 4784; x_wconf 86' lang='lat' dir='ltr'><strong>sacra,</strong></span> <span class='ocrx_word' id='word_1_637' title='bbox 1194 4716 1282 4784; x_wconf 92' lang='lat' dir='ltr'><strong>lll,</strong></span> <span class='ocrx_word' id='word_1_638' title='bbox 1327 4714 1440 4792; x_wconf 84' lang='lat'><strong>79.]</strong></span> 
     </span>
    </p>
   </div>
   <div class='ocr_carea' id='block_1_97' title="bbox 230 4803 1733 4880">
    <p class='ocr_par' dir='ltr' id='par_1_97' title="bbox 230 4803 1733 4880">
     <span class='ocr_line' id='line_1_98' title="bbox 230 4803 1733 4880; baseline 0.003 -21"><span class='ocrx_word' id='word_1_639' title='bbox 230 4803 518 4864; x_wconf 70' lang='lat' dir='ltr'><strong>Caesonius</strong></span> <span class='ocrx_word' id='word_1_640' title='bbox 553 4810 869 4880; x_wconf 85' lang='lat' dir='ltr'><strong>episcopus,</strong></span> <span class='ocrx_word' id='word_1_641' title='bbox 898 4824 1089 4864; x_wconf 69' lang='lat' dir='ltr'><strong>servus</strong></span> <span class='ocrx_word' id='word_1_642' title='bbox 1120 4825 1402 4865; x_wconf 89' lang='lat' dir='ltr'><strong>servorum</strong></span> <span class='ocrx_word' id='word_1_643' title='bbox 1432 4808 1548 4876; x_wconf 91' lang='lat' dir='ltr'><strong>Dei,</strong></span> <span class='ocrx_word' id='word_1_644' title='bbox 1583 4808 1733 4864; x_wconf 66' lang='lat' dir='ltr'><strong>Man-</strong></span> 
     </span>
    </p>
   </div>
   <div class='ocr_carea' id='block_1_98' title="bbox 1841 4445 3430 4528">
    <p class='ocr_par' dir='ltr' id='par_1_98' title="bbox 1841 4445 3430 4528">
     <span class='ocr_line' id='line_1_99' title="bbox 1841 4445 3430 4528; baseline 0.009 -26"><span class='ocrx_word' id='word_1_645' title='bbox 1841 4445 2010 4513; x_wconf 66' lang='lat' dir='ltr'><strong>Sevze,</strong></span> <span class='ocrx_word' id='word_1_646' title='bbox 2033 4464 2155 4520; x_wconf 55' lang='lat' dir='ltr'><strong>qua;</strong></span> <span class='ocrx_word' id='word_1_647' title='bbox 2177 4448 2440 4504; x_wconf 74' lang='lat' dir='ltr'><strong>Jcremias</strong></span> <span class='ocrx_word' id='word_1_648' title='bbox 2464 4452 2607 4507; x_wconf 80' lang='lat' dir='ltr'><strong>filius</strong></span> <span class='ocrx_word' id='word_1_649' title='bbox 2634 4452 2934 4525; x_wconf 80' lang='lat' dir='ltr'><strong>lldrprandi</strong></span> <span class='ocrx_word' id='word_1_650' title='bbox 2964 4472 3064 4527; x_wconf 85' lang='lat' dir='ltr'><strong>pro</strong></span> <span class='ocrx_word' id='word_1_651' title='bbox 3095 4473 3194 4512; x_wconf 91' lang='lat' dir='ltr'><strong>sua</strong></span> <span class='ocrx_word' id='word_1_652' title='bbox 3223 4457 3430 4528; x_wconf 80' lang='lat' dir='ltr'><strong>filiique</strong></span> 
     </span>
    </p>
   </div>
   <div class='ocr_carea' id='block_1_99' title="bbox 1840 4537 3431 4617">
    <p class='ocr_par' dir='ltr' id='par_1_99' title="bbox 1840 4537 3431 4617">
     <span class='ocr_line' id='line_1_100' title="bbox 1840 4537 3431 4617; baseline 0.009 -25"><span class='ocrx_word' id='word_1_653' title='bbox 1840 4537 1924 4592; x_wconf 90' lang='lat' dir='ltr'><strong>sui</strong></span> <span class='ocrx_word' id='word_1_654' title='bbox 1954 4539 2134 4593; x_wconf 87' lang='lat' dir='ltr'><strong>anima</strong></span> <span class='ocrx_word' id='word_1_655' title='bbox 2160 4556 2255 4609; x_wconf 89' lang='lat' dir='ltr'><strong>per</strong></span> <span class='ocrx_word' id='word_1_656' title='bbox 2282 4541 2586 4596; x_wconf 87' lang='lat' dir='ltr'><strong>chartulam</strong></span> <span class='ocrx_word' id='word_1_657' title='bbox 2632 4544 2940 4601; x_wconf 76' lang='lat' dir='ltr'><strong>oll‘ersionis</strong></span> <span class='ocrx_word' id='word_1_658' title='bbox 2971 4548 3263 4617; x_wconf 64' lang='lat' dir='ltr'><strong>praelibatte</strong></span> <span class='ocrx_word' id='word_1_659' title='bbox 3294 4565 3431 4606; x_wconf 77' lang='lat' dir='ltr'><strong>con-</strong></span> 
     </span>
    </p>
   </div>
   <div class='ocr_carea' id='block_1_100' title="bbox 1840 4629 3430 4713">
    <p class='ocr_par' dir='ltr' id='par_1_100' title="bbox 1840 4629 3430 4713">
     <span class='ocr_line' id='line_1_101' title="bbox 1840 4629 3430 4713; baseline 0.01 -31"><span class='ocrx_word' id='word_1_660' title='bbox 1840 4629 1962 4684; x_wconf 91' lang='lat' dir='ltr'><strong>tulit</strong></span> <span class='ocrx_word' id='word_1_661' title='bbox 1982 4631 2277 4698; x_wconf 80' lang='lat' dir='ltr'><strong>canonicae,</strong></span> <span class='ocrx_word' id='word_1_662' title='bbox 2307 4642 2491 4691; x_wconf 89' lang='lat' dir='ltr'><strong>curtes</strong></span> <span class='ocrx_word' id='word_1_663' title='bbox 2515 4644 2568 4689; x_wconf 91' lang='lat' dir='ltr'><strong>et</strong></span> <span class='ocrx_word' id='word_1_664' title='bbox 2589 4651 2765 4702; x_wconf 90' lang='lat' dir='ltr'><strong>casas,</strong></span> <span class='ocrx_word' id='word_1_665' title='bbox 2793 4647 2970 4692; x_wconf 84' lang='lat' dir='ltr'><strong>sortes</strong></span> <span class='ocrx_word' id='word_1_666' title='bbox 2999 4647 3053 4694; x_wconf 92' lang='lat' dir='ltr'><strong>et</strong></span> <span class='ocrx_word' id='word_1_667' title='bbox 3080 4638 3395 4698; x_wconf 81' lang='lat' dir='ltr'><strong>domnicata</strong></span> <span class='ocrx_word' id='word_1_668' title='bbox 3414 4686 3430 4713; x_wconf 91' lang='lat'><strong>,</strong></span> 
     </span>
    </p>
   </div>
   <div class='ocr_carea' id='block_1_101' title="bbox 1839 4722 3437 4801">
    <p class='ocr_par' dir='ltr' id='par_1_101' title="bbox 1839 4722 3437 4801">
     <span class='ocr_line' id='line_1_102' title="bbox 1839 4722 3437 4801; baseline 0.011 -27"><span class='ocrx_word' id='word_1_669' title='bbox 1839 4727 1893 4774; x_wconf 88' lang='lat' dir='ltr'><strong>et</strong></span> <span class='ocrx_word' id='word_1_670' title='bbox 1921 4722 2203 4778; x_wconf 86' lang='lat' dir='ltr'><strong>ecclesiam</strong></span> <span class='ocrx_word' id='word_1_671' title='bbox 2234 4723 2289 4777; x_wconf 92' lang='grc'><strong>8.</strong></span> <span class='ocrx_word' id='word_1_672' title='bbox 2316 4723 2533 4780; x_wconf 84' lang='lat' dir='ltr'><strong>Martini</strong></span> <span class='ocrx_word' id='word_1_673' title='bbox 2569 4743 2695 4781; x_wconf 89' lang='lat' dir='ltr'><strong>cum</strong></span> <span class='ocrx_word' id='word_1_674' title='bbox 2734 4729 2992 4786; x_wconf 89' lang='lat' dir='ltr'><strong>omnibus</strong></span> <span class='ocrx_word' id='word_1_675' title='bbox 3023 4730 3125 4785; x_wconf 91' lang='lat' dir='ltr'><strong>sibi</strong></span> <span class='ocrx_word' id='word_1_676' title='bbox 3152 4728 3437 4801; x_wconf 78' lang='lat' dir='ltr'><strong>pertinen-</strong></span> 
     </span>
    </p>
   </div>
   <div class='ocr_carea' id='block_1_102' title="bbox 1839 4815 3443 4892">
    <p class='ocr_par' dir='ltr' id='par_1_102' title="bbox 1839 4815 3443 4892">
     <span class='ocr_line' id='line_1_103' title="bbox 1839 4815 3443 4892; baseline 0.011 -23"><span class='ocrx_word' id='word_1_677' title='bbox 1839 4815 1985 4871; x_wconf 89' lang='lat' dir='ltr'><strong>tibus</strong></span> <span class='ocrx_word' id='word_1_678' title='bbox 2007 4816 2250 4871; x_wconf 89' lang='lat' dir='ltr'><strong>rebusin</strong></span> <span class='ocrx_word' id='word_1_679' title='bbox 2281 4818 2406 4873; x_wconf 89' lang='lat' dir='ltr'><strong>villa</strong></span> <span class='ocrx_word' id='word_1_680' title='bbox 2446 4819 2513 4874; x_wconf 89' lang='lat' dir='ltr'><strong>de</strong></span> <span class='ocrx_word' id='word_1_681' title='bbox 2556 4819 2816 4892; x_wconf 84' lang='lat' dir='ltr'><strong>Bagnolo,</strong></span> <span class='ocrx_word' id='word_1_682' title='bbox 2840 4838 2964 4891; x_wconf 74' lang='lat' dir='ltr'><strong>qua:</strong></span> <span class='ocrx_word' id='word_1_683' title='bbox 2993 4825 3163 4879; x_wconf 89' lang='lat' dir='ltr'><strong>scitur</strong></span> <span class='ocrx_word' id='word_1_684' title='bbox 3197 4840 3322 4882; x_wconf 91' lang='lat' dir='ltr'><strong>esse</strong></span> <span class='ocrx_word' id='word_1_685' title='bbox 3351 4830 3443 4891; x_wconf 78' lang='lat' dir='ltr'><strong>in-</strong></span> 
     </span>
    </p>
   </div>
   <div class='ocr_carea' id='block_1_103' title="bbox 175 4895 3455 4987">
    <p class='ocr_par' dir='ltr' id='par_1_103' title="bbox 175 4895 3455 4987">
     <span class='ocr_line' id='line_1_104' title="bbox 175 4895 3455 4987; baseline 0.008 -38"><span class='ocrx_word' id='word_1_686' title='bbox 175 4905 277 4951; x_wconf 73' lang='lat' dir='ltr'><strong>Ttso</strong></span> <span class='ocrx_word' id='word_1_687' title='bbox 297 4895 350 4952; x_wconf 88' lang='grc'><strong>8.</strong></span> <span class='ocrx_word' id='word_1_688' title='bbox 378 4899 703 4956; x_wconf 64' lang='lat' dir='ltr'><strong>Florentium</strong></span> <span class='ocrx_word' id='word_1_689' title='bbox 722 4899 983 4954; x_wconf 70' lang='lat' dir='ltr'><strong>Ecclesiae</strong></span> <span class='ocrx_word' id='word_1_690' title='bbox 1003 4901 1337 4971; x_wconf 70' lang='lat' dir='ltr'><strong>prmprosito,</strong></span> <span class='ocrx_word' id='word_1_691' title='bbox 1362 4901 1588 4973; x_wconf 88' lang='lat' dir='ltr'><strong>aliisque</strong></span> <span class='ocrx_word' id='word_1_692' title='bbox 1607 4919 1737 4957; x_wconf 88' lang='lat' dir='ltr'><strong>con-</strong></span> <span class='ocrx_word' id='word_1_693' title='bbox 1835 4905 1919 4962; x_wconf 83' lang='lat' dir='ltr'><strong>fra</strong></span> <span class='ocrx_word' id='word_1_694' title='bbox 1946 4908 2154 4978; x_wconf 89' lang='lat' dir='ltr'><strong>plebem</strong></span> <span class='ocrx_word' id='word_1_695' title='bbox 2189 4908 2245 4963; x_wconf 92' lang='lat' dir='ltr'><strong>S.</strong></span> <span class='ocrx_word' id='word_1_696' title='bbox 2274 4909 2457 4966; x_wconf 76' lang='lat' dir='ltr'><strong>Marize</strong></span> <span class='ocrx_word' id='word_1_697' title='bbox 2487 4913 2553 4967; x_wconf 90' lang='lat' dir='ltr'><strong>de</strong></span> <span class='ocrx_word' id='word_1_698' title='bbox 2576 4910 2776 4978; x_wconf 84' lang='lat' dir='ltr'><strong>Pinita,</strong></span> <span class='ocrx_word' id='word_1_699' title='bbox 2806 4930 2930 4982; x_wconf 73' lang='lat' dir='ltr'><strong>qua:</strong></span> <span class='ocrx_word' id='word_1_700' title='bbox 2956 4917 3150 4972; x_wconf 85' lang='lat' dir='ltr'><strong>dedere</strong></span> <span class='ocrx_word' id='word_1_701' title='bbox 3177 4916 3455 4987; x_wconf 70' lang='lat' dir='ltr'><strong>homines</strong></span> 
     </span>
    </p>
   </div>
   <div class='ocr_carea' id='block_1_104' title="bbox 175 4981 3466 5082">
    <p class='ocr_par' dir='ltr' id='par_1_104' title="bbox 175 4981 3466 5082">
     <span class='ocr_line' id='line_1_105' title="bbox 175 4981 3466 5082; baseline 0.007 -39"><span class='ocrx_word' id='word_1_702' title='bbox 175 4981 398 5047; x_wconf 67' lang='lat' dir='ltr'><strong>fratribus</strong></span> <span class='ocrx_word' id='word_1_703' title='bbox 441 4994 745 5061; x_wconf 85' lang='lat' dir='ltr'><strong>canonicis,</strong></span> <span class='ocrx_word' id='word_1_704' title='bbox 802 4993 1021 5061; x_wconf 85' lang='lat' dir='ltr'><strong>tuisque</strong></span> <span class='ocrx_word' id='word_1_705' title='bbox 1067 4993 1475 5051; x_wconf 73' lang='lat' dir='ltr'><strong>successoribus</strong></span> <span class='ocrx_word' id='word_1_706' title='bbox 1513 4995 1568 5050; x_wconf 90' lang='lat' dir='ltr'><strong>in</strong></span> <span class='ocrx_word' id='word_1_707' title='bbox 1606 5011 1733 5066; x_wconf 86' lang='lat' dir='ltr'><strong>per-</strong></span> <span class='ocrx_word' id='word_1_708' title='bbox 1836 5001 1904 5056; x_wconf 90' lang='lat' dir='ltr'><strong>de</strong></span> <span class='ocrx_word' id='word_1_709' title='bbox 1936 5001 2130 5056; x_wconf 77' lang='lat' dir='ltr'><strong>Ruﬁna</strong></span> <span class='ocrx_word' id='word_1_710' title='bbox 2166 5003 2219 5056; x_wconf 91' lang='lat' dir='ltr'><strong>in</strong></span> <span class='ocrx_word' id='word_1_711' title='bbox 2256 5005 2511 5072; x_wconf 82' lang='lat' dir='ltr'><strong>praedicta</strong></span> <span class='ocrx_word' id='word_1_712' title='bbox 2538 5006 2824 5062; x_wconf 72' lang='lat' dir='ltr'><strong>canonica.</strong></span> <span class='ocrx_word' id='word_1_713' title='bbox 2870 5006 3172 5067; x_wconf 85' lang='lat' dir='ltr'><strong>Ecclesiam</strong></span> <span class='ocrx_word' id='word_1_714' title='bbox 3205 5010 3262 5066; x_wconf 90' lang='lat' dir='ltr'><strong>S.</strong></span> <span class='ocrx_word' id='word_1_715' title='bbox 3302 5015 3466 5082; x_wconf 61' lang='lat' dir='ltr'><strong>Am,</strong></span> 
     </span>
    </p>
   </div>
   <div class='ocr_carea' id='block_1_105' title="bbox 175 5088 3478 5179">
    <p class='ocr_par' dir='ltr' id='par_1_105' title="bbox 175 5088 3478 5179">
     <span class='ocr_line' id='line_1_106' title="bbox 175 5088 3478 5179; baseline 0.008 -45"><span class='ocrx_word' id='word_1_716' title='bbox 175 5088 386 5146; x_wconf 81' lang='lat' dir='ltr'><strong>petuum.</strong></span> <span class='ocrx_word' id='word_1_717' title='bbox 1835 5092 2002 5148; x_wconf 89' lang='lat' dir='ltr'><strong>brosii</strong></span> <span class='ocrx_word' id='word_1_718' title='bbox 2028 5109 2151 5149; x_wconf 92' lang='lat' dir='ltr'><strong>cum</strong></span> <span class='ocrx_word' id='word_1_719' title='bbox 2180 5094 2295 5148; x_wconf 90' lang='lat' dir='ltr'><strong>suis</strong></span> <span class='ocrx_word' id='word_1_720' title='bbox 2316 5096 2680 5165; x_wconf 89' lang='lat' dir='ltr'><strong>pertinentiis,</strong></span> <span class='ocrx_word' id='word_1_721' title='bbox 2711 5097 3001 5157; x_wconf 83' lang='lat' dir='ltr'><strong>ecclesiam</strong></span> <span class='ocrx_word' id='word_1_722' title='bbox 3028 5100 3083 5158; x_wconf 91' lang='grc'><strong>8.</strong></span> <span class='ocrx_word' id='word_1_723' title='bbox 3110 5101 3304 5159; x_wconf 74' lang='lat' dir='ltr'><strong>Mariae</strong></span> <span class='ocrx_word' id='word_1_724' title='bbox 3346 5129 3478 5179; x_wconf 63' lang='lat' dir='ltr'><strong>n0,</strong></span> 
     </span>
    </p>
   </div>
   <div class='ocr_carea' id='block_1_106' title="bbox 234 5168 3487 5269">
    <p class='ocr_par' dir='ltr' id='par_1_106' title="bbox 234 5168 3487 5269">
     <span class='ocr_line' id='line_1_107' title="bbox 234 5168 3487 5269; baseline 0.006 -40"><span class='ocrx_word' id='word_1_725' title='bbox 234 5168 282 5226; x_wconf 85' lang='lat' dir='ltr'><strong>Si</strong></span> <span class='ocrx_word' id='word_1_726' title='bbox 297 5175 449 5244; x_wconf 79' lang='lat' dir='ltr'><strong>iustis</strong></span> <span class='ocrx_word' id='word_1_727' title='bbox 472 5194 756 5237; x_wconf 88' lang='lat' dir='ltr'><strong>servorum</strong></span> <span class='ocrx_word' id='word_1_728' title='bbox 783 5177 879 5232; x_wconf 91' lang='lat' dir='ltr'><strong>Dei</strong></span> <span class='ocrx_word' id='word_1_729' title='bbox 902 5178 1257 5248; x_wconf 89' lang='lat' dir='ltr'><strong>petitionibus</strong></span> <span class='ocrx_word' id='word_1_730' title='bbox 1280 5179 1727 5247; x_wconf 87' lang='lat' dir='ltr'><strong>satisfecerimus,</strong></span> <span class='ocrx_word' id='word_1_731' title='bbox 1833 5185 1986 5239; x_wconf 60' lang='lat' dir='ltr'><strong>vellat</strong></span> <span class='ocrx_word' id='word_1_732' title='bbox 2017 5199 2140 5240; x_wconf 91' lang='lat' dir='ltr'><strong>cum</strong></span> <span class='ocrx_word' id='word_1_733' title='bbox 2166 5183 2327 5237; x_wconf 90' lang='lat' dir='ltr'><strong>rebus</strong></span> <span class='ocrx_word' id='word_1_734' title='bbox 2360 5184 2498 5251; x_wconf 90' lang='lat' dir='ltr'><strong>suis,</strong></span> <span class='ocrx_word' id='word_1_735' title='bbox 2527 5196 2767 5242; x_wconf 90' lang='lat' dir='ltr'><strong>castrum</strong></span> <span class='ocrx_word' id='word_1_736' title='bbox 2795 5186 2861 5243; x_wconf 90' lang='lat' dir='ltr'><strong>de</strong></span> <span class='ocrx_word' id='word_1_737' title='bbox 2888 5189 3248 5259; x_wconf 88' lang='lat' dir='ltr'><strong>Scharaboni,</strong></span> <span class='ocrx_word' id='word_1_738' title='bbox 3278 5168 3487 5269; x_wconf 39' lang='lat' dir='ltr'><strong>ma}.</strong></span> 
     </span>
    </p>
   </div>
   <div class='ocr_carea' id='block_1_107' title="bbox 180 5266 3487 5358">
    <p class='ocr_par' dir='ltr' id='par_1_107' title="bbox 180 5266 3487 5358">
     <span class='ocr_line' id='line_1_108' title="bbox 180 5266 3487 5358; baseline 0.009 -42"><span class='ocrx_word' id='word_1_739' title='bbox 180 5266 335 5328; x_wconf 79' lang='lat' dir='ltr'><strong>procul</strong></span> <span class='ocrx_word' id='word_1_740' title='bbox 373 5269 530 5327; x_wconf 88' lang='lat' dir='ltr'><strong>dubio</strong></span> <span class='ocrx_word' id='word_1_741' title='bbox 572 5270 883 5344; x_wconf 88' lang='lat' dir='ltr'><strong>apostolica</strong></span> <span class='ocrx_word' id='word_1_742' title='bbox 929 5282 1195 5344; x_wconf 65' lang='lat' dir='ltr'><strong>praecepta</strong></span> <span class='ocrx_word' id='word_1_743' title='bbox 1236 5288 1534 5330; x_wconf 86' lang='lat' dir='ltr'><strong>servamus.</strong></span> <span class='ocrx_word' id='word_1_744' title='bbox 1577 5274 1727 5343; x_wconf 84' lang='lat' dir='ltr'><strong>Qua-</strong></span> <span class='ocrx_word' id='word_1_745' title='bbox 1836 5289 1960 5332; x_wconf 88' lang='lat' dir='ltr'><strong>sum</strong></span> <span class='ocrx_word' id='word_1_746' title='bbox 1997 5290 2165 5330; x_wconf 90' lang='lat' dir='ltr'><strong>unum</strong></span> <span class='ocrx_word' id='word_1_747' title='bbox 2223 5274 2279 5327; x_wconf 91' lang='lat' dir='ltr'><strong>in</strong></span> <span class='ocrx_word' id='word_1_748' title='bbox 2334 5272 2637 5347; x_wconf 88' lang='lat' dir='ltr'><strong>Conciano,</strong></span> <span class='ocrx_word' id='word_1_749' title='bbox 2682 5290 2738 5335; x_wconf 88' lang='lat' dir='ltr'><strong>et</strong></span> <span class='ocrx_word' id='word_1_750' title='bbox 2777 5282 3044 5358; x_wconf 88' lang='lat' dir='ltr'><strong>quidquid</strong></span> <span class='ocrx_word' id='word_1_751' title='bbox 3083 5286 3140 5339; x_wconf 90' lang='lat' dir='ltr'><strong>in</strong></span> <span class='ocrx_word' id='word_1_752' title='bbox 3175 5266 3487 5358; x_wconf 43' lang='lat' dir='ltr'><strong>praedicta</strong></span> 
     </span>
    </p>
   </div>
   <div class='ocr_carea' id='block_1_108' title="bbox 661 5360 1763 5390">
    <p class='ocr_par' dir='ltr' id='par_1_108' title="bbox 661 5360 1698 5390">
     <span class='ocr_line' id='line_1_109' title="bbox 661 5360 1698 5390; baseline 0 0"><span class='ocrx_word' id='word_1_753' title='bbox 661 5373 789 5390; x_wconf 62' lang='grc' dir='ltr'><strong>...ιιι-ι</strong></span> <span class='ocrx_word' id='word_1_754' title='bbox 816 5360 1086 5390; x_wconf 54' lang='grc' dir='ltr'><strong>ηΛ-ιιθιιιια-ιι</strong></span> <span class='ocrx_word' id='word_1_755' title='bbox 1118 5362 1585 5390; x_wconf 64' lang='grc' dir='ltr'><strong>..ΑηΙηιιυη-...Α-.2-</strong></span> <span class='ocrx_word' id='word_1_756' title='bbox 1617 5365 1698 5390; x_wconf 64' lang='grc' dir='ltr'><strong>-..ιζ</strong></span> 
     </span>
    </p>
   </div>
   <div class='ocr_carea' id='block_1_109' title="bbox 1842 5360 2501 5390">
    <p class='ocr_par' dir='ltr' id='par_1_109' title="bbox 1844 5364 2501 5390">
     <span class='ocr_line' id='line_1_110' title="bbox 1844 5364 2501 5390; baseline 0 0"><span class='ocrx_word' id='word_1_757' title='bbox 1844 5369 2093 5390; x_wconf 74' lang='lat'><strong>______-2-_</strong></span> <span class='ocrx_word' id='word_1_758' title='bbox 2133 5367 2268 5390; x_wconf 61' lang='grc' dir='ltr'><strong>,ΙΑΔΕι</strong></span> <span class='ocrx_word' id='word_1_759' title='bbox 2296 5364 2424 5390; x_wconf 60' lang='grc' dir='ltr'><strong>Ϊ-μ-1</strong></span> <span class='ocrx_word' id='word_1_760' title='bbox 2447 5369 2501 5390; x_wconf 75' lang='grc'><strong>1-·</strong></span> 
     </span>
    </p>
   </div>
   <div class='ocr_carea' id='block_1_110' title="bbox 179 5360 611 5390">
    <p class='ocr_par' dir='ltr' id='par_1_110' title="bbox 179 5360 611 5390">
     <span class='ocr_line' id='line_1_111' title="bbox 179 5360 611 5390; baseline 0 0"><span class='ocrx_word' id='word_1_761' title='bbox 179 5364 361 5390; x_wconf 66' lang='lat' dir='ltr'><strong>nmmo.-</strong></span> <span class='ocrx_word' id='word_1_762' title='bbox 402 5360 469 5390; x_wconf 68' lang='grc' dir='ltr'><strong>ζηο</strong></span> <span class='ocrx_word' id='word_1_763' title='bbox 478 5379 611 5390; x_wconf 58' lang='lat' dir='ltr'><strong>nn-..“</strong></span> 
     </span>
    </p>
   </div>
  </div>
