3972 5390
443 169 547 227 ετξ)

1347 165 1404 222 s.
1447 120 1782 222 casconu
1814 163 1903 220 vn
1937 161 2142 220 nam
2181 163 2462 222 ornnuu
2497 163 2679 222 PARS
2713 164 2790 222 n.-

3590 157 3689 223 6.80

447 299 662 356 cunque
685 291 862 340 vestra
893 284 1152 339 canonica
1173 281 1319 352 juste
1349 297 1495 336 nunc
1522 281 1702 350 habet,
1727 289 1820 334 aut
1843 279 1897 334 in
1925 295 2024 351 po-
2053 287 2098 342 Α
2123 280 2342 336 timodae
2365 281 2722 352 pmnitudinis
2751 275 3086 336 exhibitione
3108 275 3180 332 ab
3198 273 3699 332 anathematis‘vin-

447 363 676 442 stcrum,
701 372 933 429 Domino
953 381 1242 439 annuente,
1275 372 1474 427 habere
1507 371 1793 442 contigerit
1823 370 1877 424 in
1903 370 2028 440 qui-

450 465 685 520 buslibct
723 464 886 519 rebus
923 463 1238 530 mobilibus,
1263 462 1347 516 vel
1371 461 1763 526 immobilibus,
1809 461 1922 518 sive
1963 459 2032 514 ab

448 549 690 625 ejusdem
713 553 947 608 civitatis
979 552 1234 622 episc0po
1269 552 1431 619 datis,
1464 552 1578 607 sive
1602 552 1670 606 ab
1703 551 1824 606 aliis
1853 547 2033 604 homi—

450 644 614 712 hibus
647 644 896 716 publicis,
921 645 1005 699 vel
1035 645 1259 714 privatis
1293 643 1412 710 tibi,
1444 643 1661 714 tuisque
1695 639 2031 698 successori-

451 735 554 788 bus
583 733 970 787 confirmamus
1003 739 1057 786 ct
1093 731 1402 786 stabilimus
1442 731 1496 785 in
1532 739 1872 800 perpetuum.
1908 727 2034 784 Hmc

449 828 616 899 igitur
637 827 842 895 omnia,
868 842 990 898 quae
1028 827 1191 896 hujus
1217 821 1469 897 przecepti
1511 812 1820 897 decretique
1859 823 2034 880 nostri

451 918 648 990 pagina
674 917 936 985 continet,
957 925 1072 973 tam
1101 917 1197 973 tibi
1223 933 1388 988 quam
1435 917 1668 984 cunctis,
1711 917 1806 988 qui
1851 916 1904 972 in
1945 933 2031 985 eo,

451 1021 562 1080 quo
583 1024 646 1064 es
667 1008 878 1076 ordine,
907 1007 1138 1078 locoque
1161 1005 1548 1074 successerint,
1572 1007 1657 1062 vel
1690 1007 1769 1062 eis
1799 1021 2034 1078 quorum

453 1101 717 1156 interesse
746 1099 1004 1171 potuerit,
1037 1096 1340 1170 apostolica
1375 1099 1706 1154 auctoritate
1745 1098 1802 1152 in
1847 1111 2037 1168 perpe-

453 1198 608 1244 tuum
635 1190 900 1246 servanda
921 1189 1290 1246 decernimus.
1335 1187 1391 1244 Si
1413 1189 1537 1260 quis
1557 1203 1687 1244 vero
1709 1203 1918 1260 regum,
1942 1203 2036 1243 sa-

451 1281 758 1348 cerdotum,
785 1280 1132 1346 clericorum,
1160 1281 1408 1350 iudicum
1441 1295 1505 1336 ac
1533 1279 1876 1336 sazcularium
1916 1293 2038 1350 per-

455 1371 718 1428 sonar’um
748 1363 889 1428 hanc
921 1372 1326 1428 constitutionis
1349 1379 1553 1426 nostra:
1576 1372 1826 1442 paginam
1864 1383 2036 1441 agno—

453 1474 638 1528 scens,
663 1471 852 1518 contra
882 1477 1006 1517 eam
1027 1461 1321 1516 temerario
1343 1475 1484 1516 ausu
1511 1461 1697 1516 venire
1727 1461 2036 1529 tentaverit,
2081 1473 2087 1479 ”

456 1553 758 1622 potestatis,
781 1551 1113 1622 honorisque
1139 1551 1226 1607 sui
1254 1552 1516 1623 dignitate
1544 1559 1744 1619 careat,
1776 1545 2038 1622 reumque

2129 371 2254 426 culo
2281 371 2591 427 absolutum
2618 371 2674 426 in
2715 369 2944 442 gratiam
2968 365 3378 422 communionis
3406 380 3536 420 cum
3561 379 3710 421 rece-

2128 461 2329 530 pimus.
2360 460 2435 516 De
2465 469 2662 518 caetero
2693 461 2829 516 nihil
2859 473 3050 516 secum
3071 464 3398 523 statuentes,
3424 454 3534 512 nisi
3565 455 3699 526 quod

2129 553 2199 608 ad
2219 552 2488 608 cautelam
2512 561 2567 608 et
2591 553 2857 608 honorem
2879 549 3128 606 omnium
3151 555 3397 603 vestrum
3419 544 3547 604 fore.
3561 552 3707 616 puta-

2129 643 2342 700 vimus;
2358 643 2606 716 Cumque
2631 643 3115 716 Langobardon
3139 639 3384 711 episcopi
3415 639 3587 694 totius
3611 653 3705 693 ne—

2131 735 2262 807 gotii
2284 729 2554 792 summam
2579 737 2650 792 ad
2673 750 3020 792 communem
3041 721 3374 790 conventum
3393 739 3452 787 et
3473 731 3708 802 pruden-

2131 827 2220 884 tiae
2255 837 2452 896 vestrae
2493 827 2949 884 consultationem
2990 833 3327 882 reservatam
3357 837 3486 879 esse
3514 835 3716 893 cogno-

2133 925 2368 986 scerent,
2393 934 2496 975 nec
2525 925 2594 976 de
2626 920 2746 975 suis
2788 917 2966 988 culpis
2986 931 3052 972 ea
3085 930 3254 986 quam
3289 913 3588 985 sperabant
3614 913 3716 968 im-

2133 1010 2379 1081 punitate
2397 1011 2797 1066 absolutionem
2816 1007 3080 1080 consequi
3098 1005 3430 1078 potuissent,
3457 1011 3714 1075 quantam

2134 1101 2444 1173 superbiam
2480 1110 2826 1174 quantosque
2863 1099 3087 1156 malitiae
3116 1104 3348 1155 conatus
3385 1106 3582 1168 contra
3617 1110 3717 1152 nos

2135 1193 2320 1251 adorsi
2351 1194 2480 1261 sint,
2509 1194 2577 1250 ad
2605 1193 2896 1250 dicendum
2919 1190 3144 1263 quidem
3175 1188 3357 1255 triste,
3387 1186 3461 1244 ad
3490 1187 3716 1242 audiente

2135 1285 2265 1362 dum
2295 1292 2382 1340 est
2405 1284 2793 1351 abominabile,
2827 1297 2954 1362 cum
2993 1281 3091 1349 illi,
3125 1280 3318 1352 quiin
3349 1277 3598 1334 Ecclesia
3625 1275 3718 1332 Dei

2136 1360 2407 1434 columna:
2455 1391 2576 1433 esse
2621 1360 2946 1442 debuerunt,
2989 1388 3103 1430 non
3141 1372 3308 1430 modo
3362 1370 3422 1425 in
3463 1381 3720 1439 compage

2137 1467 2383 1539 corporis
2405 1465 2611 1523 Christi
2639 1467 2850 1522 nullum
2875 1466 3056 1522 locum
3083 1470 3322 1529 teneant,
3357 1461 3455 1518 sed
3477 1458 3722 1531 pertina-

2139 1557 2274 1614 citer
2301 1557 2727 1628 impugnatores,
2769 1564 2826 1612 et
2856 1563 3125 1627 quantum
3164 1553 3236 1610 ad
3261 1567 3324 1610 se
3353 1551 3723 1608 destructone

452 1659 518 1698 se
557 1643 741 1698 divino
777 1642 986 1714 judicio
1013 1643 1246 1699 existere
1286 1644 1354 1699 de
1399 1652 1708 1714 perpetrata
1755 1643 2040 1714 iniquitate
2071 1649 2116 1706 B
2139 1648 2395 1704 existant.
2427 1647 2502 1704 De
2523 1663 2650 1719 rege
2675 1662 2826 1714 vero,
2859 1645 2997 1702 utin
3030 1646 3116 1702 his
3137 1659 3262 1716 quae
3280 1643 3445 1699 nobis
3473 1639 3726 1713 promisit

457 1743 769 1808 cognoscat.
807 1734 874 1789 Et
893 1735 1000 1791 nisi
1024 1749 1110 1802 ea,
1135 1749 1257 1806 quae
1280 1734 1350 1790 ab
1387 1735 1478 1791 illo
1513 1743 1642 1791 sunt
1671 1735 1812 1791 male
1837 1735 2038 1803 ablata,

457 1827 774 1894 restituerit,
805 1826 890 1882 vel
921 1826 1084 1897 digna
1109 1825 1428 1896 ptenitentia
1458 1810 1643 1882 illicite
1662 1831 1784 1882 acta
1813 1825 2043 1881 deﬂeve—
2083 1829 2090 1835 '

457 1919 552 1986 rit,
587 1935 619 1972 a
650 1917 1022 1974 sacratissimo
1055 1931 1305 1987 corpore,
1329 1931 1393 1972 ac
1413 1917 1677 1988 sanguine
1711 1912 1806 1972 Dei
1826 1911 2043 1970 Domini

456 2010 824 2080 redemptoris
853 2007 1028 2064 nostri
1070 2007 1200 2063 Jesu
1239 2007 1444 2064 Christi
1475 2007 1685 2062 alienus
1723 2007 1838 2074 ﬂat,
1882 2015 2044 2076 atque

461 2099 523 2155 in
539 2087 766 2166 aeterno
784 2097 1032 2154 eiamine
1053 2097 1316 2152 districta:
1340 2097 1534 2152 ultibni
1574 2095 1870 2168 subjaceat.
1905 2095 2048 2151 Cun-

459 2191 570 2246 etis
603 2198 784 2244 autem
813 2189 988 2244 eidem
1014 2187 1138 2244 loco
1161 2187 1310 2256 justa
1338 2187 1681 2242 servantibus
1706 2189 1779 2264 sit
1802 2187 2047 2258 panno-

463 2281 600 2336 tnini
632 2281 807 2338 nostri
840 2278 968 2336 Jesu
1009 2277 1236 2346 Christi,
1270 2287 1544 2349 quatenus
1569 2279 1640 2333 'ct
1678 2277 1770 2333 hic
1810 2276 2046 2334 fructum

464 2371 626 2430 bona:
663 2369 894 2426 actionis
931 2367 1250 2440 percipiant,
1299 2375 1356 2422 et
1395 2367 1539 2438 apud
1572 2367 1878 2423 districtum
1897 2367 2047 2438 judi-

466 2475 587 2524 cent
614 2459 834 2532 praemia
871 2467 1087 2516 uatem!
1111 2457 1263 2530 pacis
1291 2456 1588 2516 inveniant.
1639 2456 1834 2524 Amen,
1865 2473 2044 2513 amen.

471 2591 476 2596 ο
542 2551 1041 2624 Sigu,nm,_Gregorii
1065 2566 1218 2622 papae
1239 2551 1496 2622 septimi:
1527 2551 1891 2607 miserationes
1923 2559 2046 2620 tum,

463 2641 714 2711 ﬂamine,
743 2657 901 2712 super
929 2643 1110 2696 omnia
1137 2657 1294 2712 opera
1314 2640 1450 2710 ejus.

468 2793 478 2802 ο
541 2715 738 2796 Datum
776 2729 1064 2798 Florentia:
1099 2745 1130 2784 v
1170 2727 1290 2784 Kal.
1329 2727 1573 2785 Januarii
1607 2743 1706 2800 per
1736 2745 1932 2786 manus
1955 2730 2053 2786 Pe~

466 2827 542 2884 tri
579 2833 782 2882 sancta
816 2825 1078 2883 Romana:
1110 2825 1368 2882 Ecclesiae
1391 2824 1693 2897 presbyteri
1737 2823 2049 2892 cardinalis,

473 2935 540 2980 ac
568 2919 984 2987 bibliothecarii,
1023 2935 1170 2974 anno
1202 2935 1254 2974 iv
1289 2919 1641 2990 pontiﬁcatus
1677 2917 1884 2974 domini
1921 2917 2054 2973 Gre-

2144 1738 2462 1810 simpliciter
2487 1747 2583 1794 aut
2609 1739 2924 1795 obedienter
2944 1735 3323 1804 ambulaverit,
3349 1750 3465 1790 non
3492 1731 3736 1789 inultum

2142 1831 2316 1888 laetari
2340 1845 2656 1902 possumus,
2695 1829 3000 1901 praesertim
3027 1843 3155 1886 cum
3187 1843 3255 1884 ex
3281 1827 3406 1898 ejus
3433 1823 3724 1898 praesentia

2142 1922 2367 1994 pessimi
2407 1923 2610 1995 quique
2651 1930 2844 1979 contra
2893 1936 2997 1978 nos
3036 1928 3092 1978 et
3133 1917 3498 1991 apostolicam
3545 1917 3724 1984 sedem

2141 2015 2266 2086 plus
2300 2015 2544 2072 audaciae
2577 2029 2744 2085 quam
2786 2012 3013 2070 terroris
3044 2027 3144 2084 pro
3178 2019 3490 2083 perpetrata
3521 2009 3725 2080 iniqui.

2143 2113 2256 2162 tate
2278 2107 2532 2162 habeant.
2558 2105 2702 2162 inter
2725 2107 2843 2162 haec
2873 2113 3054 2162 vestra
3073 2103 3306 2172 consilia
3323 2109 3726 2173 exspectantes,

2145 2196 2362 2262 tandem
2383 2195 2672 2272 perfilium
2697 2205 2948 2251 nostrum
2973 2177 3334 2263 Rapotouem,
3358 2207 3524 2262 quem
3543 2191 3616 2247 ad
3631 2205 3730 2246 vos

2145 2287 2418 2354 misimus,
2449 2287 2555 2344 hoc
2574 2302 2674 2344 vos
2704 2287 2839 2342 velle
2881 2293 2938 2341 et
2960 2283 3237 2356 postulare
3267 2281 3653 2355 cognovimus,
3671 2279 3730 2336 'si

2145 2373 2421 2448 quemodo
2445 2379 2514 2433 ad
2535 2386 2718 2449 partes
2737 2384 2950 2433 vestras
2974 2374 3210 2432 transire
3229 2373 3540 2446 possimus,
3565 2381 3736 2442 atque

2147 2457 2202 2526 id
2227 2478 2308 2537 ut,
2350 2469 2566 2526 cautius
2591 2469 2709 2526 fieri
2735 2467 2929 2540 possit,
2953 2481 3081 2522 cum
3101 2465 3247 2537 regis
3280 2465 3528 2521 consilio.
3553 2471 3612 2520 et
3635 2461 3734 2518 ad—

2142 2559 2370 2630 jutorio,
2404 2575 2562 2632 agere
2614 2559 2952 2615 studeamus.
3004 2555 3118 2613 Nos
3153 2555 3338 2626 itaque
3385 2553 3537 2612 sicut
3579 2553 3734 2612 vobis

2149 2650 2550 2715 mandavimus,
2577 2659 2774 2706 vestra:
2795 2648 3062 2706 voluntati
3083 2658 3249 2719 atque
3268 2647 3522 2728 consiliis
3541 2646 3599 2702 in
3615 2659 3738 2702 om-

2151 2743 2316 2798 nibus
2358 2743 2662 2798 secundum
2697 2740 3096 2812 beneplacitum
3134 2739 3233 2796 Dei
3275 2737 3600 2796 satisfacere
3636 2751 3736 2792 cu-

2150 2834 2382 2904 pientes,
2410 2832 2464 2888 id
2493 2832 2670 2903 ipsum
2697 2847 2793 2903 per
2815 2832 3038 2888 nuntios
3066 2839 3290 2888 nostros
3313 2846 3442 2888 cum
3472 2844 3607 2901 rege
3625 2836 3738 2884 sta-

2154 2929 2306 2980 tuere
2353 2931 2535 2994 atque,
2553 2931 2808 2994 coeptare
2853 2907 3079 2995 operam
3113 2921 3331 2978 damus.
3365 2919 3592 2987 ferum
3627 2934 3741 2990 uno

473 3013 612 3086 gorii
644 3010 735 3066 VII
771 3026 950 3084 papae;
989 3026 1136 3067 anno
1168 3011 1418 3066 videlicet
1467 3009 1765 3066 Dominica:
1806 3007 2053 3064 incarna-
2077 3005 2118 3062 C
2151 3011 2336 3070 animo
2373 3013 2488 3086 ipse
2527 3013 2684 3072 nobis
2715 3022 2770 3071 et,
2789 3013 2944 3070 vobis
2985 3013 3042 3069 in
3072 3013 3178 3070 hac
3215 3028 3385 3070 causa
3425 3011 3743 3070 consentite

476 3103 642 3164 tionis
675 3104 966 3164 millesimo
1001 3103 1400 3175 septuagesimo
1433 3110 1608 3162 sexto.
1645 3101 1832 3157 indict.
1869 3115 2004 3157 xlv.

1119 3218 1381 3278 σΧΧΧῐῐΙ.

480 3315 720 3388 Gregorii
765 3315 889 3388 νηί
919 3315 1139 3386 epistola
1180 3315 1249 3368 ad
1291 3314 1725 3388 archiepisdopos,
1765 3313 2054 3388 episcopos,

553 3383 730 3456 disces,
759 3383 976 3456 concites
1009 3394 1324 3456 craterasque
1347 3383 1753 3456 principescum
1783 3383 1924 3437 Omni
1955 3399 2053 3454 po-

537 3452 676 3530 pulo
709 3452 856 3541 regni
895 3452 1320 3541 Teutonicorum.
1350 3452 1358 3454 “
1521 3452 1531 3456 ⁷
1613 3483 1621 3494 -
1802 3481 1808 3492 -

557 3605 566 3612 .
688 3607 695 3624 ,
731 3619 735 3622 ι
767 3585 810 3613 -,
1069 3546 1252 3618 (Anno
1293 3543 1480 3616 1077.)

484 3625 754 3714 [ilugonis
773 3625 1072 3714 Flaviniac;
1091 3636 1408 3714 C(wonicon,
1428 3637 1573 3714 apud
1593 3635 1800 3714 Perire,
1813 3635 2055 3714 gloriam.

473 3705 502 3720 "
596 3705 625 3712 '
645 3705 833 3764 cem;
865 3708 1012 3776 hist.,
1041 3707 1238 3778 Script.
1268 3714 1402 3762 tom.
1428 3705 1562 3775 Vl“,
1587 3715 1712 3778 μειερ
1738 3705 1890 3778 445-]
1928 3712 1936 3717 ﬁ

558 3821 864 3879 Careamus
897 3820 1188 3893 episcOpus
1228 3833 1423 3876 servus
1482 3833 1768 3877 servorum
1800 3817 1898 3876 Dei
1919 3818 2062 3886 dile-

487 3903 749 3970 ctissimis
777 3912 832 3968 in
847 3910 1065 3968 Christo
1089 3909 1352 3968 fratribus
1373 3919 1428 3968 et
1446 3909 1594 3980 ﬁliis,
1617 3911 2059 3984 archiepiscopis,

486 4006 776 4080 episcopis,
815 3986 1069 4074 ducibus,
1097 4005 1419 4074 comitibus,
1446 4005 1765 4076 ueterisque
1800 4007 2061 4078 principi-

487 4099 610 4164 bus,
660 4113 788 4154 cum
833 4096 984 4154 omni
1017 4097 1219 4168 populo
1255 4097 1408 4170 regni
1447 4095 1872 4154 Teutonicorum
1917 4089 2064 4155 chri-

477 4189 722 4259 stianam
751 4188 912 4244 fidem
939 4196 995 4250 et
1024 4188 1342 4260 religionem
1370 4188 1804 4257 defendentibus,
1833 4191 2060 4246 salutem

475 4283 543 4336 'et
567 4273 924 4352 apostolicam
951 4265 1404 4335 benedictionem.

477 4369 482 4376 ”
563 4356 717 4428 Sicut
740 4371 798 4426 in
829 4371 1104 4442 prioribus
1128 4371 1322 4428 litteris
1347 4379 1404 4426 et
1437 4371 1740 4444 legatorum
1767 4373 1946 4432 verbis
1970 4389 2066 4430 vo—

489 4465 576 4520 bis
598 4463 1044 4536 signiﬁcavimus,
1070 4462 1430 4534 intelligentes
1455 4465 1602 4535 quod
1631 4465 1792 4537 digne
1821 4464 1934 4523 Deo
1969 4469 2066 4524 de-

471 4556 738 4628 jfensores
753 4554 980 4626 iustitiae
998 4569 1099 4610 vos
1129 4554 1186 4608 in
1214 4537 1687 4621 vera’obedientia,
1699 4564 1752 4612 et
1783 4559 2066 4629 apostolici

472 4649 830 4719 principatus
868 4645 1174 4703 reverentia
1210 4645 1554 4714 exhibuistis,
1577 4646 1636 4702 in
1667 4632 1849 4704 vestra
1875 4650 1979 4707 fide
2013 4659 2068 4706 et

494 4739 738 4796 consiliis
759 4739 1082 4795 ﬁducialiter
1105 4753 1254 4808 spem
1279 4745 1562 4808 ponentes,
1590 4748 1778 4794 contra
1812 4727 2066 4800 volunta-

495 4839 603 4885 tem
631 4845 770 4900 pene
789 4830 1034 4885 omnium
1063 4827 1302 4884 fidelium
1331 4835 1666 4893 nostrorum,
1684 4831 1912 4902 excepta
1939 4834 2069 4888 cha-

495 4920 716 4977 rissima
741 4929 796 4975 et
835 4919 1148 4976 fidelissima
1173 4919 1318 4974 beati
1355 4917 1498 4974 Petri
1523 4911 1927 4989 ﬁlia,‘villelicet
1952 4923 2070 4978 Ma-

495 5011 684 5078 thilde,
723 5011 824 5066 iter
861 5011 928 5064 ad
971 5024 1072 5065 vos
1109 5025 1222 5064 non
1262 5010 1442 5067 solum
1482 5009 1620 5068 inter
1649 5014 1820 5068 multa
1861 5014 2070 5072 incom-

496 5104 682 5169 moda,
706 5101 799 5158 sed
831 5107 886 5154 et
909 5098 1150 5169 pericula
1177 5099 1416 5172 aggressi
1449 5117 1660 5172 sumus,
1683 5111 1738 5160 et
1761 5105 2074 5176 pervenisse

497 5195 716 5266 quidem
771 5188 1162 5262 potuissemus,
1203 5192 1252 5246 si
1289 5193 1548 5250 ducatum
1599 5211 1666 5252 eo
1707 5205 1968 5268 tempore,
1993 5179 2074 5270 :eo

495 5287 619 5342 loco
641 5297 752 5355 quo
787 5279 1146 5337 constitutum
1179 5291 1314 5350 erat,
1351 5275 1416 5338 es
1451 5295 1630 5343 vestra
1663 5298 1817 5359 parte
1849 5291 2075 5347 habuis-

2143 3107 2363 3174 'debeat,
2400 3107 2532 3162 ante
2567 3106 2886 3164 missionem
2925 3106 3091 3178 hujus
3125 3105 3435 3179 legationis,
3475 3105 3744 3176 quoniam

2151 3213 2250 3254 rex
2265 3211 2295 3252 a
2312 3198 2470 3254 nobis
2486 3198 2644 3270 longe
2661 3197 2920 3266 distabat,
2941 3213 3281 3270 praenoscere
3303 3211 3413 3254 non
3435 3197 3742 3267 potuimus,

2155 3289 2250 3344 sed
2273 3303 2400 3344 mox
2429 3298 2490 3344 ut
2517 3289 2956 3361 cognoverimus,
2999 3288 3157 3346 vobis
3179 3287 3437 3344 intimare
3481 3303 3600 3344 non
3631 3297 3744 3342 tar-

2154 3377 2426 3436 dabimus.
2462 3378 2667 3438 Scitote
2705 3380 2870 3452 igitur
2919 3379 3184 3452 quoniam
3222 3380 3340 3438 haec
3366 3389 3452 3436 est
3486 3379 3745 3436 voluntas

2155 3478 2210 3528 et
2233 3470 2561 3526 desiderium
2584 3479 2856 3539 nostrum,
2879 3480 2940 3527 ut
2971 3471 3056 3527 vel
3085 3486 3358 3527 consensu
3379 3471 3548 3542 regis,
3581 3471 3672 3526 vel
3697 3471 3747 3528 si

2156 3578 2222 3618 eo
2247 3563 2464 3618 nolente
2490 3562 2609 3618 fieri
2633 3562 2828 3634 possit,
2855 3564 2924 3619 ad
2947 3577 3048 3619 vos
3070 3577 3170 3634 pro
3195 3563 3476 3618 communi
3508 3563 3749 3620 utilitate

2157 3658 2214 3711 et
2246 3655 2421 3710 salute
2451 3654 2697 3710 omnium
2727 3664 2966 3711 vestrum
2987 3660 3454 3726 pertranscamus.
3483 3652 3649 3722 Quod
3674 3655 3748 3723 si,

2159 3746 2398 3818 peccatis
2419 3754 2474 3802 et
2498 3747 2792 3817 pravOrum
2807 3743 3003 3804 studiis
3025 3744 3528 3814 obstantibus’,’fieri
3551 3745 3750 3817 nequi-

2159 3837 2316 3905 verit,
2363 3834 2562 3894 absens
2609 3845 2792 3894 tamcn
2837 3837 3265 3908 omnipotentem
3305 3834 3478 3892 Deum
3529 3836 3750 3893 obnixis

2161 3944 2376 4001 semper
2395 3929 2566 3985 orabo
2595 3929 2870 4000 precibus,
2905 3936 2970 3984 ut
2993 3928 3159 3984 corda
3199 3937 3380 3985 vestra
3402 3935 3460 3984 et
3492 3927 3658 3985 fidem
3690 3927 3748 3983 in

2161 4021 2311 4078 omni
2337 4021 2510 4094 gratia
2540 4029 2596 4076 et
2632 4020 2834 4076 virtute
2860 4019 3166 4088 conﬁrmet,
3201 4028 3257 4075 et
3283 4019 3358 4074 ita
3401 4019 3459 4074 in
3489 4019 3750 4076 omnibus

2161 4122 2340 4170 vestra
2384 4112 2613 4168 consilia
2645 4120 2700 4168 et
2735 4110 2878 4168 facta
2914 4111 3134 4184 dirigat,
3163 4119 3225 4166 ut
3257 4111 3568 4167 libertatem
3591 4107 3752 4166 Chri-

2163 4204 2355 4261 stiana:
2392 4203 2671 4275 religionis
2705 4202 2974 4262 indefessa
2995 4203 3197 4259 virtute
3235 4201 3548 4270 defendere,
3576 4211 3634 4260 et
3663 4218 3749 4270 ea,

2093 4345 2141 4405 υ
2165 4311 2288 4367 quae
2333 4295 2402 4350 ad
2442 4303 2646 4350 statum
2673 4304 2728 4350 ct
2753 4295 2984 4366 gloriam
3010 4295 3338 4350 nobilissimi
3383 4294 3541 4366 regni
3584 4293 3751 4350 vestri

2169 4387 2280 4442 Deo
2317 4387 2639 4458 dignissima
2685 4395 2740 4442 et
2767 4387 2924 4442 vobis
2947 4387 3239 4442 utilissima
3270 4395 3420 4453 sunt,
3461 4386 3753 4457 providere

2167 4477 2392 4548 possitis
2415 4485 2470 4532 et
2495 4477 2742 4548 exsequi.
2788 4476 2900 4533 Vos
2929 4486 3112 4534 autem
3141 4477 3200 4532 in
3241 4478 3524 4548 proposito
3562 4477 3753 4536 defen-

2165 4568 2356 4625 dendae
2383 4569 2632 4639 iustitiae,
2667 4569 2814 4638 quod
2841 4583 2942 4639 pro
2975 4570 3198 4626 nomine
3225 4568 3430 4625 Christi
3459 4579 3517 4625 et
3549 4577 3750 4626 eterna

2166 4660 2524 4716 retributione
2551 4660 2871 4734 incuspistis,
2895 4660 2970 4715 ita
2983 4660 3277 4732 persistite,
3305 4669 3364 4716 ut
3397 4660 3467 4716 ad
3489 4675 3747 4716 coronam

2107 4791 2120 4804 .
2165 4757 2279 4805 tam
2300 4747 2497 4815 sancti,
2519 4756 2630 4802 tam
2655 4746 2766 4802 Deo
2787 4750 2971 4818 placiti
2993 4750 3327 4816 certaminis,
3357 4748 3470 4805 Deo
3491 4751 3746 4817 donante,

2167 4840 2472 4910 pertingere
2513 4839 2757 4894 valeatis.
2795 4839 2960 4896 Plura
3000 4841 3157 4897 vobis
3183 4857 3277 4912 per
3313 4841 3522 4912 scripta
3566 4843 3746 4899 misis-

2170 4943 2376 4993 semus,
2420 4927 2528 4982 nisi
2565 4927 2710 4998 quod
2752 4929 2888 4985 tales
2926 4929 2994 4985 ad
3027 4944 3126 4986 vos
3164 4931 3387 4987 nuntios
3426 4933 3745 5000 direximus,

2170 5018 2372 5090 quibus
2391 5017 2762 5074 indubitanter
2781 5019 3004 5074 credere
3026 5019 3276 5091 potestis,
3304 5021 3362 5076 in
3377 5037 3629 5092 quorum
3657 5038 3748 5081 ore

2170 5101 2436 5174 quidquid
2477 5102 2534 5158 in
2555 5103 2786 5174 epistola
2813 5105 2998 5162 minus
3019 5107 3349 5173 continetur,
3383 5120 3442 5164 et
3469 5127 3573 5182 pro
3599 5111 3746 5169 vobis

2171 5197 2256 5252 vel
2281 5195 2352 5250 ad
2379 5209 2478 5250 vos
2497 5209 2594 5250 cor
2622 5204 2874 5252 nostrum
2899 5198 3084 5267 habet,
3110 5201 3415 5272 posuimus.
3445 5205 3646 5263 Amen.
