3972 5390
514 418 620 497 sua
1194 470 1205 477 ,
1421 413 1492 500 gs.
1534 410 1863 495 nascenti
1905 411 2233 491 Vll_PAP£
2275 410 2558 475 OPERUM
2598 414 2779 473 PARS
2818 382 2881 483 u.
3678 430 3782 482 t-bt

500 508 713 609 pimus.
760 531 1125 607 Quapropter,
1170 526 1520 590 dilectissime
1564 534 1663 602 (ili,
1703 536 1847 589 sicut
1905 543 1994 589 tua
2041 542 2095 590 ct
2124 538 2169 595 Α
2195 541 2321 591 strte
2348 533 2602 605 paginam
2626 548 2966 607 cognoscens
2988 544 3179 593 contra
3202 550 3324 593 eam
3340 541 3633 600 temerario
3650 558 3788 601 ausu

508 628 741 683 fratrum
767 636 985 682 tuorum
1000 625 1224 698 devotio
1240 626 1556 697 postulavit,
1583 626 1964 698 suscipientes,
1995 626 2104 683 sic—
2203 625 2388 681 venire
2420 626 2731 694 tentaverit,
2778 628 3070 698 potestatis
3108 628 3447 702 honorisque
3496 634 3582 689 sui
3614 634 3790 707 digni-

503 721 570 791 ἰρι
602 727 658 774 et
688 719 1118 793 praedecessores
1151 718 1351 786 nostri,
1384 717 1671 789 praelatum
1709 718 2102 775 monasterium
2203 725 2314 773 tate
2342 727 2546 787 careat,
2573 734 2840 791 reumque
2865 736 2925 776 se
2955 721 3145 778 divino
3188 723 3402 793 judicio
3451 726 3687 787 existere
3721 729 3793 784 de

503 810 619 873 cui.
649 808 761 865 Deo
787 818 1030 878 auctore,
1063 825 1301 881 praeesse
1328 810 1692 882 dignosceris,
1717 810 1774 865 in
1802 810 2024 866 tutelam
2050 817 2105 863 et

503 899 878 957 defensionem
908 909 1113 958 saneta
1142 900 1406 958 Romana:
1447 901 1728 968 Ecclesiae,
1780 916 1876 972 per
1937 900 2103 970 hujus

502 992 682 1049 nostri
701 993 909 1049 decreti
933 994 1210 1067 paginam,
1238 994 1305 1050 ad
1330 994 1802 1051 corroborandunt
1829 992 1942 1047 Deo
1998 1008 2100 1059 au-

501 1067 655 1143 ctore
691 1093 896 1145 statum
928 1085 1074 1157 ejus,
1102 1086 1419 1158 apostolica:
1462 1084 1713 1141 tuitionis
1755 1084 2099 1155 privilegium

499 1177 600 1239 tibi
623 1178 998 1235 concedimus.
1029 1177 1440 1235 Conﬁrmamus
1462 1177 1652 1234 omnia
1671 1177 1982 1248 qumcidem
2009 1191 2100 1251 vce

496 1269 732 1327 nerabili
770 1269 894 1326 loco
942 1285 974 1327 a
1022 1271 1357 1348 quibuslibet
1400 1269 1719 1327 hominibus
1760 1269 1826 1323 de
1877 1268 2098 1338 proprio

493 1360 624 1429 jure
629 1361 745 1431 jam
766 1348 969 1421 donata
993 1370 1149 1430 sunt,
1167 1363 1254 1419 vel
1279 1362 1333 1417 in
1356 1360 1624 1428 futurum,
1650 1360 1763 1416 Deo
1780 1361 2098 1426 miserante,

499 1452 701 1515 «inﬂata
724 1451 947 1522 fuerint,
975 1454 1355 1527 cujuscunque
1401 1453 1550 1508 modi
1586 1452 1969 1524 possessiones
2001 1461 2098 1507 aut

497 1543 646 1601 bona
667 1554 817 1611 sunt,
848 1552 961 1601 tam
985 1546 1043 1600 in
1066 1547 1231 1603 rebus
1261 1546 1558 1624 mobilibus
1588 1561 1755 1616 quam
1791 1542 2088 1598 immobili-

501 1636 630 1703 bus,
664 1645 721 1693 et
736 1645 1017 1708 postremo
1044 1638 1303 1694 universa
1346 1654 1470 1709 quae
1514 1654 1664 1693 nunc
1705 1636 1954 1708 legaliter
1997 1650 2091 1690 ae-

2201 819 2509 882 perpetrata
2537 811 2826 884 iniquitate
2849 824 3165 887 cognoscat.
3198 815 3395 875 Etnisi
3445 834 3515 875 ea
3564 822 3794 891 quae-ab

2200 905 2294 961 illo
2321 916 2449 963 sunt
2472 913 2614 965 male
2642 909 2822 966 ablata
2844 910 3161 989 restituerit,
3192 912 3458 986 velﬂigna
3478 917 3792 986 μωωὼ

2202 999 2391 1056 illicito
2421 1010 2544 1056 aeta
2591 1001 2895 1070 deﬂevcrit,
2944 1019 2975 1059 a
3016 1006 3394 1062 sacratissimo
3444 999 3678 1080 corpore
3730 1024 3791 1067 ac

2198 1093 2466 1166 sanguine
2492 1093 2717 1155 Domini
2741 1098 2918 1153 nostri
2970 1097 3355 1172 Redemptoris
3409 1101 3539 1158 .Iesu
3588 1102 3792 1160 Christi

2199 1183 2416 1242 alienus
2455 1185 2569 1253 liat,
2601 1196 2765 1259 atque
2793 1189 2851 1244 in
2886 1198 3093 1247 aeterno
3117 1194 3373 1250 examine
3407 1195 3673 1252 districta
3712 1198 3793 1251 nl-

2199 1276 2334 1332 tioni
2364 1279 2662 1350 subiaceat.
2697 1281 2926 1340 Cunctis
2954 1292 3135 1339 autem
3167 1286 3341 1341 eidem
3376 1290 3500 1344 loco
3514 1289 3664 1359 justa
3688 1304 3798 1345 ser-

2194 1367 2453 1424 vantibus
2486 1368 2556 1426 sit
2576 1386 2682 1441 pax
2708 1370 2925 1427 Domini
2956 1375 3132 1430 nostri
3157 1375 3287 1432 Jesu
3319 1375 3557 1446 Christi,
3606 1388 3795 1450 quate»

2197 1474 2303 1515 nus
2331 1468 2387 1515 et
2414 1459 2506 1517 hic
2535 1459 2773 1519 fructum
2800 1465 2962 1522 bona:
2989 1468 3226 1524 actionis
3249 1468 3792 1543 percipiant,etapud

2194 1549 2503 1608 districtum
2532 1552 2778 1611 Iudicem
2801 1558 3027 1628 praemis
3044 1567 3267 1617 aeternae
3312 1563 3468 1632 pacis
3488 1564 3788 1620 inveniant.

2266 1642 2463 1701 Danum
2488 1645 2740 1703 Laterani
2777 1665 2828 1704 Iv
2861 1648 2987 1708 ldus
3004 1650 3252 1707 Januarii
3283 1669 3380 1724 per
3419 1671 3630 1711 manus
3650 1653 3793 1712 Petri

498 1728 705 1800 quisita
728 1730 992 1800 possidet,
1025 1731 1155 1786 etin
1185 1738 1491 1810 posterum,
1520 1729 1633 1804 Deo
1654 1729 1974 1800 opitulante,
2002 1742 2095 1784 ac-
2194 1747 2399 1792 sancta;
2427 1745 2693 1796 ltomauae
2741 1739 2998 1800 Ecclesiae
3043 1746 3348 1818 presbyteri
3389 1748 3696 1805 cardinalis
3730 1765 3793 1836 ac

498 1822 719 1895 quirem
740 1823 994 1894 potuerit.
1023 1821 1261 1879 Proinde
1288 1822 1592 1894 apostolica
1613 1820 1941 1878 auctoritate
1963 1834 2094 1874 cen-
2130 1910 2141 1911 ί
2197 1826 2620 1896 bibliothecarii,
2646 1845 2798 1887 anno
2816 1833 3015 1904 quinto
3034 1837 3386 1905 pontiﬁcatus
3436 1837 3502 1894 D.
3550 1823 3795 1911 Gregorii

498 1929 687 1971 scmus
720 1923 884 1986 atque
914 1915 1212 1972 statuimus
1243 1923 1304 1971 ut
1330 1914 1514 1970 nullus
1538 1923 1730 1985 regum
1757 1912 1842 1968 vel
1867 1912 2097 1982 impcra—
2128 1910 2171 1967 Β
2197 1920 2413 1990 semini
2445 1936 2617 1993 papae,
2649 1922 2720 1980 ab
2748 1924 3128 1983 incarnatione
3185 1944 3316 1985 vero
3364 1927 3596 1987 Βοωἱαὶ
3635 1910 3792 2005 ίδτεέ

496 2017 706 2074 torum,
730 2007 957 2074 ducum,
999 2008 1404 2075 marchionum,
1454 2005 1763 2077 comitum,
1789 2004 2088 2062 castaldio-

498 2114 655 2163 num.
707 2099 890 2156 nullus
938 2100 1272 2166 antistitum,
1323 2098 1409 2154 vel
1447 2112 1776 2169 quacunque
1828 2095 2092 2167 dignitate

496 2192 785 2263 praeditus,
817 2201 915 2247 aut
958 2192 1145 2262 aliqua
1184 2197 1420 2263 persona
1477 2188 1758 2246 saecularis
1808 2187 1893 2243 vel
1927 2187 2095 2242 cccle-

498 2286 749 2353 siastica,
775 2301 972 2356 magna
1006 2284 1090 2339 vel
1126 2299 1315 2355 parva,
1339 2282 1538 2337 audeat
1565 2279 1852 2353 praefatum
1896 2294 2094 2334 mona-

497 2378 731 2435 sterium
752 2393 784 2432 a
814 2378 901 2434 sui
920 2376 1136 2433 ordinis
1167 2392 1237 2431 ac
1255 2374 1534 2430 ﬁrmitatis
1585 2373 1889 2429 stabilitate
1921 2369 2096 2426 divel-

496 2476 633 2538 lere,
654 2471 921 2537 aut-boua
944 2469 1049 2525 sibi
1071 2467 1421 2539 pertinentia,
1447 2480 1545 2536 pro
1569 2463 1990 2535 suarapacitate
2012 2462 2097 2519 \‘tl

499 2562 758 2618 violentia
804 2570 904 2617 aut
922 2561 1127 2632 iniqua:
1148 2557 1546 2616 dominationis
1595 2556 1973 2628 oppressione,
2010 2555 2098 2609 in-

500 2652 719 2722 vadere,
742 2652 827 2707 vel
849 2651 1107 2722 diripere,
1135 2650 1223 2705 vel
1253 2650 1379 2706 inde
1416 2647 1657 2713 aul‘crrc,
1684 2647 1797 2702 sive
1836 2645 1954 2702 suis
1986 2645 2100 2700 usi-

498 2749 605 2804 hus
634 2721 804 2816 impia
822 2721 1131 2801 temeritate
1150 2740 1499 2813 applicando,
1529 2739 1614 2795 vel
1647 2738 1771 2795 aliis
1796 2739 1955 2809 quasi
1991 2737 2099 2807 piis

498 2838 572 2892 de
597 2836 784 2895 causis
793 2851 896 2908 pro
920 2851 1037 2893 suae
1057 2832 1687 2902 avaritiaaexcusatione
1716 2829 2097 2886 concedendo:

497 2930 819 2999 sedcuncta
850 2943 974 2999 qua:
996 2927 1069 2982 ibi
1093 2927 1277 2983 oblata
1295 2933 1446 2992 sunt,
1475 2925 1561 2981 vel
1575 2922 1757 2980 olIerri
1789 2920 2099 2992 contigerit,

522 3039 612 3081 am
640 3038 672 3080 a
697 3031 752 3079 te
779 3036 949 3093 quam
968 3021 1038 3076 ab
1063 3020 1144 3076 eis
1167 3020 1264 3091 qui
1288 3018 1343 3073 in
1368 3026 1464 3074 tuo
1493 3016 1671 3072 olIlcio
1716 3015 1950 3086 locoque
1975 3029 2102 3071 suc-

497 3116 795 3182 cesserint,
824 3113 1051 3186 perenni
1089 3121 1334 3183 tempore
1365 3110 1572 3178 illibata
1600 3124 1666 3164 ac
1707 3108 1827 3164 sine
1870 3106 2101 3173 infesta-

499 3208 657 3271 tione
679 3207 866 3277 aliqua
892 3201 1151 3265 volumus
1178 3219 1250 3261 ac
1288 3201 1637 3262 decernimus
1669 3199 1962 3271 possideri,
2002 3213 2100 3255 eo-

2168 2019 2173 2023 '
2192 2011 2493 2070 indictione
2516 2014 2714 2085 prima.

2851 2104 3119 2167 XXXVII.

2196 2195 2436 2268 Gregorii
2459 2214 2612 2269 papae
2633 2197 2746 2274 VII
2768 2201 3103 2274 privilegium
3128 2219 3224 2274 pro
3247 2207 3578 2262 monasterio
3589 2206 3649 2263 S.
3666 2206 3798 2263 Cra-

2696 2272 2774 2326 cis
2803 2270 2852 2324 Κ
2858 2270 3300 2347 imperiegtcnsis.

2791 2366 2979 2438 (Anno
3007 2369 3197 2440 1078.)

2298 2453 2515 2528 [Gallia
2539 2456 2850 2514 Christiana
2876 2468 2984 2516 vet.
3015 2462 3150 2529 edit,
3177 2472 3311 2519 tom.
3338 2463 3432 2533 ιν,
3459 2481 3517 2536 p.
3544 2464 3702 2539 553.]

2271 2544 2581 2604 GREGORIUS
2600 2549 2911 2621 episcOpus,
2938 2567 3132 2609 servus
3162 2570 3455 2611 servorum
3468 2556 3585 2625 Dei,
3606 2559 3798 2615 dilecto

2200 2639 2255 2693 in
2279 2637 2499 2695 Christo
2529 2640 2642 2697 ﬁlio
2672 2641 3002 2712 BENEDICTO,
3025 2645 3209 2701 abbati
3238 2649 3569 2705 monasterii
3591 2650 3797 2706 Sancta:

2200 2728 2395 2785 Crucis
2414 2730 2469 2786 in
2491 2729 2773 2791 Britannia
2795 2736 2906 2805 siti,
2932 2737 2988 2792 in
3019 2737 3145 2794 villa
3168 2755 3292 2810 qua:
3318 2740 3523 2797 dicitur
3543 2742 3797 2813 Avautut,

2203 2823 2431 2894 suisque
2460 2827 2876 2885 successoribus
2900 2829 3102 2887 ibidem
3123 2833 3447 2904 regulariter
3467 2835 3796 2905 viventibus,

2202 2922 2258 2970 et
2286 2916 2574 2974 monachis
2609 2916 2665 2974 in
2694 2928 3019 2991 perpetuum

2275 3004 2578 3078 Britannia,
2600 3009 2743 3066 sicut
2773 3013 3023 3068 nonnulli
3052 3014 3231 3087 gentis
3258 3024 3469 3074 nostra:
3506 3028 3796 3087 testantur,

2206 3111 2316 3150 non
2349 3097 2526 3153 solum
2557 3099 2630 3155 ab
2662 3100 3114 3174 imperatoribus,
3143 3122 3335 3163 verum
3364 3110 3537 3166 etiam
3565 3112 3638 3166 ab
3672 3111 3798 3182 ipsis

2208 3187 2629 3258 habitatoribus,
2661 3194 2846 3250 tutelae
2871 3204 2927 3252 ct
2949 3196 3260 3256 defensioni
3297 3210 3509 3259 sancta:
3537 3202 3798 3260 Rotnana:

496 3316 627 3362 τίω
649 3272 873 3370 quidem
885 3297 1220 3367 usibusmm
1239 3309 1476 3365 quorum
1497 3293 1894 3350 ευειεηωιίοηο
1908 3292 2107 3363 suber-
2133 3272 2175 3329 C
2208 3277 2466 3338 Ecclesia:
2500 3285 2797 3341 commissa
2826 3296 2932 3345 est.
2963 3287 3169 3345 Verum
3198 3301 3588 3351 antecessores
3631 3297 3798 3352 nostri

498 3392 837 3461 nationeque
864 3402 1131 3449 concessa
1153 3395 1304 3453 sunt,
1322 3386 1504 3442 modis
1519 3385 1776 3443 omnibus
1797 3382 2101 3454 prolutura.

426 3501 443 3518 ο
497 3482 637 3539 item
676 3481 1073 3539 constituimus
1100 3488 1184 3547 ut,
1204 3479 1442 3535 obeuntc
1472 3478 1700 3543 abbate,
1726 3492 1836 3533 non
1858 3477 2001 3532 alius
2029 3476 2105 3532 ibi

496 3578 838 3644 quacunque
868 3555 1210 3643 ubreptionis
1237 3570 1439 3626 astutia
1468 3568 1754 3627 ordinetur
1798 3568 1906 3626 nisi
1940 3580 2102 3640 quem

497 3665 707 3721 fratres
751 3663 1000 3734 ejusdem
1065 3662 1305 3721 cinnobii
1352 3661 1658 3719 secundum
1711 3662 1968 3717 timorem
2005 3659 2103 3717 Dei

499 3756 791 3830 elegerint,
811 3756 1052 3812 maxime
1083 3756 1154 3812 de
1175 3754 1369 3812 eadem
1391 3753 1837 3826 congregatione,
1873 3752 1922 3809 si
1974 3752 2100 3811 tdo-
2126 3800 2129 3803 .

499 3863 645 3906 netis
666 3847 924 3909 inventus
946 3846 1133 3903 fuerit.
1171 3846 1332 3914 Quod
1353 3846 1403 3903 si
1430 3847 1563 3904 talis
1588 3847 1688 3917 qui
1718 3846 1849 3902 huic
1879 3842 2101 3916 regimi-

500 3941 563 3999 ni
593 3949 864 4012 congruat
888 3940 1175 4011 interleos
1211 3939 1447 4007 inveniri
1473 3952 1584 3995 non
1631 3939 1828 4009 possit,
1880 3937 2102 3994 aliunde

499 4032 612 4088 sibi
658 4031 877 4088 Patrem
922 4040 980 4089 ct
1026 4033 1351 4105 magistrum
1403 4040 1685 4103 expetant;
1738 4031 1835 4102 qui
1868 4046 1977 4087 non
2027 4031 2102 4087 ab

499 4123 615 4189 alio
638 4124 745 4181 nisi
772 4140 803 4180 a
828 4123 1089 4181 Romano
1132 4125 1393 4196 pontiﬁce
1419 4124 1720 4181 secundum
1745 4123 2107 4180 consuetudi-

497 4218 690 4274 dinem
718 4218 963 4288 priorum
987 4217 1249 4274 abbatum
1273 4226 1645 4283 consecretur,
1669 4231 1849 4288 neque
1868 4216 2096 4273 alterius

499 4311 615 4368 nisi
661 4310 908 4381 ejusdem
959 4309 1193 4366 Romani
1239 4310 1516 4382 pontiﬁcis
1556 4309 1828 4366 subdatur
1862 4309 2090 4380 judicio.

496 4388 961 4459 Censeo-rationes
980 4411 1164 4458 autem
1198 4404 1582 4469 ecclesiarum,
1609 4416 1665 4463 et
1716 4405 2093 4462 ordinationes

500 4494 830 4553 clericorum
859 4495 1088 4568 prmfato
1118 4496 1370 4553 coenobio
1395 4499 1807 4568 pertinentium,
1855 4499 1927 4554 ab
1971 4497 2091 4568 epi-

500 4601 675 4659 scopo
704 4590 761 4643 in
799 4589 959 4664 cujus
980 4588 1207 4645 dimcesi
1242 4596 1328 4644 est
1373 4590 1663 4661 accipiant,
1690 4591 1767 4646 ita
1812 4600 1998 4647 tamen
2041 4589 2087 4646 si

496 4683 624 4756 ipse
646 4686 939 4757 episcopus
966 4684 1233 4741 canonice
1278 4683 1585 4753 ordinatus,
1635 4693 1732 4742 aut
1760 4702 1792 4742 a
1841 4684 2088 4742 Romana

504 4773 750 4833 Ecclesia
771 4784 905 4831 tunc
929 4775 1438 4831 excommunicatus
1466 4791 1577 4831 non
1600 4774 1783 4844 fuerit,
1833 4786 1890 4831 et
1938 4777 2091 4832 ordi-

502 4866 785 4922 nationem
819 4867 989 4938 gratis
1016 4866 1223 4923 t‘ccerit.
1254 4866 1363 4922 Sin'
1401 4875 1583 4923 autem
1638 4868 1845 4940 aliquid
1892 4868 2091 4925 horum

503 4956 798 5025 obstiterit,
835 4959 1024 5026 abbas,
1064 4960 1135 5016 ad
1161 4961 1600 5032 qualemcunque
1613 4960 1945 5017 catholicum
1977 4962 2095 5032 epi-

502 5060 736 5117 scopum
773 5049 825 5104 ei
855 5050 1140 5121 placuerit,
1172 5067 1339 5108 causa
1363 5052 1797 5108 consecrationis
1835 5061 1891 5107 et
1939 5053 2091 5108 ordi-

502 5138 749 5194 nationis
778 5147 890 5194 tam
934 5142 1181 5200 locorum
1229 5161 1395 5214 quam
1448 5158 1809 5214 lmrsonarum
1867 5144 2093 5200 licenter

2207 3371 2263 3426 in
2294 3372 2397 3428 hac
2427 3390 2617 3444 (ausa,
2649 3376 2793 3433 sicut
2820 3379 2877 3434 in
2908 3382 3096 3438 multis
3128 3382 3275 3452 aliis,
3300 3386 3437 3441 adeo
3462 3387 3799 3460 negligentis

2204 3463 2447 3541 fuerunt,
2480 3475 2544 3522 ut
2569 3484 2751 3537 amor,
2771 3480 2827 3525 et
2852 3474 3150 3542 promissio
3180 3476 3497 3546 apostolicae
3514 3481 3721 3546 tutelae,
3745 3490 3800 3536 et

2204 3555 2433 3626 pristina
2455 3558 2767 3619 devotionis
2790 3574 2994 3622 nostra:
3020 3566 3273 3635 intentio,
3322 3568 3380 3623 in
3438 3569 3704 3641 injuriam
3746 3583 3799 3627 ct

2202 3662 2340 3718 pene
2349 3650 2508 3723 quasi
2519 3649 2575 3706 in
2586 3652 2922 3711 ablutionem
2936 3656 3057 3729 (sic)
3071 3659 3326 3731 utrinque
3334 3661 3679 3719 devenerint.
3691 3662 3799 3723 Nos

2203 3738 2408 3810 itaque,
2431 3739 2543 3798 Deo
2565 3753 2811 3817 auctore,
2821 3747 2939 3807 btec
2959 3765 3083 3820 qua:
3107 3750 3372 3807 hactenus
3392 3755 3642 3826 neglecta
3675 3768 3799 3813 sunt

2202 3830 2270 3884 ad
2301 3829 2635 3892 memoriam
2655 3840 2959 3911 satagimus
2989 3842 3268 3912 reducere,
3310 3852 3365 3900 et
3394 3853 3554 3903 tanto
3597 3849 3798 3906 sollici-

2200 3922 2313 3980 tius
2341 3925 2489 3982 circa
2519 3928 2751 3986 salutem
2775 3940 2833 3988 et
2858 3932 3124 3991 honorem
3154 3936 3349 4007 patriae
3373 3946 3579 3996 vestra:
3600 3956 3794 4012 pluru-

2198 4029 2389 4072 ramus
2418 4019 2659 4076 studium
2683 4021 2998 4093 impendere
3020 4036 3250 4096 quanto,
3290 4028 3437 4084 sicut
3481 4029 3604 4100 jam
3659 4033 3798 4088 dixi-

2196 4121 2343 4176 mus,
2376 4108 2521 4166 beati
2549 4110 2696 4168 Petri
2720 4115 3033 4185 patrocinio
3053 4127 3269 4197 gentem
3299 4128 3544 4176 vestram
3575 4138 3679 4195 pro
3704 4124 3798 4180 de-

2195 4199 2417 4258 votione
2446 4202 2587 4259 colla
2617 4205 2943 4263 submisisse
2971 4212 3381 4282 cognoscimus,
3410 4221 3468 4269 et
3512 4213 3643 4271 licet
3670 4216 3795 4273 uni-

2193 4292 2479 4349 versaliter
2507 4296 2663 4371 quod»
2686 4312 2717 4352 a
2748 4298 2910 4355 nobis
2934 4301 3192 4375 requiris,
3215 4302 3658 4374 charissimetili,
3681 4306 3798 4361 Bri-

2193 4384 2396 4440 tanniae
2427 4385 2747 4456 debeamus,
2783 4390 3075 4463 specialius
3106 4401 3287 4451 tamen
3316 4395 3387 4451 ad
3415 4396 3794 4454 liberationem

2190 4476 2247 4528 et
2315 4473 2541 4529 tutelam
2594 4478 2914 4533 monasterii
2966 4480 3044 4535 tui
3090 4482 3374 4538 munimen
3417 4484 3798 4557 auxiliumque

2190 4565 2601 4632 praetendimus.
2642 4566 2824 4638 Unde,
2864 4571 3167 4628 secundum
3193 4580 3442 4632 tenorrm
3468 4577 3796 4647 postulatio-

2194 4658 2282 4714 nis
2338 4668 2465 4726 tute,
2497 4663 2894 4719 monasterium
2920 4665 3009 4722 cui
3040 4674 3120 4736 tu,
3149 4666 3262 4724 Deo
3288 4679 3541 4737 auctore,
3562 4688 3794 4745 praeesse

2192 4742 2554 4821 dignosceris,
2586 4753 2690 4809 sub
2720 4756 2889 4810 tutela
2916 4764 2973 4812 et
3000 4755 3320 4816 defensione
3349 4742 3677 4832 apostolica;
3709 4781 3793 4821 sec

2194 4843 2281 4900 dis
2313 4859 2439 4900 cum
2479 4853 2590 4902 tota
2621 4847 2799 4904 insula
2847 4866 2972 4923 qua:
3017 4862 3249 4909 vocatur
3284 4853 3515 4925 Guedel,
3560 4860 3647 4914 vel
3687 4860 3791 4916 alio

2196 4937 2420 4994 nomine
2449 4937 2596 4996 Bella
2620 4928 2834 5012 Insula;
2867 4961 3010 5016 quze,
3046 4963 3173 5005 cum
3198 4949 3325 5006 aliis
3344 4955 3745 5023 possessionil-t
3763 4970 3791 5011 ε

2195 5044 2317 5098 qum
2334 5030 2482 5101 juste
2510 5032 2615 5088 sibi
2640 5036 2911 5105 pertinere
2937 5040 3211 5110 videntur,
3261 5046 3661 5117 suscipientes,
3691 5050 3790 5105 hu—

2190 5121 2435 5192 j'lsuledi
2467 5124 2572 5180 sibi
2597 5127 2876 5200 privilegia
2913 5133 3170 5203 praesenti
3211 5138 3565 5196 attetoritatis
3590 5151 3788 5197 nostra
