3972 5390
180 264 304 324 ιω

1073 259 1431 319 EPISTOLAS
1471 262 1706 320 EXTRA
1745 263 2146 323 REGISTBUI
2188 266 2574 326 V'AGAN’I'ES.

3344 276 3451 336 680

198 383 317 439 aliis
341 380 497 452 quasi
527 378 718 451 piisde
745 376 929 434 causis
953 392 1056 450 pro
1098 394 1213 434 sua:
1250 379 1492 434 avaritia:
1542 394 1773 436 eacusa-
1801 384 1844 440 Α
1873 381 1979 436 niri
2015 398 2129 437 non
2174 385 2370 453 possit,
2416 385 2637 441 aliunde
2666 386 2769 442 sili
2796 385 3012 445 Patrem
3046 399 3103 447 et
3127 392 3451 465 magistrum
3527 438 3541 449 .

201 476 340 530 tione
366 473 699 538 concedere;
727 471 822 527 sed
865 479 1066 528 cuncta
1107 488 1232 543 qua
1274 473 1351 528 ibi
1387 473 1571 529 oblata
1619 483 1769 537 sunt,

200 566 278 621 vel
303 565 483 621 αποιτί
502 564 815 636 contigerit,
838 564 951 619 tam
981 580 1013 619 a
1043 577 1097 619 te
1123 578 1290 635 quam
1317 564 1391 619 ab
1431 564 1514 620 eis
1562 564 1657 635 qui
1714 566 1769 619 in

196 664 287 710 tuo
309 655 482 710 eicio
512 656 744 725 locoque
767 655 1152 720 successerint,
1182 654 1411 724 perenni
1441 662 1685 724 tenipore
1704 654 1772 708 it-

184 746 350 802 iibata
372 755 429 801 et
459 746 583 802 sine
607 746 986 817 inquietudine
1013 746 1199 817 aliqua
1227 747 1485 802 volumus
1520 747 1770 817 posside-

194 842 258 906 ri,
289 852 478 895 eorum
498 840 723 911 quidem
752 840 967 907 usibus,
989 853 1089 910 pro
1108 853 1348 911 quorum
1369 837 1772 895 sustentatione

192 932 687 1002 gnbernationeque
712 933 974 987 concessa
998 937 1150 996 sunt,
1174 928 1353 985 modis
1374 927 1744 999 omnibuspre

194 1024 383 1079 futura.
414 1022 544 1078 Hec
567 1023 737 1094 igitur
772 1022 957 1077 omnia
985 1037 1107 1092 qua:
1156 1021 1323 1092 hujus
1365 1020 1619 1091 praecepti
1667 1021 1766 1077 de-

191 1116 422 1185 cretique
451 1114 632 1171 nostri
660 1115 860 1187 pagina
890 1115 1153 1181 continet,
1183 1122 1296 1169 tam
1331 1113 1429 1167 tibi
1454 1126 1624 1184 quam
1638 1129 1771 1170 cun-

190 1209 285 1265 ctis
301 1208 393 1278 qui
419 1208 476 1264 in
500 1222 571 1262 eo
611 1222 724 1279 quo
751 1223 813 1263 es
838 1206 1034 1263 ordine
1089 1207 1320 1278 locoque
1376 1207 1764 1275 successerint,

184 1301 237 1355 ia
261 1308 581 1370 perpetuum
602 1300 870 1356 servanda
892 1298 1259 1355 decernimus.
1284 1297 1342 1352 Si
1370 1297 1497 1368 quis
1519 1312 1647 1352 vero
1670 1298 1768 1353 im-

183 1402 511 1463 peratorum,
543 1408 757 1465 regum,
800 1393 1024 1458 ducum,
1047 1391 1453 1457 marcbionum,
1477 1389 1761 1457 comitum,

182 1486 542 1551 sacerdotum,
585 1486 933 1551 clericorum,
976 1483 1247 1555 judicum,
1303 1497 1370 1537 ac
1416 1481 1762 1538 sacularium

182 1593 534 1649 personarum
562 1579 707 1633 hanc
727 1576 1139 1633 constitutionis
1157 1583 1363 1630 nostra:
1383 1574 1639 1645 paginam
1667 1588 1765 1646 ag-

177 1685 428 1737 noscens,
456 1678 653 1726 contra
686 1685 806 1726 eam
830 1669 1126 1726 temerario
1145 1683 1289 1724 ausu
1342 1666 1529 1723 venire
1575 1675 1759 1722 tenta-

1874 482 2156 543 expetant,
2209 484 2265 530 et
2321 475 2655 549 Lingonensi
2711 481 2968 553 episcopo
3015 488 3448 548 consecrandum

1872 565 2349 637 ordinandumque
2372 567 2718 637 provideant,
2747 570 2794 625 sl
2810 578 2992 627 tamen
3018 572 3136 645 ipSe
3159 575 3450 649 episcopus

1869 653 2104 723 gratiam
2153 655 2467 724 apostolicae
2523 657 2670 713 sedis
2728 659 3025 727 habuerit,
3068 672 3125 719 et
3181 668 3450 721 canonice

1871 745 2048 813 ipsam
2067 744 2471 800 ordinationem
2496 744 2679 803 facere
2698 750 2952 806 voluerit.
2975 750 3135 819 Quod
3158 754 3208 809 si
3236 756 3447 827 aliquid

1872 833 2072 889 borum
2109 834 2407 904 obstiterit,
2434 836 2595 892 liceat
2627 837 2802 894 electo
2824 841 3068 912 ejusdem
3104 828 3446 914 monasterii,

1870 936 1967 982 aut
1989 928 2058 983 ad
2089 929 2447 999 apostolicam
2471 931 2653 986 sedem
2678 948 2981 1002 recurrere,
3010 943 3109 992 aut
3132 952 3161 993 a
3200 952 3459 1008 quoeun~=

1869 1037 1978 1093 que
2021 1022 2251 1078 voluerit
2288 1024 2548 1095 religioso
2586 1025 2846 1097 episcopo
2886 1029 3351 1084 consecrationem
3391 1038 3449 1089 et

1867 1112 2193 1168 clericorum
2229 1114 2603 1170 ordinationes
2632 1124 2798 1186 atque
2828 1124 3026 1173 caetera
3057 1130 3184 1188 qua
3219 1119 3289 1174 ad
3326 1118 3444 1190 epi-

1868 1217 2096 1274 scopum
2126 1204 2402 1274 pertinent
2427 1206 2725 1275 suscipere.
2768 1206 3074 1265 Statuimus
3093 1209 3257 1264 etiam
3284 1224 3353 1265 ne
3375 1211 3461 1266 ab:

1865 1294 2126 1364 episcopo
2156 1295 2238 1349 vel
2267 1295 2535 1351 ministris
2577 1296 2942 1369 Lingonensis
2974 1298 3232 1357 Ecclesia:
3257 1301 3469 1363 divina-

1866 1392 2050 1439 restro
2074 1386 2411 1441 monasterio
2433 1386 2831 1445 interdicantur
2853 1389 3048 1456 oﬂicia,
3063 1391 3161 1448 sed
3180 1395 3460 1448 continue-

1865 1475 2248 1542 celebrentur,
2304 1477 2411 1533 nisi
2466 1478 2670 1533 eisdem
2722 1481 2909 1536 causis
2971 1480 3172 1538 fratres
3222 1497 3444 1541 cessure

1864 1572 2118 1635 oporteat
2159 1581 2283 1636 qua:
2328 1564 2476 1622 sedis
2519 1569 2833 1637 apostolicae
2876 1571 3125 1639 prasulis
3165 1570 3456 1632 Benedictis

1862 1656 2316 1712 determinatione
2348 1657 2621 1714 distinctae
2643 1668 2792 1716 sunt.
2818 1658 2969 1716 Illam
2994 1676 3213 1733 quoque
3241 1663 3296 1719 in
3321 1678 3442 1719 mea

178 1762 325 1829 verit,
354 1763 676 1820 admonitus
701 1763 868 1819 semel
896 1771 952 1819 et
978 1762 1202 1828 iterum,
1232 1775 1409 1831 usque
1460 1759 1621 1815 tertio
1657 1775 1757 1831 per
1787 1755 1829 1815 Β
1858 1746 2051 1805 nachis
2070 1746 2183 1803 tuis
2212 1748 2449 1820 quietem
2474 1764 2541 1823 ac
2569 1749 2895 1819 libertatem,
2920 1768 3086 1824 quam
3123 1754 3264 1811 idem
3298 1770 3441 1827 prie.

175 1857 559 1915 convenientes
581 1857 855 1924 inducias,
880 1857 925 1913 si
955 1870 1066 1911 non
1094 1854 1384 1926 resipuerit
1410 1860 1576 1924 atque
1615 1868 1757 1923 pra:-

174 1948 313 2004 dieto
335 1949 678 2006 monasterio
705 1964 817 2004 non
853 1947 1197 2014 satisfecerit,
1247 1945 1533 2017 potestatis
1579 1945 1757 2001 bono-

174 2041 354 2112 risqne
382 2043 470 2098 sui
498 2042 769 2114 dignitate
793 2049 999 2108 careat,
1029 2055 1293 2110 reumque
1322 2054 1381 2095 se
1399 2038 1587 2094 divino
1609 2037 1759 2109 judi-

171 2133 257 2187 cio
279 2135 516 2191 existere
543 2136 613 2191 de
641 2141 950 2206 perpetrata
1003 2133 1291 2203 iniquitate
1316 2139 1652 2202 cognoscat;
1703 2140 1759 2186 et

174 2227 275 2281 nisi
301 2242 366 2282 ea
396 2242 523 2297 qua:
551 2227 624 2282 ab
651 2227 748 2281 illo
771 2234 901 2282 sunt
928 2225 1068 2280 male
1089 2225 1268 2289 ablata
1301 2224 1619 2291 restituerit,
1670 2226 1757 2281 vel

170 2318 329 2389 digna
359 2319 685 2388 poenitentia
716 2319 898 2374 illicite
929 2327 1049 2373 acta
1071 2317 1370 2383 deﬂevcrit,
1416 2332 1448 2371 a
1497 2316 1757 2373 sacratis-

168 2411 309 2465 simo
330 2425 562 2482 corpore
580 2419 643 2466 et
666 2410 935 2481 sanguine
966 2408 1179 2464 Domini
1206 2412 1384 2477 nostri
1408 2407 1543 2464 Jesu
1595 2407 1757 2467 Chri-

171 2504 237 2558 sti
269 2504 482 2560 alienus
528 2505 645 2572 ﬁat,
681 2513 845 2578 atque
877 2505 933 2559 in
965 2513 1169 2559 aeterno
1202 2504 1452 2560 examine
1497 2504 1756 2560 districta)

169 2595 366 2652 ultioni
395 2597 696 2669 subiaceat.
721 2596 947 2653 Cunctis
968 2606 1148 2651 autem
1174 2596 1348 2652 eidem
1369 2596 1492 2651 loco
1510 2611 1610 2651 sua
1628 2595 1754 2667 jura

168 2690 536 2755 servantibus,
567 2688 641 2745 sit
663 2705 770 2760 pax
798 2687 1013 2744 Domini
1035 2688 1211 2768 nostri
1234 2685 1362 2744 .Iesu
1390 2685 1757 2771 Cbristi,qua-

166 2791 329 2837 tenus
361 2791 417 2837 et
445 2782 537 2838 hic
558 2781 796 2838 Luctum
829 2782 986 2837 bona:
1041 2781 1275 2837 actionis
1319 2780 1646 2852 percipiant,
1701 2791 1756 2836 et

166 2866 308 2944 apud
339 2873 651 2931 districtum
680 2874 926 2931 iudicem
969 2874 1193 2947 praemia
1218 2883 1434 2930 aeterna:
1472 2873 1623 2946 pacis
1668 2874 1755 2930 in-

167 2968 409 3022 veniant.
656 2974 663 2979 ’

1860 1836 1946 1891 sul
1978 1837 2200 1894 decreto
2222 1854 2324 1893 suo
2366 1839 2626 1907 ﬁrmavit,
2654 1856 2775 1911 nos
2809 1842 2955 1902 beati
2979 1844 3123 1901 Petri
3151 1855 3210 1902 et
3247 1856 3436 1909 nostra

1858 1928 2183 1983 auctoritate
2208 1928 2584 1985 intemeratum
2608 1940 2872 2003 perpetuo
2888 1949 3109 1992 manere
3134 1938 3435 2001 sancimus.

1858 2016 2183 2089 Quicunque
2225 2033 2358 2073 vero
2407 2019 2732 2076 clericorum
2761 2023 2848 2077 vel
2890 2024 3153 2080 laicorum
3202 2042 3325 2082 sese
3379 2029 3436 2085 in

1858 2110 2195 2165 monasterio
2216 2110 2685 2167 restrovoluerint
2706 2113 3145 2182 conterre,vobis
3166 2116 3439 2176 liceatcos

1859 2199 1981 2254 sine
2011 2199 2192 2269 aliqua
2220 2198 2653 2255 contradictione
2680 2200 2939 2272 recipere,
2978 2203 3278 2261 dummodo
3304 2222 3436 2277 pro-

1856 2290 1975 2360 prie
2004 2288 2468 2345 excommunicati
2488 2304 2600 2345 non
2626 2289 2829 2349 fuerint
2883 2292 2969 2352 vel
2996 2295 3319 2354 nominatim
3351 2297 3461 2353 inv'

1856 2382 2089 2439 terdieti.
3072 2410 3075 2415 <

1924 2492 2331 2551 Conﬁrmamus
2360 2497 2533 2567 etiam,
2549 2496 2706 2553 vobis
2734 2498 2995 2554 ecclesias
3019 2509 3252 2567 vestras,
3276 2500 3453 2571 quas-'

1856 2596 2074 2657 cunque
2105 2601 2251 2641 nttnc
2272 2586 2589 2657 possidetis,
2624 2603 2722 2644 seu
2745 2604 2904 2659 quas,
2928 2589 3189 2667 largiente
3220 2589 3352 2655 Deo,
3380 2590 3437 2652 in
3538 2612 3539 2619 η

1854 2686 2138 2747 posterum
2176 2679 2442 2735 canonice
2469 2679 2842 2751 possidebitis,
2880 2689 3184 2737 statuentes
3223 2689 3285 2736 ut
3310 2682 3456 2742 nulv'

1857 2766 1944 2823 lus
1988 2767 2316 2824 clericorum
2356 2768 2477 2825 sine
2519 2784 2750 2826 assensu
2790 2778 2976 2825 vestro
3010 2771 3075 2825 ‘in
3116 2771 3197 2827 eis
3237 2770 3440 2831 audeat

1857 2858 2202 2928 ministrare;
2238 2859 2335 2916 sed
2363 2860 2799 2931 quotiescunque
2829 2861 2884 2915 in
2913 2860 3093 2938 aliqua
3116 2866 3305 2916 earum
3328 2861 3436 2916 mi-

1858 2949 2031 3005 nister
2056 2948 2226 3006 fuerit
2247 2950 2652 3023 subrogandus,
2685 2965 2783 3005 vos
2817 2950 3076 3009 idoneum
3111 2951 3179 3007 ad
3211 2951 3316 3009 hoc
3337 2952 3454 3014 eliv‘

232 3059 437 3116 Datum
476 3036 734 3117 Laterani
773 3076 869 3119 mt
893 3059 1013 3119 Kal.
1044 3058 1217 3135 April.
1242 3074 1338 3131 per
1361 3075 1561 3115 manus
1603 3058 1750 3116 Petri

1858 3050 2076 3113 gentes,
2123 3041 2383 3114 episcopo
2414 3051 2702 3113 praesente,
2735 3041 2828 3114 qui
2853 3041 3144 3113 cpiscopus
3164 3026 3358 3098 curam
3381 3045 3435 3105 ci

160 3153 223 3208 S.
248 3153 516 3209 Romana:
542 3153 800 3229 Ecclesnm
821 3155 1117 3226 presbyteri
1149 3152 1443 3208 cardinalis
1470 3159 1525 3208 et
1552 3152 1750 3209 biblio-

164 3247 416 3312 tbecarii,
443 3262 589 3302 anno
619 3262 654 3300 ν
678 3247 870 3319 pontii.
912 3248 1119 3303 domini
1155 3246 1399 3319 Gregorii
1433 3245 1523 3301 VII
1571 3264 1746 3319 papm,

162 3341 352 3397 indict.
393 3341 591 3416 prima.

810 3431 1097 3488 XXXVIII.

163 3529 403 3602 Gregorii
439 3543 594 3599 papae
634 3525 776 3602 [IL
801 3527 1133 3602 privilegium
1180 3542 1277 3602 pro
1321 3527 1641 3581 monasterio
1685 3526 1744 3582 S.

644 3596 867 3669 Benigni
903 3596 1259 3651 Diuionensis.

762 3686 944 3761 (Anno
971 3685 1156 3757 107s.)

160 3784 423 3857 [Peliam
452 3779 670 3857 necui!
701 3779 767 3833 de
797 3778 966 3850 piece:
987 3794 1122 3850 pavr
1151 3778 1318 3857 scitir
1348 3780 1381 3833 ὰ
1402 3777 1662 3836 l'histoire
1684 3794 1751 3837 ea

622 3848 953 3922 Burgoyne,
984 3848 1107 3921 pag.
1144 3848 1292 3922 192.]
1756 3886 1760 3890 -

222 3947 546 4004 Caesonius
576 3943 904 4016 episcopus,
940 3957 1136 4003 servus
1173 3957 1460 3998 servorum
1488 3941 1618 4010 Dei,
1649 3956 1737 3997 ve-

160 4040 387 4096 nerabili
439 4039 556 4098 tilio
615 4037 955 4103 Censuram,
1009 4035 1192 4091 abbati
1226 4035 1574 4092 Divionensis
1627 4050 1748 4092 mo—

160 4132 405 4197 nasterii,
443 4131 679 4201 ejusque
724 4128 1138 4188 successoribus
1180 4128 1503 4200 regulariter
1533 4143 1749 4200 promo-

160 4224 351 4280 rcndis
370 4223 430 4278 in
452 4231 808 4299 perpetuum.
1246 4275 1252 4281 .

228 4315 501 4387 Supernae
524 4311 901 4374 miserationis
933 4321 1208 4385 respectu,
1230 4313 1300 4369 ad
1332 4314 1440 4369 hoc
1460 4313 1747 4373 venerabi-

1853 3131 2161 3188 animarum
2195 3132 2463 3205 injungat,
2508 3142 2566 3188 et
2599 3132 2679 3189 sic
2717 3133 2874 3189 vobis
2912 3133 2980 3188 de
3022 3135 3433 3205 temporalibus,

1850 3223 2108 3294 episcopo
2148 3238 2282 3279 vero
2308 3224 2378 3279 de
2423 3223 2800 3294 spiritualibus
2841 3223 3039 3280 debeat
3079 3225 3458 3296 respondere.’

1852 3313 1910 3367 Si
1942 3314 2068 3385 quis
2095 3322 2279 3371 autem
2304 3322 2498 3370 contra
2525 3314 2666 3370 hanc
2690 3313 2924 3370 formam
2951 3314 3008 3369 in
3032 3315 3239 3373 eisdem
3261 3316 3438 3373 eccle-
3528 3334 3533 3341 ·

1849 3406 1948 3464 siis
1982 3406 2297 3463 ministrare
2316 3406 2874 3478 praesumpseritmos
2904 3421 3030 3462 eum
3062 3408 3132 3463 ab
3153 3407 3314 3468 cilicii
3346 3409 3463 3467 sui—

1848 3498 2200 3555 exsecutione
2234 3497 2657 3568 suspendimus;
2707 3497 2951 3553 claustro
2999 3494 3189 3564 etiam,
3228 3498 3287 3552 in
3323 3513 3437 3570 quo

1850 3587 2246 3644 monasterium
2275 3595 2521 3645 vestrum
2553 3587 2720 3642 situm
2756 3594 2860 3655 est,
2890 3602 3011 3642 eam
3052 3587 3360 3643 libertatem
3380 3594 3460 3649 et'

1849 3678 2254 3735 immunitatem
2290 3679 2646 3735 consedimus
2666 3693 2834 3750 quam
2857 3678 3087 3734 illustris
3108 3694 3201 3735 rex
3226 3677 3436 3735 Iiober~

1848 3779 1941 3827 tus
1963 3771 2216 3827 noscitur
2260 3772 2588 3838 contulisse,
2634 3780 2699 3826 ut
2748 3770 2818 3824 ab
2866 3768 3019 3825 omni
3065 3768 3350 3826 invasione
3379 3779 3460 3834 ρι’

1847 3860 2109 3916 violentia
2132 3860 2291 3916 ducis
2310 3869 2366 3916 et
2389 3860 2675 3915 hominum
2696 3874 2927 3915 suorum
2943 3859 3015 3914 sit
3033 3859 3088 3914 in
3112 3858 3434 3931 perpetuum
3454 3881 3460 3889 ο

1847 3950 2082 4007 liberum
2105 3965 2171 4005 ac
2196 3964 2475 4016 securum,
2503 3948 2579 4003 ita
2612 3956 2673 4003 ut
2701 3949 2839 4003 nihil
2864 3962 3141 4018 prorsusa
3164 3956 3432 4019 torrente,

1847 4041 1944 4113 qui
1972 4041 2143 4097 castri
2173 4041 2460 4112 sanctique
2487 4055 2709 4096 causam
2734 4039 2943 4105 dividit,
2975 4040 3174 4110 aliquis
3201 4041 3287 4095 vel
3331 4052 3459 4096 auvf

1850 4134 1992 4191 ferre
2028 4139 2343 4205 praesumat
2397 4132 2483 4188 vel
2535 4132 2800 4202 accipere.
2852 4129 3155 4186 Ecclesium
3192 4146 3459 4203 Γ(ιιιοίιυοε

1846 4225 1999 4283 Beati
2028 4223 2287 4282 Germani
2331 4223 2397 4279 de
2420 4221 2590 4296 Lare,
2631 4223 2725 4278 ubi
2755 4220 3199 4279 sanctimoniales
3237 4222 3428 4279 consi-
3456 4234 3461 4277 ἑ

1847 4327 2027 4385 stunt,
2053 4316 2211 4373 vobis
2242 4322 2504 4386 perpetuo
2526 4314 2916 4370 conﬁrmamus
2936 4313 3342 4384 possidendam,
3375 4326 3434 4381 et

165 4409 226 4465 lis
254 4408 522 4465 Ecclesia
555 4423 749 4469 curam
798 4406 1143 4478 suscepimus
1192 4416 1249 4463 et
1283 4407 1599 4478 apostolici’
1622 4422 1743 4465 mo—
1778 4419 1910 4489 θυι
1937 4410 2070 4482 ipsa:
2096 4407 2543 4465 sanctimoniales
2575 4422 2857 4477 nunquam
2886 4422 2918 4461 α
2958 4407 3300 4478 subiectione
3321 4407 3429 4467 Ec-

164 4501 466 4562 daraminis
501 4500 931 4558 sollicitudinem
960 4500 1221 4571 gerimus,
1252 4508 1314 4554 ut
1331 4499 1501 4570 justis
1522 4516 1755 4570 precan-

165 4594 296 4650 tium
335 4594 482 4649 rotis
525 4594 735 4653 intenta
772 4592 1106 4664 benignitate
1146 4590 1447 4650 faveamus.
1493 4591 1750 4663 Proinde,

163 4685 356 4742 dilecte
393 4684 456 4740 in
498 4683 736 4745 Domino
760 4682 859 4750 illi,
896 4682 1134 4741 Gerento
1167 4682 1358 4748 abbas,
1394 4683 1753 4752 petitionibus

164 4778 271 4835 tuis
313 4783 475 4847 grato
519 4782 849 4834 oecurentes
889 4790 1142 4841 assensu,
1183 4773 1421 4829 libertati
1467 4790 1534 4831 ae
1575 4776 1747 4846 quieti

163 4863 485 4924 monasterii
515 4865 706 4930 vestri,
760 4870 986 4921 auctore
1027 4860 1289 4926 Domino,
1324 4860 1581 4921 duximus
1622 4878 1752 4935 pro-

160 4956 478 5013 ridendum.
514 4954 573 5011 εἰ
618 4954 850 5028 quidem
883 4952 1061 5023 ipsum
1099 4949 1419 5011 emnobium
1472 4954 1576 5011 sub
1603 4954 1750 5013 sedis

160 5048 479 5121 apostolicae
522 5046 864 5119 protectione
912 5045 1268 5117 suscipimus,
1312 5050 1368 5098 et
1386 5043 1621 5102 abeunte
1673 5054 1747 5110 te,

159 5156 319 5201 nunc,
339 5138 583 5210 ejusdem
612 5142 723 5197 ιοοι
748 5136 962 5203 abbate,
997 5137 1081 5194 vel
1117 5147 1345 5195 tuorum
1377 5138 1748 5205 quorumlibet

157 5246 545 5291 successorum
594 5232 787 5291 nullus
814 5228 892 5288 ibi
911 5229 1150 5298 qualibet
1180 5226 1553 5294 subreptionis
1586 5238 1744 5287 astu-

157 5327 228 5382 tia
285 5340 390 5380 seu
434 5323 684 5383 violentia
736 5328 1113 5390 pra-ponatur,
1171 5317 1285 5377 nisi
1337 5332 1501 5387 quem
1547 5318 1746 5381 fratres

1852 4502 2034 4559 etesiae
2080 4498 2426 4555 Divionensis
2455 4514 2516 4554 se
2546 4506 2888 4559 removeam.
2940 4499 3044 4554 sub
3086 4501 3459 4565 anathemate;

1852 4595 2237 4665 prohibemus,
2269 4591 2362 4647 sed
2394 4606 2612 4661 semper
2642 4605 2738 4660 per
2767 4597 3004 4646 \estram
3032 4592 3433 4661 providentiam

1851 4688 2243 4759 gubernentur.
2269 4682 2624 4738 Decernimus
2645 4682 2828 4752 itaque
2842 4689 2907 4737 ut
2926 4683 3062 4739 nulli
3077 4684 3303 4743 omnino
3332 4686 3461 4749 ιιο..

1850 4779 2062 4835 minum
2085 4777 2249 4832 liceat
2269 4774 2412 4857 idem
2446 4772 2843 4833 monasterium
2864 4781 3070 4857 temere
3092 4777 3435 4853 perturbare,

1851 4876 1950 4923 aut
1979 4867 2103 4939 ejus
2129 4862 2510 4935 possessiones
2555 4860 2792 4927 auferre,
2844 4871 2902 4918 et
2950 4865 3130 4921 ablata
3178 4867 3440 4941 retinere,

1852 4960 2121 5024 minuere,
2148 4955 2233 5010 vel
2280 4953 2585 5010 temerariis
2616 4947 3001 5014 versationibus
3044 4955 3291 5028 fatigare,
3341 4964 3475 5024 sed

1853 5050 2080 5108 omnino
2111 5047 2323 5115 integra
2370 5052 2788 5111 conserventur,
2829 5061 3029 5103 eorum
3066 5063 3166 5120 pro
3199 5063 3471 5118 quorum.

1852 5137 2254 5203 sustentatione
2276 5148 2342 5188 ac
2362 5133 2755 5204 gubernatione
2775 5151 3040 5195 concessa
3064 5145 3215 5204 sunt,
3246 5139 3447 5205 usibm
3473 5164 3481 5177 .

1853 5235 2114 5291 omnibus
2135 5225 2445 5300 profutura.
2483 5227 2670 5300 Siqua
2706 5235 2891 5283 autem
2927 5231 3297 5293 ecclesiastica
3331 5247 3414 5292 se

1853 5323 2128 5383 cularisvc
2150 5329 2409 5388 persona,
2439 5315 2584 5375 hanc
2606 5325 2807 5375 nostra:
2849 5319 3263 5376 constitutionis
3280 5323 3445 5390 pagi.
3477 5374 3483 5384 ,
