3972 5390
195 568 337 629 tum,
390 561 604 617 nullum
654 577 985 636 quacunque
1029 567 1297 638 dignitate
1329 569 1644 638 praeditum,
1691 570 1776 624 vel

194 662 525 723 quemquam
563 654 730 709 alium
764 658 967 713 audere
987 660 1056 715 de
1076 658 1168 713 bis
1188 676 1313 730 qua:
1338 660 1777 716 eidem'venera‘

194 742 285 799 bii
326 743 459 800 ioco
497 760 533 801 a
580 745 914 817 quibuslibet
960 750 1274 807 hominibus
1315 752 1384 807 de
1414 752 1637 823 proprio
1653 752 1780 823 jure

188 831 303 903 iam
341 830 548 892 dentata
576 846 726 906 sunt,
768 838 854 895 vel
890 840 948 896 in
989 839 1266 911 futurum,
1295 841 1405 898 Deo
1451 843 1776 910 miserante,

194 923 387 981 allata
458 924 664 982 fuerint
696 968 713 996 ,
769 929 874 985 sub
942 931 1236 1003 cujuslibet
1293 947 1474 990 causae
1526 935 1779 990 occasio-

194 1013 347 1071 uisse
367 1017 557 1085 specie
595 1018 843 1075 minuere
860 1062 876 1087 ,
901 1022 988 1076 vel
1009 1022 1255 1090 auferre,
1285 1023 1400 1081 sive
1434 1024 1551 1082 suis
1586 1025 1781 1082 usibus

194 1109 495 1177 applicare,
540 1110 628 1166 vel
671 1112 826 1180 aliis,
871 1115 1032 1185 quasi
1080 1115 1186 1186 piis
1213 1116 1282 1173 de
1298 1117 1515 1185 causis,
1542 1133 1645 1187 pro
1664 1132 1781 1174 suae

191 1198 434 1256 avaritia:
477 1204 832 1259 excusatione
872 1205 1172 1262 concedere
1203 1224 1218 1259 ι
1257 1206 1354 1263 sed
1386 1215 1618 1274 cuncta,
1657 1224 1781 1278 qua:

196 1288 476 1346 intentata
508 1301 668 1359 sunt,
710 1293 797 1349 vel
840 1294 1027 1351 υκαι-τί
1067 1297 1358 1371 contigerit
1400 1314 1438 1355 a
1468 1314 1778 1370 quoquam.

191 1380 260 1435 ab
304 1381 387 1436 eis
432 1381 535 1453 qui
578 1384 635 1439 in
658 1385 767 1440 tuo
791 1384 968 1442 dfiicio
998 1387 1229 1459 locoque
1256 1391 1653 1456 successerint,
1680 1406 1750 1461 pe

196 1470 349 1525 renni
399 1483 651 1543 tempore
698 1474 901 1532 illibata
932 1486 989 1533 et
1014 1477 1135 1534 sine
1176 1480 1554 1550 inquietudine
1597 1481 1779 1551 aliqua

192 1562 446 1621 volumus
496 1565 795 1635 possideri,
842 1584 1035 1624 eorum
1088 1570 1318 1638 usibus,
1381 1587 1483 1644 pro
1536 1587 1780 1642 quorum

192 1657 587 1712 sustentatione
607 1659 1107 1733 gubernationeque
1136 1677 1395 1719 concessa
1429 1672 1578 1734 sunt,
1605 1664 1782 1721 modis

186 1745 451 1821 omnibus
482 1746 805 1818 profutura.
856 1747 983 1807 Ilzec
1016 1751 1181 1824 igitur
1233 1753 1418 1809 omnia
1458 1770 1581 1827 qua;
1614 1753 1781 1825 hujus

189 1838 446 1908 praecepti
476 1839 792 1912 decretique
825 1843 1001 1898 nostri
1035 1845 1232 1915 pagina
1268 1845 1511 1900 continet
1555 1844 1611 1900 in
1649 1860 1776 1915 per-

188 1934 410 1995 petuum
454 1929 783 1985 reservanda
818 1929 1183 1988 decernimus.
1220 1932 1279 1988 Si
1304 1933 1430 2004 quis
1452 1949 1582 1989 vero
1608 1933 1779 2004 impe-

190 2025 477 2086 ratorum,
515 2035 740 2091 regum,
798 2021 1104 2094 principum
1132 2066 1148 2091 ,
1196 2026 1574 2092 sacerdotum,
1616 2025 1779 2081 cleri—

187 2123 417 2176 corum,
453 2111 703 2180 judicum
738 2128 803 2168 ac
843 2115 1190 2171 saecularium
1237 2094 1597 2189 personarum
1639 2117 1781 2173 hanc

186 2200 598 2258 constitutionis
624 2211 826 2260 nostra:
844 2206 1096 2277 paginam
1113 2223 1436 2280 agnoscens,
1448 2217 1637 2265 contra
1658 2224 1778 2264 eam

190 2291 483 2348 temerario
512 2308 653 2348 ausu
685 2295 871 2351 ve’nire
918 2299 1235 2366 tentaverit,
1267 2300 1580 2357 admonitus
1614 2301 1779 2356 semel

185 2389 239 2438 et
287 2378 493 2439 iterum
532 2401 707 2457 usque
746 2388 912 2443 tertio
943 2405 1042 2460 per
1076 2391 1463 2449 convenientes
1497 2392 1778 2461 inducias,

191 2473 237 2528 si.
288 2490 429 2539 non,
456 2478 786 2548 resipuerit,
828 2488 994 2552 atque
1036 2482 1307 2553 praedicta:
1352 2482 1611 2540 Ecclesiae
1671 2501 1780 2540 non

189 2564 549 2635 satisfecerit,
579 2568 868 2639 potestatis
900 2572 1239 2645 honorisque
1277 2573 1363 2632 sui
1399 2574 1661 2648 dignitate
1684 2593 1779 2633 ca-

185 2652 334 2735 réat,
369 2675 640 2730 reumque
672 2678 731 2718 se
770 2662 956 2719 divino
988 2664 1198 2737 judicio
1228 2667 1462 2725 existere
1484 2668 1551 2725 de
1591 2685 1781 2740 perpe-

187 2754 326 2803 trata
378 2750 672 2822 iniquitate
702 2764 1031 2827 cognoscat;
1076 2766 1134 2815 et
1175 2758 1283 2815 nisi
1316 2776 1381 2816 ea
1423 2776 1545 2832 qua
1587 2762 1656 2816 ab
1690 2761 1781 2815 illo

188 2849 317 2895 sunt
354 2844 503 2899 male
546 2845 728 2900 ablata
780 2848 1109 2918 restituerit,
1146 2851 1232 2906 vel
1262 2851 1425 2923 digna
1463 2853 1779 2924 pcenitentia

182 2930 372 2987 iliicite
419 2942 546 2990 acta
587 2936 894 3005 defleverit,
936 2955 971 2996 a
1028 2944 1408 3000 sacratissimo
1464 2960 1697 3016 corpore
1729 2953 1784 3001 et

187 3025 460 3094 sanguine
510 3024 730 3083 Domini
779 3030 1142 3103 redemptoris
1194 3035 1369 3091 nostri
1409 3034 1538 3091 Jesu
1575 3034 1781 3091 Christi

183 3114 405 3222 alienus
450 3117 553 3222 sit,
593 3127 757 3189 atque
802 3121 860 3176 in
900 3131 1148 3180 extremo
1183 3127 1435 3182 examine
1463 3126 1780 3183 districtiori
1806 3164 1851 3222 ο

192 3206 387 3281 ultioni
420 3210 725 3281 subiaceat.
748 3211 976 3272 Cunctis
989 3226 1178 3272 autem
1202 3217 1255 3272 in
1287 3218 1463 3274 eidem
1496 3218 1620 3275 loco
1636 3219 1784 3289 juste

181 3298 653 3370 observantibus,
698 3304 771 3360 sit
800 3320 908 3375 pax
939 3306 1158 3364 Domini
1183 3309 1358 3366 nostri
1384 3308 1517 3366 Iesu
1539 3310 1782 3376 Christi,

184 3399 468 3461 Quatenus
497 3403 553 3450 et
588 3395 678 3451 hic
717 3395 957 3453 fructum
993 3399 1150 3457 bona:
1189 3401 1423 3458 actionis
1454 3401 1783 3474 percipiant,

187 3490 245 3537 et
285 3485 437 3555 apud
482 3485 793 3544 districtum
844 3490 1086 3561 judicem
1132 3494 1352 3563 praemia
1387 3503 1604 3551 aeternae
1636 3494 1787 3565 pacis

187 3573 498 3631 inveniant.
546 3578 917 3637 Miserationes
968 3592 1101 3652 mw,
1140 3583 1393 3652 Domine,
1428 3601 1584 3655 super
1608 3587 1786 3639 omm’a

190 3680 353 3736 opera
389 3678 484 3723 tua
516 3668 690 3737 (Paul.
727 3673 929 3744 cum).

256 3757 466 3814 Datum
519 3758 708 3817 Romae
730 3764 963 3833 septimo
984 3763 1110 3821 ldus
1132 3765 1446 3824 Decembris
1465 3783 1562 3838 per
1591 3783 1787 3823 manus

191 3844 358 3914 Petri,
380 3846 597 3906 Sanctae
618 3850 880 3910 Romanae
890 3852 1147 3911 Ecclesiae
1159 3857 1788 3930 presbyteri,canlinalis

192 3947 245 3993 et
275 3936 717 4010 bibliothecarii;
752 3960 899 4001 anno
933 3963 1063 4003 vero
1094 3964 1151 4003 v1
1187 3950 1540 4019 pontificatus
1567 3934 1786 4007 Domini

185 4026 444 4102 Gregorii
481 4032 699 4104 septimi
735 4050 918 4108 papae,
952 4038 1248 4097 indictione
1282 4056 1341 4096 ιι.
1659 4024 1663 4028 ’

928 4171 1064 4231 XLI.

191 4257 417 4316 Littera
440 4228 1161 4341 commendatititeﬁregorii
1187 4266 1294 4322 VII
1316 4228 1457 4323 dum
1471 4268 1788 4341 Berengorio

594 4341 720 4403 post
746 4334 1037 4390 concilium
1053 4337 1366 4393 Romanum.
1632 4374 1635 4377 λ

792 4425 974 4498 (Anno
1013 4427 1188 4501 1079.)

510 4585 521 4591 ι
582 4515 795 4589 “laus:
832 4516 1038 4573 Concil.
1077 4518 1196 4594 XX,
1223 4519 1391 4593 62L]

265 4625 599 4693 Caesonius,
631 4641 825 4682 servus
859 4642 1141 4685 servorum
1194 4628 1312 4696 Dei,
1345 4632 1602 4687 omnibus
1631 4632 1792 4688 beato

190 4713 360 4779 Petro
396 4717 657 4776 ﬁdelibus
687 4718 921 4776 salutem
963 4731 1019 4777 et
1064 4722 1421 4793 apostolicam
1453 4723 1789 4780 benedictio-

193 4823 343 4865 nem.
604 4864 607 4865 ,
1422 4836 1425 4841 '

268 4920 469 4981 Notum
491 4926 654 4985 vobis
678 4927 942 4984 omnibus
978 4927 1212 4986 facimus
1249 4946 1348 4988 nos
1381 4924 1675 4989 anathema
1708 4932 1789 4991 fe?-

196 5016 344 5073 cisse
369 5033 435 5075 ex
456 5021 784 5109 auctoritate
814 5016 907 5075 Dei
942 5022 1329 5095 omnipotentis
1343 5023 1542 5090 Patris,
1567 5034 1622 5082 et
1646 5024 1790 5095 Filii,

198 5118 253 5140 Μ
275 5107 510 5140 ρηζηίθιιη
558 5106 734 5140 οιΑ-ιιι,
788 5121 837 5140 ΑΩ
855 5112 1131 5140 ΙἏΛΑᾹΑ-κ-ι
1175 5106 1541 5140 ἀκΑΑιΑῘΑ-.-ᾼΑ
1566 5116 1708 5140 ηέιμξ
1748 5128 1790 5140 ,ι

980 5130 1131 5140 Α-κ-
1175 5130 1305 5140 AnAn

1066 354 1429 417 EPISTULA)
1468 358 1703 415 EXTBA
1743 352 2144 414 REGISTBUM
2184 349 2571 414 VAGANTES.

195 466 403 526 aule
438 476 839 541 imperaton
864 515 879 539 ,
918 482 1107 545 regum
1127 517 1141 541 ,
1172 476 1485 546 principum
1510 518 1523 541 ,
1560 474 1779 531 antisti-
1810 473 1855 532 λ

1817 4505 1866 4561 θ

3348 344 3455 414 ειη

2582 456 2740 523 xui.
3200 458 3203 461 ’
3444 500 3461 517 κ

2116 558 2375 632 Gregorii
2405 559 2773 631 VII-epistola
2798 561 2868 615 ad
2900 559 3207 616 Germanos.

2338 676 2347 686 .
2461 652 2643 722 (Anno
2684 651 2869 719 1079.)

2248 741 2461 816 {Miser
2500 742 2704 799 Concil.
2745 741 2864 810 XX,
2901 741 3056 818 383.]

1948 835 2276 900 Caesonius,
2313 846 2505 889 senos
2529 848 2815 890 servorum
2846 833 2964 900 Dei,
2986 834 3246 891 omnibus
3275 835 3457 892 archis

1876 926 2149 996 episcopis
2196 925 2253 979 in
2299 923 2600 980 Teutonico
2644 932 2811 996 atque
2854 924 2910 979 in
2958 923 3232 980 Saxonico
3287 941 3458 996 regno

1876 1015 2373 1083 eommanentihus,
2417 1016 2784 1087 omnibusque
2821 1015 3178 1086 principibus,
3216 1016 3459 1072 cunctisa-

1878 1123 1989 1179 que
2023 1106 2326 1178 majoribus
2351 1116 2407 1162 et
2438 1106 2767 1174 minoribus,
2795 1104 2892 1176 qui
2922 1110 3030 1161 non
3068 1114 3197 1162 sunt
3234 1118 3461 1162 ρεθυιηά

1880 1199 2143 1255 municati
2165 1206 2220 1253 et
2239 1197 2460 1254 obedire
2476 1198 2771 1266 voluerint,
2795 1196 3023 1253 salutem
3039 1206 3093 1252 et
3104 1197 3461 1270 apostolicum

1880 1290 2332 1347 benedictionem.
2956 1293 2971 1303 ‘
3196 1366 3199 1367 ν

1951 1380 2239 1449 Quomodo
2267 1378 2335 1436 ex
2378 1381 2472 1437 lite
2512 1390 2563 1437 et
2589 1381 2933 1438 dissensione
2956 1389 3139 1436 vestra
3162 1380 3463 1436 maiimum

1880 1472 1937 1529 in
1960 1481 2147 1528 sancta
2177 1472 2421 1529 Ecclesia
2449 1473 2750 1544 periculum
2774 1473 2892 1529 ﬁcri
2915 1470 3156 1543 quotidie
3181 1470 3465 1544 cognosci;

1882 1580 2027 1631 mus,
2054 1564 2234 1619 visam
2264 1571 2349 1621 est
2374 1564 2555 1627 nobis,
2578 1565 2757 1620 visum
2780 1573 2864 1620 est
2892 1573 2947 1619 ct
2975 1562 3236 1619 fratribus
3258 1562 3472 1617 nostris

1882 1656 1938 1712 in
1967 1657 2202 1713 concilio
2227 1657 2572 1729 congregatis
2596 1698 2612 1724 ,
2645 1641 2860 1712 summa
2908 1670 3011 1725 ope
3058 1640 3479 1737 elaborare‘pro'»

1882 1749 2113 1816 viribus,
2148 1757 2421 1819 quatenus
2450 1746 2630 1803 idonei
2661 1747 2837 1803 nuntii
2870 1754 2982 1801 iam
3014 1745 3274 1817 religione
3300 1759 3465 1816 quam

1809 1828 1852 1884 Β
1877 1840 2103 1895 scientia
2128 1841 2395 1910 pollentes
2422 1854 2453 1893 e
2474 1838 2643 1893 latere
2668 1837 2982 1909 apostolica:
3016 1836 3162 1893 sedis
3178 1836 3261 1895 ,ad
3284 1843 3466 1906 partes

1876 1940 2085 1987 vestras
2112 1932 2489 1996 mitterentur,
2514 1930 2609 2002 qui
2637 1929 2922 2002 religiosos
2947 1924 3262 2001 episcopos,
3295 1916 3469 1982 laicos

1877 2024 2044 2081 etiam
2074 2024 2224 2095 pacis
2250 2033 2309 2080 et
2326 2023 2557 2095 jostitia:
2581 2030 2879 2088 amatores,
2907 2019 2965 2075 in
2993 2018 3245 2091 partibus
3266 2018 3468 2074 vestris

1878 2125 2302 2182 commorantes,
2336 2115 2405 2169 ad
2428 2115 2552 2171 .boc
2602 2128 2742 2183 opus
2786 2112 3012 2168 idoneos
3047 2117 3472 2181 congregat-ent,

1877 2207 1997 2278 qui,
2010 2208 2204 2264 Domni
2235 2206 2419 2279 gratia.
2432 2212 2727 2277 prmeunte,
2737 2203 2824 2259 die
2839 2202 3024 2259 etloco
3035 2202 3104 2257 ab
3122 2201 3230 2256 illis
3240 2208 3474 2263 statuto,

1879 2306 1991 2354 tam
2020 2299 2122 2369 ipsi
2145 2313 2311 2370 quam
2332 2312 2474 2369 quos
2500 2296 2636 2368 ipsis
2658 2294 2954 2365 adjungere
2972 2292 3156 2349 adhuc
3182 2292 3467 2357 debemus,

1879 2396 1974 2444 aut
1991 2400 2179 2457 pacem
2190 2392 2544 2456 componant,
2558 2391 2672 2449 aut,
2686 2382 2916 2438 veritate
2938 2379 3291 2451 praecognita,
3307 2392 3477 2450 super

1875 2477 2003 2534 illos
2023 2478 2118 2549 qui
2143 2487 2272 2532 sunt
2295 2476 2433 2532 tanti
2460 2474 2674 2532 dissidii
2701 2488 2892 2539 causa,
2920 2471 3247 2553 canonicam
3269 2478 3483 2528 constt»

1879 2585 1997 2625 ram
2027 2578 2334 2626 exerceant.
2367 2567 2593 2624 Verum
2615 2565 2893 2638 quomodo
2935 2562 3255 2630 nonnullos,
3280 2562 3487 2619 d'abo-»

1880 2661 1986 2719 lico
2005 2661 2264 2718 instinctu
2290 2659 2596 2727 confectos,
2620 2655 2930 2729 iniquitatis
2951 2669 3065 2711 suae
3092 2647 3306 2713 facibus
3328 2654 3470 2741 igni-

1880 2761 1968 2809 tos
1992 2794 2008 2819 ,
2039 2753 2334 2823 cupiditate
2363 2750 2615 2806 inductos
2638 2790 2656 2815 ,
2687 2745 3024 2804 discordiam
3068 2745 3255 2816 potius
3303 2758 3472 2814 quam

1880 2830 2071 2915 pacem
2095 2843 2211 2900 ﬁeri
2250 2851 2305 2899 et
2328 2841 2514 2897 videre
2547 2840 2921 2897 desiderantes
2957 2836 3074 2893 fore
3102 2851 3212 2891 non
3248 2834 3473 2906 ignora-

1882 2948 2027 3002 mus,
2048 2934 2360 2990 ‘statuimus
2382 2933 2440 2988 in
2469 2932 2574 2988 bac
2597 2930 2828 3004 synodo,
2851 2920 2996 2985 sicut
3020 2935 3074 2983 et
3093 2928 3147 2982 in
3173 2926 3470 2997 praeterita,

1883 3037 1944 3083 ut
1980 3014 2149 3083 nulla.
2181 3014 2415 3098 persona
2461 3023 2698 3094 alicujus
2744 3019 3004 3093 potentiae
3046 3019 3129 3074 vel
3168 3018 3472 3091 dignitatis,

1882 3120 1998 3176 sive
2037 3134 2226 3190 parva,
2268 3117 2382 3173 sive
2424 3131 2643 3188 magna,
2685 3113 2801 3171 sive
2830 3112 3106 3185 princeps,
3149 3110 3266 3167 sive
3291 3108 3475 3180 subje-

1882 3218 2027 3276 ctus,
2053 3198 2237 3280 aliqua
2259 3205 2683 3280 praesumptione
2708 3203 2909 3262 audeat
2926 3202 3119 3276 legatis
3141 3201 3345 3258 nostris
3374 3201 3484 3257 ob-

1882 3302 2098 3368 sistere,
2130 3308 2209 3366 et,
2240 3316 2365 3357 cum
2390 3298 2459 3355 ad
2488 3310 2590 3355 vos
2609 3296 2978 3369 pervenerint,
3005 3295 3073 3351 de
3092 3290 3472 3364 componenda

1882 3391 2325 3462 pace'contraire,
2340 3406 2441 3447 nec
2454 3398 2644 3460 postea
2661 3395 2850 3445 contra
2873 3386 3219 3442 interdictum
3232 3384 3448 3439 illorum
3460 3425 3477 3446 .

1883 3481 2021 3537 alter
2055 3481 2113 3536 in
2147 3481 2380 3536 alterum
2429 3479 2626 3535 audeat
2672 3474 2989 3548 inSnrgere,
3040 3475 3139 3531 sed
3183 3489 3358 3546 usque
3407 3468 3491 3527 ad"

1885 3571 2030 3628 diem
2069 3558 2282 3627 abillis
2313 3577 2581 3626 statutum
2633 3568 2849 3625 firmam
2896 3580 3085 3638 pacem
3128 3580 3318 3620 omnes
3356 3564 3479 3619 sine.

1883 3662 1994 3719 ulla
2031 3664 2324 3720 occasione
2354 3672 2410 3721 et
2440 3661 2631 3719 fraude
2659 3661 2973 3718 observent.
3013 3657 3339 3728 Quicunque
3380 3671 3471 3712 au-

1883 3764 1993 3811 tem
2034 3755 2150 3811 huic
2189 3765 2369 3811 vestra
2411 3763 2616 3811 statuta
2662 3754 2772 3808 ulla
2813 3750 3241 3822 praesumptione
3273 3747 3479 3804 violare

1882 3847 2195 3915 tcutaverit,
2212 3846 2588 3903 anathematis
2617 3844 2837 3900 vinculo
2857 3858 2984 3899 eum
3012 3840 3269 3913 ligamus,
3291 3849 3346 3895 et
3365 3855 3495 3919 non:

1884 3940 2065 3994 solum
2099 3939 2155 3994 in
2194 3939 2391 4010 spiritu
2419 3979 2433 4005 ,
2479 3953 2673 3993 verum
2722 3937 2887 3992 etiam
2942 3934 2998 3989 in
3048 3948 3278 4002 corpore
3321 3940 3376 3987 et
3421 3930 3475 4001 in

1886 4028 2039 4084 omni
2059 4030 2419 4099 prosperitate
2449 4028 2616 4098 hujus
2660 4028 2787 4083 vitae
2822 4026 3121 4098 apostolica
3154 4020 3478 4079 auctoritate.

1889 4119 2217 4175 innodamus
2253 4128 2309 4175 et
2344 4119 2627 4173 victoriam
2655 4117 2710 4172 in
2740 4118 2911 4172 armis
2935 4114 3240 4171 auferimus
3262 4156 3278 4180 ,
3308 4122 3368 4168 ut
3397 4112 3489 4167 sit:

1770 4210 1786 4291 '_
1889 4212 2083 4266 saltem
2131 4209 2539 4267 confundantur
2573 4217 2628 4265 et
2663 4207 2868 4291 duplici
2917 4204 3244 4263 contritione
3290 4213 3477 4263 conte-

1891 4310 2102 4359 rantur.

2374 4452 2379 4459 .
2587 4398 2772 4456 XLIII.
3424 4436 3429 4441 ι

2053 4491 2296 4566 Gregorii
2330 4492 2441 4549 VII
2464 4492 2695 4565 epistola
2720 4492 2790 4547 ad
2810 4491 3100 4563 Rodulfum
3123 4507 3309 4561 regem.
3374 4552 3383 4555 _

2490 4580 2674 4656 (Anno
2697 4581 2879 4653 1079.)

1894 4677 2130 4750 {Bruno,
2168 4675 2246 4731 De
2303 4675 2443 4733 bello
2502 4674 2793 4741 Saxonico,
2855 4689 2943 4744 ap.
2993 4671 3196 4737 Psnrz,
3241 4669 3481 4725 Monum:

2251 4765 2429 4822 Germ.
2458 4767 2610 4833 hiat"
2635 4763 2837 4835 Script.
2870 4762 2933 4831 V,
2969 4759 3129 4833 578.]

1968 4848 2277 4918 caueamus
2324 4858 2635 4929 episcopus,
2683 4871 2875 4912 servus
2896 4868 3185 4912 servorum
3217 4846 3334 4921 Dei,
3372 4851 3485 4910 Ilo-

1894 4969 2068 5027 nutro
2083 4950 2197 5024 regi
2215 4959 2270 5006 et
2289 4949 2548 5006 omnibus
2573 4963 2758 5006 secum
2776 4945 3149 5004 Christianam
3169 4943 3515 5016 religioncinr

1895 5042 2315 5101 defendentibus
2350 5041 2589 5098 salutem
2627 5048 2691 5096 et
2746 5040 3112 5109 apostolicam
3154 5037 3502 5099 benedictio-
