3972 5390
1408 350 1467 409 8.
1508 349 1839 410 GREGORI
1882 350 1969 409 VII
2008 348 2211 408 PAPIE
2248 346 2532 408 OPERUM
2572 345 2752 406 PARS
2788 344 2852 403 ll.

481 472 596 539 μω
626 465 827 539 saepius
876 461 1176 538 legationes
1206 464 1447 536 Henrici,
1499 484 1625 525 cum
1678 484 1778 540 per
1809 469 2062 540 proprios
2088 471 2137 528 Α
2160 482 2288 523 cum
2317 474 2507 520 nostra
2554 464 2833 519 voluntate
2857 504 2873 531 ,
2902 471 2956 517 et
2985 459 3286 532 apostolica
3322 457 3689 515 benedictione
3714 499 3738 526 ,

486 560 733 630 nuntios,
756 569 869 616 tum
894 575 991 631 per
1006 567 1267 630 cognatos
1289 568 1344 615 et
1361 560 1591 616 aliarum
1614 569 1883 633 terrarum
1907 560 2059 632 prin-

485 650 641 721 cipes
690 658 747 704 et
797 648 1005 714 aliines,
1055 648 1219 705 modo
1253 664 1475 706 omnem
1532 649 1898 706 obedientiam
1928 665 2060 721 pro-

488 740 773 807 mittendo,
811 738 974 794 modo
1002 754 1100 809 per
1124 740 1275 796 varia
1305 740 1525 812 ingenia
1550 740 1918 808 sollicitando,
1946 740 2000 795 id
2030 756 2064 796 a

487 846 576 888 me
594 844 811 886 summo
836 830 1123 885 conamine
1173 829 1457 900 cupientes
1480 830 1691 887 edicere
1723 845 1836 903 quo
1878 846 1967 886 me
1995 830 2064 886 ad

487 927 677 975 votum
697 933 859 974 suum
890 918 1005 975 suis
1033 918 1281 989 partibus
1298 920 1516 976 valeant
1548 920 1831 976 inclinare.
1864 918 2065 976 Verum

488 1010 618 1081 quia
666 1009 795 1066 hinc
828 1008 953 1065 inde
990 1018 1045 1066 et
1074 1008 1322 1093 Romana
1379 1011 1619 1082 gravitas
1666 1020 1722 1067 et
1769 1011 2066 1082 apostolica

487 1092 854 1159 mansuetudo
896 1114 985 1156 me
1014 1115 1114 1171 per
1146 1101 1383 1157 mediam
1396 1100 1624 1172 justitize
1651 1101 1796 1157 viam
1819 1100 2069 1157 incedere

486 1196 711 1260 cogunt,
736 1188 994 1245 omnibus
1028 1190 1227 1261 quibus
1258 1205 1484 1261 possum
1505 1190 1684 1246 modis
1732 1191 1839 1246 hoc
1859 1178 2073 1260 oportet

486 1278 769 1336 intendere
790 1280 1067 1352 quomodo
1110 1296 1294 1337 veram
1325 1297 1357 1338 a
1404 1280 1542 1337 falsa
1562 1281 1858 1353 justitiam,
1888 1279 2070 1352 perfe-

486 1380 632 1428 ctam
666 1388 700 1429 a
743 1372 870 1429 ilcta
917 1372 1281 1430 obedientiam
1323 1373 1534 1444 judicio
1593 1374 1770 1439 sancti
1834 1372 2070 1444 Spiritu!

487 1463 702 1518 valeam
734 1462 1066 1536 discernere,
1103 1471 1314 1533 etrato
1355 1464 1547 1531 ordine
1582 1464 1649 1520 ad
1686 1466 1851 1519 tinem
1899 1477 2075 1534 usque

488 1554 804 1624 perducere.
845 1553 972 1625 Haec
1022 1570 1169 1625 vero,
1203 1564 1259 1611 et
1299 1555 1427 1624 alia,
1463 1556 1814 1628 ti,,pr0pitio
1841 1554 1975 1624 Deo,
2006 1555 2076 1611 ad

493 1662 590 1701 vos
650 1646 772 1702 sani
832 1646 1157 1718 perveniunt
1212 1647 1373 1720 legati
1446 1647 1583 1715 mei,
1649 1647 1849 1705 melius
1907 1662 2076 1718 quam

490 1736 574 1792 lue
604 1736 797 1795 litterae
817 1737 939 1795 viva
974 1754 1108 1796 voce
1131 1739 1569 1797 testiﬁcabuntur
1595 1747 1652 1796 et
1670 1738 1967 1796 docebunt.

492 1893 734 1967 Gregorii
768 1892 882 1972 νζ]
903 1899 1130 1972 epistola
1171 1899 1242 1954 ad
1272 1899 1607 1972 Rodulphum
1632 1917 1802 1972 regem
1825 1908 1876 1955 et
1900 1898 2078 1972 Saxo,-

561 1983 672 2054 nes.
696 1994 769 2008 ——
804 1968 1036 2054 Nuntiat
1071 1986 1126 2054 se
1152 1986 1367 2054 errasse
1385 1968 1455 2054 ‘ut
1501 1986 1594 2041 per
1623 1968 1824 2054 legatos
1857 1987 1986 2054 suos
2015 1971 2080 2025 de

563 2039 715 2093 rebus
758 2056 793 2111 _a
832 2056 889 2095 se
924 2041 1152 2096 decretis
1181 2042 1239 2095 in
1265 2041 1473 2095 duabus
1499 2039 1717 2111 agundis
1745 2040 2078 2104 docerentur;

564 2117 680 2191 tuor
700 2109 1114 2191 ndopatientiam
1139 2111 1389 2191 hortatur
1418 2119 1477 2191 et
1519 2109 1579 2191 ut
1613 2110 2078 2183 Magdeburgemis

565 2178 1048 2251 archiepiscopatus
1071 2182 1262 2252 optime
1282 2181 1642 2252 providentur.

632 2332 635 2333 ν
1096 2271 1277 2345 (Ληηο
1305 2272 1489 2342 1079.)

570 2360 879 2419 Gnscoams
911 2363 1231 2446 episcopus,
1280 2380 1472 2421 servus
1519 2379 1805 2421 servorum
1849 2362 1966 2432 Dei,
2013 2363 2077 2417 il.

501 2453 616 2526 regi
648 2454 1015 2528 omnibusque
1048 2471 1236 2512 secum
1278 2455 1333 2511 in
1381 2471 1550 2530 regno
1598 2455 1878 2512 Saxonum
1923 2471 2079 2513 com-

500 2545 872 2625 manentibus,
904 2542 1027 2623 tam
1050 2548 1321 2620 episcopis
1349 2564 1516 2619 quam
1558 2548 1814 2615 ducibus,
1863 2547 2080 2604 comiti-

500 2634 641 2705 bus,
688 2652 788 2695 nec
831 2653 940 2693 non
976 2639 1280 2718 majoribus
1313 2647 1367 2695 et
1400 2639 1708 2695 minoribus
1734 2647 2083 2711 peccatorum

503 2727 907 2786 absolutionem
942 2739 996 2786 et
1029 2732 1387 2804 apostolicam
1422 2731 1880 2787 benedictionem.

496 2882 503 2888 ,
581 2818 718 2876 Cum
757 2820 970 2879 Veritas
1000 2822 1118 2894 ipsa
1153 2823 1299 2880 dicat
1323 2823 1570 2880 omnium
1611 2808 1966 2894 qui’propter
1998 2820 2087 2893 ju«

500 2910 709 2968 stitiam
745 2915 1179 2987 persecutionem
1218 2915 1501 2987 patiuntur
1535 2929 1765 2987 regnum
1805 2928 1926 2971 esse
1971 2910 2085 2968 cm;

502 2999 683 3060 lorum
736 3003 954 3081 (Matth.
992 3008 1070 3078 v),
1117 3015 1172 3064 et
1219 3007 1516 3080 Apostolus
1567 3006 1765 3062 clamet
1810 3003 2087 3062 neminem

503 3093 611 3152 nisi
642 3095 736 3168 qui
763 3096 1001 3171 legitime
1024 3100 1330 3168 certaverit,
1367 3113 1529 3171 posse
1554 3095 1807 3179 coronari
1827 3089 1917 3166 (Ii
1946 3093 2083 3150 Tim.

506 3185 593 3257 ιι),
620 3189 807 3257 nolite,
837 3189 931 3244 lilii
965 3190 1096 3259 mei,
1118 3191 1174 3247 in
1198 3191 1324 3260 hoc,
1352 3189 1447 3261 qui
1470 3189 1701 3260 vosjam
1733 3187 1909 3243 multo
1947 3194 2071 3241 tem.
2116 3179 2158 3237 C

503 3293 636 3350 pore
665 3281 925 3353 exagitat,
957 3282 1149 3338 bellico
1176 3281 1360 3338 furore
1383 3281 1642 3348 deiicere;
1669 3278 1839 3335 nolite
1874 3293 1971 3349 per
2003 3276 2091 3332 ul-

508 3369 617 3428 lius
644 3370 884 3429 lallentis
912 3389 1160 3446 persona:
1187 3374 1467 3431 mendacia
1497 3373 1564 3430 de
1594 3380 1786 3427 nostro
1812 3369 1955 3425 iideli
1996 3367 2093 3423 nd-

504 3461 715 3534 jutorio
758 3463 1048 3531 dubitare;
1088 3465 1179 3521 sed
1219 3464 1395 3536 magis
1427 3463 1712 3537 magisque
1745 3475 1846 3532 pro
1891 3458 2092 3515 tuenda

511 3553 740 3609 veritate
764 3554 1153 3621 ecclesiastica,
1176 3570 1275 3627 pro
1299 3553 1635 3612 defendenda
1669 3560 1865 3608 vestrae
1897 3549 2095 3606 nobili-

508 3645 642 3701 tatis
668 3645 940 3714 libertate,
974 3646 1148 3721 labori
1168 3647 1284 3718 jam
1313 3646 1478 3721 citius
1513 3644 1751 3701 ﬁniendo
1772 3641 2092 3709 incumbite;

512 3746 571 3793 et
612 3752 680 3793 ex
726 3738 957 3795 adverso
997 3738 1340 3795 ascendendo
1389 3754 1489 3795 vos
1530 3744 1589 3807 et
1633 3748 1867 3810 corpora
1914 3728 2091 3788 vestra

513 3829 675 3901 quasi
723 3846 942 3906 murum
990 3846 1089 3902 pro
1141 3830 1305 3886 domo
1357 3828 1453 3885 Dei
1515 3841 1790 3899 opponere
1843 3824 2090 3897 satagite.

512 3919 791 3993 Quidquid
829 3920 943 3997 jam
988 3922 1042 3976 in
1071 3923 1284 3978 duobus
1311 3920 1503 3994 synodi
1536 3926 1739 3974 nostra:
1779 3916 2097 3973 conventio-

516 4014 682 4070 nibus
707 4014 775 4070 de
800 4030 928 4086 rege
956 4014 1021 4069 ll.
1054 4023 1109 4070 ct
1133 4014 1199 4070 de
1226 4011 1292 4068 Η.
1320 4000 1584 4069 statutum
1609 4011 1701 4078 sit,
1731 4009 1996 4082 quidquid
2023 4008 2095 4065 ibi

513 4105 583 4162 de
626 4121 759 4179 pace
795 4115 850 4163 et
895 4107 1185 4163 concordia
1237 4106 1389 4178 regni
1419 4112 1474 4161 et
1502 4120 1629 4161 cum
1656 4101 1986 4175 juramentis
2026 4101 2099 4157 sit

514 4197 830 4267 dillinitum,
860 4209 956 4271 per
983 4208 1204 4255 nostras
1223 4198 1435 4273 litteras
1474 4204 1529 4252 et
1552 4211 1651 4268 per
1684 4201 1907 4269 nostros
1947 4193 2097 4263 lega-

513 4301 623 4359 tos,
670 4290 775 4347 nisi
815 4300 962 4347 sorte
1006 4290 1148 4362 capti
1191 4286 1321 4357 sint,
1353 4287 1695 4361 apertissime
1735 4285 1964 4358 potestis
1998 4298 2095 4355 co-

514 4399 805 4456 gnoscere;
821 4391 895 4450 et,
911 4382 1098 4455 siquid
1122 4383 1301 4438 adhuc
1323 4379 1785 4448 remanserit,per
1809 4377 2097 4447 episcopos

515 4473 811 4549 Metensem
848 4483 901 4530 et
924 4474 1245 4546 Papiensem
1302 4482 1357 4551 et
1385 4473 1639 4528 abbatem
1672 4470 2094 4551 Augustensem,

514 4566 610 4639 qui
636 4568 920 4623 nobiseum
947 4566 1109 4621 linem
1132 4564 1214 4643 rei
1240 4548 1603 4637 priestolando
1634 4544 1940 4627 morantur,
1968 4575 2093 4615 cum

514 4659 585 4715 a'i
621 4676 718 4716 vos
752 4657 857 4731 ipsi
885 4656 1152 4724 venerint,
1194 4656 1359 4728 quasi
1385 4656 1438 4711 in
1470 4660 1724 4726 promptu
1752 4652 1965 4708 habetis
1998 4667 2097 4706 au-

513 4751 652 4806 dire.
680 4749 972 4807 Postremo
994 4749 1101 4805 hoc
1127 4763 1224 4815 vos
1249 4746 1504 4820 ignorare
1530 4745 1790 4823 nolumus
1815 4743 1963 4812 quod
1986 4744 2095 4814 qua

527 4841 672 4896 omni
705 4850 919 4913 oportet
948 4840 1229 4915 instantia,
1263 4855 1388 4915 cum
1423 4836 1689 4894 orationis
1714 4843 1917 4913 nostrae.
1953 4833 2096 4890 assi-

514 4933 742 5000 duitate,
770 4940 885 4989 tum
917 4932 1076 5010 olIicii
1105 4931 1282 4987 ηοεςτί
1314 4929 1598 5003 gravitate,
1630 4935 1685 4983 et
1711 4923 2096 5007 prospiciendo

515 5023 803 5079 consulere
824 5064 840 5092 ,
871 5031 926 5078 et
953 5007 1287 5101 consulenda
1317 5002 1630 5094 prospicere
1668 5033 1811 5074 verae
1854 5002 2097 5073 necessi-

1162 5113 1471 5150 Δ--λε-σὲ-ηιια
1509 5113 1576 5150 Λα
1612 5119 1796 5150 vnctrn
1827 5107 2099 5150 arabit-ni-

514 5115 612 5144 tul:
647 5129 754 5150 nnn
786 5114 1098 5150 Anhiinmnu

2162 567 2218 614 et
2270 556 2569 614 communi
2607 556 2855 611 omnium
2911 554 3184 608 bonorum
3240 561 3354 608 tam
3414 551 3740 606 elei-ica”

2162 660 2330 719 quam
2375 648 2641 706 [nieorum
2670 646 2936 702 electione
2961 643 3254 714 disponite.
3286 640 3400 697 Vos
3430 650 3611 696 tamen
3636 641 3741 710 ipsi

2163 740 2341 796 nostis
2387 738 2565 811 quod,
2597 738 2655 793 in
2700 735 3098 795 constituendis
3140 734 3415 805 episcopis
3437 774 3454 800 ,
3506 731 3740 801 negiccta

2165 838 2481 888 sanctorum
2516 828 2741 884 Patrum
2770 828 3020 884 instituta
3047 827 3208 896 ,bunc
3242 825 3339 896 qui
3368 823 3534 879 modo
3560 821 3751 889 fundi-3

2167 932 2257 978 tur
2321 921 2644 994 sanguinem
2708 926 3041 992 genuerunt,
3090 925 3147 974 et
3198 917 3379 974 adhuc
3401 958 3419 983 ,
3457 913 3567 969 nisi
3619 928 3747 983 pto-

2166 1015 2478 1082 videantur,
2500 1012 2713 1085 pejores
2746 1011 3022 1084 prioribus
3047 1024 3264 1065 errores
3296 1006 3533 1064 fovendo
3560 1012 3753 1076 partu-7

2168 1106 2337 1161 riunt.
2928 1158 2931 1161 .

2878 1201 3041 1257 XLI.

2176 1297 2418 1370 Gregorii
2438 1296 2667 1368 epistola
2699 1296 2770 1370 qd
2791 1309 2968 1370 omnes
2998 1293 3180 1365 ﬁdeles
3214 1307 3308 1362 per
3340 1288 3676 1344 Teutonicum
3695 1293 3747 1340 et

2706 1364 2963 1422 Italicum
2989 1364 3225 1435 regnum.
3582 1375 3588 1385 ν

2768 1457 2954 1531 (Anno
2980 1455 3166 1528 1079.)

2180 1553 2433 1628 [Mariani
2487 1552 2661 1628 Scotti
2729 1549 3049 1628 (ῌΨςοηὶςριιἱ
3103 1563 3206 1628 βυτ,
3243 1544 3452 1628 Drin-ra,
3523 1540 3743 1597 locum.

2551 1606 2905 1688 Germalrist”
2934 1606 3228 1689 Seriptfb’,
3261 1606 3422 1687 56L]

2252 1694 2561 1772 Gnsconws
2581 1728 2740 1785 papa,
2774 1706 2966 1768 servus
2999 1722 3282 1765 servorum
3318 1705 3441 1771 Dei,
3462 1719 3563 1775 per
3590 1706 3750 1758 totum

2108 1824 2151 1880 Β
2180 1808 2425 1865 ltalieum
2462 1822 2690 1879 regnum
2711 1813 2767 1859 et
2800 1795 3251 1865 Teutonicorum,
3288 1797 3535 1852 debitam
3572 1802 3754 1850 sancto

2177 1901 2340 1957 Petro
2376 1896 2743 1955 obedientiam
2783 1888 3164 1951 exhibentibus
3210 1887 3573 1959 apostolicam
3602 1885 3759 1939 bene-

2179 1993 2497 2049 dictionem.
2836 1978 2839 1979 ⁷
3148 2038 3155 2039 ,

2251 2083 2309 2139 Si
2331 2082 2426 2154 qui
2452 2088 2581 2137 sunt
2601 2076 2924 2151 presbyteri,
2941 2074 3025 2129 vel
3046 2069 3285 2136 diaconi,
3306 2068 3389 2123 vel
3414 2064 3757 2154 subdiaconi,

2179 2173 2273 2244 qui
2298 2148 2518 2243 ja-ceant
2567 2148 2623 2223 in
2676 2148 2906 2223 crimine
2946 2158 3345 2223 fornicationis,
3390 2148 3765 2210 interdicimus

2179 2267 2282 2332 eis,
2319 2278 2388 2319 ex
2430 2269 2585 2333 parte
2613 2255 3006 2329 omnipotentis
3038 2253 3135 2309 Dei
3170 2260 3223 2307 et
3248 2248 3580 2307 auctoritate
3600 2244 3767 2303 sancti

2182 2353 2353 2423 Petri,
2403 2353 2687 2409 introitum
2718 2348 2962 2407 ecclesiae
2990 2361 3164 2418 usque
3207 2344 3338 2400 dum
3387 2341 3696 2413 pmniteant
3717 2345 3770 2393 et

2181 2444 2490 2502 emendent.
2524 2441 2583 2497 Si
2621 2441 2717 2513 qui
2753 2454 2885 2496 vero
2910 2439 2964 2493 in
3014 2442 3237 2508 peccato
3271 2446 3374 2488 suo
3418 2441 3769 2502 perseverare

2184 2534 2497 2601 maluerint,
2524 2532 2708 2588 nullus
2729 2537 2973 2586 vestrum
2988 2526 3223 2582 cilicium
3243 2536 3435 2578 eorum
3455 2520 3771 2576 auscultare

2184 2634 2483 2701 praesumat
2507 2644 2522 2692 ;
2555 2622 2685 2696 quia
2713 2619 3021 2678 benedictio
3042 2617 3188 2672 illius
3207 2613 3440 2669 vertitur
3463 2611 3521 2665 in
3548 2609 3771 2665 maledi-

2184 2719 2442 2784 ctinnem,
2478 2723 2533 2771 et
2550 2713 2726 2769 oratio
2756 2712 2811 2766 in
2831 2717 3135 2782 peccatum,
3161 2712 3392 2761 testante
3422 2701 3666 2756 Domino
3683 2714 3775 2770 per

2185 2807 2564 2883 prophetam:
2641 2803 2983 2870 Maledicam,
3050 2798 3247 2871 inquit,
3317 2792 3771 2851 benedictionibus

2187 2900 2394 2957 vestris.
2490 2971 2494 2975 .
2864 2896 2867 2897 ⁷
3001 2955 3021 2969 ,η

2879 3003 3064 3060 XLVI.

2191 3101 2430 3176 Gregorii
2459 3116 2611 3172 papa:
2655 3095 2732 3154 VI
2738 3095 2768 3151 Ι
2792 3093 3017 3168 epistola
3033 3093 3103 3148 ad
3130 3090 3409 3146 monachos
3436 3087 3770 3145 Casinum.

2550 3238 2555 3243 .
2753 3185 2932 3257 (Anno
2962 3182 3143 3253 1079.)

2352 3278 2661 3356 murum,
2691 3275 2836 3357 Hist.
2872 3274 3099 3330 abbatiae
3121 3270 3327 3337 ϐοείη,
3356 3267 3403 3323 ll
3455 3265 3615 3339 £49.]

2264 3355 2572 3430 Caesonius
2599 3355 2910 3440 episcopus,
2953 3378 3145 3420 servus
3165 3374 3450 3440 servorum
3491 3357 3614 3426 Dei,
3640 3355 3772 3412 dile-

2191 3463 2295 3520 ctis
2321 3462 2377 3517 in
2405 3460 2627 3516 Christo
2654 3444 2781 3512 ﬁliis
2829 3453 3015 3510 Sancti
3056 3449 3333 3507 Benedicti
3362 3447 3656 3527 monachis
3684 3460 3774 3501 sa-

2192 3554 2360 3611 lutem
2391 3561 2446 3609 et
2469 3550 2825 3625 apostolicam
2847 3542 3299 3603 benedictionem.

2264 3642 2607 3708 Audivimus,
2644 3639 2792 3710 quod
2841 3636 2960 3694 sine
3000 3634 3326 3708 gravissimo
3357 3629 3550 3703 dolone
3596 3627 3778 3684 dicere

2196 3750 2307 3790 non
2333 3747 2653 3804 possumus,
2677 3729 2943 3802 quosdam
2955 3725 3245 3782 bominesa
3261 3721 3503 3779 Jordano
3528 3718 3778 3790 principe

2195 3823 2542 3896 suggestione
2601 3820 2803 3877 diaboli
2861 3818 3081 3885 missos,
3129 3814 3488 3873 secretarium
3532 3817 3776 3867 vestrum

2196 3916 2448 3982 intrasse,
2471 3922 2526 3970 et
2547 3913 2794 3985 quredam
2816 3910 3111 3968 commissa
3143 3907 3299 3965 vobis
3340 3905 3587 3961 inaudita
3609 3912 3779 3959 teme-

2197 4011 2358 4065 ritate
2399 4007 2678 4064 detulisse.
2705 4004 2764 4059 ln
2803 4019 2912 4075 quo
2941 4001 3085 4058 facto
3126 3999 3310 4055 nimim
3337 3994 3701 4069 negligentia,
3725 3999 3782 4059 et

2198 4100 2398 4156 acriter
2437 4086 2764 4154 ulciscendae
2806 4091 3114 4149 timiditatis
3171 4092 3268 4144 ves
3301 4096 3357 4143 et
3393 4086 3651 4141 abbatem
3686 4099 3777 4137 ve-

2198 4200 2373 4248 strum
2396 4188 2645 4263 arguere
2662 4172 2977 4259 possumus,
3026 4189 3083 4236 et
3101 4179 3320 4252 gravius
3365 4177 3659 4232 adversum
3681 4188 3780 4229 vos

2198 4281 2531 4338 commoveri
2579 4279 2933 4342 deberemus,
2985 4271 3091 4327 nisi
3138 4286 3202 4326 ea
3251 4283 3361 4340 qua
3412 4282 3513 4323 vos
3565 4278 3781 4336 semper

2199 4372 2465 4430 charitate
2489 4370 2801 4434 dileximus,
2825 4366 3221 4430 detineremur;
3257 4360 3304 4417 si
3332 4358 3555 4431 quidem
3580 4357 3783 4412 tolera-‘

2199 4463 2363 4521 bilius
2399 4461 2558 4517 nobis
2591 4459 2867 4515 videretur
2909 4455 3063 4510 villas
3115 4459 3170 4507 et
3193 4450 3415 4525 castella
3461 4446 3657 4503 Sancti
3682 4445 3780 4500 Be-

2129 4522 2173 4577 D
2199 4553 2399 4610 nedieti
2442 4551 2497 4605 in
2550 4548 2788 4621 przedam
2841 4553 2897 4600 et
2946 4541 3305 4614 direptionem
3344 4522 3488 4605 dari,
3517 4551 3689 4607 quam
3724 4541 3781 4589 ut

2197 4654 2423 4703 sanctus
2444 4644 2621 4709 locus,
2644 4649 2699 4697 et
2729 4655 2827 4710 per
2848 4644 3038 4703 totam,
3063 4642 3124 4690 ut
3148 4633 3443 4696 credimus,
3466 4626 3781 4685 christiani-

2196 4746 2361 4793 tatcm
2420 4734 2665 4790 famosus
2740 4739 2796 4786 et
2862 4725 3217 4793 venerabilis,
3260 4730 3424 4778 tanta:
3468 4717 3784 4791 ignominia:

2197 4827 2439 4901 periculo
2484 4824 2807 4896 subjaeeret.
2857 4819 3203 4890 Quapropter
3248 4813 3413 4884 hujus
3458 4808 3781 4866 temeritatis

2200 4935 2401 4978 noxam
2444 4918 2673 4974 intritum
2723 4929 2847 4970 esse
2880 4927 2992 4969 non
3038 4909 3295 4975 ferentes,
3326 4902 3643 4977 praesertim
3656 4915 3779 4956 eum

2201 5015 2383 5070 locum
2417 5019 2660 5067 vestrum
2686 5007 2950 5063 violatum
2972 5016 3115 5069 esse,
3148 5008 3205 5057 et
3223 4996 3474 5068 exemplo
3496 4994 3682 5066 hujus
3705 4990 3781 5046 la—

2200 5103 2409 5150 οίηηι-ἰςι
2455 5100 2724 5150 deteriora
2780 5111 2944 5150 nosse
2979 5094 3138 5150 vobis
3177 5091 3495 5150 contis-aere
3544 5100 3777 5150 perpen-
