3972 5390
477 327 584 389 699

1403 325 1459 382 S.
1502 324 1832 383 GREGORII
1875 325 1965 382 VII
2002 324 2207 382 ΡΑΡέΕ
2246 325 2528 384 OPERUM
2567 327 2750 384 PARS
2785 326 2871 385 II.‘

3640 328 3732 386 700

476 442 841 519 venerabilem
878 431 1125 498 1080mm
1163 440 1404 512 quietem
1432 441 1838 508 stabiliendam,
1860 450 2064 498 nostrae
2091 442 2139 499 Α
2164 445 2405 500 matione
2430 444 2840 517 privilegiorum
2854 442 3167 501 Cluniensis
3193 442 3459 510 ecclesias,
3491 459 3733 519 episeopo

478 537 821 593 aitctoritatis
866 537 1144 593 munimen
1203 533 1450 591 conferre
1484 535 1797 591 debeamus.
1825 534 2060 592 Proinde

476 630 817 698 przelibatum
846 627 1239 683 monasterium
1275 627 1365 682 cui
1411 636 1467 682 tu
1503 642 1740 698 przeesse
1766 628 2056 699 dignosce-

477 714 576 786 ris,
600 721 753 790 juxta
776 720 1090 791 petitionem
1129 728 1302 786 tuam,
1327 720 1431 776 sub
1452 719 1767 790 apostolicae
1787 720 1931 775 sedis
1960 720 2057 775 de-

476 809 725 866 fensiouc
767 811 1079 882 recipimus,
1122 820 1177 866 et
1209 811 1496 883 praesentis
1533 808 1798 882 privilegii
1842 811 2060 867 decreto

475 911 672 978 cuiicta
702 918 825 973 quae.
858 904 1123 959 hactenus
1168 904 1295 975 jure
1331 904 1612 975 possidere
1636 901 1815 959 visum
1844 914 1948 972 est,
1975 904 2060 960 vel

473 994 730 1064 deinceps
761 993 993 1050 Domino
1028 994 1292 1067 largiente
1324 996 1473 1067 juste
1499 996 1765 1068 acquirat,
1804 996 2059 1053 concedi-

473 1098 611 1167 mus
638 1093 802 1156 atque
848 1084 1159 1154 firmamus;
1204 1087 1429 1159 insuper
1450 1089 1638 1155 etiam,
1685 1089 2061 1145 consentiente

472 1175 676 1233 Pisano
703 1179 982 1249 episcopo,
1035 1179 1430 1237 decimationes
1480 1181 1727 1235 omnium
1788 1188 2059 1236 terrarum

472 1284 612 1339 quas
632 1271 698 1326 ad
728 1262 1123 1326 dominicatu'm
1151 1280 1393 1327 vestrum
1417 1274 1667 1328 laborare
1692 1270 1931 1330 feceritis
1956 1289 2059 1328 an-

472 1362 697 1418 nuimus
725 1363 1075 1432 :adjicientes
1114 1372 1175 1419 ut
1202 1363 1439 1420 fidelium
1471 1365 1774 1423 oblationes
1792 1366 2058 1436 accipere,

473 1461 530 1508 et
555 1468 651 1511 eos
685 1454 777 1526 qui
826 1470 886 1511 se
918 1455 1235 1511 devoverint
1260 1456 1315 1511 in
1348 1458 1664 1513 ecemeterio
1692 1465 1876 1513 vestro
1908 1472 2061 1528 sepe-

472 1543 585 1611 liri,
613 1561 713 1601 nec
742 1560 854 1602 non
885 1546 1049 1602 etiam
1085 1547 1404 1620 quicunque
1446 1549 1648 1605 sarculo
1686 1548 2061 1605 renuntiantes

474 1637 543 1692 ad
564 1646 803 1693 vestram
828 1642 1303 1696 conversationem
1327 1640 1510 1696 venire
1533 1642 1823 1709 voluerint,
1850 1642 2059 1698 licitum

474 1718 549 1784 δὴ
569 1727 723 1785 vobis
739 1727 857 1785 sine
882 1731 1117 1811 alicujus
1134 1733 1563 1789 contradictione
1585 1733 1883 1789 admittere.
1929 1732 2064 1801 Quce

2159 535 2457 591 Albanensi
2508 534 2837 607 legationem
2895 542 3142 590 nostram
3186 533 3382 590 ferenti
3429 535 3733 594 inobediens

2158 628 2446 696 exstiterit,
2466 626 2767 699 praesertim
2797 643 2944 694 cum,
2966 626 3432 703 etiamsialiquid,
3460 628 3605 698 quod
3632 645 3734 683 non

2159 722 2456 789 credimus,
2489 720 2857 776 inconsultius
2878 720 2978 775 tibi
3009 719 3251 791 irrogare
3272 719 3557 786 voluisset,
3586 720 3740 791 quii-

2161 813 2291 884 quid
2314 819 2479 879 esset,
2512 826 2612 882 pro
2646 811 2949 866 reverentia
2978 808 3290 879 apostolicae
3322 809 3470 865 sedis
3494 808 3744 866 ferrede~

2161 906 2383 962 cuisset.
2415 904 2623 976 Itaque,
2653 911 2877 974 propter
2918 902 3127 979 bonam
3149 901 3314 957 vitam
3336 909 3393 957 et
3418 902 3743 973 pastoralem

2159 997 2494 1070 vigilantiam
2532 1011 2642 1066 qua
2688 995 2834 1050 circa
2884 991 3182 1048 Ecelesiam
3233 993 3332 1048 tibi
3394 992 3744 1049 commissam

2161 1087 2418 1153 desudas,
2440 1087 2581 1141 hanc
2607 1085 2824 1155 culpam
2843 1092 3249 1154 supportantes,
3273 1083 3623 1154 praecipimus
3651 1082 3743 1138 tibi

2161 1185 2434 1249 quatenus
2461 1175 2670 1232 vocatis
2691 1174 2758 1231 de
2789 1174 3106 1231 melioribus
3130 1175 3417 1230 monachis
3437 1173 3744 1231 Cluniensis

2161 1268 2435 1335 ecclesiae,
2476 1267 2543 1323 ad
2580 1282 2928 1323 communem
2956 1254 3179 1341 locum
3205 1267 3347 1321 inter
3394 1265 3743 1322 Matisconem

2162 1368 2218 1416 et
2258 1359 2581 1415 Cluniacum
2605 1358 2815 1425 venias,
2853 1366 2915 1414 ut
2945 1358 3000 1413 in
3026 1357 3317 1428 priesentia
3346 1358 3568 1414 illorum
3608 1374 3743 1428 ρη-

2162 1450 2367 1507 dictum
2412 1448 2756 1520 privilegium
2803 1447 3118 1514 confirmes,
3150 1454 3205 1502 et
3239 1446 3320 1503 sic
3358 1447 3414 1501 in
3456 1446 3746 1518 episcopali

2164 1527 2340 1599 cilicio
2375 1541 2678 1609 restitutus,
2710 1539 3002 1612 adjuvante
3031 1538 3283 1606 Domino,
3309 1539 3576 1609 pepulum
3601 1547 3746 1591 tuum

2164 1635 2347 1690 valeas
2367 1633 2660 1689 consolari.
2693 1631 2767 1688 De
2805 1639 3001 1687 cietero
3048 1630 3445 1685 fraternitatem
3484 1639 3632 1684 tuam
3656 1646 3748 1699 pa-

2167 1736 2323 1782 terno
2345 1725 2562 1792 affectu,
2588 1739 2698 1796 quo
2718 1739 2838 1778 eam
2867 1723 3267 1793 amplectimur,
3296 1721 3661 1776 admonemus
3686 1735 3751 1774 ne

475 1821 682 1887 omnia,
709 1822 854 1878 sicut
880 1824 1081 1893 scripta
1105 1832 1329 1892 sunt,ut
1353 1833 1717 1880 memoratum
1742 1812 2060 1882 'cmnobium
2093 1823 2136 1877 Β
2164 1818 2499 1889 improbitati
2534 1817 2619 1872 vel
2664 1815 2870 1871 levitati
2906 1814 3234 1869 clericorum
3274 1821 3502 1868 tuorum
3524 1811 3751 1868 ulterius

474 1919 630 1966 t'ium
657 1928 771 1985 per,
797 1914 1203 1971 succedentium
1227 1924 1536 1987 temporum
1564 1917 1839 1975 curricula
1871 1933 2065 1974 secure

475 2018 542 2057 ac
567 2002 685 2058 sine
710 2005 1084 2076 inquietudine
1107 2006 1336 2063 firmiter
1355 2016 1410 2063 et
1449 2008 1766 2065 inconvulse
1798 2009 2062 2077 obtineat,

474 2096 776 2165 apostolica
803 2099 1127 2154 auctoritate
1166 2100 1589 2156 corroborantes
1616 2101 1908 2158 statuimus
1938 2103 2065 2157 nul-

477 2185 589 2241 lum
639 2203 853 2260 regum,
902 2189 986 2244 vel
1020 2189 1451 2264 imperatorum,
1499 2192 1804 2248 antistitum
1851 2193 2063 2249 nullum

476 2293 806 2355 quacunque
865 2282 1190 2338 auctoritate
1244 2284 1567 2354 prteditum,
1616 2284 1701 2339 vel
1753 2285 2062 2356 quempiam

475 2369 645 2448 alium
685 2371 884 2428 audere
928 2373 995 2428 de
1028 2373 1115 2430 his
1161 2389 1286 2445 qua:
1323 2376 1501 2431 eidem
1540 2376 1835 2431 venerabili
1879 2377 2003 2432 loco
2033 2393 2064 2433 a

382 2505 389 2509 .
476 2461 810 2532 quibuslibet
835 2464 1150 2521 hominibus
1184 2465 1252 2522 de
1292 2467 1516 2538 proprio
1542 2467 1669 2538 jure
1700 2466 1816 2538 jam
1861 2468 2063 2524 donata

477 2563 635 2623 sunt,
657 2556 738 2611 vel
772 2557 827 2611 in
866 2554 1132 2625 futurum,
1176 2557 1288 2614 Deo
1333 2559 1648 2626 miserante,
1685 2558 2062 2628 conferentur,

475 2638 582 2700 sub
618 2645 908 2717 cujuslibet
928 2665 1064 2704 ausu
1097 2651 1474 2707 occasionisve
1499 2651 1677 2722 specie
1704 2652 1950 2708 minuere
1973 2653 2058 2708 vel

475 2737 713 2805 auferre,
741 2739 855 2795 sive
879 2741 996 2797 suis
1019 2741 1214 2798 usibus
1237 2744 1530 2814 applicare,
1554 2743 1637 2799 vel
1665 2744 1787 2800 aliis
1811 2745 2063 2815 quamvis

477 2830 584 2902 piis
607 2830 674 2886 de
714 2831 896 2887 causis
922 2847 1022 2902 pro
1047 2849 1162 2889 sua:
1207 2834 1451 2889 avaritiae
1481 2824 1835 2890 excusatione
1869 2849 2065 2889 unice-

477 2921 626 2977 dere.
661 2920 718 2976 Si
746 2922 870 2993 quis
897 2939 1030 2979 vero
1066 2939 1276 2996 regum,
1303 2925 1672 2993 sacerdotum,
1692 2926 2061 2999 ,clericorum,

474 3013 725 3084 judicum
750 3030 819 3071 ac
841 3016 1185 3072 saecularium
1212 3004 1574 3088 personarum
1615 3017 1759 3073 hanc
1793 3017 2062 3073 constitu-

479 3105 649 3162 tionis
677 3115 882 3163 nostra:
902 3107 1156 3179 paginam
1181 3123 1506 3179 agnoscens,
1533 3115 1724 3164 contra
1746 3124 1867 3164 eam
1893 3118 2064 3164 teme—

2164 1911 2419 1968 credulus
2448 1910 2682 1977 existas,
2721 1908 2815 1966 sed
2841 1908 3006 1975 meis,
3031 1907 3125 1978 qui
3152 1914 3225 1975 te,
3268 1922 3379 1961 non
3410 1914 3527 1973 tua,
3567 1905 3749 1977 diligo,

2165 2004 2347 2076 potius
2378 2020 2542 2076 quam
2588 2002 2803 2058 illorum
2843 2002 3089 2058 consiliis
3130 2000 3469 2071 acquiescas.
3514 1998 3668 2066 Quod
3708 2018 3733 2056 s

2166 2097 2379 2165 feceris,
2406 2097 2548 2154 scias
2569 2095 2812 2168 profecto
2841 2096 2994 2167 quod
3020 2112 3122 2151 nos
3146 2093 3445 2151 Ecclesiam
3487 2094 3587 2149 tibi
3609 2111 3754 2149 com-

2164 2188 2390 2244 missam
2410 2187 2789 2259 przejudicium
2826 2186 3100 2243 sustinere
3123 2185 3439 2240 nullatenus
3461 2185 3753 2256 patiemur.

2164 2282 2387 2338 Interim
2420 2290 2601 2337 autem
2634 2280 2751 2338 sine
2784 2280 2936 2335 omni
2977 2277 3353 2350 inquietudine
3389 2285 3448 2333 et
3482 2277 3755 2332 discordia

2163 2381 2337 2437 voset
2357 2372 2527 2428 abbas
2557 2371 2870 2427 Clunieusis
2896 2370 3118 2442 pacifice
3151 2370 3440 2435 maneatis,
3464 2369 3646 2423 donec
3666 2383 3757 2423 co-

2164 2480 2283 2518 ram
2308 2463 2516 2519 vicario
2544 2462 2732 2518 Diensi
2755 2462 3013 2532 episcopo
3045 2459 3360 2531 hujusmodi
3382 2460 3452 2516 lis
3474 2460 3759 2531 religiosa-

2167 2570 2287 2610 rum
2328 2568 2690 2625 personarum
2721 2551 2952 2607 consilio
2992 2550 3353 2617 terminetur;
3403 2558 3521 2616 aut,
3549 2550 3598 2604 si
3630 2548 3758 2602 illul

2165 2659 2272 2699 non
2301 2643 2540 2714 potuerit
2567 2641 2839 2710 fieri,nos,
2863 2649 3092 2711 utraque
3112 2647 3264 2711 parte
3284 2648 3481 2695 vocata
3504 2647 3564 2695 et
3594 2654 3758 2694 causa

2164 2724 2453 2809 diligenter
2478 2736 2752 2802 discussa,
2776 2732 3072 2789 auxiliante
3097 2733 3272 2804 gratia
3298 2730 3416 2798 Dei,
3439 2731 3609 2787 ﬁnem
3630 2746 3763 2787 con-

2164 2845 2362 2901 gruum
2406 2828 2686 2899 imponere
2708 2827 3006 2881 valeamus.
3051 2823 3249 2883 Clerici
3274 2833 3458 2879 autem
3483 2823 3604 2894 qui,
3648 2823 3759 2893 spio

2164 2921 2273 2976 ritu
2302 2919 2569 2992 superbire
2598 2917 2767 2986 ducti,
2801 2925 2991 2974 contra
3030 2917 3269 2988 legatum
3301 2922 3556 2970 nostrum
3597 2913 3759 2968 Alba-

2164 3025 2391 3067 nensem
2429 3009 2744 3080 episcopum
2784 3007 2998 3063 turbam
3030 3005 3295 3072 fecerunt,
3319 3013 3375 3059 et
3395 3003 3761 3074 archiepisco-

2164 3115 2296 3171 pum
2319 3098 2684 3154 Viennensem
2710 3096 2975 3152 Cluniaco
2997 3103 3353 3150 revertentem
3375 3092 3579 3148 ablatis
3599 3093 3761 3147 rebus

481 3197 631 3252 rario
665 3211 802 3253 ausu
846 3199 1032 3255 venire
1076 3200 1386 3269 tentaverit,
1431 3201 1744 3257 admonitus
1777 3198 1973 3268 semel,
2016 3198 2138 3257 etC
2170 3189 2286 3246 suis
2306 3188 2701 3244 contumeliose
2726 3188 3065 3253 invaserunt,
3086 3185 3227 3257 apud
3248 3184 3582 3241 Cluniacum
3603 3184 3759 3239 nudis

482 3288 680 3345 iterum
705 3306 880 3361 usque
912 3292 1072 3347 tertio
1105 3307 1202 3362 per
1230 3279 1629 3349 convenientes
1655 3300 1844 3359 testes,
1877 3294 1923 3349 si
1959 3309 2069 3348 non

482 3380 794 3452 resipuerit,
820 3390 983 3453 atque
1011 3383 1283 3454 pnedictae
1308 3370 1566 3463 Ecclesiae
1588 3400 1697 3441 non
1725 3372 2070 3455 satisfecerit,
2102 3436 2105 3443 .

482 3472 772 3542 potestatis
800 3473 1136 3544 honorisque
1178 3476 1265 3530 sui
1288 3476 1550 3547 dignitate
1578 3484 1781 3544 careat,
1807 3494 2074 3548 reumque

484 3577 545 3618 se
587 3561 774 3618 divino
810 3564 1020 3634 judicio
1052 3566 1287 3621 existere
1328 3567 1395 3622 de
1432 3550 1741 3638 perpetrata
1788 3569 2075 3641 iniquitate

483 3663 797 3725 cognoscat.
824 3657 895 3711 At
923 3657 1028 3713 nisi
1056 3673 1122 3714 ea
1147 3673 1272 3729 qua:
1317 3660 1388 3714 ab
1423 3660 1517 3714 illo
1544 3668 1674 3716 sunt
1708 3642 1857 3715 male
1892 3662 2072 3718 ablata

486 3745 806 3814 restituerit,
828 3748 913 3803 vel
937 3736 1100 3820 digna
1128 3750 1448 3821 pmnitentia
1480 3751 1667 3807 illicite
1693 3760 1812 3808 acta
1839 3753 2073 3809 deﬂeve-

484 3836 578 3904 rit,
608 3852 639 3893 a
674 3838 1047 3896 sacratissimo
1070 3857 1300 3913 corpore
1326 3852 1390 3899 et
1418 3844 1685 3915 sanguine
1714 3844 1931 3918 Domini
1968 3845 2075 3903 Re-

485 3926 788 4000 demptoris
818 3932 995 3986 nostri
1035 3929 1164 3988 Jesu
1199 3932 1404 3990 Christi
1443 3934 1655 3991 alienus
1684 3934 1798 4002 flat,
1826 3945 1990 4011 atque
2018 3938 2073 3993 in

486 4026 733 4075 extremo
754 4024 1006 4079 examine
1029 4024 1290 4095 districta:
1315 4026 1507 4082 ultioni
1526 4026 1825 4096 subiaceat.
1848 4028 2074 4086 Cunctis

486 4119 670 4169 autem
694 4113 870 4172 eidem
894 4116 1014 4172 loco
1033 4118 1183 4187 justa
1220 4119 1566 4193 servantibus
1604 4118 1677 4174 sit
1714 4135 1819 4190 pax
1859 4118 2075 4176 Domini

488 4203 663 4269 nostri
702 4203 832 4262 Jesu
866 4207 1095 4277 Christi,
1131 4219 1403 4282 quatenus
1441 4220 1495 4267 et
1536 4210 1626 4266 hic
1653 4210 1893 4268 fructum
1922 4212 2076 4269 bona:

487 4294 721 4351 actionis
774 4298 1104 4369 percipiant,
1166 4308 1223 4356 et
1277 4301 1423 4371 apud
1475 4300 1784 4357 districtum
1835 4302 2075 4372 judicent

312 4420 315 4425 -
486 4386 710 4455 praemia
736 4397 954 4444 aeterna:
980 4390 1134 4460 pacis
1160 4391 1456 4447 inveniant.

559 4475 755 4532 Datum
796 4477 1052 4534 Laterani
1092 4497 1143 4534 tv
1179 4479 1321 4536 Non.
1354 4481 1528 4537 Martii
1561 4500 1657 4554 per
1695 4499 1892 4539 manus
1929 4481 2074 4540 Petri

2170 3280 2399 3353 pedibus
2427 3289 2554 3335 ante
2606 3279 2779 3333 altare
2818 3278 2995 3334 sancti
3021 3276 3169 3332 Petri
3197 3275 3563 3343 satisfaciant,
3608 3283 3665 3331 et
3685 3276 3761 3330 sic

2172 3370 2474 3427 emendatis
2507 3370 2757 3426 moribus
2781 3369 3156 3425 absolvantur.
3181 3368 3403 3438 Absque
3428 3368 3582 3424 data.

2895 3488 3029 3546 LVI.

2175 3583 2414 3656 Gregorii
2447 3582 2560 3639 VII
2580 3581 2805 3657 epistola
2837 3582 2906 3637 ad
2928 3581 3208 3666 canonico:
3238 3577 3295 3635 S.
3337 3577 3566 3634 Martini
3594 3575 3758 3631 Turo—

2865 3669 3063 3707 nens“.

2757 3744 2938 3816 (Anno
2982 3741 3111 3797 l08l
3131 3741 3171 3813 .)

2418 3835 2679 3911 [Mantua
2706 3834 2903 3890 Annal.
2940 3832 2997 3889 S.
3027 3833 3225 3888 Bened.
3252 3829 3317 3901 V,
3346 3829 3511 3905 176.]

2242 3951 2552 4007 Gnsconws
2575 3950 2886 4020 episcopus,
2913 3964 3105 4004 servus
3135 3960 3420 4003 servorum
3450 3943 3570 4013 Dei,
3601 3960 3761 4002 cano.

2175 4043 2314 4099 uicis
2341 4041 2530 4098 Sancti
2557 4041 2775 4097 Martini
2808 4040 3169 4095 Turonensis.

2244 4132 2383 4200 Quia
2427 4132 2620 4203 legatis
2647 4130 2854 4187 nostris
2883 4139 2939 4186 et
2974 4129 3390 4201 archiepiscopo
3439 4136 3631 4184 vestro
3658 4138 3760 4182 non

2174 4223 2415 4290 obedire,
2452 4222 2547 4278 sed
2593 4222 2818 4291 insuper
2851 4236 2978 4276 eum
3013 4219 3289 4290 expulisse
3330 4217 3672 4284 audivimus,
3712 4226 3765 4271 et

2173 4314 2242 4369 ab
2263 4315 2343 4379 eis
2369 4329 2464 4369 vos
2485 4327 2609 4371 esse
2636 4311 3145 4368 excommunicatos
3183 4311 3254 4365 ob
3283 4309 3501 4379 culpam
3526 4316 3761 4363 vestram

2104 4442 2105 4445 η
2174 4404 2484 4470 didicimus,
2532 4402 2737 4458 ideirco
2770 4401 3002 4457 salutem
3040 4408 3096 4455 et
3137 4397 3495 4470 apostolicam
3539 4396 3763 4452 benedi-

2174 4498 2412 4552 ctionem
2438 4486 2665 4551 mittere
2693 4494 2814 4549 ausi
2837 4508 2949 4547 non
2975 4490 3200 4557 fuimus,
3223 4489 3382 4560 cujus
3404 4488 3481 4543 rei
3514 4486 3761 4558 iniignos

488 4569 547 4624 S.
573 4560 832 4626 Romana:
850 4571 1104 4628 Ecclesia:
1126 4560 1445 4646 presbyteri,
1473 4576 1765 4633 cardinalis
1789 4593 1853 4633 ac
1877 4577 2073 4633 biblio-
2106 4560 2150 4631 ἶ)
2179 4604 2275 4645 γωδ
2311 4589 2546 4644 existere
2569 4585 2815 4658 profecto
2845 4585 2969 4655 plus
2988 4583 3145 4638 vobis
3178 4581 3281 4652 ipsi
3311 4580 3584 4636 dolemus.
3630 4576 3760 4633 Nam
3786 4588 3789 4589 '

485 4660 737 4730 thecarii,
781 4677 927 4717 anno
958 4678 1015 4718 rx
1054 4664 1404 4746 pontificatus
1442 4665 1507 4721 D.
1557 4665 1718 4739 Greg.
1758 4665 1850 4722 VII
1894 4682 2067 4739 papae,

487 4752 675 4809 iudict.
708 4771 782 4823 ιν,
811 4755 967 4811 l081.
1451 4790 1455 4794 -
1533 4787 1537 4791 -
1762 4786 1771 4792 ς

1234 4881 1347 4939 LV.

490 4968 735 5058 Epistoia
756 4970 994 5045 Gregorii
1032 4973 1144 5058 γιζ
1162 4976 1233 5030 ad
1260 4974 1608 5058 Lartdricum,
1633 4974 2070 5058 Matisconenscm

560 5045 1384 5170 criiitéﬁonfirrnaudis
1406 5064 1497 5118 per
1509 5064 1627 5103 cum
1644 5045 1931 5118 privilegiis
1954 5046 2077 5103 Ciu-

530 5163 535 5167 .
1017 5134 1102 5172 ue.
1196 5154 1202 5158 η
1324 5154 1328 5157 -

1088 5210 1269 5281 (Anno
1305 5212 1491 5284 4081.)

847 5298 858 5358 1
886 5297 1191 5354 Baliarium
1210 5301 1572 5358 Cluniacense.
1597 5302 1724 5358 ΞΜ

2177 4678 2224 4734 si
2256 4678 2567 4732 animarum
2612 4686 2916 4731 vestrarum
2960 4687 3150 4728 curam
3195 4670 3478 4742 gererctis,
3539 4667 3761 4724 omnino

2078 4786 2081 4791 ‘
2177 4785 2279 4826 nec
2325 4768 2456 4823 illud
2498 4781 2847 4837 praesumere,
2893 4780 2995 4820 nec
3036 4771 3164 4835 post
3195 4761 3461 4833 flagitium
3488 4760 3680 4815 tandiu
3709 4759 3758 4812 in

2177 4859 2593 4932 imptnnitudine
2650 4872 2872 4913 manere
2924 4855 3217 4912 consilium
3263 4851 3561 4908 haberetis.
3612 4848 3756 4917 Qua-

2179 4953 2401 5029 propter
2431 4962 2656 5025 paterna
2698 4967 2798 5007 vos
2828 4949 3162 5006 allocutione
3204 4954 3493 5002 monentes
3512 4961 3581 4999 ex
3613 4952 3760 5014 parte

2177 5048 2238 5104 Β.
2279 5047 2424 5103 Petri
2447 5045 2793 5117 praecipimus
2826 5050 2887 5097 ut
2916 5042 2984 5097 de
3007 5049 3159 5097 tanto
3196 5038 3441 5095 facinore
3469 5036 3633 5107 digne
3677 5050 3758 5089 sa-

2178 5139 2532 5205 tisfacientes,
2573 5136 2890 5207 praedictum
2932 5132 3155 5189 fratrem
3196 5139 3449 5187 nostrum
3498 5123 3758 5195 archiepi-

2178 5244 2402 5301 scopum
2438 5228 2513 5284 ad
2546 5224 2845 5283 Ecclesiam
2894 5238 3050 5280 suam
3091 5236 3217 5277 cum
3264 5220 3475 5275 honore
3510 5217 3759 5274 reducere

2179 5320 2513 5358 ηιιΜιιιιοΙίεσ
2547 5333 2611 5358 ορ
2651 5317 2908 5358 Aliunan
2950 5314 2999 5358 ρί
3023 5312 3379 5358 muter-malem-
3411 5310 3561 5358 sicut
3591 5309 3752 5358 decet.
