3972 5390
1430 331 1494 417 ἑ.
1534 332 1864 419 caecout:
1902 336 1994 415 vn
2034 358 2236 417 parm
2277 356 2557 417 orsum:
2599 354 2779 416 mus
2815 336 2915 416 ti.’

3661 348 3779 415 τιδι’

507 515 575 557 ac
620 498 824 556 erroris
874 477 1099 568 laqueos
1140 502 1456 562 evaserunt,
1511 496 1704 552 eodem
1753 495 1981 567 juvantc
2030 498 2086 552 in
2118 478 2162 535 Α
2187 477 2297 534 “iis
2332 478 2443 534 δίηῑ
2473 475 2648 533 forma
2681 485 2735 533 εί
2770 475 2976 568 regula:
3011 482 3072 568 υξ
3100 473 3150 568 ﬁl
3179 473 3311 568 illi“
3356 472 3412 568 ill
3442 472 3523 529 eis
3550 490 3613 535 εἰ
3658 475 3781 530 δυ(

505 588 976 663 (Σίιτίεϋαηωίὶάεἱ
998 587 1188 658 vigore
1208 600 1272 641 ac
1296 585 1577 665 religionis
1604 586 1963 657 amplitudine
1993 602 2091 657 per

507 689 711 737 nostra:
736 676 1088 749 benignitatis
1106 676 1346 732 studium
1364 717 1380 744 ,
1402 692 1467 732 ac
1484 676 1732 732 tuitionis
1754 678 2091 746 adjutorium

508 766 689 839 magis
735 782 800 822 ac
836 765 1010 837 magis
1062 780 1379 821 excrescere
1423 764 1640 821 valeant
1678 765 1848 838 (417).
1886 766 2091 834 Quam-

448 933 459 945 .
508 862 719 925 obrem,
752 857 1078 916 charissime
1114 856 1285 914 frater
1332 857 1592 927 Alcberi,
1642 856 2088 923 Panormitanam

509 950 808 1007 Ecelesiam
835 950 925 1007 cui
956 957 1035 1018 tu,
1059 948 1295 1007 Domino
1340 959 1585 1019 auctore,
1621 967 1859 1023 praeesse
1899 950 2093 1023 digno-

506 1042 705 1109 sceris,
733 1057 856 1113 quae
879 1038 1153 1112 quondam
1178 1041 1379 1107 nobilis
1405 1050 1459 1097 et
1481 1040 1721 1110 famosa,
1741 1042 2092 1114 postmodum

505 1134 743 1204 peccatis
788 1134 1131 1206 exigentibus
1181 1134 1238 1188 in
1274 1131 1717 1191 Sarracenorum
1768 1142 2094 1205 potestatem

507 1224 899 1296 perﬁdiamque
931 1225 1170 1291 redacta,
1195 1239 1342 1280 nunc
1372 1239 1562 1279 revera
1602 1222 1673 1278 ad
1719 1213 2095 1280 Christianam

509 1317 667 1376 tidem
704 1318 892 1373 labore
911 1317 997 1373 vel
1028 1317 1295 1373 instantia
1322 1316 1421 1372 lilii
1457 1317 1633 1375 nostri
1678 1316 1904 1389 gloriosi
1938 1317 2095 1373 ducis

509 1407 756 1472 Boberti,
783 1406 1017 1462 Domino
1047 1408 1326 1476 innuente,
1351 1422 1615 1464 conversa
1641 1416 1754 1474 est,
1802 1415 1855 1463 te
1906 1416 2096 1479 postu-

506 1499 652 1555 lante
704 1496 986 1569 privilegio
1020 1497 1333 1567 apostolica
1356 1497 1702 1554 liberalitatis
1747 1495 1950 1564 fulciri,
1994 1512 2097 1554 nos

512 1597 622 1647 tam
654 1588 819 1659 justze
873 1588 1156 1659 petitionis
1196 1589 1401 1657 intuitu
1445 1604 1612 1660 quam
1662 1589 1830 1643 etiam
1885 1586 2097 1659 praefati

507 1682 665 1746 ducis
695 1697 902 1749 amore,
939 1698 1102 1753 quem
1134 1683 1187 1738 id
1224 1683 1433 1739 scimus
1462 1693 1675 1754 optare,
1718 1698 1939 1754 cupere,
1973 1674 2099 1756 graé

509 1784 687 1831 tanter
723 1774 1096 1841 concedimus,
1120 1775 1413 1833 tribuimus
1440 1786 1604 1847 atque
1634 1777 1916 1848 largimur.
1950 1777 2098 1847 Apo—

508 1866 700 1933 stolica
730 1866 896 1938 igitur
923 1868 1247 1923 auctoritate
1275 1867 1668 1931 confirmamus
1703 1868 1878 1926 eidem
1912 1868 2096 1926 Eccle-

507 1959 608 2015 sia:
631 1968 686 2015 et
719 1974 815 2030 per
844 1975 968 2017 eam
1004 1961 1125 2029 tibi,
1160 1962 1429 2034 quidquid
1463 1962 1747 2036 dignitatis
1792 1964 2097 2035 antiquitus

507 2050 748 2107 tenuisse
781 2053 1063 2122 probatur,
1100 2053 1155 2107 id
1182 2062 1267 2111 est
1309 2068 1502 2110 omnes
1543 2055 1663 2125 ejus
1722 2055 2096 2128 sull‘raganeos

506 2141 872 2213 episcopatus,
891 2144 975 2213 vel
997 2143 1043 2199 si
1065 2145 1182 2215 qui,
1210 2145 1506 2203 destructis
1528 2146 1658 2216 illis,
1684 2147 1738 2202 in
1759 2163 1949 2204 eorum
1972 2148 2097 2208 loco

508 2237 697 2295 statuti
729 2246 876 2305 sunt,
907 2238 1013 2306 vel,
1043 2239 1344 2309 opitulante
1383 2239 1639 2309 Domino,
1673 2249 2001 2311 statuentur,
2038 2253 2098 2300 ut

509 2328 567 2383 in
596 2329 837 2400 przefatte
867 2340 975 2389 tute
998 2332 1245 2388 ecclesiae
1283 2333 1573 2403 pristinam
1613 2333 1838 2397 redeant
1857 2345 2099 2406 potesta-

508 2427 652 2487 tem;
679 2420 901 2491 insuper
926 2421 1191 2493 quidquid
1212 2426 1582 2494 possessionis
1610 2443 1709 2498 per
1728 2430 1963 2500 regalem
1988 2431 2099 2488 lar-

505 2515 773 2584 gitionem
820 2525 875 2577 et
920 2517 1129 2588 justam
1167 2520 1581 2578 concessionem
1631 2520 1936 2593 antiquitus
1995 2522 2097 2578 ha-

510 2608 715 2675 buisse,
746 2624 811 2667 ac
835 2611 1100 2681 quidquid
1125 2611 1304 2682 (quod
1332 2612 1562 2681 justitiae
1593 2629 1702 2668 non
1736 2614 2096 2687 contradicit)

510 2698 754 2768 antiquis
775 2700 1217 2770 superaddidisse
1244 2702 1605 2773 dignoscitur.
1814 2742 1817 2747 η

580 2776 813 2834 Proinde
829 2780 1113 2850 praesentis
1136 2781 1483 2838 auctoritatis
1503 2792 1704 2838 nostra:
1727 2782 1966 2850 decreto,
1985 2792 2095 2840 tam

510 2870 864 2937 praesentium
889 2888 1054 2943 quam
1085 2883 1139 2927 et
1162 2871 1471 2929 futurorum
1512 2875 1761 2931 omnium
1813 2874 2096 2932 hominum

510 2963 872 3029 temeritatem
948 2974 1264 3022 eoercentes
1288 3007 1305 3033 ,
1369 2966 1744 3023 interdicendo
1804 2966 2099 3025 statuimus

511 3053 722 3109 nullum
755 3057 1063 3131 regum,ch
1085 3056 1498 3127 imperatorum,
1527 3058 1857 3127 antistitum,
1882 3060 2093 3115 nullum

2190 586 2353 626 mana
2398 569 2689 640 fragilitate
2740 565 3166 638 reprehensibile
3209 565 3649 636 deprehenditur,
3687 567 3775 623 iné

2191 658 2330 714 tuitu
2382 667 2584 714 sanetae
2637 656 3076 713 conversationis
3119 664 3231 711 tusc
3284 656 3351 711 ad
3394 655 3773 711 rectitudinem

2191 749 2525 806 sinceritatis
2553 748 2862 820 corrigatur
2882 744 3133 818 ;‘quibus
3165 746 3246 802 sic
3277 745 3502 802 studeas
3549 746 3775 816 dispen-

2192 842 2422 898 sationis
2448 840 2575 912 jura
2609 840 2881 895 moderari
2906 839 2962 893 in
2991 837 3329 911 corrigendis
3357 836 3529 905 vitiis,
3554 845 3615 892 ut
3656 837 3777 892 zelo

2193 932 2536 989 rectitudinis
2576 930 2811 998 ferveas,
2854 938 2911 986 et
2962 929 3187 986 modum
3251 929 3621 1000 temperantia:
3664 942 3775 983 non

2192 1025 2457 1093 excedas;
2486 1032 2560 1092 et,
2596 1032 2659 1080 ut
2686 1022 2878 1096 paucis
2919 1022 3090 1078 multa
3134 1020 3492 1093 explicemus,
3514 1016 3775 1091 quidquid

2194 1117 2250 1183 in
2300 1127 2616 1175 sanctorum
2667 1114 2893 1171 Patrum
2943 1113 3105 1170 dictis
3137 1112 3363 1184 reperis,
3390 1111 3459 1166 ad
3506 1120 3674 1176 tuam,
3721 1118 3778 1163 ct

2194 1222 2408 1273 eorum,
2439 1205 2533 1277 qui
2567 1204 2663 1260 tibi
2689 1202 3018 1271 subduntur,
3047 1202 3308 1257 utendum
3356 1216 3582 1277 censeas
3611 1199 3777 1255 azdili-

2195 1298 2464 1354 cationem
2481 1315 2495 1365 ;
2517 1305 2806 1367 quatenus,
2820 1293 3165 1351 documentis
3177 1292 3287 1349 tuis
3306 1290 3579 1357 instructi,
3596 1291 3774 1345 sedem

2195 1388 2326 1443 boni
2349 1386 2595 1443 Pastoris
2625 1394 2801 1442 tecum
2828 1385 3043 1440 valeant
3074 1382 3401 1455 pertingere,
3429 1388 3484 1436 et
3510 1386 3778 1451 perpetua:

2196 1479 2321 1537 vita;
2355 1478 2666 1549 felicitatem
2695 1477 2991 1549 percipere.
3060 1512 3061 1515 η

2268 1570 2468 1626 Datum
2518 1570 2737 1639 Romae,
2760 1585 2849 1623 xvi
2893 1567 3011 1622 Kal.
3045 1565 3191 1633 Maii,
3218 1580 3316 1635 per
3340 1577 3565 1619 manum
3590 1560 3797 1631 Benja-_

2199 1664 2344 1731 min,
2369 1662 2644 1736 fungentis
2678 1661 2796 1717 vice
2834 1659 2980 1716 Petri
3010 1665 3210 1713 sancta:
3236 1656 3501 1711 Romanae
3530 1648 3780 1708 Ecclesiae.

2199 1757 2440 1829 presbyt.
2473 1754 2738 1812 cardinal.
2771 1761 2825 1808 et
2858 1748 3280 1813 bibiiotbecarii,
3304 1762 3452 1802 anno
3480 1743 3778 1799 Dominica:

2198 1846 2595 1907 Incarnationis
2624 1844 2781 1912 1085,
2806 1852 2959 1916 pont.
2983 1857 3112 1898 vero
3142 1838 3351 1923 domini
3401 1836 3654 1923 Gregorii
3690 1832 3799 1911 ΥΠ¹

2196 1956 2351 2013 papa:
2383 1953 2530 1995 anno
2560 1955 2615 2006 κ,
2644 1937 2831 1993 indict.
2856 1951 2909 1991 v.
3316 1920 3319 1923 ἰ

2240 2098 2246 2105 ι
2920 2024 3054 2080 LXI.
3712 2088 3717 2095 ,

2236 2123 2478 2197 Gregorii
2510 2119 2621 2178 VII
2649 2119 2983 2192 privilegium
3013 2132 3108 2187 pro
3137 2114 3359 2170 ecclesia
3391 2111 3448 2168 S.
3480 2110 3742 2179 Quintilii.

2801 2210 2982 2283 (Anno
3006 2206 3192 2281 1085.)
3386 2274 3387 2277 η

2397 2303 2668 2380 [Guiberti
2696 2302 2872 2375 Opera
2902 2301 2988 2356 ed.
3015 2297 3305 2364 D’Acnenv,
3340 2310 3393 2366 p.
3428 2291 3585 2366 600.]

2270 2376 2581 2461 Caesonius
2606 2396 2804 2452 dilecto
2826 2392 2881 2447 in
2912 2390 3134 2448 Christo
3157 2389 3267 2444 filio
3297 2386 3468 2453 ivoxt,
3492 2376 3779 2457 praeposito

2198 2491 2443 2548 ecclesia:
2478 2488 2536 2545 8.
2567 2486 2835 2556 Quintini,
2860 2485 2979 2540 sitae
3014 2481 3066 2536 in
3102 2480 3421 2552 episcopatu
3449 2475 3777 2538 Beivacensi.

2200 2587 2426 2658 suisque
2457 2581 2872 2642 successoribus
2898 2577 3221 2651 regulariter
3233 2573 3646 2648 promovendis.

2271 2677 2533 2749 Supernae
2551 2672 2920 2732 miserationis
2947 2677 3215 2742 respectu,
3242 2667 3308 2723 ad
3329 2668 3437 2722 hoc
3458 2664 3780 2720 universalis

2197 2766 2456 2832 Ecclesiae
2487 2781 2678 2822 curam
2717 2762 3059 2835 suscepimus
3103 2768 3157 2817 et
3193 2757 3482 2830 apostolici
3535 2756 3783 2812 modera-

2200 2858 2365 2914 minis
2389 2855 2807 2913 sollicitudincm
2850 2853 3110 2925 gerimus,
3156 2857 3217 2906 ut
3252 2847 3420 2920 justis
3445 2847 3779 2918 precantium

2164 2950 2341 3006 'votis
2386 2957 2592 3006 attenta
2640 2946 2974 3019 benignitate
3021 2941 3343 3008 faveamus,
3393 2947 3449 2995 et
3500 2936 3782 2993 libramine

2197 3041 2473 3112 aequitatis
2505 3036 2760 3094 omnibus
2797 3037 2850 3090 in
2886 3034 3213 3091 necessitate
3244 3031 3461 3103 positis,
3495 3039 3779 3101 quantum,

511 3122 846 3227 quacunque
894 3122 1179 3221 dignitate—
1210 3122 1520 3221 praeditum,
1575 3151 1661 3207 vel
1705 3122 2096 3223 quemcunque
2123 3155 2164 3213 C
2198 3132 2432 3189 θοῐηίηο
2472 3131 2730 3227 {100mm,
2767 3142 3084 3199 PossumIIS,
3132 3124 3435 3227 subvenire
3466 3122 3777 3227 debeamus.

513 3236 704 3303 alium,
743 3238 943 3295 audere
983 3239 1050 3295 de
1080 3239 1151 3296 iis
1179 3256 1302 3311 quae
1325 3242 1503 3297 eidem
1532 3241 1788 3299 Ecclesiae
1809 3259 1841 3299 a
1868 3244 2097 3315 quibus-

512 3328 642 3384 libet
663 3329 981 3386 hominibus
1007 3330 1075 3387 de
1106 3333 1328 3403 proprio
1345 3333 1470 3404 jure
1486 3335 1602 3405 jam
1622 3334 1825 3390 donata
1852 3344 1999 3401 sunt,
2013 3335 2096 3390 vel

513 3420 569 3475 in
633 3419 880 3504 futurum
943 3421 1320 3493 conferentur,
1370 3423 1586 3482 auferre
1635 3426 1720 3479 vel
1769 3424 2093 3483 diminuere.

515 3508 781 3569 Prreterea
804 3510 1133 3567 fraternitati
1156 3522 1264 3577 tua:
1289 3515 1439 3585 pallii
1475 3531 1637 3572 usum
1669 3515 1968 3573 secundum
2000 3532 2098 3573 an-

516 3601 732 3675 tiquum
768 3601 1030 3660 Ecclesiae
1081 3613 1189 3685 tuae
1242 3621 1450 3662 morem
1496 3607 1877 3675 concedimus,
1928 3618 1988 3663 ut
2032 3624 2099 3665 eo

516 3696 658 3769 inter
689 3694 983 3763 missarum
1010 3697 1275 3753 solemnia
1303 3698 1391 3754 his
1412 3699 1679 3755 duntaxat
1713 3698 2099 3757 festivitatibus

516 3788 712 3855 utaris,
729 3789 999 3858 videlicet,
1015 3787 1310 3846 Nativilate
1332 3774 1570 3859 Domini,
1588 3788 1880 3846 festivitate
1907 3789 1963 3845 s.
1981 3790 2100 3845 Stc-

516 3878 703 3950 phani,
755 3878 1083 3951 Epiphania,
1114 3896 1271 3937 coena
1327 3878 1541 3955 Domini
1585 3878 1663 3951 (in
1701 3877 1789 3941 die.
1830 3877 2096 3951 Pascbae),

516 3969 870 4039 Aseensione,
922 3970 1261 4039 Pentecoste,
1312 3980 1369 4028 et
1416 3981 1653 4044 quatuor
1716 3970 2102 4028 festivitatibus

518 4057 578 4114 8.
608 4058 813 4127 Mariae,
838 4060 1120 4117 nativitate
1151 4062 1208 4116 8.
1242 4060 1473 4118 Joannis
1505 4060 1789 4133 Baptistae,
1842 4062 2102 4118 natalitiis

516 4148 925 4232 apostolorum,
958 4147 1015 4205 S.
1049 4148 1359 4219 Laurentii;
1412 4151 1467 4205 in
1512 4148 1806 4206 festivitate
1842 4147 2101 4207 Omnium
2134 4204 2135 4207 η

519 4238 872 4309 Sanctorum,
904 4257 1029 4313 quae
1054 4243 1363 4299 celebratur
1389 4240 1507 4299 Kal.
1533 4240 1888 4312 Novembris;
1936 4252 1991 4298 et
2015 4242 2104 4300 die

518 4340 628 4388 tua:
657 4333 1037 4402 ordinationis,
1074 4344 1128 4391 et
1170 4334 1226 4389 in
1274 4334 1659 4391 festivitatibus
1707 4328 1807 4389 SS.
1867 4349 2103 4405 quorum

512 4421 769 4500 reliquiis
799 4432 892 4479 tua
918 4424 1207 4479 decoratur
1250 4422 1517 4493 Ecclesia,
1561 4435 1723 4497 atque
1772 4425 1828 4479 in
1876 4423 2102 4480 ordina-

2195 3224 2451 3291 Proinde,
2479 3222 2786 3277 interventu
2818 3228 2874 3275 ct
2906 3225 3099 3290 rogatu
3124 3214 3421 3272 confratris
3445 3214 3631 3270 nostri
3657 3212 3779 3269 Gui-

2196 3316 2358 3372 donis
2398 3313 2743 3371 Belvacensis
2778 3312 3042 3384 episcopi,
3090 3307 3328 3383 prmfata:
3371 3307 3626 3366 ecclesia:
3659 3318 3779 3363 con-

2198 3408 2508 3475 structoris,
2542 3405 2898 3478 postulationi
2939 3412 3045 3459 tuae
3087 3411 3392 3458 annuentes
3416 3443 3432 3469 ,
3480 3401 3592 3456 sub
3628 3398 3779 3454 tutela

2196 3507 2252 3556 et
2277 3495 2593 3553 defensione
2630 3501 2836 3552 sancta
2880 3493 3026 3549 sedis
3071 3491 3386 3564 apostolicae
3410 3531 3429 3559 ,
3470 3490 3662 3546 locum
3701 3487 3780 3543 cui

2197 3604 2433 3663 praeesse
2463 3584 2822 3659 dignosceris,
2857 3583 3143 3641 ecclesiam
3181 3581 3427 3637 videlicet
3452 3574 3511 3636 S.
3544 3576 3781 3647 Quintini

2199 3677 2456 3750 martyris
2497 3675 2849 3746 suscipimus.
2894 3672 2998 3730 Cui
3037 3671 3314 3743 privilegia
3342 3668 3618 3742 ejusmodi
3657 3683 3784 3739 pra:-

2200 3770 2342 3827 senti
2384 3769 2726 3824 auctoritatis
2759 3774 2964 3822 nostra:
3009 3765 3228 3822 decreto
3255 3760 3627 3835 indulgemus,
3664 3775 3780 3815 con-

2201 3858 2447 3916 cedimus
2474 3864 2637 3929 atque
2669 3855 2952 3912 firmamus
2983 3873 2997 3910 :
3037 3861 3340 3911 statuentes
3366 3851 3580 3908 nullum
3603 3864 3784 3922 regum

2116 3959 2128 3966 ‘
2201 3952 2285 4005 vel
2329 3950 2722 4021 imperatorum
2750 3988 2767 4015 ,
2806 3944 3154 4012 antistitum,
3195 3942 3408 3998 nullum
3461 3955 3786 4012 quacunque

2201 4042 2466 4117 dignitate
2498 4039 2806 4112 pmditum,
2830 4038 2916 4095 vel
2936 4051 3268 4109 quemquam
3296 4034 3465 4089 alium
3494 4034 3702 4089 audere
3723 4030 3785 4086 de

2203 4135 2290 4192 bis
2319 4148 2452 4206 quae
2481 4132 2657 4189 eidem
2700 4128 2997 4186 venerabili
3032 4126 3156 4184 loco
3196 4143 3228 4183 a
3261 4125 3491 4199 prmfato
3533 4124 3785 4196 episcopo

2202 4225 2287 4281 vel
2310 4240 2341 4280 a
2365 4222 2701 4296 quibuslibet
2723 4220 3042 4278 hominibus
3065 4221 3133 4277 de
3162 4219 3385 4291 pr0prio
3404 4217 3531 4290 jure
3550 4216 3673 4287 jam
3695 4215 3784 4271 do-

2202 4323 2334 4370 nata
2365 4322 2535 4382 sunt,
2580 4311 2666 4368 vel
2711 4311 2766 4366 in
2808 4309 3059 4367 futurum
3104 4308 3217 4364 Deo
3263 4308 3562 4363 miserante
3589 4304 3783 4360 collata

2205 4408 2428 4477 fuerint,
2474 4407 2578 4466 sub
2617 4404 2913 4477 cujuslibet
2952 4416 3134 4459 causa:
3173 4396 3549 4456 occasionisve
3588 4394 3783 4468 specie,

500 4496 671 4591 itione
697 4516 1098 4586 episcoporum,
1125 4532 1221 4572 seu
1245 4525 1565 4572 cancrorum
1587 4485 1933 4583 clericorum,
1959 4523 2013 4572 et
2042 4517 2099 4572 in
2134 4495 2180 4551 Ῑ)
2204 4503 2452 4558 minuere
2480 4500 2566 4557 νει
2598 4497 2838 4567 autem:
2868 4497 2984 4553 δίνθ
3013 4496 3130 4553 δαῖε
3160 4494 3351 4551 “sums
3387 4491 3685 4563 applicare»
3707 4485 3783 4542 νει

518 4607 934 4662 consecratione
968 4606 1230 4663 ecclesiae.
1266 4605 1562 4663 Hortamur
1607 4607 1792 4679 itaque
1845 4606 2101 4664 fraterni-

520 4703 687 4751 tatem
721 4705 870 4775 tuam
894 4704 956 4753 ut
996 4688 1174 4752 honor
1207 4705 1371 4753 tanta:
1417 4698 1714 4773 dignitatis,
1751 4699 2099 4771 supplemen-

522 4794 639 4839 tum
678 4786 865 4859 utique
896 4788 1064 4845 totius
1088 4787 1442 4844 sacerdotalis
1471 4789 1697 4860 ordinis,
1721 4790 1969 4847 moribus
1995 4778 2103 4848 tuis

519 4877 848 4949 conveniat;
905 4888 960 4936 et
999 4897 1109 4935 non
1160 4880 1340 4936 solum
1389 4881 1667 4950 exteriori,
1705 4881 1801 4938 sed
1852 4882 2099 4939 interiori

522 4968 737 5029 homini
763 4979 858 5027 tuo
889 4971 1141 5037 decorem
1176 4981 1414 5038 prmstet,
1436 4980 1491 5029 et
1511 4975 1779 5038 gratiam;
1832 4973 2101 5038 siquidem

2206 4595 2329 4651 aliis
2353 4593 2512 4667 quasi
2546 4592 2653 4664 piis
2687 4591 2755 4647 de
2787 4588 2973 4647 causis
3002 4602 3102 4660 pro
3133 4600 3250 4643 suae
3282 4583 3525 4639 avaritiae
3556 4593 3783 4638 excusa—

2203 4687 2353 4742 tione
2392 4683 2711 4741 eoncedere.
2750 4680 2856 4737 Sed
2890 4688 3088 4737 cuncta
3135 4693 3260 4750 quae
3294 4677 3367 4732 ibi
3407 4674 3593 4756 oblata
3641 4680 3782 4739 sunt,

2204 4779 2290 4835 vel
2313 4774 2497 4835 offerri
2534 4773 2824 4847 contigerit
2851 4780 2963 4828 tam
2993 4787 3024 4828 a
3059 4780 3112 4827 te
3162 4782 3328 4841 quam
3364 4768 3435 4823 ab
3480 4768 3564 4823 eis
3596 4766 3695 4837 qui
3731 4764 3782 4818 in

2206 4877 2304 4926 tuo
2345 4865 2522 4926 ofﬁcio
2565 4865 2795 4937 locoque
2828 4860 3196 4921 successerint
3215 4901 3233 4928 ,
3269 4858 3501 4930 perenni
3547 4866 3786 4927 tempore

2205 4961 2413 5019 illibata
2439 5007 2456 5029 ,
2495 4968 2551 5015 et;
2598 4958 2718 5015 sine
2750 4954 3128 5028 inquietudine
3160 4952 3420 5009 volumus
3462 4950 3734 5023 possideri
3767 4964 3780 5001 :
