3972 5390
167 308 295 379 res
968 406 973 411 ι

896 422 1053 478 LXII.

204 527 209 531 ’
288 540 469 598 Bulla
497 538 741 612 Gregorii
765 534 875 612 γῃ
905 536 1353 612 pro_mo_nasterio
1391 534 1447 589 S.
1485 535 1674 590 Maria:

796 607 1178 663 Pinerolensis.

755 700 961 768 (Anno
1010 695 1214 768 1085.)

204 793 577 867 [Eure-lanna,
600 790 848 867 _His_toire
871 790 1246 867 οέηέαιορξιπκ
1274 789 1339 844 de
1368 788 1424 867 la_
1444 788 1650 867 ntgisou
1680 787 1744 842 de

451 855 663 928 smn,
697 855 962 929 Preuv'es,
988 855 1214 925 tom'lll,
1248 875 1371 931 pag.
1408 855 1519 929 l6.]

249 955 568 1011 Caesonius
597 954 912 1024 episcopus,
939 967 1132 1008 servus
1155 965 1442 1007 servorum
1472 948 1569 1004 Dei
1594 991 1609 1015 ,
1646 948 1780 1004 dile-

170 1065 270 1111 cto
297 1055 412 1111 ﬁlio
432 1055 729 1110 Αιιιωινιιο
759 1051 1057 1109 venerabili
1081 1052 1267 1108 abbati
1296 1051 1617 1106 monasterii
1641 1050 1781 1105 San-

171 1158 284 1204 cta:
319 1147 503 1203 Maria:
551 1147 609 1205 in
650 1145 915 1201 Pinarolo
949 1144 1256 1212 constituti,
1295 1144 1521 1215 suisque
1555 1158 1779 1200 succes-

177 1239 404 1299 scribus
426 1238 759 1315 mgulariter
782 1238 1116 1295 intrantibus
1139 1238 1195 1293 in
1221 1246 1565 1309 perpetuum.

249 1327 549 1401 Religiosis
571 1327 861 1395 desideriis
886 1335 939 1383 et
963 1325 1318 1398 petitionibus
1335 1326 1503 1396 justis
1531 1324 1781 1398 benigni-

177 1420 315 1477 tatis
354 1419 541 1476 studio
588 1434 656 1475 ac
700 1418 1093 1475 benevolentia:
1144 1432 1372 1472 munere
1414 1415 1640 1471 effectus
1686 1415 1783 1470 tri-

177 1512 431 1569 buendus
452 1517 540 1568 est
563 1552 580 1579 ,
606 1518 671 1566 ut
694 1510 826 1567 dum
860 1509 1129 1582 spirituali
1162 1508 1489 1566 auctoritate
1515 1516 1783 1579 susceptae

177 1602 613 1674 dispensationis
646 1600 899 1658 ell‘ectum
926 1599 1160 1673 peragit,
1215 1598 1348 1656 dum
1377 1596 1783 1653 venerabilibus

178 1695 321 1751 locis
344 1694 667 1766 praesidium
702 1690 1041 1751 defensionis
1074 1690 1341 1763 impendit
1373 1689 1624 1756 affectus,
1654 1689 1782 1746 inde

178 1795 452 1860 augeatur
470 1786 676 1842 divinae
700 1783 1082 1841 retributionis
1102 1782 1537 1854 meritum,quod
1567 1782 1624 1836 in
1644 1796 1782 1853 prte-
1814 1774 1857 1830 Β

179 1879 379 1935 stando
427 1877 698 1935 beneﬁcio
747 1892 858 1933 non
910 1876 1095 1932 minor
1125 1874 1293 1932 fuerit
1321 1874 1564 1932 charitas
1613 1888 1780 1944 quam

182 1980 449 2043 potestas.
492 1967 623 2026 Haec
661 1967 811 2024 enim
872 1975 927 2023 et
955 1967 1229 2024 bonorum
1280 1967 1478 2023 studiis
1538 1973 1783 2036 tempore

185 2061 511 2132 proﬁciendi
530 2060 919 2117 auctoritatem
956 2059 1178 2128 tribuit,
1213 2069 1269 2116 et
1300 2075 1441 2131 opus
1474 2059 1779 2130 proprium,

183 2152 426 2209 fructum
460 2151 842 2224 perfectionis,
893 2151 1005 2208 Deo
1028 2152 1362 2223 acceptabile
1395 2153 1590 2209 reddit.
1631 2151 1782 2220 Qua-

183 2252 403 2316 propter
452 2245 768 2316 :equitatem
790 2286 795 2292 .
820 2251 929 2301 tute
969 2243 1358 2315 postulationis
1392 2243 1736 2300 attendentes
1763 2284 1780 2311 ,

186 2334 413 2408 praefato
447 2336 786 2392 monasterio
817 2334 876 2392 S.
909 2333 1095 2392 Mariae
1133 2335 1224 2391 cui
1254 2350 1491 2406 praeesse
1540 2334 1744 2390 videris
1764 2374 1781 2401 ,

187 2428 516 2487 charissim
550 2429 629 2499 fili
665 2438 722 2485 et
755 2431 1149 2501 pramominate
1184 2429 1344 2497 abba,
1372 2445 1498 2500 cum
1523 2429 1784 2487 omnibus

188 2522 289 2579 sibi
305 2523 737 2593 pertinentibus,
757 2523 862 2579 sub
890 2530 1095 2580 sancta:
1116 2521 1380 2579 Romanae
1398 2522 1784 2594 etapostolica:

189 2615 331 2670 sedis
362 2615 534 2671 tutela
569 2623 909 2684 susceptum,
944 2614 1320 2686 interpellante
1353 2614 1680 2671 charissima
1720 2613 1779 2670 S.

191 2703 337 2761 Petri
366 2704 479 2761 ﬁlia
508 2705 795 2762 comitissa
822 2704 1096 2777 Adclayda
1140 2721 1266 2761 cum
1294 2705 1425 2772 ﬁliis
1465 2706 1618 2773 suis,
1661 2720 1785 2776 qua

189 2796 441 2857 eumdem
465 2795 841 2853 venerabilem
864 2796 1071 2864 locum,
1116 2812 1217 2867 pro
1253 2796 1624 2867 redemptione
1658 2795 1782 2851 ani-

190 2904 430 2949 mum
458 2904 805 2959 suorumque
828 2898 1142 2959 parentum,
1167 2904 1236 2945 ex
1267 2887 1505 2960 propriis
1549 2885 1782 2942 faculta-

192 2981 333 3037 tibus
362 2980 617 3039 l'undavit
649 2990 818 3052 atque
862 2980 1181 3048 constituit,
1214 2979 1470 3051 praesenti
1499 2977 1783 3050 privilegio

190 3073 502 3143 apostolica:
519 3073 866 3131 auctoritatis
897 3074 1202 3141 munimus,
1246 3082 1300 3129 et
1334 3081 1597 3144 perpetuo
1620 3073 1785 3129 robo—

190 3175 367 3222 ratum
402 3165 522 3222 fore
547 3166 868 3234 sancimus;
902 3164 1265 3239 concedentes
1307 3173 1364 3221 et
1395 3163 1784 3223 confirmantes

191 3257 357 3313 eidem
399 3258 763 3324 monasterio,
809 3273 877 3314 ac
918 3257 1039 3329 ejus
1078 3255 1367 3317 catholicis
1406 3256 1699 3313 abbatibus
1726 3258 1784 3313 in

194 3358 534 3420 perpetuum,
561 3358 676 3405 tam
716 3349 774 3407 in
808 3349 1060 3407 ecclesiis
1099 3365 1267 3420 quam
1302 3348 1360 3404 in
1391 3347 1564 3415 villis,
1614 3349 1782 3420 agris,

195 3442 385 3509 vineis,
411 3441 579 3501 cultis
605 3450 665 3497 et
693 3442 938 3508 incultis,
961 3441 1092 3499 etin
1116 3441 1374 3498 omnibus
1398 3457 1520 3511 qua:
1545 3456 1693 3497 nunc
1709 3442 1787 3497 le-

194 3534 378 3605 galiter
401 3535 777 3606 possidet,vel
794 3534 853 3590 in
870 3542 1155 3606 posterum
1171 3576 1189 3603 ,
1204 3535 1351 3606 iuste
1381 3533 1789 3604 quomodolibct

193 3624 849 3700 {possidebit},qu
872 3628 978 3685 sub
1000 3626 1303 3698 apostolica
1327 3625 1645 3693 tuitione,in
1665 3625 1788 3698 jure

195 3732 253 3773 ac
275 3717 854 3790 proprietatecpraafati
882 3717 1236 3786 monasterii,
1266 3717 1372 3775 sub
1400 3718 1667 3791 regimine
1691 3720 1790 3775 ab-

195 3808 395 3877 batiali,
425 3809 499 3866 ad
518 3825 871 3867 communem
903 3825 1068 3866 usum
1101 3808 1339 3866 fratrum
1367 3809 1444 3865 ibi
1467 3808 1581 3865 Deo
1610 3809 1790 3867 famu-

195 3898 461 3968 landum,
494 3917 711 3973 semper
745 3902 953 3958 illibata
985 3909 1361 3972 permaneant.
1401 3899 1707 3959 Statuimus
1730 3910 1791 3959 ut

196 4007 347 4049 nemo
395 3992 473 4048 ibi
510 4002 799 4053 mortuum
852 3992 1083 4065 sepelire
1125 3993 1437 4064 prohibeat,
1487 3993 1788 4049 secundum

196 4086 329 4153 quod
359 4086 558 4140 beatus
584 4101 728 4156 papa
758 4084 1057 4158 Gregorius
1081 4127 1097 4154 ,
1123 4085 1357 4157 Agapito
1387 4078 1789 4142 Urbis'Veteris

195 4176 449 4247 episcopo
501 4177 839 4249 promulgat,
863 4178 1014 4233 salva
1036 4226 1039 4231 .
1055 4177 1208 4247 justa
1261 4176 1673 4235 consuetudine.
1702 4176 1790 4233 sui

197 4269 429 4343 episcopi
449 4312 469 4337 ,
502 4279 559 4327 et
586 4279 796 4327 sancta:
824 4271 1018 4327 matris

202 4394 207 4401 ο
260 4358 415 4427 item,
438 4360 492 4417 in
515 4361 623 4417 hac
634 4361 839 4427 eadem
862 4370 1051 4419 nostra
1073 4361 1330 4419 decretnli
1353 4361 1554 4433 pagina
1602 4362 1787 4419 sanci-

1080 290 1440 365 Eiusrom:
1481 304 1715 361 sum
1760 300 2163 363 unetsruuu
2206 300 2596 365 vacares.

3356 302 3462 363 766

1804 423 1849 479 Α
1875 417 2064 485 abbas,
2102 426 2484 489 susceptaque,
2524 415 2825 473 secundum
2879 430 3110 484 morem,
3163 419 3357 490 regula
3407 425 3469 478 α

1809 3126 1852 3182 C

1880 526 2013 565 cura
2045 509 2348 580 regimiuis,
2378 525 2409 563 a
2437 508 2685 564 saeculari
2711 515 3003 579 potestate,
3030 523 3154 577 qua:
3186 522 3290 579 pro
3318 516 3465 565 teut-

1880 616 2014 672 pore
2057 601 2132 656 ibi
2176 600 2362 666 fuerit,
2391 600 2511 655 sine
2541 600 2692 655 omni
2724 600 3154 656 contradictione
3190 601 3462 669 laudetur,

1880 706 1980 746 nec
2007 690 2166 747 aliter
2209 688 2616 745 contradicendi
2656 690 2874 745 licentia
2909 706 3009 761 per
3036 691 3336 761 potentiam
3364 692 3468 747 alia-

1880 782 2039 851 cujus
2058 781 2265 836 domini
2288 788 2624 852 protegetur,
2653 781 2757 838 nisi
2788 780 2927 836 forte
2961 798 2991 837 a
3022 781 3271 852 pluribus
3298 791 3353 838 et
3373 798 3466 839 re-

1880 872 2090 944 ligiosis
2114 873 2249 929 viris
2269 873 2505 944 alicujus
2543 873 2739 929 electio
2779 874 3135 944 improbetur.
3168 873 3245 930 De
3267 890 3466 932 conse—

1880 963 2126 1019 cratione
2161 978 2292 1019 vero
2323 962 2537 1019 abbatis
2586 970 2641 1019 et
2684 964 3092 1019 cohabitatione
3127 963 3359 1020 fratrum
3391 964 3466 1019 ita

1879 1052 2225 1110 decernimus
2270 1064 2354 1122 ut,
2395 1055 2442 1111 si
2473 1054 2764 1126 episcopus
2784 1096 2799 1122 ,
2823 1054 2877 1108 in
2907 1054 3067 1126 cujus
3095 1055 3317 1112 ditecesi
3346 1065 3465 1121 est,

1881 1146 2229 1201 ordinatione
2261 1154 2317 1201 et
2357 1147 2469 1202 vita
2504 1147 2795 1219 religiosus
2836 1147 3041 1215 fuerit,
3070 1147 3468 1203 ordinationem

1880 1237 2051 1309 gratis
2076 1236 2514 1311 faciat,alioquin
2537 1238 2821 1296 Astensem
2843 1240 3300 1310 episcopum,sub
3325 1240 3470 1310 ejus-

1880 1331 2006 1386 dem
2050 1331 2334 1404 religionis
2380 1332 2792 1398 observatione,
2844 1332 3014 1389 abbas
3046 1348 3145 1404 pro
3185 1349 3284 1389 sua
3338 1350 3474 1388 suu-

1882 1438 2117 1493 rumque
2164 1424 2563 1479 monachorum
2616 1424 2963 1480 ordinatione
3028 1426 3310 1495 requirat;
3383 1428 3475 1483 sin

1882 1530 2014 1570 vero
2045 1525 2099 1571 et
2130 1516 2220 1571 hic
2247 1516 2375 1572 talis
2414 1517 2696 1588 religionis
2732 1532 2928 1588 expers
2956 1516 3150 1583 fuerit,
3173 1510 3473 1589 Albingauni

1883 1621 2107 1661 nensem
2131 1607 2448 1678 episcopum
2486 1607 2722 1662 adeundi
2753 1607 3030 1662 licentiam
3068 1608 3283 1663 habeat.
3310 1607 3475 1676 Quod

1884 1697 1953 1765 si,
1987 1699 2227 1768 peccatis
2265 1696 2592 1754 facientibus
2615 1740 2629 1765 ,
2678 1707 2733 1754 et
2779 1699 2869 1755 ille
2912 1708 3103 1754 contra
3150 1698 3473 1771 religionem

1882 1789 2217 1847 constitutus
2239 1792 2574 1861 apparuerit,
2602 1790 2894 1861 prtedictus
2919 1790 3088 1846 abbas
3114 1791 3469 1862 apostolicam

1880 1881 2068 1938 sedem
2109 1883 2344 1938 adeundi
2374 1883 2603 1938 liberam
2642 1883 2919 1938 licentiam
2942 1883 3161 1950 habeat,
3196 1891 3475 1953 quatenus

1881 1987 1914 2028 a
1976 1974 2226 2030 Romano
2268 1975 2524 2045 pontifice
2570 1990 2684 2030 suae
2727 1974 3093 2030 ordinationis
3137 1982 3195 2029 et
3240 1986 3472 2029 suorum

1881 2065 2110 2122 fratrum
2160 2066 2427 2122 honorem
2474 2075 2640 2137 atque
2687 2066 2945 2121 mandata
2995 2066 3281 2136 suscipiat.
3340 2064 3470 2122 ﬂare

1881 2159 2068 2214 omnia
2098 2172 2223 2229 quas
2250 2156 2394 2213 infra
2423 2158 2691 2213 terminos
2717 2158 2962 2228 ejusdem
2985 2158 3263 2227 parochias:
3291 2159 3471 2214 conti-

1883 2260 2088 2306 nentur
2100 2268 2114 2305 :
2127 2249 2359 2307 ecclesia
2383 2250 2451 2306 de
2462 2248 2693 2317 Adreio;
2710 2249 2945 2305 ecclesia
2956 2248 3014 2304 S.
3031 2248 3334 2316 Saturnini,
3346 2264 3473 2321 quae

1880 2352 1966 2400 est
1991 2358 2158 2414 super
2187 2342 2448 2414 Ligerim;
2488 2342 2721 2400 ecclesia
2772 2341 2958 2399 Sancti
3003 2341 3148 2399 Petri
3190 2344 3260 2398 de
3291 2343 3472 2401 Mente

1881 2436 2054 2492 Foleti
2083 2478 2099 2503 ,
2146 2446 2201 2493 et
2236 2435 2505 2507 quidquid
2553 2434 2827 2491 Robertus
2877 2435 2947 2492 de
2998 2434 3473 2493 Monte-Centurio

1882 2526 2277 2584 Vindocinensi
2323 2527 2578 2583 ctenobio
2627 2527 2888 2594 donavit,
2922 2526 3131 2598 eteius
3159 2526 3473 2583 ﬁlius'Ber-

1882 2627 2115 2676 trannus
2141 2619 2447 2686 concessit;
2480 2618 2712 2675 ecclesia
2739 2617 2926 2674 Sancti
2960 2617 3208 2686 Joannis,
3240 2635 3364 2689 quae
3390 2626 3475 2677 ea

1881 2725 2050 2781 super
2077 2709 2314 2782 Ligerim
2342 2726 2354 2762 :
2382 2725 2562 2780 neque
2594 2709 2762 2765 etiam
2787 2710 3034 2766 subditas
3063 2710 3323 2780 praedicto
3349 2711 3478 2766 loco

1881 2802 2145 2857 ecclesias
2168 2843 2184 2869 ,
2215 2801 2531 2871 ubicunque
2559 2800 2671 2857 sint
2694 2842 2711 2869 ,
2741 2803 3247 2869 excommunicare,
3276 2802 3361 2858 vel
3384 2803 3477 2858 in-

1881 2895 2151 2951 terdicere
2175 2893 2434 2964 cuiquam
2462 2893 2623 2948 liceat
2646 2934 2661 2960 ,
2693 2893 2802 2948 nisi
2830 2893 3036 2964 apertis
3058 2908 3160 2965 pro
3180 2894 3357 2966 culpis
3381 2937 3396 2963 ,
3418 2905 3479 2952 et

1882 3000 2023 3056 quas
2059 2984 2483 3042 Vindocinensis
2530 2984 2701 3040 abbas
2746 2993 2801 3040 et
2850 2983 3048 3041 fratres
3092 2985 3357 3041 canonice
3403 2987 3474 3043 ab
3522 3004 3525 3009 ί

1884 3076 2018 3148 ipsis
2042 3077 2318 3148 episcopis
2336 3075 2603 3132 admoniti
2626 3077 2919 3133 emendare
2938 3079 3385 3149 contempserint.
3412 3074 3475 3135 Si

1884 3170 2011 3239 quis
2032 3182 2167 3225 vero
2191 3178 2383 3226 contra
2410 3168 2563 3223 illum
2592 3168 2738 3224 beati
2762 3168 2910 3225 Petri
2936 3170 3116 3225 locum
3148 3182 3249 3241 pro
3274 3170 3476 3241 aliqui-

1883 3260 1989 3316 bus
2021 3262 2188 3317 rebus
2216 3261 2433 3317 causari
2461 3260 2719 3329 voluerit,
2745 3276 2855 3317 non
2885 3261 2933 3317 ei
2965 3261 3136 3317 abbas
3164 3262 3251 3317 vel
3281 3262 3483 3319 fratres

1885 3352 2274 3423 respondeant,
2307 3361 2602 3424 antequam
2639 3352 2952 3409 Romanum
2986 3353 3300 3424 pontiﬁcem
3343 3368 3477 3410 con-

1887 3445 2119 3501 suluerit
2141 3487 2156 3513 ,
2190 3446 2320 3517 quia
2350 3445 2620 3517 quidquid
2655 3446 2774 3502 sine
2830 3453 3021 3501 nostro
3058 3446 3145 3501 vel
3190 3460 3477 3502 successo-

1885 3552 2010 3593 rum
2032 3546 2346 3594 nostrorum
2374 3537 2584 3609 judicio
2608 3539 2891 3594 definitum
2920 3537 3103 3605 fuerit,
3137 3537 3253 3594 sive
3278 3538 3478 3594 distra-

1886 3639 2034 3685 ctum
2061 3673 2076 3698 ,
2121 3630 2339 3687 irritum
2380 3630 2504 3686 erit.
2538 3629 2806 3686 Praeterea
2842 3637 3033 3686 notum
3069 3644 3191 3685 esse
3221 3630 3484 3686 volumus

1888 3733 2093 3778 sauctze
2122 3722 2219 3778 Dei
2255 3721 2518 3780 Ecclesia!
2548 3721 2821 3789 fidelibus,
2857 3731 2911 3778 et
2944 3722 3075 3778 huic
3104 3730 3308 3778 nostra:
3340 3736 3476 3778 con-

1889 3815 2185 3870 ﬁrmationi
2220 3814 2639 3883 adnectendum,
2669 3814 2816 3885 quod
2860 3813 3232 3869 Theodericus
3261 3812 3481 3870 Camo-

1888 3906 2060 3962 tensis
2085 3906 2399 3977 episcopus,
2427 3906 2483 3960 in
2508 3906 2668 3976 cujus
2691 3906 2915 3962 ditecesi
2943 3906 3315 3976 supra-dictum
3343 3894 3481 3962 Vin-

1888 3995 2185 4052 docinense
2216 3996 2611 4051 monasterium
2645 3997 2812 4053 situm
2861 3998 3130 4065 noscitur,
3180 3998 3483 4054 Clementis

1888 4104 2042 4160 papa:
2076 4087 2381 4159 praesentia:
2410 4101 2567 4143 suam
2599 4087 2968 4143 transmiserit
3010 4088 3297 4158 epistolam
3331 4131 3347 4156 ,
3379 4104 3479 4143 rn-

1888 4196 2024 4252 gans
2055 4195 2182 4235 eum
2222 4188 2494 4251 quatenus
2530 4178 2927 4234 monasterium
2966 4178 3148 4249 ipsum
3190 4179 3478 4250 pcr‘illum

1887 4272 1970 4328 sic
1991 4288 2089 4329 sua
2124 4271 2513 4327 conabantur
2541 4269 2891 4337 auctoritate,
2922 4279 2983 4326 ut
3018 4270 3153 4324 nulli
3191 4284 3478 4328 successo-

1887 4383 2011 4423 rum
2039 4381 2266 4423 suorum
2292 4373 2416 4437 post
2440 4380 2567 4421 cum
2595 4380 2686 4422 res
2712 4365 2880 4437 hujus
2906 4365 3013 4423 loci
3032 4364 3248 4422 auferre
3268 4365 3351 4421 vel
3370 4366 3474 4422 mi.

202 4464 313 4509 Inus
357 4459 525 4523 atque
542 4451 949 4511 constituimus
972 4460 1053 4519 ut,
1080 4451 1338 4509 defuncto
1360 4452 1555 4508 abbate
1574 4451 1786 4523 praefati
1818 4485 1865 4541 Β
1888 4475 2078 4527 nitere,
2104 4458 2189 4514 vel
2218 4457 2718 4527 cxcommunicare,
2752 4474 2851 4515 seu
2882 4458 3228 4525 interdicere,
3244 4458 3345 4513 ’vel
3370 4464 3479 4529 po-

200 4544 449 4612 cenabii.
474 4545 709 4601 abbales
745 4545 1204 4602 monasteriorum
1234 4545 1483 4628 videlicet
1510 4544 1780 4602 Fruclua-
1882 4562 2131 4615 testatem
2170 4550 2410 4621 aliquam
2437 4550 2493 4605 in
2520 4549 2641 4620 ipso
2677 4550 2801 4605 loco
2847 4565 3101 4606 exercere
3140 4549 3346 4616 liceret,
3376 4564 3475 4605 seu

202 4636 412 4706 rimsis,
445 4637 785 4705 Bremensis,
824 4636 887 4693 S.
936 4636 1240 4694 Salvatoris
1286 4636 1663 4704 Taurinensis,
1716 4635 1780 4695 S.
1882 4645 2125 4720 quolibet
2171 4642 2345 4697 modo.
2371 4650 2641 4698 rectorem
2688 4642 2792 4697 loci
2821 4642 2907 4697 vel
2949 4641 3145 4697 fratres
3185 4638 3482 4697 molestare

204 4726 470 4787 Michaelis
516 4729 754 4796 Clusini,
790 4737 847 4785 et
884 4728 931 4785 si
965 4730 1057 4784 alii
1094 4729 1334 4801 religiosi
1370 4729 1426 4783 in
1465 4729 1571 4787 illis
1606 4730 1779 4801 parti-
1887 4747 1982 4794 aut
2010 4735 2314 4808 inquietare
2340 4735 2587 4800 auderet,
2617 4734 2764 4806 quod
2792 4733 3045 4789 Clemens
3079 4747 3218 4803 papa
3242 4732 3483 4807 benigne

204 4817 294 4877 bus
322 4822 552 4890 fuerint,
588 4822 649 4879 in
682 4837 856 4878 unum
889 4822 1241 4888 conveniant.
1276 4821 1332 4895 in
1369 4837 1606 4892 quorum
1641 4838 1782 4903 ιπε-
1886 4830 2113 4895 annuit,
2149 4835 2203 4882 et
2236 4839 2340 4882 nos
2370 4835 2561 4882 nostra
2597 4824 2924 4882 auctoritate
2963 4824 3188 4897 dignum
3236 4839 3485 4884 annuere

207 4914 364 4971 sen'ia
423 4913 625 4972 fratres
673 4914 913 4986 aliquem
961 4914 1028 4970 de
1073 4913 1493 4986 cmgregatione
1536 4914 1779 4985 ejusdem
1886 4920 2225 4978 censuimus.
2284 4914 2344 4971 Si
2393 4917 2522 4988 quis
2577 4924 2761 4971 autem
2813 4916 3048 4973 violator
3094 4914 3262 4985 hujus
3304 4917 3487 4974 nostri

208 5006 555 5075 monasterii,
589 5005 642 5063 si
675 5006 896 5081 quidem
938 5004 1199 5063 idoneum
1239 5007 1480 5077 reperire
1526 5007 1779 5074 valeant,

210 5100 473 5156 muni
514 5114 790 5157 consensu
816 5098 877 5153 in
921 5099 1173 5157 abbatem
1209 5097 1313 5152 sibi
1352 5098 1572 5169 eligant.
1623 5097 1784 5164 Quod

214 5189 253 5244 ‘si
280 5210 340 5248 ex
374 5193 493 5251 suis
528 5190 871 5264 nequiverint
925 5188 1120 5247 fratres
1171 5190 1301 5246 huic
1346 5191 1599 5271 regimini
1651 5205 1775 5245 con-

214 5298 393 5352 gruum
426 5284 671 5341 invenire
699 5325 721 5353 ,
752 5282 969 5340 aliunde
998 5285 1163 5342 talem
1187 5324 1208 5351 ,
1243 5282 1332 5339 cui
1366 5285 1514 5355 sacri
1543 5297 1784 5342 canones

1889 5009 2143 5085 praecepti
2173 5007 2463 5077 exstiterit,
2512 5006 2623 5062 nisi
2663 5006 2979 5079 resipuerit,
3007 5016 3063 5063 et
3096 5005 3360 5067 Romana:
3381 5009 3493 5068 Ec-

1889 5105 2073 5161 clesia:
2122 5096 2473 5168 satisfewrit,
2520 5099 2661 5155 sciat
2709 5112 2768 5153 se
2810 5101 3109 5172 apostolica
3162 5098 3499 5161 auctoritate

1890 5202 2152 5267 perpetuo
2197 5190 2548 5246 anathemate
2594 5190 2911 5262 perculsum
2939 5238 2954 5263 ,
2999 5202 3164 5262 atque
3195 5206 3227 5246 a
3259 5209 3500 5268 corpore

1890 5296 2096 5345 sanctae
2140 5280 2401 5339 Ecclesia:
2445 5280 2690 5339 divisum
2715 5323 2733 5351 ,
2771 5283 3108 5359 diaboloque
3142 5299 3270 5340 cum
3308 5287 3503 5360 impiis
