3972 5390
194 418 313 475 709

1086 408 1448 467 EPISTOLE
1488 410 1727 467 EXTRA
1767 408 2167 469 RECISTRL'M
2212 410 2597 468 VAGANTES.

3366 412 3472 470 τιο

189 532 279 586 us
328 525 572 599 potestis.
634 532 774 580 cunt
832 522 980 579 enim
1035 522 1197 579 beato
1254 521 1417 579 Petro
1466 522 1789 589 fidelissimi,
1821 527 1866 584 Α
1891 523 2119 579 omnino
2147 524 2455 597 displicent,
2486 525 2712 579 armavit
2740 534 2927 580 contra
2950 541 3049 581 nos
3077 528 3320 584 membra
3348 540 3477 596 sua,

186 631 257 677 et
285 621 416 675 inter
444 616 658 688 primos
679 616 878 672 domus
905 614 1027 685 ejus
1060 614 1442 686 unusquisque
1467 614 1524 668 in
1559 629 1662 669 suo
1694 629 1786 668 or-

186 714 326 768 dine
343 708 707 775 annumerati,
734 707 829 778 qui
856 706 1008 762 nullo
1039 715 1248 762 terrore
1287 706 1544 777 nullaque
1571 714 1786 776 tempo-

185 803 391 858 ralium
424 816 607 856 rerum
632 798 1002 871 prcmissione
1036 806 1332 869 potuerunt
1376 797 1432 852 in
1482 796 1668 868 aliquo
1716 795 1786 851 ab

184 894 321 963 ejus
347 891 601 947 ﬁdelitate
636 898 692 947 et
719 888 1040 946 defensione
1082 889 1263 955 avelli,
1303 898 1359 944 et
1404 904 1435 943 a
1473 888 1680 960 gremio
1723 886 1782 944 S.

187 983 389 1038 matris
411 981 673 1061 Ecclesia:
711 980 974 1051 separari.
1017 980 1125 1036 Sed
1156 980 1308 1051 quia,
1337 979 1480 1035 sicut
1506 979 1654 1034 novit
1693 994 1787 1033 ve-

188 1085 316 1131 stra
336 1073 665 1141 fraternitas,
691 1073 819 1129 licet
857 1072 1104 1144 indigno,
1134 1080 1189 1127 et
1218 1071 1491 1141 peccatori
1523 1070 1786 1126 divinitus

186 1183 298 1238 per
322 1165 638 1238 prophetam
661 1164 890 1220 dicitur:
924 1161 1094 1236 Super
1108 1172 1336 1217 montem
1359 1161 1620 1217 excelsum
1644 1160 1778 1234 (Isa.

190 1274 327 1326 Lvn,
353 1256 427 1328 7),
454 1267 508 1313 et
528 1257 768 1328 reliqua;
789 1264 843 1312 et
862 1255 1061 1311 iterum
1088 1273 1101 1310 :
1127 1254 1338 1322 Clama,
1364 1271 1429 1309 ne
1447 1271 1612 1309 cesses
1641 1253 1779 1327 (lsa.

191 1366 350 1416 Lvnt,
381 1350 683 1418 l),'velim,
707 1348 898 1415 nolim,
926 1348 1078 1403 omni
1105 1347 1413 1420 postposita
1432 1346 1782 1414 verecundia,

191 1442 391 1498 timore
430 1457 653 1513 quoque
677 1440 761 1496 vel
785 1440 1019 1512 alicujus
1044 1448 1273 1521 terreno
1302 1455 1511 1507 amore,
1550 1454 1784 1511 evange-

191 1532 323 1598 lizo,
352 1533 549 1600 clamo,
578 1532 758 1588 clamo
786 1540 841 1588 et
866 1531 1066 1587 iterum
1093 1530 1293 1597 clamo,
1316 1540 1372 1586 et
1395 1530 1664 1587 annuntio
1688 1547 1785 1585 vo-

190 1624 282 1679 bis
306 1624 430 1696 quia
449 1624 766 1680 Christiana
787 1623 979 1696 religio
1002 1633 1055 1679 et
1077 1640 1204 1680 vera
1237 1623 1398 1691 fides,
1422 1638 1588 1695 quam
1613 1622 1784 1679 Filius

190 1713 292 1771 Dei
317 1715 384 1771 de
404 1716 548 1771 oculo
569 1715 795 1772 veniens
835 1731 932 1785 per
967 1724 1152 1786 patres
1182 1725 1403 1771 nostros
1436 1729 1538 1771 nos
1576 1715 1780 1782 docuit,

189 1805 253 1861 in
293 1804 609 1864 saecularem
654 1823 811 1863 versa
845 1823 1067 1878 pravam
1115 1807 1590 1874 consuetudinem,
1633 1807 1778 1862 heu!

188 1898 328 1968 proh
352 1898 542 1955 dolor!
587 1899 655 1955 ad
686 1899 918 1954 nihilum
964 1914 1102 1971 pene
1140 1898 1374 1966 devenit,
1408 1908 1463 1954 et
1495 1898 1783 1954 immutate

188 1989 414 2060 antiquo
442 1990 630 2047 colore
649 1991 846 2047 cecidit
884 2007 996 2047 non
1034 1991 1214 2046 solum
1249 1992 1306 2046 in
1340 1990 1562 2059 diaboli,
1587 2007 1780 2047 verum

187 2080 349 2136 etiam
374 2080 431 2137 in
450 2080 794 2151 Iudaeorum,
819 2080 1222 2139 Saracenorum
1252 2091 1417 2154 atque
1442 2098 1782 2155 paganorum

187 2172 538 2229 derisionem.
581 2173 662 2229 llli
700 2174 847 2231 enim
878 2175 1026 2247 leges
1058 2190 1207 2243 suas,
1233 2175 1361 2231 licet
1397 2175 1503 2231 hoc
1540 2185 1784 2248 tempore

186 2264 257 2320 ad
280 2265 486 2321 nullam
508 2266 822 2323 animarum
844 2268 1077 2323 salutem
1101 2267 1285 2335 utiles,
1309 2267 1582 2340 nullisque
1610 2268 1782 2324 mira-

187 2356 344 2424 culis,
367 2357 513 2413 sicut
543 2358 632 2414 lex
654 2368 847 2415 nostra
865 2359 1054 2415 azterni
1087 2358 1232 2431 regis
1265 2358 1534 2430 frequenti
1554 2368 1782 2416 attesta-

186 2447 331 2502 tione
349 2448 686 2506 clarificatas
708 2459 764 2506 et
793 2452 1199 2517 corroboratus,
1229 2459 1391 2522 prout
1409 2451 1660 2519 credunt,
1686 2452 1786 2507 ob-

190 2548 426 2595 servant.
467 2539 581 2597 Nos
611 2551 797 2598 autem
819 2543 1003 2598 saeculi
1040 2543 1293 2599 inebriati
1320 2557 1528 2610 amore,
1562 2552 1617 2600 et
1646 2560 1784 2600 vana

189 2630 393 2703 decepti
416 2634 740 2703 ambitione,
776 2634 928 2690 omni
964 2635 1226 2706 religione
1244 2643 1299 2691 et
1322 2634 1608 2693 honestate
1633 2636 1787 2708 cupi-

190 2723 339 2778 ditati
380 2734 550 2796 atque
591 2727 861 2799 superbire
893 2726 1233 2799 postpositis,
1286 2727 1501 2799 exleges
1540 2737 1595 2785 et
1627 2728 1787 2800 quasi

190 2815 319 2871 fatui
343 2817 636 2887 videmur;
672 2820 800 2891 quia
843 2819 1128 2890 praesentis
1169 2818 1293 2875 vita:
1330 2829 1385 2875 et
1417 2818 1616 2876 futura:
1646 2821 1790 2876 salu-

190 2917 296 2963 tem
335 2918 394 2964 et
434 2909 706 2966 honorem
753 2911 896 2967 sicut
932 2920 1116 2983 patres
1142 2909 1318 2966 nostri
1358 2925 1468 2965 non
1498 2911 1784 2978 habemus,

191 3015 287 3056 nee
307 3001 480 3056 etiam
503 3001 649 3057 sicut
671 3012 885 3074 oportet
914 3017 1222 3073 speramus.
1264 3001 1332 3058 Et
1359 3001 1408 3058 si
1439 3010 1570 3058 sunt
1595 3002 1784 3074 aliqui,

188 3091 309 3147 licet
335 3092 633 3161 rarissimi,
671 3094 765 3168 qui
787 3092 959 3149 Deum
991 3093 1236 3160 timeant,
1279 3108 1378 3165 pro
1400 3108 1461 3150 se
1488 3103 1784 3165 utcunque,

190 3198 293 3238 non
316 3199 424 3256 pro
449 3185 731 3241 communi
764 3183 993 3240 fratrum
1023 3185 1195 3241 salute
1224 3184 1507 3241 decertant
1535 3195 1784 3259 prompta

190 3276 491 3331 voluntate.
539 3275 667 3344 Qui,
700 3277 784 3331 vel
812 3276 967 3348 quoti
1001 3283 1149 3343 sunt,
1178 3276 1275 3349 qui
1312 3292 1413 3349 pro
1444 3276 1659 3345 timore,
1702 3278 1788 3334 vel

190 3382 375 3423 amore
397 3368 793 3439 omnipotentis
819 3367 936 3435 Dei,
958 3368 1014 3422 in
1038 3384 1142 3440 quo
1165 3368 1408 3436 uicimus,
1440 3385 1705 3424 movemur
1737 3378 1788 3424 et

189 3475 369 3517 sum:
392 3459 536 3531 (Act.
566 3476 700 3529 xvu,
722 3459 837 3532 28),
861 3467 1073 3516 tantum
1095 3460 1383 3529 desudent,
1406 3461 1492 3516 vel
1523 3476 1696 3533 usque
1717 3461 1789 3517 ad

189 3560 423 3617 mortem
469 3552 745 3621 laborent,
788 3560 1057 3626 quantum
1104 3551 1395 3609 saeculares
1445 3553 1647 3610 milites
1690 3568 1789 3624 pro

189 3642 430 3701 dominis
453 3645 592 3711 suis,
629 3644 716 3702 vel
739 3643 903 3704 etiam
929 3660 1029 3716 pro
1050 3644 1248 3701 amicis
1271 3653 1326 3700 et
1346 3644 1625 3701 subditis?
1651 3643 1789 3701 Ecce

192 3736 359 3791 multa
387 3735 560 3791 millia
585 3736 871 3794 hominum
900 3737 1248 3793 saecularium
1272 3752 1373 3808 pro
1393 3735 1632 3792 dominis
1668 3735 1788 3792 suis

191 3827 434 3906 quotidie
480 3837 710 3884 currunt
736 3829 793 3883 in
834 3837 1093 3897 mortem;
1139 3843 1240 3901 pro
1277 3827 1486 3885 cml'esti
1521 3842 1651 3883 vero
1677 3826 1789 3883 Deo

190 3929 241 3975 et
279 3918 648 3992 Redemptore
693 3928 884 3977 nostro
929 3935 1040 3976 non
1083 3919 1259 3976 solum
1305 3919 1361 3975 in
1400 3928 1628 3976 mortem
1677 3933 1788 3975 non

192 4019 442 4076 currunt,
469 4027 660 4067 verum
680 4011 844 4068 etiam
868 4010 1232 4084 quorumdam
1269 4003 1556 4067 hominum
1597 4009 1787 4066 inimi-

193 4105 351 4159 citias
377 4104 564 4159 subire
593 4113 971 4161 contemnunt.
987 4103 1053 4159 Et
1081 4104 1129 4159 si
1153 4112 1284 4162 sunt
1302 4103 1491 4175 aliqui,
1507 4102 1662 4175 (imo,
1679 4101 1789 4159 Deo

194 4196 511 4263 miserante,
544 4206 695 4264 sunt,
732 4196 858 4252 licet
882 4194 1345 4267 perpaucissimi,)
1387 4196 1481 4266 qui
1507 4195 1563 4250 in
1594 4194 1787 4250 faciem

194 4288 379 4359 impiis
409 4302 586 4359 usque
611 4288 680 4343 ad
707 4295 939 4344 mortem
979 4288 1236 4344 resistere
1257 4303 1359 4359 pro
1400 4302 1587 4343 amore
1624 4286 1787 4341 Chri-

194 4380 936 4452 stianaelegiseontendunt;
965 4395 1077 4436 non
1109 4381 1288 4437 solum
1326 4395 1356 4435 a
1399 4377 1683 4447 fratribus,
1728 4387 1789 4433 ut

192 4473 419 4543 dignum
439 4481 544 4540 est,
570 4488 684 4531 non
705 4471 1055 4544 adjuvantur,
1091 4472 1188 4529 sed
1217 4472 1385 4527 etiam
1416 4470 1788 4543 imprudentes

1885 626 1946 672 ut
1976 617 2160 671 omnia
2190 617 2245 672 in
2287 620 2621 673 contrarium
2654 627 2903 673 verteret.
2945 618 3072 676 Ideo
3109 620 3164 676 in
3199 637 3321 690 nos,
3363 621 3478 680 imo

1886 705 1942 762 in
1991 706 2348 778 apostolicam
2397 708 2581 763 sedem
2627 717 2775 763 tanta
2815 708 2963 776 fecit,
3000 720 3203 781 quanta
3230 702 3407 769 facere
3442 728 3476 770 a

1886 806 2129 869 tempore
2180 797 2527 854 Constantini
2581 798 2761 872 Magni
2813 802 3159 872 imperatoris
3207 803 3472 874 nequivit.

1883 886 1996 945 Nec
2027 889 2182 946 valde
2208 889 2410 945 mirum
2435 909 2449 958 ;
2473 890 2603 962 quia
2632 901 2839 963 quanto
2870 894 2993 964 plus
3020 902 3233 965 tempus
3274 912 3476 967 appro-

1882 980 2132 1052 pinquat,
2163 990 2317 1038 tanto
2344 984 2580 1054 amplius
2610 982 2979 1040 Christianam
3010 985 3329 1058 religionem
3373 1004 3473 1043 ex-

1884 1074 2160 1146 stinguere
2180 1074 2439 1131 decertat.
2479 1073 2635 1131 Nunc
2661 1084 2864 1143 autem,
2894 1075 3090 1133 fratres
3121 1078 3230 1133 mei
3259 1080 3475 1134 charis—

1885 1165 2033 1233 simi,
2073 1165 2362 1238 diligenter
2386 1182 2509 1239 quae
2547 1167 2704 1223 vobis
2730 1168 2875 1234 dico,
2905 1167 3106 1225 audite.
3151 1167 3354 1226 Omnes
3380 1171 3475 1241 qui

1884 1255 1940 1311 in
1983 1266 2097 1313 toto
2137 1258 2267 1313 orbe
2296 1258 2613 1315 Christiano
2641 1269 2934 1316 censentur
2965 1261 3205 1328 nomine,
3234 1270 3287 1316 et
3312 1261 3477 1316 Chri-

1885 1348 2118 1404 stianam
2154 1349 2314 1405 fidem
2348 1366 2473 1406 vere
2503 1361 2864 1423 cognoscunt,
2914 1352 3095 1407 sciunt
3142 1360 3195 1407 ct
3246 1352 3475 1408 credunt

1883 1438 2102 1495 beatum
2116 1439 2355 1510 Petrum,
2370 1443 2739 1513 apostolorum
2752 1442 3073 1515 principem,
3086 1458 3209 1498 esse
3226 1443 3473 1500 omnium

1883 1529 2322 1588 Christianorum
2366 1532 2613 1601 Patrem,
2658 1543 2712 1591 et
2745 1535 2984 1607 primum
3023 1542 3149 1608 post
3190 1532 3474 1591 Chrisrum

1883 1631 2179 1694 pastorem,
2195 1633 2549 1697 sanctamque
2571 1624 2875 1682 Romanam
2898 1624 3198 1682 Ecclesiam
3221 1626 3471 1682 omnium

1884 1713 2252 1771 Ecclesiarum
2311 1725 2538 1772 matrem
2590 1725 2645 1773 et
2697 1717 3035 1789 magistram.
3088 1715 3146 1771 Si
3189 1731 3319 1789 ergo
3372 1716 3477 1773 hoc

1884 1806 2127 1875 creditis,
2165 1816 2219 1863 et
2255 1807 2629 1865 indubitanter
2666 1808 2897 1876 tenetis,
2936 1824 3069 1880 rogo
3106 1823 3203 1863 vos
3241 1816 3293 1865 et
3330 1824 3474 1880 prte-

1883 1899 2025 1970 eipio
2060 1915 2181 1972 ego,
2205 1901 2603 1973 qualiscunque
2635 1900 2803 1956 frater
2838 1909 2891 1956 et
2929 1900 3185 1973 indignus
3216 1900 3476 1972 magister

1882 1999 2094 2058 vester,
2134 2007 2231 2063 per
2267 1993 2692 2065 omnipotentem
2739 1992 2912 2049 Deum
2959 1992 3213 2063 adjuvatc
3248 2000 3303 2048 et
3342 2006 3472 2047 suc-

1883 2083 2085 2140 currite
2121 2085 2380 2156 praedicto
2416 2087 2558 2157 patri
2602 2093 2786 2141 vestro
2834 2092 2889 2140 et
2934 2084 3118 2152 matri,
3159 2083 3206 2140 si
3245 2098 3342 2156 per
3378 2096 3475 2141 eos

1882 2175 2281 2232 absolutionem
2319 2176 2565 2233 omnium
2617 2184 2985 2248 peccatorum,
3032 2183 3088 2231 et
3137 2175 3474 2232 benedictio-

1883 2282 2009 2323 nem
2048 2275 2212 2338 atque
2248 2268 2479 2341 gratiam
2521 2267 2578 2322 in
2615 2267 2722 2323 hoc
2760 2266 2959 2322 saseulo
2980 2273 3034 2321 et
3062 2265 3117 2321 ia
3155 2265 3339 2322 futuro
3368 2267 3473 2322 ha-

1884 2359 2012 2414 bere
2035 2359 2378 2416 desideratis.
2409 2357 2766 2430 Omnipotens
2789 2357 2954 2425 Deus,
2978 2371 3009 2412 a
3032 2372 3143 2431 quo
3169 2358 3314 2413 bona
3343 2373 3476 2413 cun-

1886 2459 1972 2508 eta
2010 2450 2331 2523 procedunt,
2371 2461 2607 2507 mentem
2644 2458 2882 2506 vestram
2920 2452 3153 2520 semper
3182 2449 3473 2516 illuminet,

1885 2557 2119 2615 eamque
2156 2558 2257 2600 sua
2295 2543 2589 2600 dilectione
2617 2558 2683 2598 ac
2710 2540 2946 2613 proximi
2970 2539 3244 2608 fecundet,
3272 2553 3334 2597 ut
3353 2552 3473 2595 mea

1888 2634 2118 2690 reamini
2144 2633 2427 2707 praefatum
2454 2634 2671 2689 Patrem
2696 2641 2938 2688 vestrum
2974 2639 3029 2687 et
3062 2630 3291 2688 Matrem
3325 2639 3473 2687 certa

1888 2725 2174 2782 devotione
2212 2726 2485 2781 debitores
2521 2726 2678 2781 vobis
2716 2723 2914 2791 facere,
2953 2730 3009 2779 et
3045 2723 3114 2779 ad
3149 2738 3340 2779 eorum
3378 2737 3473 2778 so-

1888 2818 2162 2886 cietatem,
2202 2817 2320 2873 sine
2357 2816 2683 2873 verecundia
2722 2815 3022 2888 pervenire.
3062 2815 3258 2871 Amen.

2601 2928 2742 2986 LXV

1892 3021 2128 3096 Gregorii
2162 3021 2269 3081 ΠΙ
2292 3022 2625 3094 privilegium
2657 3038 2751 3093 pro
2775 3020 2996 3076 ecclesia
3024 3017 3083 3076 S.
3127 3017 3336 3091 Sophia:
3364 3017 3472 3074 Be-

2518 3101 2828 3147 neventana.

2488 3184 2671 3254 (Anno
2705 3181 2889 3255 1084.)

2240 3274 2535 3350 [Anecdota
2569 3274 2905 3347 Ugltelb’ana,
2938 3272 3091 3347 ιω]

1960 3368 2271 3425 Caesonius
2306 3367 2620 3439 episcOpus,
2652 3381 2843 3422 servus
2898 3380 3184 3421 servorum
3233 3358 3473 3429 Domini,

1888 3459 2155 3515 huncum
2202 3459 2403 3515 dilecto
2427 3469 2619 3515 nostro
2650 3459 2704 3513 in
2748 3458 2973 3514 Christo
3009 3456 3142 3524 filio,
3182 3465 3237 3512 et
3291 3454 3477 3512 abbati

1887 3550 2206 3608 venerabilii
2241 3550 2482 3607 emnobii
2517 3550 2675 3606 almae
2707 3559 2762 3605 et
2799 3557 3084 3606 coazternae
3133 3546 3289 3603 Dom.
3324 3545 3477 3603 Patri

1890 3640 2128 3713 Sophim,
2161 3641 2305 3698 intra
2331 3640 2705 3698 Beneventum
2750 3639 2805 3695 in
2844 3640 2966 3695 loco
2993 3646 3308 3711 nuncupata
3331 3634 3478 3695 Urbe

1888 3742 2071 3790 vetere
2101 3734 2386 3801 exstructi,
2435 3733 2664 3806 suisque
2713 3731 3125 3788 successoribus
3156 3728 3478 3802 regulariter

1888 3824 1943 3880 in
1976 3824 2167 3888 eodem
2191 3823 2445 3880 eoenobio
2477 3822 2865 3895 promovendis
2898 3822 2953 3877 in
2979 3829 3322 3895 perpetuum.

1957 3912 2097 3968 Cum
2130 3912 2365 3968 ollicium
2395 3911 2467 3966 sit
2491 3912 2876 3983 apostolicum,
2914 3909 3161 3965 omnium
3206 3908 3478 3964 Ecclesia-

1888 4016 2010 4057 rum
2035 3999 2253 4055 Domini
2280 4000 2627 4067 utilitatibus,
2642 4000 2697 4055 in
2724 4007 2990 4071 quantum
3014 3999 3349 4071 possibilitas
3373 3999 3474 4055 da-

1888 4097 1998 4156 tur,
2025 4086 2319 4145 salubriter
2346 4088 2845 4159 providere,.cultui
2869 4096 3053 4143 tamen
3083 4088 3475 4146 venerabilium

1888 4183 2156 4249 locorum,
2186 4190 2352 4253 atque
2394 4179 2625 4235 Domino
2671 4180 2885 4252 devote}
2906 4181 3287 4248 militantium,
3337 4194 3473 4250 pro-

1888 4274 2196 4348 pensiorem
2241 4287 2432 4330 curam
2484 4271 2588 4345 pia:
2626 4270 3010 4329 sollicitudinis
3044 4270 3476 4327 indeﬁcientivio

1888 4365 2111 4439 gilantia
2168 4364 2433 4421 debemus
2477 4362 2757 4419 adhibere.
2803 4361 3093 4430 Quocirca,
3131 4359 3476 4418 excellentis-

1888 4458 2026 4516 sime
2058 4457 2162 4525 llli,
2191 4456 2320 4529 quia
2370 4464 2575 4514 sancta:
2606 4455 2918 4512 devotionis
2958 4453 3161 4510 allectu‘
3190 4450 3391 4522 petiisti
3422 4467 3474 4509 λι

192 4575 242 4622 et
268 4564 458 4623 minus
489 4565 714 4622 discreti
859 4565 1138 4623 dementes
1180 4566 1470 4621 habentur.
1522 4562 1629 4618 Sed
1657 4563 1786 4635 quia

1890 4550 2050 4606 nobis
2072 4555 2132 4602 ut
2154 4546 2441 4621 przefatum
2482 4546 2877 4601 monasterium
2912 4553 3067 4601 tuum
3112 4543 3216 4599 sub
3254 4549 3474 4611 aposto-

194 4657 310 4714 hac
327 4667 385 4714 et
410 4658 498 4713 his
525 4657 726 4713 similia
759 4658 1067 4728 specialiter
1088 4657 1378 4713 imminent
1398 4655 1581 4723 nobis,
1608 4663 1667 4710 ut
1688 4669 1786 4709 vo-

193 4749 276 4805 bis
303 4750 631 4817 indicemus,
664 4758 956 4819 quatenus,
984 4747 1096 4804 Deo
1120 4748 1403 4821 largiente,
1427 4755 1483 4801 et
1509 4746 1639 4801 vitia
1663 4761 1789 4817 pos-

194 4843 367 4897 simus
395 4858 428 4897 a
460 4842 722 4903 cordibus
745 4840 974 4898 fratrum
999 4841 1252 4906 avellere,
1283 4849 1339 4895 et
1362 4839 1593 4895 virtutes
1617 4839 1672 4893 in
1705 4838 1786 4893 eis

193 4931 474 5003 plantare:
504 4946 767 5002 rogamus
803 4939 857 4987 et
885 4931 1240 4988 obsecramus
1282 4928 1338 4984 in
1374 4928 1608 4985 Domino
1632 4928 1784 4997 Jesu,

193 5023 281 5094 qui
308 5038 412 5078 nos
436 5039 537 5080 sua
558 5032 737 5078 morte
759 5023 1005 5091 redemit,
1042 5032 1103 5080 ut
1129 5021 1508 5079 tribulationes
1530 5031 1585 5078 et
1608 5038 1754 5094 angn
1771 5052 1786 5063 -

1064 5124 1076 5135 ο
1139 5121 1197 5136 na
1253 5121 1265 5133 θ
1304 5121 1337 5136 .-

1888 4641 2007 4696 lica:
2038 4639 2377 4696 defensionis
2410 4638 2581 4697 tutela
2627 4638 3043 4696 admitteremus
3080 4642 3246 4705 atque
3297 4631 3475 4687 susci-

1887 4745 2162 4804 peremus,
2195 4739 2251 4785 et
2305 4730 2362 4786 in
2397 4730 2591 4787 eadem
2622 4729 2875 4797 ecclesia,
2913 4725 3176 4802 quidquid
3206 4723 3474 4779 moderno

1887 4831 2134 4893 tempore
2160 4819 2307 4890 juste
2354 4820 2555 4875 habere
2584 4819 2797 4875 videtur
2826 4827 2923 4875 aut
2966 4818 3022 4872 in
3074 4814 3259 4869 futuro
3307 4813 3473 4869 etiam

1887 4912 2087 4983 poterit
2108 4910 2392 4981 acquirere
2418 4919 2686 4984 tempore,
2734 4923 2832 4981 per
2872 4908 3051 4966 nostri
3087 4905 3353 4978 privilegii
3379 4921 3478 4977 pa-

1887 5003 2072 5074 ginam
2124 5000 2609 5069 conﬂrmaremus,
2660 5000 3021 5071 petitionibus
3086 4996 3197 5054 tuis
3250 4996 3480 5054 libenter

1893 5094 2183 5136 admodum
2208 5092 2504 5134 nnnnimnc
2547 5091 2992 5134 nutandmnhlnm
3041 5090 3200 5132 ἰιιςαία
3237 5091 3486 5130 Iuntl-In-
