  <div class='ocr_page' id='page_1' title='image "/cluster/home/n/w/nwhite01/storage/ocr_20150623/148/hvd.32044015471840/355.png"; bbox 0 0 3972 5390; ppageno 0'>
   <div class='ocr_carea' id='block_1_1' title="bbox 486 223 586 282">
    <p class='ocr_par' dir='ltr' id='par_1_1' title="bbox 486 223 586 282">
     <span class='ocr_line' id='line_1_1' title="bbox 486 223 586 282; baseline -0.06 0"><span class='ocrx_word' id='word_1_1' title='bbox 486 223 586 282; x_wconf 63' lang='lat' dir='ltr'><strong>Ill</strong></span> 
     </span>
    </p>
   </div>
   <div class='ocr_carea' id='block_1_2' title="bbox 491 313 2084 396">
    <p class='ocr_par' dir='ltr' id='par_1_2' title="bbox 491 313 2084 396">
     <span class='ocr_line' id='line_1_2' title="bbox 491 313 2084 396; baseline -0.023 0"><span class='ocrx_word' id='word_1_2' title='bbox 491 335 918 396; x_wconf 76' lang='lat' dir='ltr'><strong>corroboramus</strong></span> <span class='ocrx_word' id='word_1_3' title='bbox 974 326 1156 386; x_wconf 82' lang='lat' dir='ltr'><strong>omnia</strong></span> <span class='ocrx_word' id='word_1_4' title='bbox 1201 337 1324 396; x_wconf 77' lang='lat' dir='ltr'><strong>qtue</strong></span> <span class='ocrx_word' id='word_1_5' title='bbox 1354 319 1612 393; x_wconf 67' lang='lat' dir='ltr'><strong>praedicta</strong></span> <span class='ocrx_word' id='word_1_6' title='bbox 1643 313 1872 372; x_wconf 81' lang='lat' dir='ltr'><strong>ecclesia</strong></span> <span class='ocrx_word' id='word_1_7' title='bbox 1923 324 2084 364; x_wconf 79' lang='lat' dir='ltr'><strong>vene-</strong></span> 
     </span>
    </p>
   </div>
   <div class='ocr_carea' id='block_1_3' title="bbox 487 399 2086 492">
    <p class='ocr_par' dir='ltr' id='par_1_3' title="bbox 487 399 2086 492">
     <span class='ocr_line' id='line_1_3' title="bbox 487 399 2086 492; baseline -0.022 -6"><span class='ocrx_word' id='word_1_8' title='bbox 487 430 612 492; x_wconf 58' lang='lat' dir='ltr'><strong>.rab.</strong></span> <span class='ocrx_word' id='word_1_9' title='bbox 639 425 718 482; x_wconf 92' lang='lat' dir='ltr'><strong>tui</strong></span> <span class='ocrx_word' id='word_1_10' title='bbox 767 417 1087 480; x_wconf 69' lang='lat' dir='ltr'><strong>monasterii</strong></span> <span class='ocrx_word' id='word_1_11' title='bbox 1140 413 1209 470; x_wconf 87' lang='lat' dir='ltr'><strong>ad</strong></span> <span class='ocrx_word' id='word_1_12' title='bbox 1256 425 1497 484; x_wconf 70' lang='lat' dir='ltr'><strong>praesens</strong></span> <span class='ocrx_word' id='word_1_13' title='bbox 1533 407 1753 468; x_wconf 83' lang='lat' dir='ltr'><strong>habere,</strong></span> <span class='ocrx_word' id='word_1_14' title='bbox 1787 411 1882 458; x_wconf 88' lang='lat' dir='ltr'><strong>aut</strong></span> <span class='ocrx_word' id='word_1_15' title='bbox 1929 399 2086 454; x_wconf 87' lang='lat' dir='ltr'><strong>dein-</strong></span> 
     </span>
    </p>
   </div>
   <div class='ocr_carea' id='block_1_4' title="bbox 493 495 2081 590">
    <p class='ocr_par' dir='ltr' id='par_1_4' title="bbox 493 495 2081 590">
     <span class='ocr_line' id='line_1_4' title="bbox 493 495 2081 590; baseline -0.019 -18"><span class='ocrx_word' id='word_1_16' title='bbox 493 534 622 590; x_wconf 70' lang='lat' dir='ltr'><strong>cepe</strong></span> <span class='ocrx_word' id='word_1_17' title='bbox 638 516 785 589; x_wconf 87' lang='lat' dir='ltr'><strong>juste</strong></span> <span class='ocrx_word' id='word_1_18' title='bbox 807 510 1008 570; x_wconf 79' lang='lat' dir='ltr'><strong>divinis</strong></span> <span class='ocrx_word' id='word_1_19' title='bbox 1031 503 1400 574; x_wconf 88' lang='lat' dir='ltr'><strong>humanisque</strong></span> <span class='ocrx_word' id='word_1_20' title='bbox 1428 497 1642 570; x_wconf 75' lang='lat' dir='ltr'><strong>legibus</strong></span> <span class='ocrx_word' id='word_1_21' title='bbox 1669 495 1722 550; x_wconf 89' lang='lat' dir='ltr'><strong>in</strong></span> <span class='ocrx_word' id='word_1_22' title='bbox 1761 499 2081 590; x_wconf 76' lang='lat' dir='ltr'><strong>perpetuum</strong></span> 
     </span>
    </p>
   </div>
   <div class='ocr_carea' id='block_1_5' title="bbox 495 577 2080 674">
    <p class='ocr_par' dir='ltr' id='par_1_5' title="bbox 495 577 2080 674">
     <span class='ocr_line' id='line_1_5' title="bbox 495 577 2080 674; baseline -0.02 -10"><span class='ocrx_word' id='word_1_23' title='bbox 495 577 830 674; x_wconf 65' lang='lat' dir='ltr'><strong>acquisierit,</strong></span> <span class='ocrx_word' id='word_1_24' title='bbox 867 609 978 656; x_wconf 90' lang='lat' dir='ltr'><strong>tam</strong></span> <span class='ocrx_word' id='word_1_25' title='bbox 1029 595 1086 650; x_wconf 88' lang='lat' dir='ltr'><strong>in</strong></span> <span class='ocrx_word' id='word_1_26' title='bbox 1139 591 1410 658; x_wconf 88' lang='lat' dir='ltr'><strong>ecclesiis,</strong></span> <span class='ocrx_word' id='word_1_27' title='bbox 1459 603 1626 652; x_wconf 63' lang='lat' dir='ltr'><strong>casus,</strong></span> <span class='ocrx_word' id='word_1_28' title='bbox 1668 582 1849 649; x_wconf 81' lang='lat' dir='ltr'><strong>terris,</strong></span> <span class='ocrx_word' id='word_1_29' title='bbox 1885 577 2080 643; x_wconf 77' lang='lat' dir='ltr'><strong>vincis,</strong></span> 
     </span>
    </p>
   </div>
   <div class='ocr_carea' id='block_1_6' title="bbox 493 670 2086 763">
    <p class='ocr_par' dir='ltr' id='par_1_6' title="bbox 493 670 2086 763">
     <span class='ocr_line' id='line_1_6' title="bbox 493 670 2086 763; baseline -0.019 -8"><span class='ocrx_word' id='word_1_30' title='bbox 493 685 694 763; x_wconf 86' lang='lat' dir='ltr'><strong>hortis,</strong></span> <span class='ocrx_word' id='word_1_31' title='bbox 743 689 980 757; x_wconf 76' lang='lat' dir='ltr'><strong>olivetis,</strong></span> <span class='ocrx_word' id='word_1_32' title='bbox 1039 685 1247 759; x_wconf 79' lang='lat' dir='ltr'><strong>pratis,</strong></span> <span class='ocrx_word' id='word_1_33' title='bbox 1313 679 1550 752; x_wconf 90' lang='lat' dir='ltr'><strong>campis,</strong></span> <span class='ocrx_word' id='word_1_34' title='bbox 1599 675 1781 742; x_wconf 87' lang='lat' dir='ltr'><strong>silvis,</strong></span> <span class='ocrx_word' id='word_1_35' title='bbox 1838 670 2086 728; x_wconf 75' lang='lat' dir='ltr'><strong>cui-tibus</strong></span> 
     </span>
    </p>
   </div>
   <div class='ocr_carea' id='block_1_7' title="bbox 496 763 2086 855">
    <p class='ocr_par' dir='ltr' id='par_1_7' title="bbox 496 763 2086 855">
     <span class='ocr_line' id='line_1_7' title="bbox 496 763 2086 855; baseline -0.019 -11"><span class='ocrx_word' id='word_1_36' title='bbox 496 789 578 846; x_wconf 84' lang='lat' dir='ltr'><strong>vel</strong></span> <span class='ocrx_word' id='word_1_37' title='bbox 601 785 860 852; x_wconf 77' lang='lat' dir='ltr'><strong>castellis,</strong></span> <span class='ocrx_word' id='word_1_38' title='bbox 885 779 1160 855; x_wconf 85' lang='lat' dir='ltr'><strong>quamque</strong></span> <span class='ocrx_word' id='word_1_39' title='bbox 1195 777 1250 834; x_wconf 91' lang='lat' dir='ltr'><strong>in</strong></span> <span class='ocrx_word' id='word_1_40' title='bbox 1283 773 1458 832; x_wconf 87' lang='lat' dir='ltr'><strong>servis</strong></span> <span class='ocrx_word' id='word_1_41' title='bbox 1483 779 1537 828; x_wconf 90' lang='lat' dir='ltr'><strong>et</strong></span> <span class='ocrx_word' id='word_1_42' title='bbox 1559 767 1860 834; x_wconf 90' lang='lat' dir='ltr'><strong>ancillis,et</strong></span> <span class='ocrx_word' id='word_1_43' title='bbox 1886 763 1942 818; x_wconf 91' lang='lat' dir='ltr'><strong>in</strong></span> <span class='ocrx_word' id='word_1_44' title='bbox 1965 776 2086 816; x_wconf 92' lang='lat' dir='ltr'><strong>om-</strong></span> 
     </span>
    </p>
   </div>
   <div class='ocr_carea' id='block_1_8' title="bbox 495 855 2088 942">
    <p class='ocr_par' dir='ltr' id='par_1_8' title="bbox 495 855 2088 942">
     <span class='ocr_line' id='line_1_8' title="bbox 495 855 2088 942; baseline -0.02 -5"><span class='ocrx_word' id='word_1_45' title='bbox 495 880 659 936; x_wconf 79' lang='lat' dir='ltr'><strong>nibus</strong></span> <span class='ocrx_word' id='word_1_46' title='bbox 708 876 870 932; x_wconf 85' lang='lat' dir='ltr'><strong>rebus</strong></span> <span class='ocrx_word' id='word_1_47' title='bbox 923 880 980 929; x_wconf 88' lang='lat' dir='ltr'><strong>ct</strong></span> <span class='ocrx_word' id='word_1_48' title='bbox 1033 865 1479 942; x_wconf 79' lang='lat' dir='ltr'><strong>possessionibus</strong></span> <span class='ocrx_word' id='word_1_49' title='bbox 1517 861 1634 918; x_wconf 88' lang='lat' dir='ltr'><strong>suis</strong></span> <span class='ocrx_word' id='word_1_50' title='bbox 1683 855 1978 914; x_wconf 82' lang='lat' dir='ltr'><strong>mobilibus</strong></span> <span class='ocrx_word' id='word_1_51' title='bbox 2031 859 2088 906; x_wconf 89' lang='lat' dir='ltr'><strong>et</strong></span> 
     </span>
    </p>
   </div>
   <div class='ocr_carea' id='block_1_9' title="bbox 496 943 2086 1034">
    <p class='ocr_par' dir='ltr' id='par_1_9' title="bbox 496 943 2086 1034">
     <span class='ocr_line' id='line_1_9' title="bbox 496 943 2086 1034; baseline -0.018 -7"><span class='ocrx_word' id='word_1_52' title='bbox 496 967 890 1034; x_wconf 85' lang='lat' dir='ltr'><strong>immobilibus,</strong></span> <span class='ocrx_word' id='word_1_53' title='bbox 923 976 1153 1033; x_wconf 89' lang='lat' dir='ltr'><strong>seseque</strong></span> <span class='ocrx_word' id='word_1_54' title='bbox 1184 955 1555 1019; x_wconf 86' lang='lat' dir='ltr'><strong>moventibus,</strong></span> <span class='ocrx_word' id='word_1_55' title='bbox 1581 961 1636 1008; x_wconf 86' lang='lat' dir='ltr'><strong>et</strong></span> <span class='ocrx_word' id='word_1_56' title='bbox 1677 966 1801 1022; x_wconf 76' lang='lat' dir='ltr'><strong>qua:</strong></span> <span class='ocrx_word' id='word_1_57' title='bbox 1846 943 2086 1002; x_wconf 85' lang='lat' dir='ltr'><strong>liberali-</strong></span> 
     </span>
    </p>
   </div>
   <div class='ocr_carea' id='block_1_10' title="bbox 497 1036 2086 1128">
    <p class='ocr_par' dir='ltr' id='par_1_10' title="bbox 497 1036 2086 1128">
     <span class='ocr_line' id='line_1_10' title="bbox 497 1036 2086 1128; baseline -0.019 -9"><span class='ocrx_word' id='word_1_58' title='bbox 497 1070 630 1128; x_wconf 85' lang='lat' dir='ltr'><strong>tate,</strong></span> <span class='ocrx_word' id='word_1_59' title='bbox 659 1075 756 1117; x_wconf 88' lang='lat' dir='ltr'><strong>seu</strong></span> <span class='ocrx_word' id='word_1_60' title='bbox 791 1053 1085 1112; x_wconf 91' lang='lat' dir='ltr'><strong>collatione</strong></span> <span class='ocrx_word' id='word_1_61' title='bbox 1129 1049 1244 1106; x_wconf 90' lang='lat' dir='ltr'><strong>sive</strong></span> <span class='ocrx_word' id='word_1_62' title='bbox 1296 1043 1658 1102; x_wconf 85' lang='lat' dir='ltr'><strong>concessione</strong></span> <span class='ocrx_word' id='word_1_63' title='bbox 1701 1036 2086 1110; x_wconf 80' lang='lat' dir='ltr'><strong>religiosorum</strong></span> 
     </span>
    </p>
   </div>
   <div class='ocr_carea' id='block_1_11' title="bbox 497 1127 2090 1218">
    <p class='ocr_par' dir='ltr' id='par_1_11' title="bbox 497 1127 2090 1218">
     <span class='ocr_line' id='line_1_11' title="bbox 497 1127 2090 1218; baseline -0.018 -10"><span class='ocrx_word' id='word_1_64' title='bbox 497 1151 785 1208; x_wconf 87' lang='lat' dir='ltr'><strong>hominum</strong></span> <span class='ocrx_word' id='word_1_65' title='bbox 810 1144 1060 1218; x_wconf 82' lang='lat' dir='ltr'><strong>legaliter</strong></span> <span class='ocrx_word' id='word_1_66' title='bbox 1083 1150 1138 1198; x_wconf 88' lang='lat' dir='ltr'><strong>et</strong></span> <span class='ocrx_word' id='word_1_67' title='bbox 1165 1137 1426 1194; x_wconf 82' lang='lat' dir='ltr'><strong>laudabili</strong></span> <span class='ocrx_word' id='word_1_68' title='bbox 1451 1133 1632 1190; x_wconf 92' lang='lat' dir='ltr'><strong>studio</strong></span> <span class='ocrx_word' id='word_1_69' title='bbox 1655 1127 1966 1202; x_wconf 86' lang='lat' dir='ltr'><strong>acquisivit,</strong></span> <span class='ocrx_word' id='word_1_70' title='bbox 1993 1133 2090 1182; x_wconf 90' lang='lat' dir='ltr'><strong>aut</strong></span> 
     </span>
    </p>
   </div>
   <div class='ocr_carea' id='block_1_12' title="bbox 497 1220 2085 1314">
    <p class='ocr_par' dir='ltr' id='par_1_12' title="bbox 497 1220 2085 1314">
     <span class='ocr_line' id='line_1_12' title="bbox 497 1220 2085 1314; baseline -0.016 -15"><span class='ocrx_word' id='word_1_71' title='bbox 497 1241 786 1314; x_wconf 80' lang='lat' dir='ltr'><strong>acquirere</strong></span> <span class='ocrx_word' id='word_1_72' title='bbox 813 1235 1034 1310; x_wconf 87' lang='lat' dir='ltr'><strong>poterit,</strong></span> <span class='ocrx_word' id='word_1_73' title='bbox 1061 1241 1115 1288; x_wconf 87' lang='lat' dir='ltr'><strong>et</strong></span> <span class='ocrx_word' id='word_1_74' title='bbox 1139 1245 1368 1304; x_wconf 85' lang='lat' dir='ltr'><strong>prorsus</strong></span> <span class='ocrx_word' id='word_1_75' title='bbox 1402 1243 1526 1299; x_wconf 73' lang='lat' dir='ltr'><strong>qua:</strong></span> <span class='ocrx_word' id='word_1_76' title='bbox 1557 1239 1819 1282; x_wconf 88' lang='lat' dir='ltr'><strong>concessa</strong></span> <span class='ocrx_word' id='word_1_77' title='bbox 1853 1229 1984 1276; x_wconf 90' lang='lat' dir='ltr'><strong>sunt</strong></span> <span class='ocrx_word' id='word_1_78' title='bbox 2010 1220 2085 1275; x_wconf 90' lang='lat' dir='ltr'><strong>illi</strong></span> 
     </span>
    </p>
   </div>
   <div class='ocr_carea' id='block_1_13' title="bbox 488 1311 2090 1398">
    <p class='ocr_par' dir='ltr' id='par_1_13' title="bbox 488 1311 2090 1398">
     <span class='ocr_line' id='line_1_13' title="bbox 488 1311 2090 1398; baseline -0.016 -6"><span class='ocrx_word' id='word_1_79' title='bbox 488 1319 554 1390; x_wconf 60' lang='grc' dir='ltr'><strong>ὀι</strong></span> <span class='ocrx_word' id='word_1_80' title='bbox 585 1311 956 1390; x_wconf 72' lang='lat' dir='ltr'><strong>corroborata</strong></span> <span class='ocrx_word' id='word_1_81' title='bbox 1016 1326 1234 1398; x_wconf 89' lang='lat' dir='ltr'><strong>piorum</strong></span> <span class='ocrx_word' id='word_1_82' title='bbox 1284 1321 1678 1393; x_wconf 87' lang='lat' dir='ltr'><strong>imperatorum</strong></span> <span class='ocrx_word' id='word_1_83' title='bbox 1729 1323 1826 1370; x_wconf 87' lang='lat' dir='ltr'><strong>aut</strong></span> <span class='ocrx_word' id='word_1_84' title='bbox 1885 1311 2090 1386; x_wconf 90' lang='lat' dir='ltr'><strong>princi-</strong></span> 
     </span>
    </p>
   </div>
   <div class='ocr_carea' id='block_1_14' title="bbox 497 1405 2090 1498">
    <p class='ocr_par' dir='ltr' id='par_1_14' title="bbox 497 1405 2090 1498">
     <span class='ocr_line' id='line_1_14' title="bbox 497 1405 2090 1498; baseline -0.013 -16"><span class='ocrx_word' id='word_1_85' title='bbox 497 1443 630 1498; x_wconf 84' lang='lat' dir='ltr'><strong>pum</strong></span> <span class='ocrx_word' id='word_1_86' title='bbox 652 1421 956 1498; x_wconf 74' lang='lat' dir='ltr'><strong>prmceptis.</strong></span> <span class='ocrx_word' id='word_1_87' title='bbox 1005 1417 1333 1488; x_wconf 78' lang='lat' dir='ltr'><strong>Quanquam</strong></span> <span class='ocrx_word' id='word_1_88' title='bbox 1370 1427 1502 1470; x_wconf 89' lang='lat' dir='ltr'><strong>vero</strong></span> <span class='ocrx_word' id='word_1_89' title='bbox 1537 1411 1698 1466; x_wconf 89' lang='lat' dir='ltr'><strong>istam</strong></span> <span class='ocrx_word' id='word_1_90' title='bbox 1737 1407 1794 1462; x_wconf 89' lang='lat' dir='ltr'><strong>in</strong></span> <span class='ocrx_word' id='word_1_91' title='bbox 1839 1405 2090 1462; x_wconf 88' lang='lat' dir='ltr'><strong>Pantano</strong></span> 
     </span>
    </p>
   </div>
   <div class='ocr_carea' id='block_1_15' title="bbox 487 1499 2090 1590">
    <p class='ocr_par' dir='ltr' id='par_1_15' title="bbox 487 1499 2090 1590">
     <span class='ocr_line' id='line_1_15' title="bbox 487 1499 2090 1590; baseline -0.012 -16"><span class='ocrx_word' id='word_1_92' title='bbox 487 1503 788 1590; x_wconf 76' lang='lat' dir='ltr'><strong>capellam,</strong></span> <span class='ocrx_word' id='word_1_93' title='bbox 823 1529 946 1586; x_wconf 75' lang='lat' dir='ltr'><strong>qtue</strong></span> <span class='ocrx_word' id='word_1_94' title='bbox 980 1519 1212 1568; x_wconf 85' lang='lat' dir='ltr'><strong>vocatur</strong></span> <span class='ocrx_word' id='word_1_95' title='bbox 1263 1505 1452 1562; x_wconf 89' lang='lat' dir='ltr'><strong>Sancti</strong></span> <span class='ocrx_word' id='word_1_96' title='bbox 1498 1501 1798 1570; x_wconf 83' lang='lat' dir='ltr'><strong>Benedicti,</strong></span> <span class='ocrx_word' id='word_1_97' title='bbox 1829 1508 1885 1556; x_wconf 90' lang='lat' dir='ltr'><strong>et</strong></span> <span class='ocrx_word' id='word_1_98' title='bbox 1925 1499 2090 1556; x_wconf 88' lang='lat' dir='ltr'><strong>aliam</strong></span> 
     </span>
    </p>
   </div>
   <div class='ocr_carea' id='block_1_16' title="bbox 489 1589 2090 1684">
    <p class='ocr_par' dir='ltr' id='par_1_16' title="bbox 489 1589 2090 1684">
     <span class='ocr_line' id='line_1_16' title="bbox 489 1589 2090 1684; baseline -0.012 -21"><span class='ocrx_word' id='word_1_99' title='bbox 489 1589 790 1663; x_wconf 26' lang='lat' dir='ltr'><strong>‘SsV&#39;italis</strong></span> <span class='ocrx_word' id='word_1_100' title='bbox 813 1620 938 1684; x_wconf 80' lang='lat' dir='ltr'><strong>cum</strong></span> <span class='ocrx_word' id='word_1_101' title='bbox 981 1600 1190 1657; x_wconf 90' lang='lat' dir='ltr'><strong>omnib.</strong></span> <span class='ocrx_word' id='word_1_102' title='bbox 1247 1593 1595 1671; x_wconf 88' lang='lat' dir='ltr'><strong>pertinentiis</strong></span> <span class='ocrx_word' id='word_1_103' title='bbox 1635 1592 1774 1659; x_wconf 90' lang='lat' dir='ltr'><strong>suis,</strong></span> <span class='ocrx_word' id='word_1_104' title='bbox 1823 1599 1878 1646; x_wconf 89' lang='lat' dir='ltr'><strong>et</strong></span> <span class='ocrx_word' id='word_1_105' title='bbox 1925 1589 2090 1646; x_wconf 91' lang='lat' dir='ltr'><strong>aliam</strong></span> 
     </span>
    </p>
   </div>
   <div class='ocr_carea' id='block_1_17' title="bbox 501 1664 2166 1764">
    <p class='ocr_par' dir='ltr' id='par_1_17' title="bbox 501 1664 2166 1764">
     <span class='ocr_line' id='line_1_17' title="bbox 501 1664 2166 1764; baseline -0.013 -9"><span class='ocrx_word' id='word_1_106' title='bbox 501 1701 560 1755; x_wconf 89' lang='lat' dir='ltr'><strong>S.</strong></span> <span class='ocrx_word' id='word_1_107' title='bbox 604 1677 886 1754; x_wconf 81' lang='lat' dir='ltr'><strong>Michaelis</strong></span> <span class='ocrx_word' id='word_1_108' title='bbox 933 1664 1268 1764; x_wconf 58' lang='lat' dir='ltr'><strong>archangeli,</strong></span> <span class='ocrx_word' id='word_1_109' title='bbox 1293 1703 1418 1760; x_wconf 76' lang='lat' dir='ltr'><strong>qua:</strong></span> <span class='ocrx_word' id='word_1_110' title='bbox 1452 1685 1653 1742; x_wconf 91' lang='lat' dir='ltr'><strong>dicitur</strong></span> <span class='ocrx_word' id='word_1_111' title='bbox 1707 1683 1774 1739; x_wconf 88' lang='lat' dir='ltr'><strong>ad</strong></span> <span class='ocrx_word' id='word_1_112' title='bbox 1818 1680 2087 1738; x_wconf 85' lang='lat' dir='ltr'><strong>Olivolam</strong></span> <span class='ocrx_word' id='word_1_113' title='bbox 2121 1664 2166 1722; x_wconf 75' lang='grc' dir='ltr'><strong>Β</strong></span> 
     </span>
    </p>
   </div>
   <div class='ocr_carea' id='block_1_18' title="bbox 498 1774 2088 1853">
    <p class='ocr_par' dir='ltr' id='par_1_18' title="bbox 498 1774 2088 1853">
     <span class='ocr_line' id='line_1_18' title="bbox 498 1774 2088 1853; baseline -0.009 -8"><span class='ocrx_word' id='word_1_114' title='bbox 498 1807 609 1847; x_wconf 88' lang='lat' dir='ltr'><strong>una</strong></span> <span class='ocrx_word' id='word_1_115' title='bbox 641 1804 765 1845; x_wconf 91' lang='lat' dir='ltr'><strong>cum</strong></span> <span class='ocrx_word' id='word_1_116' title='bbox 789 1785 1047 1842; x_wconf 90' lang='lat' dir='ltr'><strong>omnibus</strong></span> <span class='ocrx_word' id='word_1_117' title='bbox 1074 1783 1190 1839; x_wconf 87' lang='lat' dir='ltr'><strong>suis</strong></span> <span class='ocrx_word' id='word_1_118' title='bbox 1223 1779 1588 1853; x_wconf 87' lang='lat' dir='ltr'><strong>pertinentiis,</strong></span> <span class='ocrx_word' id='word_1_119' title='bbox 1642 1784 1698 1833; x_wconf 88' lang='lat' dir='ltr'><strong>et</strong></span> <span class='ocrx_word' id='word_1_120' title='bbox 1740 1775 1796 1831; x_wconf 91' lang='lat' dir='ltr'><strong>in</strong></span> <span class='ocrx_word' id='word_1_121' title='bbox 1854 1774 2088 1831; x_wconf 88' lang='lat' dir='ltr'><strong>Palctria</strong></span> 
     </span>
    </p>
   </div>
   <div class='ocr_carea' id='block_1_19' title="bbox 497 1866 2090 1956">
    <p class='ocr_par' dir='ltr' id='par_1_19' title="bbox 497 1866 2090 1956">
     <span class='ocr_line' id='line_1_19' title="bbox 497 1866 2090 1956; baseline -0.011 -18"><span class='ocrx_word' id='word_1_122' title='bbox 497 1883 761 1956; x_wconf 83' lang='lat' dir='ltr'><strong>capellam</strong></span> <span class='ocrx_word' id='word_1_123' title='bbox 825 1895 991 1934; x_wconf 90' lang='lat' dir='ltr'><strong>unam</strong></span> <span class='ocrx_word' id='word_1_124' title='bbox 1046 1873 1104 1932; x_wconf 90' lang='lat' dir='ltr'><strong>S.</strong></span> <span class='ocrx_word' id='word_1_125' title='bbox 1139 1872 1343 1942; x_wconf 66' lang='lat' dir='ltr'><strong>Mariae,</strong></span> <span class='ocrx_word' id='word_1_126' title='bbox 1395 1872 1529 1936; x_wconf 78' lang='lat' dir='ltr'><strong>ccci.</strong></span> <span class='ocrx_word' id='word_1_127' title='bbox 1586 1871 1644 1926; x_wconf 90' lang='grc'><strong>8.</strong></span> <span class='ocrx_word' id='word_1_128' title='bbox 1702 1866 2090 1927; x_wconf 66' lang='lat' dir='ltr'><strong>Bartholomazi</strong></span> 
     </span>
    </p>
   </div>
   <div class='ocr_carea' id='block_1_20' title="bbox 487 1962 2094 2048">
    <p class='ocr_par' dir='ltr' id='par_1_20' title="bbox 487 1962 2094 2048">
     <span class='ocr_line' id='line_1_20' title="bbox 487 1962 2094 2048; baseline -0.012 -16"><span class='ocrx_word' id='word_1_129' title='bbox 487 1965 731 2048; x_wconf 82' lang='lat' dir='ltr'><strong>apostoli</strong></span> <span class='ocrx_word' id='word_1_130' title='bbox 769 1981 824 2029; x_wconf 87' lang='lat' dir='ltr'><strong>et</strong></span> <span class='ocrx_word' id='word_1_131' title='bbox 857 1979 1134 2042; x_wconf 80' lang='lat' dir='ltr'><strong>martyris,</strong></span> <span class='ocrx_word' id='word_1_132' title='bbox 1160 1975 1214 2024; x_wconf 88' lang='lat' dir='ltr'><strong>et</strong></span> <span class='ocrx_word' id='word_1_133' title='bbox 1246 1974 1457 2022; x_wconf 89' lang='lat' dir='ltr'><strong>curtem</strong></span> <span class='ocrx_word' id='word_1_134' title='bbox 1503 1964 1557 2018; x_wconf 92' lang='lat' dir='ltr'><strong>in</strong></span> <span class='ocrx_word' id='word_1_135' title='bbox 1607 1962 1835 2028; x_wconf 90' lang='lat' dir='ltr'><strong>collina,</strong></span> <span class='ocrx_word' id='word_1_136' title='bbox 1869 1969 1925 2017; x_wconf 92' lang='lat' dir='ltr'><strong>et</strong></span> <span class='ocrx_word' id='word_1_137' title='bbox 1965 1975 2094 2016; x_wconf 90' lang='lat' dir='ltr'><strong>cur—</strong></span> 
     </span>
    </p>
   </div>
   <div class='ocr_carea' id='block_1_21' title="bbox 501 2050 2094 2127">
    <p class='ocr_par' dir='ltr' id='par_1_21' title="bbox 501 2050 2094 2127">
     <span class='ocr_line' id='line_1_21' title="bbox 501 2050 2094 2127; baseline -0.011 -6"><span class='ocrx_word' id='word_1_138' title='bbox 501 2077 612 2122; x_wconf 89' lang='lat' dir='ltr'><strong>tem</strong></span> <span class='ocrx_word' id='word_1_139' title='bbox 638 2065 705 2120; x_wconf 88' lang='lat' dir='ltr'><strong>dc</strong></span> <span class='ocrx_word' id='word_1_140' title='bbox 729 2061 1003 2127; x_wconf 64' lang='lat' dir='ltr'><strong>biuriano,</strong></span> <span class='ocrx_word' id='word_1_141' title='bbox 1034 2060 1090 2114; x_wconf 92' lang='lat' dir='ltr'><strong>in</strong></span> <span class='ocrx_word' id='word_1_142' title='bbox 1115 2057 1280 2114; x_wconf 89' lang='lat' dir='ltr'><strong>Petra</strong></span> <span class='ocrx_word' id='word_1_143' title='bbox 1317 2055 1591 2112; x_wconf 91' lang='lat' dir='ltr'><strong>strumina</strong></span> <span class='ocrx_word' id='word_1_144' title='bbox 1613 2068 1794 2120; x_wconf 87' lang='lat' dir='ltr'><strong>casas,</strong></span> <span class='ocrx_word' id='word_1_145' title='bbox 1816 2059 1872 2107; x_wconf 90' lang='lat' dir='ltr'><strong>et</strong></span> <span class='ocrx_word' id='word_1_146' title='bbox 1904 2050 2094 2116; x_wconf 84' lang='lat' dir='ltr'><strong>silvas,</strong></span> 
     </span>
    </p>
   </div>
   <div class='ocr_carea' id='block_1_22' title="bbox 501 2139 2096 2224">
    <p class='ocr_par' dir='ltr' id='par_1_22' title="bbox 501 2139 2096 2224">
     <span class='ocr_line' id='line_1_22' title="bbox 501 2139 2096 2224; baseline -0.01 -11"><span class='ocrx_word' id='word_1_147' title='bbox 501 2165 557 2214; x_wconf 86' lang='lat' dir='ltr'><strong>et</strong></span> <span class='ocrx_word' id='word_1_148' title='bbox 577 2163 790 2212; x_wconf 90' lang='lat' dir='ltr'><strong>curtem</strong></span> <span class='ocrx_word' id='word_1_149' title='bbox 815 2154 881 2210; x_wconf 90' lang='lat' dir='ltr'><strong>de</strong></span> <span class='ocrx_word' id='word_1_150' title='bbox 910 2152 1140 2224; x_wconf 89' lang='lat' dir='ltr'><strong>Lapillo,</strong></span> <span class='ocrx_word' id='word_1_151' title='bbox 1172 2149 1544 2206; x_wconf 65' lang='lat' dir='ltr'><strong>hereditatem</strong></span> <span class='ocrx_word' id='word_1_152' title='bbox 1575 2146 1643 2202; x_wconf 93' lang='lat' dir='ltr'><strong>de</strong></span> <span class='ocrx_word' id='word_1_153' title='bbox 1673 2144 1828 2211; x_wconf 87' lang='lat' dir='ltr'><strong>Bato,</strong></span> <span class='ocrx_word' id='word_1_154' title='bbox 1869 2143 1926 2198; x_wconf 92' lang='lat' dir='ltr'><strong>in</strong></span> <span class='ocrx_word' id='word_1_155' title='bbox 1955 2139 2096 2198; x_wconf 85' lang='lat' dir='ltr'><strong>Cur-</strong></span> 
     </span>
    </p>
   </div>
   <div class='ocr_carea' id='block_1_23' title="bbox 505 2235 2096 2319">
    <p class='ocr_par' dir='ltr' id='par_1_23' title="bbox 505 2235 2096 2319">
     <span class='ocr_line' id='line_1_23' title="bbox 505 2235 2096 2319; baseline -0.009 -14"><span class='ocrx_word' id='word_1_156' title='bbox 505 2251 658 2306; x_wconf 88' lang='lat' dir='ltr'><strong>tiano</strong></span> <span class='ocrx_word' id='word_1_157' title='bbox 711 2247 979 2319; x_wconf 82' lang='lat' dir='ltr'><strong>capellam</strong></span> <span class='ocrx_word' id='word_1_158' title='bbox 1031 2243 1086 2299; x_wconf 91' lang='lat' dir='ltr'><strong>in</strong></span> <span class='ocrx_word' id='word_1_159' title='bbox 1131 2243 1341 2298; x_wconf 89' lang='lat' dir='ltr'><strong>honore</strong></span> <span class='ocrx_word' id='word_1_160' title='bbox 1400 2239 1458 2296; x_wconf 92' lang='lat' dir='ltr'><strong>S.</strong></span> <span class='ocrx_word' id='word_1_161' title='bbox 1506 2239 1656 2295; x_wconf 87' lang='lat' dir='ltr'><strong>Petri</strong></span> <span class='ocrx_word' id='word_1_162' title='bbox 1715 2235 2096 2309; x_wconf 84' lang='lat' dir='ltr'><strong>apostolorum</strong></span> 
     </span>
    </p>
   </div>
   <div class='ocr_carea' id='block_1_24' title="bbox 502 2326 2098 2413">
    <p class='ocr_par' dir='ltr' id='par_1_24' title="bbox 502 2326 2098 2413">
     <span class='ocr_line' id='line_1_24' title="bbox 502 2326 2098 2413; baseline -0.01 -14"><span class='ocrx_word' id='word_1_163' title='bbox 502 2339 790 2413; x_wconf 83' lang='lat' dir='ltr'><strong>principis,</strong></span> <span class='ocrx_word' id='word_1_164' title='bbox 828 2338 884 2393; x_wconf 88' lang='lat' dir='ltr'><strong>in</strong></span> <span class='ocrx_word' id='word_1_165' title='bbox 941 2335 1137 2392; x_wconf 87' lang='lat' dir='ltr'><strong>Cereto</strong></span> <span class='ocrx_word' id='word_1_166' title='bbox 1179 2333 1441 2404; x_wconf 87' lang='lat' dir='ltr'><strong>capellam</strong></span> <span class='ocrx_word' id='word_1_167' title='bbox 1480 2331 1537 2386; x_wconf 95' lang='grc'><strong>8.</strong></span> <span class='ocrx_word' id='word_1_168' title='bbox 1587 2329 1805 2386; x_wconf 86' lang='lat' dir='ltr'><strong>Martini</strong></span> <span class='ocrx_word' id='word_1_169' title='bbox 1857 2326 2098 2401; x_wconf 85' lang='lat' dir='ltr'><strong>episcopi</strong></span> 
     </span>
    </p>
   </div>
   <div class='ocr_carea' id='block_1_25' title="bbox 503 2420 2096 2500">
    <p class='ocr_par' dir='ltr' id='par_1_25' title="bbox 503 2420 2096 2500">
     <span class='ocr_line' id='line_1_25' title="bbox 503 2420 2096 2500; baseline -0.009 -11"><span class='ocrx_word' id='word_1_170' title='bbox 503 2449 631 2490; x_wconf 91' lang='lat' dir='ltr'><strong>cum</strong></span> <span class='ocrx_word' id='word_1_171' title='bbox 665 2431 924 2488; x_wconf 89' lang='lat' dir='ltr'><strong>omnibus</strong></span> <span class='ocrx_word' id='word_1_172' title='bbox 963 2426 1310 2500; x_wconf 86' lang='lat' dir='ltr'><strong>pertinentiis</strong></span> <span class='ocrx_word' id='word_1_173' title='bbox 1334 2425 1472 2490; x_wconf 90' lang='lat' dir='ltr'><strong>suis,</strong></span> <span class='ocrx_word' id='word_1_174' title='bbox 1499 2423 1767 2495; x_wconf 86' lang='lat' dir='ltr'><strong>capellam</strong></span> <span class='ocrx_word' id='word_1_175' title='bbox 1805 2421 1862 2477; x_wconf 92' lang='lat' dir='ltr'><strong>S.</strong></span> <span class='ocrx_word' id='word_1_176' title='bbox 1905 2420 2096 2494; x_wconf 82' lang='lat' dir='ltr'><strong>Sylve-</strong></span> 
     </span>
    </p>
   </div>
   <div class='ocr_carea' id='block_1_26' title="bbox 503 2511 2096 2584">
    <p class='ocr_par' dir='ltr' id='par_1_26' title="bbox 503 2511 2096 2584">
     <span class='ocr_line' id='line_1_26' title="bbox 503 2511 2096 2584; baseline -0.011 -1"><span class='ocrx_word' id='word_1_177' title='bbox 503 2523 606 2583; x_wconf 73' lang='lat' dir='ltr'><strong>atri</strong></span> <span class='ocrx_word' id='word_1_178' title='bbox 641 2519 978 2580; x_wconf 78' lang='lat' dir='ltr'><strong>confessoris</strong></span> <span class='ocrx_word' id='word_1_179' title='bbox 1021 2519 1089 2574; x_wconf 91' lang='lat' dir='ltr'><strong>de</strong></span> <span class='ocrx_word' id='word_1_180' title='bbox 1131 2517 1374 2575; x_wconf 81' lang='lat' dir='ltr'><strong>Corneto</strong></span> <span class='ocrx_word' id='word_1_181' title='bbox 1415 2516 1469 2570; x_wconf 93' lang='lat' dir='ltr'><strong>in</strong></span> <span class='ocrx_word' id='word_1_182' title='bbox 1516 2514 1779 2570; x_wconf 90' lang='lat' dir='ltr'><strong>comitatu</strong></span> <span class='ocrx_word' id='word_1_183' title='bbox 1813 2511 2096 2584; x_wconf 88' lang='lat' dir='ltr'><strong>Capuano,</strong></span> 
     </span>
    </p>
   </div>
   <div class='ocr_carea' id='block_1_27' title="bbox 506 2601 2102 2682">
    <p class='ocr_par' dir='ltr' id='par_1_27' title="bbox 506 2601 2102 2682">
     <span class='ocr_line' id='line_1_27' title="bbox 506 2601 2102 2682; baseline -0.009 -11"><span class='ocrx_word' id='word_1_184' title='bbox 506 2616 563 2672; x_wconf 88' lang='lat' dir='ltr'><strong>in</strong></span> <span class='ocrx_word' id='word_1_185' title='bbox 587 2615 708 2670; x_wconf 93' lang='lat' dir='ltr'><strong>loco</strong></span> <span class='ocrx_word' id='word_1_186' title='bbox 738 2611 968 2667; x_wconf 84' lang='lat' dir='ltr'><strong>Biniano</strong></span> <span class='ocrx_word' id='word_1_187' title='bbox 991 2603 1266 2682; x_wconf 49' lang='lat' dir='ltr'><strong>capell‘au‘i</strong></span> <span class='ocrx_word' id='word_1_188' title='bbox 1283 2605 1340 2662; x_wconf 88' lang='lat' dir='ltr'><strong>S.</strong></span> <span class='ocrx_word' id='word_1_189' title='bbox 1377 2605 1562 2661; x_wconf 72' lang='lat' dir='ltr'><strong>Mariae</strong></span> <span class='ocrx_word' id='word_1_190' title='bbox 1597 2603 1838 2676; x_wconf 83' lang='lat' dir='ltr'><strong>Virginis</strong></span> <span class='ocrx_word' id='word_1_191' title='bbox 1881 2601 2102 2658; x_wconf 83' lang='lat' dir='ltr'><strong>Matris-</strong></span> 
     </span>
    </p>
   </div>
   <div class='ocr_carea' id='block_1_28' title="bbox 506 2691 2096 2777">
    <p class='ocr_par' dir='ltr' id='par_1_28' title="bbox 506 2691 2096 2777">
     <span class='ocr_line' id='line_1_28' title="bbox 506 2691 2096 2777; baseline -0.008 -17"><span class='ocrx_word' id='word_1_192' title='bbox 506 2721 614 2777; x_wconf 88' lang='lat' dir='ltr'><strong>que</strong></span> <span class='ocrx_word' id='word_1_193' title='bbox 669 2703 889 2760; x_wconf 89' lang='lat' dir='ltr'><strong>Domini</strong></span> <span class='ocrx_word' id='word_1_194' title='bbox 941 2701 1037 2758; x_wconf 88' lang='lat' dir='ltr'><strong>Dei</strong></span> <span class='ocrx_word' id='word_1_195' title='bbox 1088 2699 1284 2766; x_wconf 92' lang='lat' dir='ltr'><strong>nostri,</strong></span> <span class='ocrx_word' id='word_1_196' title='bbox 1345 2699 1402 2753; x_wconf 91' lang='lat' dir='ltr'><strong>in</strong></span> <span class='ocrx_word' id='word_1_197' title='bbox 1447 2695 1642 2752; x_wconf 85' lang='lat' dir='ltr'><strong>Bibino</strong></span> <span class='ocrx_word' id='word_1_198' title='bbox 1702 2694 1988 2751; x_wconf 89' lang='lat' dir='ltr'><strong>ecclesiam</strong></span> <span class='ocrx_word' id='word_1_199' title='bbox 2038 2691 2096 2748; x_wconf 89' lang='lat' dir='ltr'><strong>S.</strong></span> 
     </span>
    </p>
   </div>
   <div class='ocr_carea' id='block_1_29' title="bbox 507 2785 2101 2862">
    <p class='ocr_par' dir='ltr' id='par_1_29' title="bbox 507 2785 2101 2862">
     <span class='ocr_line' id='line_1_29' title="bbox 507 2785 2101 2862; baseline -0.006 -12"><span class='ocrx_word' id='word_1_200' title='bbox 507 2794 791 2862; x_wconf 77' lang='lat' dir='ltr'><strong>Marciani,</strong></span> <span class='ocrx_word' id='word_1_201' title='bbox 827 2793 882 2849; x_wconf 91' lang='lat' dir='ltr'><strong>in</strong></span> <span class='ocrx_word' id='word_1_202' title='bbox 917 2792 1130 2848; x_wconf 87' lang='lat' dir='ltr'><strong>Bclctro</strong></span> <span class='ocrx_word' id='word_1_203' title='bbox 1156 2789 1379 2846; x_wconf 86' lang='lat' dir='ltr'><strong>ﬁuminc</strong></span> <span class='ocrx_word' id='word_1_204' title='bbox 1420 2787 1564 2844; x_wconf 85' lang='lat' dir='ltr'><strong>infra</strong></span> <span class='ocrx_word' id='word_1_205' title='bbox 1607 2786 1885 2843; x_wconf 88' lang='lat' dir='ltr'><strong>civitatem</strong></span> <span class='ocrx_word' id='word_1_206' title='bbox 1925 2785 2101 2842; x_wconf 84' lang='lat' dir='ltr'><strong>Asco-</strong></span> 
     </span>
    </p>
   </div>
   <div class='ocr_carea' id='block_1_30' title="bbox 507 2875 2099 2946">
    <p class='ocr_par' dir='ltr' id='par_1_30' title="bbox 507 2875 2099 2946">
     <span class='ocr_line' id='line_1_30' title="bbox 507 2875 2099 2946; baseline -0.007 -4"><span class='ocrx_word' id='word_1_207' title='bbox 507 2887 713 2944; x_wconf 87' lang='lat' dir='ltr'><strong>lensem</strong></span> <span class='ocrx_word' id='word_1_208' title='bbox 767 2885 1056 2942; x_wconf 88' lang='lat' dir='ltr'><strong>ecclesiam</strong></span> <span class='ocrx_word' id='word_1_209' title='bbox 1109 2880 1176 2936; x_wconf 85' lang='lat' dir='ltr'><strong>-S.</strong></span> <span class='ocrx_word' id='word_1_210' title='bbox 1237 2878 1529 2946; x_wconf 90' lang='lat' dir='ltr'><strong>Desiderii,</strong></span> <span class='ocrx_word' id='word_1_211' title='bbox 1571 2886 1627 2934; x_wconf 89' lang='lat' dir='ltr'><strong>ct</strong></span> <span class='ocrx_word' id='word_1_212' title='bbox 1683 2875 1821 2934; x_wconf 84' lang='lat' dir='ltr'><strong>foris</strong></span> <span class='ocrx_word' id='word_1_213' title='bbox 1878 2891 2099 2932; x_wconf 84' lang='lat' dir='ltr'><strong>omnem</strong></span> 
     </span>
    </p>
   </div>
   <div class='ocr_carea' id='block_1_31' title="bbox 508 2967 2098 3044">
    <p class='ocr_par' dir='ltr' id='par_1_31' title="bbox 508 2967 2098 3044">
     <span class='ocr_line' id='line_1_31' title="bbox 508 2967 2098 3044; baseline -0.008 -8"><span class='ocrx_word' id='word_1_214' title='bbox 508 2979 906 3044; x_wconf 71' lang='lat' dir='ltr'><strong>haereditatem,</strong></span> <span class='ocrx_word' id='word_1_215' title='bbox 933 2977 988 3032; x_wconf 90' lang='lat' dir='ltr'><strong>in</strong></span> <span class='ocrx_word' id='word_1_216' title='bbox 1026 2974 1226 3032; x_wconf 84' lang='lat' dir='ltr'><strong>ﬁnibus</strong></span> <span class='ocrx_word' id='word_1_217' title='bbox 1265 2971 1470 3029; x_wconf 60' lang='lat' dir='ltr'><strong>Cannae</strong></span> <span class='ocrx_word' id='word_1_218' title='bbox 1492 2970 1782 3028; x_wconf 90' lang='lat' dir='ltr'><strong>ecclesiam</strong></span> <span class='ocrx_word' id='word_1_219' title='bbox 1829 2968 1888 3024; x_wconf 91' lang='lat' dir='ltr'><strong>S.</strong></span> <span class='ocrx_word' id='word_1_220' title='bbox 1925 2967 2098 3025; x_wconf 85' lang='lat' dir='ltr'><strong>Julia-</strong></span> 
     </span>
    </p>
   </div>
   <div class='ocr_carea' id='block_1_32' title="bbox 511 3061 2102 3140">
    <p class='ocr_par' dir='ltr' id='par_1_32' title="bbox 511 3061 2102 3140">
     <span class='ocr_line' id='line_1_32' title="bbox 511 3061 2102 3140; baseline -0.008 -12"><span class='ocrx_word' id='word_1_221' title='bbox 511 3071 602 3140; x_wconf 90' lang='lat' dir='ltr'><strong>ni,</strong></span> <span class='ocrx_word' id='word_1_222' title='bbox 655 3072 710 3127; x_wconf 91' lang='lat' dir='ltr'><strong>in</strong></span> <span class='ocrx_word' id='word_1_223' title='bbox 751 3071 1016 3127; x_wconf 89' lang='lat' dir='ltr'><strong>comitatu</strong></span> <span class='ocrx_word' id='word_1_224' title='bbox 1060 3066 1328 3123; x_wconf 87' lang='lat' dir='ltr'><strong>Tranensi</strong></span> <span class='ocrx_word' id='word_1_225' title='bbox 1357 3074 1568 3122; x_wconf 89' lang='lat' dir='ltr'><strong>curtem</strong></span> <span class='ocrx_word' id='word_1_226' title='bbox 1613 3063 1680 3120; x_wconf 91' lang='lat' dir='ltr'><strong>de</strong></span> <span class='ocrx_word' id='word_1_227' title='bbox 1721 3061 1944 3118; x_wconf 87' lang='lat' dir='ltr'><strong>Pazano</strong></span> <span class='ocrx_word' id='word_1_228' title='bbox 1973 3078 2102 3118; x_wconf 90' lang='lat' dir='ltr'><strong>cum</strong></span> 
     </span>
    </p>
   </div>
   <div class='ocr_carea' id='block_1_33' title="bbox 508 3146 2100 3226">
    <p class='ocr_par' dir='ltr' id='par_1_33' title="bbox 508 3146 2100 3226">
     <span class='ocr_line' id='line_1_33' title="bbox 508 3146 2100 3226; baseline -0.008 -6"><span class='ocrx_word' id='word_1_229' title='bbox 508 3163 769 3220; x_wconf 87' lang='lat' dir='ltr'><strong>omnibus</strong></span> <span class='ocrx_word' id='word_1_230' title='bbox 813 3146 1028 3218; x_wconf 82' lang='lat' dir='ltr'><strong>olivetis</strong></span> <span class='ocrx_word' id='word_1_231' title='bbox 1063 3159 1214 3224; x_wconf 72' lang='lat' dir='ltr'><strong>suis,&quot;</strong></span> <span class='ocrx_word' id='word_1_232' title='bbox 1254 3158 1310 3212; x_wconf 91' lang='lat' dir='ltr'><strong>in</strong></span> <span class='ocrx_word' id='word_1_233' title='bbox 1369 3156 1633 3212; x_wconf 90' lang='lat' dir='ltr'><strong>comitatu</strong></span> <span class='ocrx_word' id='word_1_234' title='bbox 1690 3153 1983 3226; x_wconf 89' lang='lat' dir='ltr'><strong>Sipontino</strong></span> <span class='ocrx_word' id='word_1_235' title='bbox 2020 3153 2100 3224; x_wconf 88' lang='lat' dir='ltr'><strong>pi-</strong></span> 
     </span>
    </p>
   </div>
   <div class='ocr_carea' id='block_1_34' title="bbox 512 3242 2104 3318">
    <p class='ocr_par' dir='ltr' id='par_1_34' title="bbox 512 3242 2104 3318">
     <span class='ocr_line' id='line_1_34' title="bbox 512 3242 2104 3318; baseline -0.007 -9"><span class='ocrx_word' id='word_1_236' title='bbox 512 3253 770 3318; x_wconf 88' lang='lat' dir='ltr'><strong>scariam,</strong></span> <span class='ocrx_word' id='word_1_237' title='bbox 803 3251 858 3306; x_wconf 91' lang='lat' dir='ltr'><strong>in</strong></span> <span class='ocrx_word' id='word_1_238' title='bbox 909 3249 1172 3306; x_wconf 88' lang='lat' dir='ltr'><strong>comitatu</strong></span> <span class='ocrx_word' id='word_1_239' title='bbox 1226 3245 1512 3302; x_wconf 85' lang='lat' dir='ltr'><strong>Lesinensi</strong></span> <span class='ocrx_word' id='word_1_240' title='bbox 1559 3244 1874 3316; x_wconf 84' lang='lat' dir='ltr'><strong>piscariam,</strong></span> <span class='ocrx_word' id='word_1_241' title='bbox 1901 3242 2104 3312; x_wconf 85' lang='lat' dir='ltr'><strong>Cajazo</strong></span> 
     </span>
    </p>
   </div>
   <div class='ocr_carea' id='block_1_35' title="bbox 512 3318 2106 3408">
    <p class='ocr_par' dir='ltr' id='par_1_35' title="bbox 512 3318 2106 3408">
     <span class='ocr_line' id='line_1_35' title="bbox 512 3318 2106 3408; baseline -0.008 -7"><span class='ocrx_word' id='word_1_242' title='bbox 512 3357 724 3401; x_wconf 83' lang='lat' dir='ltr'><strong>curtem</strong></span> <span class='ocrx_word' id='word_1_243' title='bbox 755 3343 812 3398; x_wconf 92' lang='lat' dir='ltr'><strong>in</strong></span> <span class='ocrx_word' id='word_1_244' title='bbox 841 3342 1079 3408; x_wconf 91' lang='lat' dir='ltr'><strong>molino;</strong></span> <span class='ocrx_word' id='word_1_245' title='bbox 1118 3338 1446 3394; x_wconf 89' lang='lat' dir='ltr'><strong>Lanienscm</strong></span> <span class='ocrx_word' id='word_1_246' title='bbox 1493 3345 1706 3394; x_wconf 90' lang='lat' dir='ltr'><strong>curtem</strong></span> <span class='ocrx_word' id='word_1_247' title='bbox 1747 3351 1936 3402; x_wconf 88' lang='lat' dir='ltr'><strong>unam,</strong></span> <span class='ocrx_word' id='word_1_248' title='bbox 1965 3318 2106 3389; x_wconf 82' lang='lat' dir='ltr'><strong>San-</strong></span> 
     </span>
    </p>
   </div>
   <div class='ocr_carea' id='block_1_36' title="bbox 514 3428 2104 3494">
    <p class='ocr_par' dir='ltr' id='par_1_36' title="bbox 514 3428 2104 3494">
     <span class='ocr_line' id='line_1_36' title="bbox 514 3428 2104 3494; baseline -0.007 -1"><span class='ocrx_word' id='word_1_249' title='bbox 514 3446 666 3493; x_wconf 90' lang='lat' dir='ltr'><strong>ctum</strong></span> <span class='ocrx_word' id='word_1_250' title='bbox 693 3433 930 3491; x_wconf 81' lang='lat' dir='ltr'><strong>Roseum</strong></span> <span class='ocrx_word' id='word_1_251' title='bbox 966 3433 1034 3488; x_wconf 90' lang='lat' dir='ltr'><strong>de</strong></span> <span class='ocrx_word' id='word_1_252' title='bbox 1055 3429 1220 3488; x_wconf 86' lang='lat' dir='ltr'><strong>Sessa</strong></span> <span class='ocrx_word' id='word_1_253' title='bbox 1242 3447 1368 3486; x_wconf 87' lang='lat' dir='ltr'><strong>cum</strong></span> <span class='ocrx_word' id='word_1_254' title='bbox 1405 3429 1655 3487; x_wconf 88' lang='lat' dir='ltr'><strong>curtibus</strong></span> <span class='ocrx_word' id='word_1_255' title='bbox 1680 3428 1797 3485; x_wconf 88' lang='lat' dir='ltr'><strong>suis</strong></span> <span class='ocrx_word' id='word_1_256' title='bbox 1827 3428 2104 3494; x_wconf 90' lang='lat' dir='ltr'><strong>omnibus,</strong></span> 
     </span>
    </p>
   </div>
   <div class='ocr_carea' id='block_1_37' title="bbox 517 3519 2106 3597">
    <p class='ocr_par' dir='ltr' id='par_1_37' title="bbox 517 3519 2106 3597">
     <span class='ocr_line' id='line_1_37' title="bbox 517 3519 2106 3597; baseline -0.005 -14"><span class='ocrx_word' id='word_1_257' title='bbox 517 3527 576 3584; x_wconf 89' lang='lat' dir='ltr'><strong>in</strong></span> <span class='ocrx_word' id='word_1_258' title='bbox 605 3525 804 3582; x_wconf 88' lang='lat' dir='ltr'><strong>ﬁnibus</strong></span> <span class='ocrx_word' id='word_1_259' title='bbox 833 3524 1034 3597; x_wconf 65' lang='lat' dir='ltr'><strong>Capuae</strong></span> <span class='ocrx_word' id='word_1_260' title='bbox 1065 3522 1328 3579; x_wconf 88' lang='lat' dir='ltr'><strong>Sanctum</strong></span> <span class='ocrx_word' id='word_1_261' title='bbox 1373 3521 1690 3590; x_wconf 83' lang='lat' dir='ltr'><strong>Reinerum,</strong></span> <span class='ocrx_word' id='word_1_262' title='bbox 1735 3528 1792 3576; x_wconf 90' lang='lat' dir='ltr'><strong>et</strong></span> <span class='ocrx_word' id='word_1_263' title='bbox 1843 3519 2106 3576; x_wconf 85' lang='lat' dir='ltr'><strong>Sanctum</strong></span> 
     </span>
    </p>
   </div>
   <div class='ocr_carea' id='block_1_38' title="bbox 519 3614 2107 3688">
    <p class='ocr_par' dir='ltr' id='par_1_38' title="bbox 519 3614 2107 3688">
     <span class='ocr_line' id='line_1_38' title="bbox 519 3614 2107 3688; baseline -0.003 -13"><span class='ocrx_word' id='word_1_264' title='bbox 519 3620 821 3676; x_wconf 76' lang='lat' dir='ltr'><strong>liobertum</strong></span> <span class='ocrx_word' id='word_1_265' title='bbox 845 3635 972 3675; x_wconf 92' lang='lat' dir='ltr'><strong>cum</strong></span> <span class='ocrx_word' id='word_1_266' title='bbox 996 3617 1289 3674; x_wconf 86' lang='lat' dir='ltr'><strong>territoriis</strong></span> <span class='ocrx_word' id='word_1_267' title='bbox 1323 3617 1458 3684; x_wconf 92' lang='lat' dir='ltr'><strong>suis,</strong></span> <span class='ocrx_word' id='word_1_268' title='bbox 1497 3615 1552 3672; x_wconf 91' lang='lat' dir='ltr'><strong>in</strong></span> <span class='ocrx_word' id='word_1_269' title='bbox 1594 3631 1789 3688; x_wconf 88' lang='lat' dir='ltr'><strong>campo</strong></span> <span class='ocrx_word' id='word_1_270' title='bbox 1829 3614 2025 3671; x_wconf 83' lang='lat' dir='ltr'><strong>Marini</strong></span> <span class='ocrx_word' id='word_1_271' title='bbox 2051 3615 2107 3671; x_wconf 91' lang='lat' dir='ltr'><strong>in</strong></span> 
     </span>
    </p>
   </div>
   <div class='ocr_carea' id='block_1_39' title="bbox 520 3703 2109 3779">
    <p class='ocr_par' dir='ltr' id='par_1_39' title="bbox 520 3703 2109 3779">
     <span class='ocr_line' id='line_1_39' title="bbox 520 3703 2109 3779; baseline -0.003 -12"><span class='ocrx_word' id='word_1_272' title='bbox 520 3711 728 3768; x_wconf 80' lang='lat' dir='ltr'><strong>tinibus</strong></span> <span class='ocrx_word' id='word_1_273' title='bbox 769 3708 1242 3765; x_wconf 83' lang='lat' dir='ltr'><strong>Tremonensibus</strong></span> <span class='ocrx_word' id='word_1_274' title='bbox 1301 3705 1565 3763; x_wconf 90' lang='lat' dir='ltr'><strong>Sanctum</strong></span> <span class='ocrx_word' id='word_1_275' title='bbox 1618 3703 1938 3779; x_wconf 80' lang='lat' dir='ltr'><strong>Adjutorem</strong></span> <span class='ocrx_word' id='word_1_276' title='bbox 1980 3722 2109 3778; x_wconf 80' lang='lat' dir='ltr'><strong>erga</strong></span> 
     </span>
    </p>
   </div>
   <div class='ocr_carea' id='block_1_40' title="bbox 517 3795 2108 3865">
    <p class='ocr_par' dir='ltr' id='par_1_40' title="bbox 517 3795 2108 3865">
     <span class='ocr_line' id='line_1_40' title="bbox 517 3795 2108 3865; baseline -0.004 -5"><span class='ocrx_word' id='word_1_277' title='bbox 517 3804 746 3860; x_wconf 80' lang='lat' dir='ltr'><strong>fluvium</strong></span> <span class='ocrx_word' id='word_1_278' title='bbox 774 3800 1110 3858; x_wconf 74' lang='lat' dir='ltr'><strong>Vulturnum</strong></span> <span class='ocrx_word' id='word_1_279' title='bbox 1136 3816 1263 3856; x_wconf 89' lang='lat' dir='ltr'><strong>cum</strong></span> <span class='ocrx_word' id='word_1_280' title='bbox 1301 3798 1464 3856; x_wconf 87' lang='lat' dir='ltr'><strong>terris</strong></span> <span class='ocrx_word' id='word_1_281' title='bbox 1505 3797 1643 3865; x_wconf 87' lang='lat' dir='ltr'><strong>suis,</strong></span> <span class='ocrx_word' id='word_1_282' title='bbox 1671 3797 1727 3854; x_wconf 91' lang='lat' dir='ltr'><strong>in</strong></span> <span class='ocrx_word' id='word_1_283' title='bbox 1764 3795 1966 3854; x_wconf 88' lang='lat' dir='ltr'><strong>ﬁnibus</strong></span> <span class='ocrx_word' id='word_1_284' title='bbox 1999 3797 2108 3853; x_wconf 88' lang='lat' dir='ltr'><strong>Ca-</strong></span> 
     </span>
    </p>
   </div>
   <div class='ocr_carea' id='block_1_41' title="bbox 516 3888 2112 3969">
    <p class='ocr_par' dir='ltr' id='par_1_41' title="bbox 516 3888 2112 3969">
     <span class='ocr_line' id='line_1_41' title="bbox 516 3888 2112 3969; baseline -0.004 -19"><span class='ocrx_word' id='word_1_285' title='bbox 516 3911 642 3969; x_wconf 76' lang='lat' dir='ltr'><strong>pme</strong></span> <span class='ocrx_word' id='word_1_286' title='bbox 663 3893 926 3950; x_wconf 88' lang='lat' dir='ltr'><strong>Sanctum</strong></span> <span class='ocrx_word' id='word_1_287' title='bbox 955 3891 1292 3964; x_wconf 85' lang='lat' dir='ltr'><strong>Stephanum</strong></span> <span class='ocrx_word' id='word_1_288' title='bbox 1318 3890 1384 3947; x_wconf 91' lang='lat' dir='ltr'><strong>de</strong></span> <span class='ocrx_word' id='word_1_289' title='bbox 1421 3888 1618 3946; x_wconf 90' lang='lat' dir='ltr'><strong>Strada</strong></span> <span class='ocrx_word' id='word_1_290' title='bbox 1649 3904 1775 3946; x_wconf 91' lang='lat' dir='ltr'><strong>cum</strong></span> <span class='ocrx_word' id='word_1_291' title='bbox 1819 3888 2112 3944; x_wconf 88' lang='lat' dir='ltr'><strong>territoriis</strong></span> 
     </span>
    </p>
   </div>
   <div class='ocr_carea' id='block_1_42' title="bbox 514 3977 2112 4054">
    <p class='ocr_par' dir='ltr' id='par_1_42' title="bbox 514 3977 2112 4054">
     <span class='ocr_line' id='line_1_42' title="bbox 514 3977 2112 4054; baseline -0.009 -6"><span class='ocrx_word' id='word_1_292' title='bbox 514 3987 660 4054; x_wconf 74' lang='lat' dir='ltr'><strong>suis,</strong></span> <span class='ocrx_word' id='word_1_293' title='bbox 683 3985 778 4042; x_wconf 87' lang='lat' dir='ltr'><strong>sed</strong></span> <span class='ocrx_word' id='word_1_294' title='bbox 811 3985 976 4041; x_wconf 89' lang='lat' dir='ltr'><strong>etiam</strong></span> <span class='ocrx_word' id='word_1_295' title='bbox 1011 3985 1066 4040; x_wconf 93' lang='lat' dir='ltr'><strong>in</strong></span> <span class='ocrx_word' id='word_1_296' title='bbox 1087 3982 1326 4039; x_wconf 86' lang='lat' dir='ltr'><strong>Castello</strong></span> <span class='ocrx_word' id='word_1_297' title='bbox 1349 3981 1546 4054; x_wconf 85' lang='lat' dir='ltr'><strong>Magno</strong></span> <span class='ocrx_word' id='word_1_298' title='bbox 1587 3979 1874 4037; x_wconf 90' lang='lat' dir='ltr'><strong>ecclesiam</strong></span> <span class='ocrx_word' id='word_1_299' title='bbox 1923 3977 2112 4036; x_wconf 89' lang='lat' dir='ltr'><strong>Sancti</strong></span> 
     </span>
    </p>
   </div>
   <div class='ocr_carea' id='block_1_43' title="bbox 518 4069 2111 4150">
    <p class='ocr_par' dir='ltr' id='par_1_43' title="bbox 518 4069 2111 4150">
     <span class='ocr_line' id='line_1_43' title="bbox 518 4069 2111 4150; baseline -0.006 -17"><span class='ocrx_word' id='word_1_300' title='bbox 518 4077 848 4150; x_wconf 70' lang='lat' dir='ltr'><strong>Magnicum</strong></span> <span class='ocrx_word' id='word_1_301' title='bbox 885 4075 1142 4131; x_wconf 88' lang='lat' dir='ltr'><strong>omnibus</strong></span> <span class='ocrx_word' id='word_1_302' title='bbox 1195 4070 1312 4130; x_wconf 89' lang='lat' dir='ltr'><strong>suis</strong></span> <span class='ocrx_word' id='word_1_303' title='bbox 1359 4070 1674 4140; x_wconf 88' lang='lat' dir='ltr'><strong>territoriis,</strong></span> <span class='ocrx_word' id='word_1_304' title='bbox 1725 4079 1782 4126; x_wconf 91' lang='lat' dir='ltr'><strong>et</strong></span> <span class='ocrx_word' id='word_1_305' title='bbox 1822 4069 2111 4127; x_wconf 86' lang='lat' dir='ltr'><strong>ecclesiam</strong></span> 
     </span>
    </p>
   </div>
   <div class='ocr_carea' id='block_1_44' title="bbox 518 4161 2112 4242">
    <p class='ocr_par' dir='ltr' id='par_1_44' title="bbox 518 4161 2112 4242">
     <span class='ocr_line' id='line_1_44' title="bbox 518 4161 2112 4242; baseline -0.006 -16"><span class='ocrx_word' id='word_1_306' title='bbox 518 4171 582 4226; x_wconf 86' lang='lat' dir='ltr'><strong>S.</strong></span> <span class='ocrx_word' id='word_1_307' title='bbox 607 4169 799 4242; x_wconf 75' lang='lat' dir='ltr'><strong>Angeli</strong></span> <span class='ocrx_word' id='word_1_308' title='bbox 831 4169 888 4224; x_wconf 91' lang='lat' dir='ltr'><strong>in</strong></span> <span class='ocrx_word' id='word_1_309' title='bbox 931 4167 1216 4224; x_wconf 83' lang='lat' dir='ltr'><strong>Altissimo</strong></span> <span class='ocrx_word' id='word_1_310' title='bbox 1250 4181 1416 4237; x_wconf 87' lang='lat' dir='ltr'><strong>super</strong></span> <span class='ocrx_word' id='word_1_311' title='bbox 1447 4163 1676 4219; x_wconf 81' lang='lat' dir='ltr'><strong>ﬂuvium</strong></span> <span class='ocrx_word' id='word_1_312' title='bbox 1727 4161 2021 4242; x_wconf 85' lang='lat' dir='ltr'><strong>Bivernum</strong></span> <span class='ocrx_word' id='word_1_313' title='bbox 2055 4161 2112 4216; x_wconf 88' lang='lat' dir='ltr'><strong>in</strong></span> 
     </span>
    </p>
   </div>
   <div class='ocr_carea' id='block_1_45' title="bbox 520 4237 2113 4332">
    <p class='ocr_par' dir='ltr' id='par_1_45' title="bbox 520 4237 2113 4332">
     <span class='ocr_line' id='line_1_45' title="bbox 520 4237 2113 4332; baseline -0.008 -14"><span class='ocrx_word' id='word_1_314' title='bbox 520 4263 726 4318; x_wconf 82' lang='lat' dir='ltr'><strong>ﬁnibus</strong></span> <span class='ocrx_word' id='word_1_315' title='bbox 751 4259 930 4332; x_wconf 88' lang='lat' dir='ltr'><strong>campi</strong></span> <span class='ocrx_word' id='word_1_316' title='bbox 967 4257 1179 4314; x_wconf 86' lang='lat' dir='ltr'><strong>Morani</strong></span> <span class='ocrx_word' id='word_1_317' title='bbox 1201 4272 1330 4314; x_wconf 91' lang='lat' dir='ltr'><strong>cum</strong></span> <span class='ocrx_word' id='word_1_318' title='bbox 1375 4255 1624 4326; x_wconf 87' lang='lat' dir='ltr'><strong>ejusdem</strong></span> <span class='ocrx_word' id='word_1_319' title='bbox 1652 4252 1899 4310; x_wconf 75' lang='lat' dir='ltr'><strong>ecclesia:</strong></span> <span class='ocrx_word' id='word_1_320' title='bbox 1939 4237 2113 4308; x_wconf 69' lang='lat' dir='ltr'><strong>haere-</strong></span> 
     </span>
    </p>
   </div>
   <div class='ocr_carea' id='block_1_46' title="bbox 1397 175 2846 260">
    <p class='ocr_par' dir='ltr' id='par_1_46' title="bbox 1397 175 2846 260">
     <span class='ocr_line' id='line_1_46' title="bbox 1397 175 2846 260; baseline -0.019 -1"><span class='ocrx_word' id='word_1_321' title='bbox 1397 192 1454 260; x_wconf 92' lang='lat' dir='ltr'><strong>S.</strong></span> <span class='ocrx_word' id='word_1_322' title='bbox 1497 178 1827 258; x_wconf 74' lang='lat' dir='ltr'><strong>CRECORII</strong></span> <span class='ocrx_word' id='word_1_323' title='bbox 1867 191 1958 249; x_wconf 72' lang='lat' dir='ltr'><strong>Vll</strong></span> <span class='ocrx_word' id='word_1_324' title='bbox 1995 186 2200 247; x_wconf 66' lang='grc' dir='ltr'><strong>ΡΑΡιΕ</strong></span> <span class='ocrx_word' id='word_1_325' title='bbox 2241 180 2524 240; x_wconf 74' lang='lat' dir='ltr'><strong>OPERUM</strong></span> <span class='ocrx_word' id='word_1_326' title='bbox 2566 177 2746 234; x_wconf 78' lang='lat' dir='ltr'><strong>PARS</strong></span> <span class='ocrx_word' id='word_1_327' title='bbox 2783 175 2846 232; x_wconf 89' lang='grc'><strong>11.</strong></span> 
     </span>
    </p>
   </div>
   <div class='ocr_carea' id='block_1_47' title="bbox 2114 281 3806 374">
    <p class='ocr_par' dir='ltr' id='par_1_47' title="bbox 2114 281 3806 374">
     <span class='ocr_line' id='line_1_47' title="bbox 2114 281 3806 374; baseline -0.018 -10"><span class='ocrx_word' id='word_1_328' title='bbox 2114 307 2155 366; x_wconf 73' lang='grc' dir='ltr'>Α</span> <span class='ocrx_word' id='word_1_329' title='bbox 2184 303 2251 360; x_wconf 86' lang='lat' dir='ltr'><strong>de</strong></span> <span class='ocrx_word' id='word_1_330' title='bbox 2279 300 2631 374; x_wconf 83' lang='lat' dir='ltr'><strong>Aliperga,et</strong></span> <span class='ocrx_word' id='word_1_331' title='bbox 2681 293 2740 350; x_wconf 86' lang='lat' dir='ltr'><strong>S.</strong></span> <span class='ocrx_word' id='word_1_332' title='bbox 2793 291 3074 372; x_wconf 80' lang='lat' dir='ltr'><strong>Nicolaum</strong></span> <span class='ocrx_word' id='word_1_333' title='bbox 3119 297 3185 347; x_wconf 78' lang='lat' dir='ltr'><strong>de</strong></span> <span class='ocrx_word' id='word_1_334' title='bbox 3239 297 3488 354; x_wconf 72' lang='lat' dir='ltr'><strong>palano,</strong></span> <span class='ocrx_word' id='word_1_335' title='bbox 3520 281 3806 374; x_wconf 32' lang='grc' dir='ltr'><strong>ἕηκεν*</strong></span> 
     </span>
    </p>
   </div>
   <div class='ocr_carea' id='block_1_48' title="bbox 3675 163 3805 219">
    <p class='ocr_par' dir='ltr' id='par_1_48' title="bbox 3675 163 3805 219">
     <span class='ocr_line' id='line_1_48' title="bbox 3675 163 3805 219; baseline -0.008 0"><span class='ocrx_word' id='word_1_336' title='bbox 3675 163 3805 219; x_wconf 72' lang='lat' dir='ltr'><strong>7i!</strong></span> 
     </span>
    </p>
   </div>
   <div class='ocr_carea' id='block_1_49' title="bbox 2185 371 3804 451">
    <p class='ocr_par' dir='ltr' id='par_1_49' title="bbox 2185 371 3804 451">
     <span class='ocr_line' id='line_1_49' title="bbox 2185 371 3804 451; baseline -0.015 0"><span class='ocrx_word' id='word_1_337' title='bbox 2185 371 2381 451; x_wconf 80' lang='lat' dir='ltr'><strong>collum</strong></span> <span class='ocrx_word' id='word_1_338' title='bbox 2407 391 2461 446; x_wconf 92' lang='lat' dir='ltr'><strong>in</strong></span> <span class='ocrx_word' id='word_1_339' title='bbox 2497 389 2823 450; x_wconf 78' lang='lat' dir='ltr'><strong>Temmano,</strong></span> <span class='ocrx_word' id='word_1_340' title='bbox 2875 383 3130 440; x_wconf 88' lang='lat' dir='ltr'><strong>Sanctam</strong></span> <span class='ocrx_word' id='word_1_341' title='bbox 3181 375 3417 434; x_wconf 63' lang='lat' dir='ltr'><strong>Mariam.</strong></span> <span class='ocrx_word' id='word_1_342' title='bbox 3469 377 3528 432; x_wconf 84' lang='lat' dir='ltr'><strong>in</strong></span> <span class='ocrx_word' id='word_1_343' title='bbox 3577 371 3804 437; x_wconf 83' lang='lat' dir='ltr'><strong>Calisi,</strong></span> 
     </span>
    </p>
   </div>
   <div class='ocr_carea' id='block_1_50' title="bbox 2187 465 3798 550">
    <p class='ocr_par' dir='ltr' id='par_1_50' title="bbox 2187 465 3798 550">
     <span class='ocr_line' id='line_1_50' title="bbox 2187 465 3798 550; baseline -0.014 -9"><span class='ocrx_word' id='word_1_344' title='bbox 2187 485 2245 541; x_wconf 89' lang='lat' dir='ltr'><strong>S.</strong></span> <span class='ocrx_word' id='word_1_345' title='bbox 2274 483 2500 539; x_wconf 82' lang='lat' dir='ltr'><strong>Mariam</strong></span> <span class='ocrx_word' id='word_1_346' title='bbox 2528 480 2598 536; x_wconf 90' lang='lat' dir='ltr'><strong>de</strong></span> <span class='ocrx_word' id='word_1_347' title='bbox 2637 477 2844 550; x_wconf 78' lang='lat' dir='ltr'><strong>Regina</strong></span> <span class='ocrx_word' id='word_1_348' title='bbox 2877 490 3002 531; x_wconf 89' lang='lat' dir='ltr'><strong>cum</strong></span> <span class='ocrx_word' id='word_1_349' title='bbox 3047 471 3306 528; x_wconf 83' lang='lat' dir='ltr'><strong>omnibus</strong></span> <span class='ocrx_word' id='word_1_350' title='bbox 3357 483 3558 524; x_wconf 82' lang='lat' dir='ltr'><strong>eorum</strong></span> <span class='ocrx_word' id='word_1_351' title='bbox 3601 465 3798 538; x_wconf 68' lang='lat' dir='ltr'><strong>peni»</strong></span> 
     </span>
    </p>
   </div>
   <div class='ocr_carea' id='block_1_51' title="bbox 2186 558 3802 643">
    <p class='ocr_par' dir='ltr' id='par_1_51' title="bbox 2186 558 3802 643">
     <span class='ocr_line' id='line_1_51' title="bbox 2186 558 3802 643; baseline -0.012 -10"><span class='ocrx_word' id='word_1_352' title='bbox 2186 575 2410 643; x_wconf 88' lang='lat' dir='ltr'><strong>nentiis,</strong></span> <span class='ocrx_word' id='word_1_353' title='bbox 2445 573 2502 630; x_wconf 90' lang='lat' dir='ltr'><strong>in</strong></span> <span class='ocrx_word' id='word_1_354' title='bbox 2545 571 2753 626; x_wconf 85' lang='lat' dir='ltr'><strong>Elieeto</strong></span> <span class='ocrx_word' id='word_1_355' title='bbox 2785 569 2843 624; x_wconf 86' lang='grc'><strong>8.</strong></span> <span class='ocrx_word' id='word_1_356' title='bbox 2880 565 3078 623; x_wconf 74' lang='lat' dir='ltr'><strong>Effrem</strong></span> <span class='ocrx_word' id='word_1_357' title='bbox 3123 579 3250 620; x_wconf 89' lang='lat' dir='ltr'><strong>cum</strong></span> <span class='ocrx_word' id='word_1_358' title='bbox 3288 559 3592 619; x_wconf 78' lang='lat' dir='ltr'><strong>territoriis</strong></span> <span class='ocrx_word' id='word_1_359' title='bbox 3631 558 3802 623; x_wconf 75' lang='lat' dir='ltr'><strong>suis,</strong></span> 
     </span>
    </p>
   </div>
   <div class='ocr_carea' id='block_1_52' title="bbox 2187 647 3801 724">
    <p class='ocr_par' dir='ltr' id='par_1_52' title="bbox 2187 647 3801 724">
     <span class='ocr_line' id='line_1_52' title="bbox 2187 647 3801 724; baseline -0.013 0"><span class='ocrx_word' id='word_1_360' title='bbox 2187 667 2452 724; x_wconf 86' lang='lat' dir='ltr'><strong>Sanctum</strong></span> <span class='ocrx_word' id='word_1_361' title='bbox 2485 661 2825 720; x_wconf 80' lang='lat' dir='ltr'><strong>Marcianum</strong></span> <span class='ocrx_word' id='word_1_362' title='bbox 2873 659 2942 716; x_wconf 89' lang='lat' dir='ltr'><strong>de</strong></span> <span class='ocrx_word' id='word_1_363' title='bbox 2987 656 3242 723; x_wconf 86' lang='lat' dir='ltr'><strong>Parituli,</strong></span> <span class='ocrx_word' id='word_1_364' title='bbox 3271 661 3327 710; x_wconf 89' lang='lat' dir='ltr'><strong>et</strong></span> <span class='ocrx_word' id='word_1_365' title='bbox 3365 652 3630 708; x_wconf 82' lang='lat' dir='ltr'><strong>Sanctam</strong></span> <span class='ocrx_word' id='word_1_366' title='bbox 3651 647 3801 704; x_wconf 67' lang='lat' dir='ltr'><strong>lla-</strong></span> 
     </span>
    </p>
   </div>
   <div class='ocr_carea' id='block_1_53' title="bbox 2185 744 3800 822">
    <p class='ocr_par' dir='ltr' id='par_1_53' title="bbox 2185 744 3800 822">
     <span class='ocr_line' id='line_1_53' title="bbox 2185 744 3800 822; baseline -0.012 -5"><span class='ocrx_word' id='word_1_367' title='bbox 2185 762 2327 818; x_wconf 91' lang='lat' dir='ltr'><strong>riam</strong></span> <span class='ocrx_word' id='word_1_368' title='bbox 2351 759 2418 815; x_wconf 90' lang='lat' dir='ltr'><strong>de</strong></span> <span class='ocrx_word' id='word_1_369' title='bbox 2443 757 2683 822; x_wconf 82' lang='lat' dir='ltr'><strong>Sablela,</strong></span> <span class='ocrx_word' id='word_1_370' title='bbox 2719 753 2777 810; x_wconf 88' lang='grc'><strong>8.</strong></span> <span class='ocrx_word' id='word_1_371' title='bbox 2801 751 3029 808; x_wconf 76' lang='lat' dir='ltr'><strong>Mariam</strong></span> <span class='ocrx_word' id='word_1_372' title='bbox 3064 750 3121 805; x_wconf 90' lang='lat' dir='ltr'><strong>in</strong></span> <span class='ocrx_word' id='word_1_373' title='bbox 3147 748 3331 805; x_wconf 83' lang='lat' dir='ltr'><strong>casaie</strong></span> <span class='ocrx_word' id='word_1_374' title='bbox 3375 744 3607 802; x_wconf 80' lang='lat' dir='ltr'><strong>Geldoni</strong></span> <span class='ocrx_word' id='word_1_375' title='bbox 3645 755 3800 798; x_wconf 65' lang='lat' dir='ltr'><strong>cum</strong></span> 
     </span>
    </p>
   </div>
   <div class='ocr_carea' id='block_1_54' title="bbox 2187 827 3532 926">
    <p class='ocr_par' dir='ltr' id='par_1_54' title="bbox 2187 827 3532 926">
     <span class='ocr_line' id='line_1_54' title="bbox 2187 827 3532 926; baseline -0.013 -19"><span class='ocrx_word' id='word_1_376' title='bbox 2187 851 2446 926; x_wconf 89' lang='lat' dir='ltr'><strong>omnibus</strong></span> <span class='ocrx_word' id='word_1_377' title='bbox 2471 863 2664 905; x_wconf 88' lang='lat' dir='ltr'><strong>eorum</strong></span> <span class='ocrx_word' id='word_1_378' title='bbox 2691 843 3053 917; x_wconf 83' lang='lat' dir='ltr'><strong>pertinentiis.</strong></span> <span class='ocrx_word' id='word_1_379' title='bbox 3311 891 3320 897; x_wconf 70' lang='grc'>,</span> <span class='ocrx_word' id='word_1_380' title='bbox 3527 827 3532 832; x_wconf 69' lang='grc'>’</span> 
     </span>
    </p>
   </div>
   <div class='ocr_carea' id='block_1_55' title="bbox 2255 957 3801 1027">
    <p class='ocr_par' dir='ltr' id='par_1_55' title="bbox 2255 957 3801 1027">
     <span class='ocr_line' id='line_1_55' title="bbox 2255 957 3801 1027; baseline -0.01 -3"><span class='ocrx_word' id='word_1_381' title='bbox 2255 969 2524 1026; x_wconf 64' lang='lat' dir='ltr'><strong>Praeterea</strong></span> <span class='ocrx_word' id='word_1_382' title='bbox 2545 964 2874 1022; x_wconf 87' lang='lat' dir='ltr'><strong>auctoritate</strong></span> <span class='ocrx_word' id='word_1_383' title='bbox 2907 969 3112 1020; x_wconf 65' lang='lat' dir='ltr'><strong>sancte</strong></span> <span class='ocrx_word' id='word_1_384' title='bbox 3155 957 3420 1016; x_wconf 67' lang='lat' dir='ltr'><strong>Romana:</strong></span> <span class='ocrx_word' id='word_1_385' title='bbox 3449 963 3506 1012; x_wconf 87' lang='lat' dir='ltr'><strong>et</strong></span> <span class='ocrx_word' id='word_1_386' title='bbox 3556 963 3801 1027; x_wconf 85' lang='lat' dir='ltr'><strong>aposto-</strong></span> 
     </span>
    </p>
   </div>
   <div class='ocr_carea' id='block_1_56' title="bbox 2186 1046 3798 1135">
    <p class='ocr_par' dir='ltr' id='par_1_56' title="bbox 2186 1046 3798 1135">
     <span class='ocr_line' id='line_1_56' title="bbox 2186 1046 3798 1135; baseline -0.013 -14"><span class='ocrx_word' id='word_1_387' title='bbox 2186 1065 2305 1121; x_wconf 67' lang='lat' dir='ltr'><strong>licae</strong></span> <span class='ocrx_word' id='word_1_388' title='bbox 2329 1061 2474 1135; x_wconf 74' lang='lat' dir='ltr'><strong>sedis</strong></span> <span class='ocrx_word' id='word_1_389' title='bbox 2495 1057 2848 1116; x_wconf 87' lang='lat' dir='ltr'><strong>concedimus</strong></span> <span class='ocrx_word' id='word_1_390' title='bbox 2865 1065 3030 1128; x_wconf 86' lang='lat' dir='ltr'><strong>atque</strong></span> <span class='ocrx_word' id='word_1_391' title='bbox 3043 1052 3438 1111; x_wconf 85' lang='lat' dir='ltr'><strong>conﬁrmamus</strong></span> <span class='ocrx_word' id='word_1_392' title='bbox 3463 1048 3562 1104; x_wconf 88' lang='lat' dir='ltr'><strong>tibi</strong></span> <span class='ocrx_word' id='word_1_393' title='bbox 3586 1063 3650 1104; x_wconf 88' lang='lat' dir='ltr'><strong>ac</strong></span> <span class='ocrx_word' id='word_1_394' title='bbox 3669 1046 3798 1102; x_wconf 84' lang='lat' dir='ltr'><strong>tuis</strong></span> 
     </span>
    </p>
   </div>
   <div class='ocr_carea' id='block_1_57' title="bbox 2188 1135 3798 1216">
    <p class='ocr_par' dir='ltr' id='par_1_57' title="bbox 2188 1135 3798 1216">
     <span class='ocr_line' id='line_1_57' title="bbox 2188 1135 3798 1216; baseline -0.013 -5"><span class='ocrx_word' id='word_1_395' title='bbox 2188 1149 2601 1212; x_wconf 85' lang='lat' dir='ltr'><strong>successoribus</strong></span> <span class='ocrx_word' id='word_1_396' title='bbox 2629 1161 2825 1204; x_wconf 92' lang='lat' dir='ltr'><strong>omnes</strong></span> <span class='ocrx_word' id='word_1_397' title='bbox 2867 1145 2924 1200; x_wconf 90' lang='lat' dir='ltr'><strong>in</strong></span> <span class='ocrx_word' id='word_1_398' title='bbox 2977 1144 3252 1216; x_wconf 83' lang='lat' dir='ltr'><strong>integrum</strong></span> <span class='ocrx_word' id='word_1_399' title='bbox 3282 1139 3595 1196; x_wconf 82' lang='lat' dir='ltr'><strong>oblationes</strong></span> <span class='ocrx_word' id='word_1_400' title='bbox 3631 1135 3798 1191; x_wconf 83' lang='lat' dir='ltr'><strong>viro-</strong></span> 
     </span>
    </p>
   </div>
   <div class='ocr_carea' id='block_1_58' title="bbox 2189 1227 3796 1307">
    <p class='ocr_par' dir='ltr' id='par_1_58' title="bbox 2189 1227 3796 1307">
     <span class='ocr_line' id='line_1_58' title="bbox 2189 1227 3796 1307; baseline -0.011 -6"><span class='ocrx_word' id='word_1_401' title='bbox 2189 1260 2313 1300; x_wconf 85' lang='lat' dir='ltr'><strong>rum</strong></span> <span class='ocrx_word' id='word_1_402' title='bbox 2347 1257 2412 1298; x_wconf 91' lang='lat' dir='ltr'><strong>ac</strong></span> <span class='ocrx_word' id='word_1_403' title='bbox 2440 1237 2827 1296; x_wconf 82' lang='lat' dir='ltr'><strong>defunctorum</strong></span> <span class='ocrx_word' id='word_1_404' title='bbox 2875 1250 3000 1307; x_wconf 68' lang='lat' dir='ltr'><strong>quae</strong></span> <span class='ocrx_word' id='word_1_405' title='bbox 3043 1233 3147 1306; x_wconf 88' lang='lat' dir='ltr'><strong>ipsi</strong></span> <span class='ocrx_word' id='word_1_406' title='bbox 3195 1227 3538 1288; x_wconf 86' lang='lat' dir='ltr'><strong>monasterio</strong></span> <span class='ocrx_word' id='word_1_407' title='bbox 3570 1244 3668 1300; x_wconf 82' lang='lat' dir='ltr'><strong>per</strong></span> <span class='ocrx_word' id='word_1_408' title='bbox 3702 1240 3796 1284; x_wconf 76' lang='lat' dir='ltr'><strong>te-</strong></span> 
     </span>
    </p>
   </div>
   <div class='ocr_carea' id='block_1_59' title="bbox 2189 1323 3797 1401">
    <p class='ocr_par' dir='ltr' id='par_1_59' title="bbox 2189 1323 3797 1401">
     <span class='ocr_line' id='line_1_59' title="bbox 2189 1323 3797 1401; baseline -0.011 -9"><span class='ocrx_word' id='word_1_409' title='bbox 2189 1341 2542 1401; x_wconf 87' lang='lat' dir='ltr'><strong>stamentum,</strong></span> <span class='ocrx_word' id='word_1_410' title='bbox 2566 1339 2661 1386; x_wconf 90' lang='lat' dir='ltr'><strong>aut</strong></span> <span class='ocrx_word' id='word_1_411' title='bbox 2681 1329 2846 1386; x_wconf 90' lang='lat' dir='ltr'><strong>etiam</strong></span> <span class='ocrx_word' id='word_1_412' title='bbox 2877 1327 2996 1385; x_wconf 88' lang='lat' dir='ltr'><strong>sine</strong></span> <span class='ocrx_word' id='word_1_413' title='bbox 3025 1331 3355 1383; x_wconf 86' lang='lat' dir='ltr'><strong>testamento</strong></span> <span class='ocrx_word' id='word_1_414' title='bbox 3378 1323 3508 1393; x_wconf 91' lang='lat' dir='ltr'><strong>jure</strong></span> <span class='ocrx_word' id='word_1_415' title='bbox 3539 1335 3797 1377; x_wconf 84' lang='lat' dir='ltr'><strong>accesse—</strong></span> 
     </span>
    </p>
   </div>
   <div class='ocr_carea' id='block_1_60' title="bbox 2189 1411 3793 1496">
    <p class='ocr_par' dir='ltr' id='par_1_60' title="bbox 2189 1411 3793 1496">
     <span class='ocr_line' id='line_1_60' title="bbox 2189 1411 3793 1496; baseline -0.011 -13"><span class='ocrx_word' id='word_1_416' title='bbox 2189 1427 2336 1495; x_wconf 85' lang='lat' dir='ltr'><strong>rint;</strong></span> <span class='ocrx_word' id='word_1_417' title='bbox 2363 1433 2418 1482; x_wconf 91' lang='lat' dir='ltr'><strong>et</strong></span> <span class='ocrx_word' id='word_1_418' title='bbox 2437 1429 2702 1496; x_wconf 88' lang='lat' dir='ltr'><strong>perpetuo</strong></span> <span class='ocrx_word' id='word_1_419' title='bbox 2731 1425 2950 1476; x_wconf 89' lang='lat' dir='ltr'><strong>maneat</strong></span> <span class='ocrx_word' id='word_1_420' title='bbox 2978 1411 3094 1490; x_wconf 82' lang='lat' dir='ltr'><strong>jam</strong></span> <span class='ocrx_word' id='word_1_421' title='bbox 3139 1415 3320 1488; x_wconf 87' lang='lat' dir='ltr'><strong>ipsum</strong></span> <span class='ocrx_word' id='word_1_422' title='bbox 3368 1412 3547 1476; x_wconf 83' lang='lat' dir='ltr'><strong>fatum</strong></span> <span class='ocrx_word' id='word_1_423' title='bbox 3581 1427 3793 1468; x_wconf 87' lang='lat' dir='ltr'><strong>mona-</strong></span> 
     </span>
    </p>
   </div>
   <div class='ocr_carea' id='block_1_61' title="bbox 2191 1501 3795 1579">
    <p class='ocr_par' dir='ltr' id='par_1_61' title="bbox 2191 1501 3795 1579">
     <span class='ocr_line' id='line_1_61' title="bbox 2191 1501 3795 1579; baseline -0.012 -3"><span class='ocrx_word' id='word_1_424' title='bbox 2191 1517 2424 1576; x_wconf 87' lang='lat' dir='ltr'><strong>sterium</strong></span> <span class='ocrx_word' id='word_1_425' title='bbox 2450 1515 2554 1572; x_wconf 90' lang='lat' dir='ltr'><strong>sub</strong></span> <span class='ocrx_word' id='word_1_426' title='bbox 2583 1511 2776 1579; x_wconf 91' lang='lat' dir='ltr'><strong>tutela,</strong></span> <span class='ocrx_word' id='word_1_427' title='bbox 2800 1509 3027 1577; x_wconf 90' lang='lat' dir='ltr'><strong>ditione,</strong></span> <span class='ocrx_word' id='word_1_428' title='bbox 3053 1523 3149 1564; x_wconf 90' lang='lat' dir='ltr'><strong>seu</strong></span> <span class='ocrx_word' id='word_1_429' title='bbox 3185 1506 3309 1579; x_wconf 87' lang='lat' dir='ltr'><strong>jure</strong></span> <span class='ocrx_word' id='word_1_430' title='bbox 3341 1512 3552 1561; x_wconf 58' lang='lat' dir='ltr'><strong>sanctae</strong></span> <span class='ocrx_word' id='word_1_431' title='bbox 3583 1501 3795 1558; x_wconf 78' lang='lat' dir='ltr'><strong>Roma—</strong></span> 
     </span>
    </p>
   </div>
   <div class='ocr_carea' id='block_1_62' title="bbox 2193 1591 3791 1668">
    <p class='ocr_par' dir='ltr' id='par_1_62' title="bbox 2193 1591 3791 1668">
     <span class='ocr_line' id='line_1_62' title="bbox 2193 1591 3791 1668; baseline -0.013 0"><span class='ocrx_word' id='word_1_432' title='bbox 2193 1626 2278 1668; x_wconf 65' lang='lat' dir='ltr'><strong>na:</strong></span> <span class='ocrx_word' id='word_1_433' title='bbox 2303 1606 2566 1664; x_wconf 54' lang='lat' dir='ltr'><strong>Ecclesiae</strong></span> <span class='ocrx_word' id='word_1_434' title='bbox 2611 1603 2847 1660; x_wconf 87' lang='lat' dir='ltr'><strong>liberum</strong></span> <span class='ocrx_word' id='word_1_435' title='bbox 2891 1609 2947 1657; x_wconf 90' lang='lat' dir='ltr'><strong>et</strong></span> <span class='ocrx_word' id='word_1_436' title='bbox 2976 1599 3219 1655; x_wconf 90' lang='lat' dir='ltr'><strong>immune</strong></span> <span class='ocrx_word' id='word_1_437' title='bbox 3263 1598 3332 1653; x_wconf 91' lang='lat' dir='ltr'><strong>ab</strong></span> <span class='ocrx_word' id='word_1_438' title='bbox 3389 1594 3545 1652; x_wconf 90' lang='lat' dir='ltr'><strong>omni</strong></span> <span class='ocrx_word' id='word_1_439' title='bbox 3599 1591 3791 1664; x_wconf 85' lang='lat' dir='ltr'><strong>subje—</strong></span> 
     </span>
    </p>
   </div>
   <div class='ocr_carea' id='block_1_63' title="bbox 2191 1685 3791 1761">
    <p class='ocr_par' dir='ltr' id='par_1_63' title="bbox 2191 1685 3791 1761">
     <span class='ocr_line' id='line_1_63' title="bbox 2191 1685 3791 1761; baseline -0.014 -1"><span class='ocrx_word' id='word_1_440' title='bbox 2191 1703 2372 1761; x_wconf 88' lang='lat' dir='ltr'><strong>ctione</strong></span> <span class='ocrx_word' id='word_1_441' title='bbox 2399 1699 2626 1756; x_wconf 90' lang='lat' dir='ltr'><strong>alterius</strong></span> <span class='ocrx_word' id='word_1_442' title='bbox 2645 1693 2924 1761; x_wconf 54' lang='lat' dir='ltr'><strong>Ecclesia,</strong></span> <span class='ocrx_word' id='word_1_443' title='bbox 2956 1700 3010 1750; x_wconf 89' lang='lat' dir='ltr'><strong>et</strong></span> <span class='ocrx_word' id='word_1_444' title='bbox 3025 1691 3094 1748; x_wconf 89' lang='lat' dir='ltr'><strong>ab</strong></span> <span class='ocrx_word' id='word_1_445' title='bbox 3114 1690 3267 1746; x_wconf 92' lang='lat' dir='ltr'><strong>omni</strong></span> <span class='ocrx_word' id='word_1_446' title='bbox 3287 1688 3414 1760; x_wconf 87' lang='lat' dir='ltr'><strong>jure</strong></span> <span class='ocrx_word' id='word_1_447' title='bbox 3445 1685 3791 1742; x_wconf 79' lang='lat' dir='ltr'><strong>immolesta-</strong></span> 
     </span>
    </p>
   </div>
   <div class='ocr_carea' id='block_1_64' title="bbox 2193 1773 3792 1850">
    <p class='ocr_par' dir='ltr' id='par_1_64' title="bbox 2193 1773 3792 1850">
     <span class='ocr_line' id='line_1_64' title="bbox 2193 1773 3792 1850; baseline -0.014 -1"><span class='ocrx_word' id='word_1_448' title='bbox 2193 1801 2332 1850; x_wconf 91' lang='lat' dir='ltr'><strong>tum.</strong></span> <span class='ocrx_word' id='word_1_449' title='bbox 2383 1789 2690 1846; x_wconf 88' lang='lat' dir='ltr'><strong>Statuimus</strong></span> <span class='ocrx_word' id='word_1_450' title='bbox 2723 1785 2974 1842; x_wconf 90' lang='lat' dir='ltr'><strong>etiam-ut</strong></span> <span class='ocrx_word' id='word_1_451' title='bbox 3005 1781 3116 1838; x_wconf 88' lang='lat' dir='ltr'><strong>sint</strong></span> <span class='ocrx_word' id='word_1_452' title='bbox 3135 1778 3393 1836; x_wconf 87' lang='lat' dir='ltr'><strong>monachi</strong></span> <span class='ocrx_word' id='word_1_453' title='bbox 3421 1775 3502 1832; x_wconf 90' lang='lat' dir='ltr'><strong>tui</strong></span> <span class='ocrx_word' id='word_1_454' title='bbox 3546 1777 3617 1831; x_wconf 85' lang='lat' dir='ltr'><strong>ab</strong></span> <span class='ocrx_word' id='word_1_455' title='bbox 3639 1773 3792 1830; x_wconf 88' lang='lat' dir='ltr'><strong>omni</strong></span> 
     </span>
    </p>
   </div>
   <div class='ocr_carea' id='block_1_65' title="bbox 2191 1867 3794 1944">
    <p class='ocr_par' dir='ltr' id='par_1_65' title="bbox 2191 1867 3794 1944">
     <span class='ocr_line' id='line_1_65' title="bbox 2191 1867 3794 1944; baseline -0.015 -1"><span class='ocrx_word' id='word_1_456' title='bbox 2191 1883 2472 1944; x_wconf 70' lang='lat' dir='ltr'><strong>saecularis</strong></span> <span class='ocrx_word' id='word_1_457' title='bbox 2493 1880 2652 1936; x_wconf 87' lang='lat' dir='ltr'><strong>oﬁicii</strong></span> <span class='ocrx_word' id='word_1_458' title='bbox 2676 1875 3022 1934; x_wconf 87' lang='lat' dir='ltr'><strong>infestatioue</strong></span> <span class='ocrx_word' id='word_1_459' title='bbox 3047 1871 3248 1940; x_wconf 89' lang='lat' dir='ltr'><strong>securi,</strong></span> <span class='ocrx_word' id='word_1_460' title='bbox 3273 1879 3328 1927; x_wconf 92' lang='lat' dir='ltr'><strong>et</strong></span> <span class='ocrx_word' id='word_1_461' title='bbox 3352 1867 3507 1925; x_wconf 88' lang='lat' dir='ltr'><strong>omni</strong></span> <span class='ocrx_word' id='word_1_462' title='bbox 3549 1881 3794 1940; x_wconf 62' lang='lat' dir='ltr'><strong>praegra-</strong></span> 
     </span>
    </p>
   </div>
   <div class='ocr_carea' id='block_1_66' title="bbox 2191 1958 3791 2040">
    <p class='ocr_par' dir='ltr' id='par_1_66' title="bbox 2191 1958 3791 2040">
     <span class='ocr_line' id='line_1_66' title="bbox 2191 1958 3791 2040; baseline -0.013 -10"><span class='ocrx_word' id='word_1_463' title='bbox 2191 1973 2409 2030; x_wconf 87' lang='lat' dir='ltr'><strong>vamine</strong></span> <span class='ocrx_word' id='word_1_464' title='bbox 2431 1971 2722 2028; x_wconf 65' lang='lat' dir='ltr'><strong>mundanae</strong></span> <span class='ocrx_word' id='word_1_465' title='bbox 2735 1964 3108 2040; x_wconf 89' lang='lat' dir='ltr'><strong>oppressionis</strong></span> <span class='ocrx_word' id='word_1_466' title='bbox 3133 1959 3349 2030; x_wconf 83' lang='lat' dir='ltr'><strong>remoti,</strong></span> <span class='ocrx_word' id='word_1_467' title='bbox 3379 1958 3435 2013; x_wconf 91' lang='lat' dir='ltr'><strong>in</strong></span> <span class='ocrx_word' id='word_1_468' title='bbox 3470 1963 3677 2014; x_wconf 62' lang='lat' dir='ltr'><strong>sancte</strong></span> <span class='ocrx_word' id='word_1_469' title='bbox 3702 1969 3791 2010; x_wconf 86' lang='lat' dir='ltr'><strong>re-</strong></span> 
     </span>
    </p>
   </div>
   <div class='ocr_carea' id='block_1_67' title="bbox 2195 2048 3792 2141">
    <p class='ocr_par' dir='ltr' id='par_1_67' title="bbox 2195 2048 3792 2141">
     <span class='ocr_line' id='line_1_67' title="bbox 2195 2048 3792 2141; baseline -0.014 -18"><span class='ocrx_word' id='word_1_470' title='bbox 2195 2067 2336 2141; x_wconf 75' lang='lat' dir='ltr'><strong>gula:</strong></span> <span class='ocrx_word' id='word_1_471' title='bbox 2365 2062 2746 2121; x_wconf 87' lang='lat' dir='ltr'><strong>observatione</strong></span> <span class='ocrx_word' id='word_1_472' title='bbox 2779 2057 2972 2130; x_wconf 90' lang='lat' dir='ltr'><strong>quieti,</strong></span> <span class='ocrx_word' id='word_1_473' title='bbox 3011 2055 3145 2112; x_wconf 89' lang='lat' dir='ltr'><strong>nulli</strong></span> <span class='ocrx_word' id='word_1_474' title='bbox 3176 2053 3269 2110; x_wconf 91' lang='lat' dir='ltr'><strong>alii</strong></span> <span class='ocrx_word' id='word_1_475' title='bbox 3303 2052 3411 2108; x_wconf 88' lang='lat' dir='ltr'><strong>nisi</strong></span> <span class='ocrx_word' id='word_1_476' title='bbox 3442 2048 3714 2104; x_wconf 64' lang='lat' dir='ltr'><strong>Romana:</strong></span> <span class='ocrx_word' id='word_1_477' title='bbox 3736 2057 3792 2102; x_wconf 83' lang='lat' dir='ltr'><strong>et</strong></span> 
     </span>
    </p>
   </div>
   <div class='ocr_carea' id='block_1_68' title="bbox 2195 2147 3792 2232">
    <p class='ocr_par' dir='ltr' id='par_1_68' title="bbox 2195 2147 3792 2232">
     <span class='ocr_line' id='line_1_68' title="bbox 2195 2147 3792 2232; baseline -0.014 -15"><span class='ocrx_word' id='word_1_478' title='bbox 2195 2157 2510 2232; x_wconf 63' lang='lat' dir='ltr'><strong>apostolicae</strong></span> <span class='ocrx_word' id='word_1_479' title='bbox 2524 2154 2659 2223; x_wconf 85' lang='lat' dir='ltr'><strong>sedi,</strong></span> <span class='ocrx_word' id='word_1_480' title='bbox 2675 2152 2834 2224; x_wconf 92' lang='lat' dir='ltr'><strong>cujus</strong></span> <span class='ocrx_word' id='word_1_481' title='bbox 2851 2151 2993 2223; x_wconf 89' lang='lat' dir='ltr'><strong>juris</strong></span> <span class='ocrx_word' id='word_1_482' title='bbox 3009 2158 3111 2216; x_wconf 87' lang='lat' dir='ltr'><strong>est,</strong></span> <span class='ocrx_word' id='word_1_483' title='bbox 3126 2147 3308 2218; x_wconf 86' lang='lat' dir='ltr'><strong>aliqua</strong></span> <span class='ocrx_word' id='word_1_484' title='bbox 3323 2149 3616 2200; x_wconf 82' lang='lat' dir='ltr'><strong>teneantur</strong></span> <span class='ocrx_word' id='word_1_485' title='bbox 3631 2153 3792 2196; x_wconf 80' lang='lat' dir='ltr'><strong>occa-</strong></span> 
     </span>
    </p>
   </div>
   <div class='ocr_carea' id='block_1_69' title="bbox 2199 2233 3791 2316">
    <p class='ocr_par' dir='ltr' id='par_1_69' title="bbox 2199 2233 3791 2316">
     <span class='ocr_line' id='line_1_69' title="bbox 2199 2233 3791 2316; baseline -0.013 -9"><span class='ocrx_word' id='word_1_486' title='bbox 2199 2251 2356 2306; x_wconf 87' lang='lat' dir='ltr'><strong>sione</strong></span> <span class='ocrx_word' id='word_1_487' title='bbox 2379 2262 2504 2304; x_wconf 88' lang='lat' dir='ltr'><strong>esse</strong></span> <span class='ocrx_word' id='word_1_488' title='bbox 2535 2244 2798 2316; x_wconf 84' lang='lat' dir='ltr'><strong>subjecti;</strong></span> <span class='ocrx_word' id='word_1_489' title='bbox 2829 2241 2922 2314; x_wconf 90' lang='lat' dir='ltr'><strong>qui</strong></span> <span class='ocrx_word' id='word_1_490' title='bbox 2951 2241 3018 2296; x_wconf 91' lang='lat' dir='ltr'><strong>de</strong></span> <span class='ocrx_word' id='word_1_491' title='bbox 3061 2239 3178 2296; x_wconf 91' lang='lat' dir='ltr'><strong>suis</strong></span> <span class='ocrx_word' id='word_1_492' title='bbox 3199 2237 3304 2294; x_wconf 90' lang='lat' dir='ltr'><strong>sibi</strong></span> <span class='ocrx_word' id='word_1_493' title='bbox 3339 2235 3563 2308; x_wconf 88' lang='lat' dir='ltr'><strong>qualem</strong></span> <span class='ocrx_word' id='word_1_494' title='bbox 3600 2233 3791 2288; x_wconf 78' lang='lat' dir='ltr'><strong>voluc-</strong></span> 
     </span>
    </p>
   </div>
   <div class='ocr_carea' id='block_1_70' title="bbox 2197 2323 3791 2403">
    <p class='ocr_par' dir='ltr' id='par_1_70' title="bbox 2197 2323 3791 2403">
     <span class='ocr_line' id='line_1_70' title="bbox 2197 2323 3791 2403; baseline -0.014 -5"><span class='ocrx_word' id='word_1_495' title='bbox 2197 2341 2310 2398; x_wconf 89' lang='lat' dir='ltr'><strong>rint</strong></span> <span class='ocrx_word' id='word_1_496' title='bbox 2335 2338 2636 2398; x_wconf 90' lang='lat' dir='ltr'><strong>secundum</strong></span> <span class='ocrx_word' id='word_1_497' title='bbox 2661 2335 2724 2390; x_wconf 88' lang='lat' dir='ltr'><strong>B.</strong></span> <span class='ocrx_word' id='word_1_498' title='bbox 2765 2332 3042 2390; x_wconf 78' lang='lat' dir='ltr'><strong>Benedicti</strong></span> <span class='ocrx_word' id='word_1_499' title='bbox 3079 2331 3348 2403; x_wconf 86' lang='lat' dir='ltr'><strong>regulam,</strong></span> <span class='ocrx_word' id='word_1_500' title='bbox 3390 2328 3648 2383; x_wconf 85' lang='lat' dir='ltr'><strong>abbatem</strong></span> <span class='ocrx_word' id='word_1_501' title='bbox 3691 2323 3791 2378; x_wconf 84' lang='lat' dir='ltr'><strong>eli-</strong></span> 
     </span>
    </p>
   </div>
   <div class='ocr_carea' id='block_1_71' title="bbox 2199 2417 3791 2506">
    <p class='ocr_par' dir='ltr' id='par_1_71' title="bbox 2199 2417 3791 2506">
     <span class='ocr_line' id='line_1_71' title="bbox 2199 2417 3791 2506; baseline -0.014 -15"><span class='ocrx_word' id='word_1_502' title='bbox 2199 2441 2364 2506; x_wconf 79' lang='lat' dir='ltr'><strong>gant;</strong></span> <span class='ocrx_word' id='word_1_503' title='bbox 2392 2431 2442 2489; x_wconf 91' lang='lat' dir='ltr'><strong>si</strong></span> <span class='ocrx_word' id='word_1_504' title='bbox 2463 2445 2594 2487; x_wconf 90' lang='lat' dir='ltr'><strong>vero</strong></span> <span class='ocrx_word' id='word_1_505' title='bbox 2615 2445 2682 2485; x_wconf 80' lang='lat' dir='ltr'><strong>ex</strong></span> <span class='ocrx_word' id='word_1_506' title='bbox 2716 2427 2798 2484; x_wconf 90' lang='lat' dir='ltr'><strong>eis</strong></span> <span class='ocrx_word' id='word_1_507' title='bbox 2820 2426 3050 2482; x_wconf 90' lang='lat' dir='ltr'><strong>idoneus</strong></span> <span class='ocrx_word' id='word_1_508' title='bbox 3079 2421 3334 2498; x_wconf 80' lang='lat' dir='ltr'><strong>defuerit,</strong></span> <span class='ocrx_word' id='word_1_509' title='bbox 3357 2420 3430 2475; x_wconf 89' lang='lat' dir='ltr'><strong>ab</strong></span> <span class='ocrx_word' id='word_1_510' title='bbox 3453 2419 3579 2474; x_wconf 88' lang='lat' dir='ltr'><strong>aliis</strong></span> <span class='ocrx_word' id='word_1_511' title='bbox 3601 2417 3791 2472; x_wconf 80' lang='lat' dir='ltr'><strong>utilem</strong></span> 
     </span>
    </p>
   </div>
   <div class='ocr_carea' id='block_1_72' title="bbox 2199 2507 3792 2598">
    <p class='ocr_par' dir='ltr' id='par_1_72' title="bbox 2199 2507 3792 2598">
     <span class='ocr_line' id='line_1_72' title="bbox 2199 2507 3792 2598; baseline -0.013 -16"><span class='ocrx_word' id='word_1_512' title='bbox 2199 2534 2255 2582; x_wconf 92' lang='lat' dir='ltr'><strong>et</strong></span> <span class='ocrx_word' id='word_1_513' title='bbox 2277 2523 2598 2598; x_wconf 81' lang='lat' dir='ltr'><strong>religiosum</strong></span> <span class='ocrx_word' id='word_1_514' title='bbox 2637 2535 2763 2576; x_wconf 91' lang='lat' dir='ltr'><strong>cum</strong></span> <span class='ocrx_word' id='word_1_515' title='bbox 2793 2515 3027 2574; x_wconf 91' lang='lat' dir='ltr'><strong>consilio</strong></span> <span class='ocrx_word' id='word_1_516' title='bbox 3063 2511 3296 2570; x_wconf 82' lang='lat' dir='ltr'><strong>Romani</strong></span> <span class='ocrx_word' id='word_1_517' title='bbox 3333 2509 3618 2583; x_wconf 87' lang='lat' dir='ltr'><strong>pontiﬁcis</strong></span> <span class='ocrx_word' id='word_1_518' title='bbox 3645 2507 3792 2563; x_wconf 84' lang='lat' dir='ltr'><strong>acci-</strong></span> 
     </span>
    </p>
   </div>
   <div class='ocr_carea' id='block_1_73' title="bbox 2201 2599 3790 2690">
    <p class='ocr_par' dir='ltr' id='par_1_73' title="bbox 2201 2599 3790 2690">
     <span class='ocr_line' id='line_1_73' title="bbox 2201 2599 3790 2690; baseline -0.013 -17"><span class='ocrx_word' id='word_1_519' title='bbox 2201 2618 2375 2690; x_wconf 91' lang='lat' dir='ltr'><strong>piant,</strong></span> <span class='ocrx_word' id='word_1_520' title='bbox 2410 2615 2480 2672; x_wconf 90' lang='lat' dir='ltr'><strong>ab</strong></span> <span class='ocrx_word' id='word_1_521' title='bbox 2500 2613 2692 2671; x_wconf 90' lang='lat' dir='ltr'><strong>eodem</strong></span> <span class='ocrx_word' id='word_1_522' title='bbox 2741 2599 3170 2666; x_wconf 86' lang='lat' dir='ltr'><strong>benedicendum</strong></span> <span class='ocrx_word' id='word_1_523' title='bbox 3227 2612 3283 2660; x_wconf 88' lang='lat' dir='ltr'><strong>et</strong></span> <span class='ocrx_word' id='word_1_524' title='bbox 3330 2600 3790 2659; x_wconf 85' lang='lat' dir='ltr'><strong>consecrandum.</strong></span> 
     </span>
    </p>
   </div>
   <div class='ocr_carea' id='block_1_74' title="bbox 2202 2691 3795 2764">
    <p class='ocr_par' dir='ltr' id='par_1_74' title="bbox 2202 2691 3795 2764">
     <span class='ocr_line' id='line_1_74' title="bbox 2202 2691 3795 2764; baseline -0.013 1"><span class='ocrx_word' id='word_1_525' title='bbox 2202 2705 2662 2764; x_wconf 85' lang='lat' dir='ltr'><strong>Consecrationes</strong></span> <span class='ocrx_word' id='word_1_526' title='bbox 2699 2702 2865 2758; x_wconf 90' lang='lat' dir='ltr'><strong>etiam</strong></span> <span class='ocrx_word' id='word_1_527' title='bbox 2905 2697 3284 2763; x_wconf 86' lang='lat' dir='ltr'><strong>ecclesiarum,</strong></span> <span class='ocrx_word' id='word_1_528' title='bbox 3321 2702 3378 2750; x_wconf 77' lang='lat' dir='ltr'><strong>et</strong></span> <span class='ocrx_word' id='word_1_529' title='bbox 3417 2691 3795 2748; x_wconf 84' lang='lat' dir='ltr'><strong>ordinationes</strong></span> 
     </span>
    </p>
   </div>
   <div class='ocr_carea' id='block_1_75' title="bbox 2201 2783 3795 2860">
    <p class='ocr_par' dir='ltr' id='par_1_75' title="bbox 2201 2783 3795 2860">
     <span class='ocr_line' id='line_1_75' title="bbox 2201 2783 3795 2860; baseline -0.013 -4"><span class='ocrx_word' id='word_1_530' title='bbox 2201 2799 2522 2856; x_wconf 89' lang='lat' dir='ltr'><strong>monachor.</strong></span> <span class='ocrx_word' id='word_1_531' title='bbox 2551 2795 2665 2854; x_wconf 87' lang='lat' dir='ltr'><strong>sive</strong></span> <span class='ocrx_word' id='word_1_532' title='bbox 2703 2793 3028 2850; x_wconf 87' lang='lat' dir='ltr'><strong>clericorum</strong></span> <span class='ocrx_word' id='word_1_533' title='bbox 3073 2787 3294 2860; x_wconf 88' lang='lat' dir='ltr'><strong>suprad.</strong></span> <span class='ocrx_word' id='word_1_534' title='bbox 3333 2785 3592 2842; x_wconf 65' lang='lat' dir='ltr'><strong>coenobio</strong></span> <span class='ocrx_word' id='word_1_535' title='bbox 3627 2783 3795 2856; x_wconf 84' lang='lat' dir='ltr'><strong>perti-</strong></span> 
     </span>
    </p>
   </div>
   <div class='ocr_carea' id='block_1_76' title="bbox 2202 2877 3794 2960">
    <p class='ocr_par' dir='ltr' id='par_1_76' title="bbox 2202 2877 3794 2960">
     <span class='ocr_line' id='line_1_76' title="bbox 2202 2877 3794 2960; baseline -0.012 -12"><span class='ocrx_word' id='word_1_536' title='bbox 2202 2891 2472 2957; x_wconf 81' lang='lat' dir='ltr'><strong>nentium,</strong></span> <span class='ocrx_word' id='word_1_537' title='bbox 2508 2889 2577 2944; x_wconf 93' lang='lat' dir='ltr'><strong>ab</strong></span> <span class='ocrx_word' id='word_1_538' title='bbox 2609 2885 2901 2960; x_wconf 88' lang='lat' dir='ltr'><strong>episcopis,</strong></span> <span class='ocrx_word' id='word_1_539' title='bbox 2940 2884 2994 2938; x_wconf 89' lang='lat' dir='ltr'><strong>in</strong></span> <span class='ocrx_word' id='word_1_540' title='bbox 3031 2896 3264 2954; x_wconf 90' lang='lat' dir='ltr'><strong>quorum</strong></span> <span class='ocrx_word' id='word_1_541' title='bbox 3311 2877 3599 2935; x_wconf 66' lang='lat' dir='ltr'><strong>dioecesib.</strong></span> <span class='ocrx_word' id='word_1_542' title='bbox 3645 2883 3794 2942; x_wconf 78' lang='lat' dir='ltr'><strong>sunt,</strong></span> 
     </span>
    </p>
   </div>
   <div class='ocr_carea' id='block_1_77' title="bbox 2203 2968 3796 3056">
    <p class='ocr_par' dir='ltr' id='par_1_77' title="bbox 2203 2968 3796 3056">
     <span class='ocr_line' id='line_1_77' title="bbox 2203 2968 3796 3056; baseline -0.011 -16"><span class='ocrx_word' id='word_1_543' title='bbox 2203 2984 2496 3056; x_wconf 85' lang='lat' dir='ltr'><strong>accipiant,</strong></span> <span class='ocrx_word' id='word_1_544' title='bbox 2537 2981 2583 3036; x_wconf 93' lang='lat' dir='ltr'><strong>si</strong></span> <span class='ocrx_word' id='word_1_545' title='bbox 2610 2990 2794 3036; x_wconf 89' lang='lat' dir='ltr'><strong>tamen</strong></span> <span class='ocrx_word' id='word_1_546' title='bbox 2831 2974 3072 3048; x_wconf 91' lang='lat' dir='ltr'><strong>episcopi</strong></span> <span class='ocrx_word' id='word_1_547' title='bbox 3107 2973 3373 3030; x_wconf 90' lang='lat' dir='ltr'><strong>canonice</strong></span> <span class='ocrx_word' id='word_1_548' title='bbox 3403 2970 3645 3028; x_wconf 89' lang='lat' dir='ltr'><strong>ordinati</strong></span> <span class='ocrx_word' id='word_1_549' title='bbox 3675 2968 3796 3050; x_wconf 80' lang='lat' dir='ltr'><strong>fue-</strong></span> 
     </span>
    </p>
   </div>
   <div class='ocr_carea' id='block_1_78' title="bbox 2208 3046 3802 3146">
    <p class='ocr_par' dir='ltr' id='par_1_78' title="bbox 2208 3046 3802 3146">
     <span class='ocr_line' id='line_1_78' title="bbox 2208 3046 3802 3146; baseline -0.013 -12"><span class='ocrx_word' id='word_1_550' title='bbox 2208 3046 2341 3146; x_wconf 65' lang='lat' dir='ltr'><strong>rint,</strong></span> <span class='ocrx_word' id='word_1_551' title='bbox 2369 3085 2424 3132; x_wconf 89' lang='lat' dir='ltr'><strong>et</strong></span> <span class='ocrx_word' id='word_1_552' title='bbox 2452 3046 3053 3142; x_wconf 48' lang='lat' dir='ltr'><strong>ordinationem—gratis</strong></span> <span class='ocrx_word' id='word_1_553' title='bbox 3082 3064 3340 3131; x_wconf 88' lang='lat' dir='ltr'><strong>fecerint;</strong></span> <span class='ocrx_word' id='word_1_554' title='bbox 3381 3063 3431 3120; x_wconf 90' lang='lat' dir='ltr'><strong>si</strong></span> <span class='ocrx_word' id='word_1_555' title='bbox 3477 3071 3662 3118; x_wconf 87' lang='lat' dir='ltr'><strong>autem</strong></span> <span class='ocrx_word' id='word_1_556' title='bbox 3698 3046 3802 3116; x_wconf 85' lang='lat' dir='ltr'><strong>bo-</strong></span> 
     </span>
    </p>
   </div>
   <div class='ocr_carea' id='block_1_79' title="bbox 2207 3157 3798 3244">
    <p class='ocr_par' dir='ltr' id='par_1_79' title="bbox 2207 3157 3798 3244">
     <span class='ocr_line' id='line_1_79' title="bbox 2207 3157 3798 3244; baseline -0.014 -13"><span class='ocrx_word' id='word_1_557' title='bbox 2207 3189 2331 3231; x_wconf 89' lang='lat' dir='ltr'><strong>rum</strong></span> <span class='ocrx_word' id='word_1_558' title='bbox 2365 3170 2575 3244; x_wconf 89' lang='lat' dir='ltr'><strong>aliquid</strong></span> <span class='ocrx_word' id='word_1_559' title='bbox 2597 3164 2893 3232; x_wconf 83' lang='lat' dir='ltr'><strong>obstiterit,</strong></span> <span class='ocrx_word' id='word_1_560' title='bbox 2931 3161 3098 3222; x_wconf 80' lang='lat' dir='ltr'><strong>abbas</strong></span> <span class='ocrx_word' id='word_1_561' title='bbox 3119 3175 3246 3216; x_wconf 92' lang='lat' dir='ltr'><strong>cum</strong></span> <span class='ocrx_word' id='word_1_562' title='bbox 3269 3157 3490 3214; x_wconf 88' lang='lat' dir='ltr'><strong>licentia</strong></span> <span class='ocrx_word' id='word_1_563' title='bbox 3519 3166 3578 3212; x_wconf 89' lang='lat' dir='ltr'><strong>et</strong></span> <span class='ocrx_word' id='word_1_564' title='bbox 3604 3163 3798 3212; x_wconf 84' lang='lat' dir='ltr'><strong>aucto-</strong></span> 
     </span>
    </p>
   </div>
   <div class='ocr_carea' id='block_1_80' title="bbox 2207 3247 3800 3330">
    <p class='ocr_par' dir='ltr' id='par_1_80' title="bbox 2207 3247 3800 3330">
     <span class='ocr_line' id='line_1_80' title="bbox 2207 3247 3800 3330; baseline -0.014 -9"><span class='ocrx_word' id='word_1_565' title='bbox 2207 3267 2367 3322; x_wconf 86' lang='lat' dir='ltr'><strong>ritate</strong></span> <span class='ocrx_word' id='word_1_566' title='bbox 2414 3262 2576 3318; x_wconf 81' lang='lat' dir='ltr'><strong>Rom.</strong></span> <span class='ocrx_word' id='word_1_567' title='bbox 2631 3267 2792 3330; x_wconf 89' lang='lat' dir='ltr'><strong>pont.</strong></span> <span class='ocrx_word' id='word_1_568' title='bbox 2845 3256 2914 3312; x_wconf 89' lang='lat' dir='ltr'><strong>ad</strong></span> <span class='ocrx_word' id='word_1_569' title='bbox 2973 3253 3416 3326; x_wconf 90' lang='lat' dir='ltr'><strong>qualemcunque</strong></span> <span class='ocrx_word' id='word_1_570' title='bbox 3465 3247 3800 3304; x_wconf 85' lang='lat' dir='ltr'><strong>catholicum</strong></span> 
     </span>
    </p>
   </div>
   <div class='ocr_carea' id='block_1_81' title="bbox 2207 3338 3800 3430">
    <p class='ocr_par' dir='ltr' id='par_1_81' title="bbox 2207 3338 3800 3430">
     <span class='ocr_line' id='line_1_81' title="bbox 2207 3338 3800 3430; baseline -0.014 -18"><span class='ocrx_word' id='word_1_571' title='bbox 2207 3356 2375 3430; x_wconf 87' lang='lat' dir='ltr'><strong>episc.</strong></span> <span class='ocrx_word' id='word_1_572' title='bbox 2401 3351 2690 3426; x_wconf 87' lang='lat' dir='ltr'><strong>placuerit,</strong></span> <span class='ocrx_word' id='word_1_573' title='bbox 2709 3363 2880 3404; x_wconf 88' lang='lat' dir='ltr'><strong>causa</strong></span> <span class='ocrx_word' id='word_1_574' title='bbox 2898 3341 3329 3402; x_wconf 89' lang='lat' dir='ltr'><strong>consecrationis</strong></span> <span class='ocrx_word' id='word_1_575' title='bbox 3349 3348 3405 3396; x_wconf 89' lang='lat' dir='ltr'><strong>et</strong></span> <span class='ocrx_word' id='word_1_576' title='bbox 3419 3338 3662 3395; x_wconf 80' lang='lat' dir='ltr'><strong>ordinat.</strong></span> <span class='ocrx_word' id='word_1_577' title='bbox 3689 3345 3800 3392; x_wconf 81' lang='lat' dir='ltr'><strong>tam</strong></span> 
     </span>
    </p>
   </div>
   <div class='ocr_carea' id='block_1_82' title="bbox 2209 3425 3804 3516">
    <p class='ocr_par' dir='ltr' id='par_1_82' title="bbox 2209 3425 3804 3516">
     <span class='ocr_line' id='line_1_82' title="bbox 2209 3425 3804 3516; baseline -0.014 -11"><span class='ocrx_word' id='word_1_578' title='bbox 2209 3425 2462 3504; x_wconf 80' lang='lat' dir='ltr'><strong>locorum</strong></span> <span class='ocrx_word' id='word_1_579' title='bbox 2505 3458 2672 3516; x_wconf 90' lang='lat' dir='ltr'><strong>quam</strong></span> <span class='ocrx_word' id='word_1_580' title='bbox 2727 3452 3086 3512; x_wconf 86' lang='lat' dir='ltr'><strong>personarum</strong></span> <span class='ocrx_word' id='word_1_581' title='bbox 3131 3434 3360 3490; x_wconf 89' lang='lat' dir='ltr'><strong>licenter</strong></span> <span class='ocrx_word' id='word_1_582' title='bbox 3399 3438 3616 3503; x_wconf 78' lang='lat' dir='ltr'><strong>pergat.</strong></span> <span class='ocrx_word' id='word_1_583' title='bbox 3673 3425 3804 3484; x_wconf 59' lang='lat' dir='ltr'><strong>Huic</strong></span> 
     </span>
    </p>
   </div>
   <div class='ocr_carea' id='block_1_83' title="bbox 2218 3520 3800 3612">
    <p class='ocr_par' dir='ltr' id='par_1_83' title="bbox 2218 3520 3800 3612">
     <span class='ocr_line' id='line_1_83' title="bbox 2218 3520 3800 3612; baseline -0.015 -17"><span class='ocrx_word' id='word_1_584' title='bbox 2218 3539 2387 3612; x_wconf 81' lang='lat' dir='ltr'><strong>igitur</strong></span> <span class='ocrx_word' id='word_1_585' title='bbox 2415 3534 2602 3592; x_wconf 89' lang='lat' dir='ltr'><strong>omnia</strong></span> <span class='ocrx_word' id='word_1_586' title='bbox 2647 3546 2772 3603; x_wconf 66' lang='lat' dir='ltr'><strong>qua:</strong></span> <span class='ocrx_word' id='word_1_587' title='bbox 2820 3528 2986 3599; x_wconf 90' lang='lat' dir='ltr'><strong>hujus</strong></span> <span class='ocrx_word' id='word_1_588' title='bbox 3038 3521 3294 3597; x_wconf 64' lang='lat' dir='ltr'><strong>praecepti</strong></span> <span class='ocrx_word' id='word_1_589' title='bbox 3333 3520 3656 3590; x_wconf 85' lang='lat' dir='ltr'><strong>decretique</strong></span> <span class='ocrx_word' id='word_1_590' title='bbox 3698 3532 3800 3572; x_wconf 84' lang='lat' dir='ltr'><strong>no-</strong></span> 
     </span>
    </p>
   </div>
   <div class='ocr_carea' id='block_1_84' title="bbox 2169 3613 3802 3699">
    <p class='ocr_par' dir='ltr' id='par_1_84' title="bbox 2169 3613 3802 3699">
     <span class='ocr_line' id='line_1_84' title="bbox 2169 3613 3802 3699; baseline -0.015 -13"><span class='ocrx_word' id='word_1_591' title='bbox 2169 3613 2174 3620; x_wconf 57' lang='grc'><em>’</em></span> <span class='ocrx_word' id='word_1_592' title='bbox 2212 3628 2312 3686; x_wconf 78' lang='lat' dir='ltr'><strong>stri</strong></span> <span class='ocrx_word' id='word_1_593' title='bbox 2346 3625 2544 3699; x_wconf 78' lang='lat' dir='ltr'><strong>pagina</strong></span> <span class='ocrx_word' id='word_1_594' title='bbox 2569 3623 2834 3688; x_wconf 83' lang='lat' dir='ltr'><strong>continet,</strong></span> <span class='ocrx_word' id='word_1_595' title='bbox 2857 3618 2914 3673; x_wconf 90' lang='lat' dir='ltr'><strong>in</strong></span> <span class='ocrx_word' id='word_1_596' title='bbox 2937 3615 3197 3672; x_wconf 88' lang='lat' dir='ltr'><strong>omnibus</strong></span> <span class='ocrx_word' id='word_1_597' title='bbox 3217 3614 3273 3669; x_wconf 90' lang='lat' dir='ltr'><strong>in</strong></span> <span class='ocrx_word' id='word_1_598' title='bbox 3310 3620 3641 3685; x_wconf 85' lang='lat' dir='ltr'><strong>perpetuum</strong></span> <span class='ocrx_word' id='word_1_599' title='bbox 3666 3624 3802 3664; x_wconf 63' lang='lat' dir='ltr'><strong>con-</strong></span> 
     </span>
    </p>
   </div>
   <div class='ocr_carea' id='block_1_85' title="bbox 2211 3703 3804 3778">
    <p class='ocr_par' dir='ltr' id='par_1_85' title="bbox 2211 3703 3804 3778">
     <span class='ocr_line' id='line_1_85' title="bbox 2211 3703 3804 3778; baseline -0.014 -3"><span class='ocrx_word' id='word_1_600' title='bbox 2211 3716 2474 3776; x_wconf 84' lang='lat' dir='ltr'><strong>servanda</strong></span> <span class='ocrx_word' id='word_1_601' title='bbox 2525 3711 2888 3770; x_wconf 83' lang='lat' dir='ltr'><strong>decrevimus.</strong></span> <span class='ocrx_word' id='word_1_602' title='bbox 2927 3707 2987 3764; x_wconf 87' lang='lat' dir='ltr'><strong>Si</strong></span> <span class='ocrx_word' id='word_1_603' title='bbox 3037 3705 3166 3778; x_wconf 88' lang='lat' dir='ltr'><strong>quis</strong></span> <span class='ocrx_word' id='word_1_604' title='bbox 3201 3717 3331 3760; x_wconf 90' lang='lat' dir='ltr'><strong>vero</strong></span> <span class='ocrx_word' id='word_1_605' title='bbox 3378 3703 3804 3774; x_wconf 81' lang='lat' dir='ltr'><strong>imperatorum,</strong></span> 
     </span>
    </p>
   </div>
   <div class='ocr_carea' id='block_1_86' title="bbox 2211 3793 3805 3875">
    <p class='ocr_par' dir='ltr' id='par_1_86' title="bbox 2211 3793 3805 3875">
     <span class='ocr_line' id='line_1_86' title="bbox 2211 3793 3805 3875; baseline -0.012 -9"><span class='ocrx_word' id='word_1_606' title='bbox 2211 3811 2435 3875; x_wconf 88' lang='lat' dir='ltr'><strong>ducum,</strong></span> <span class='ocrx_word' id='word_1_607' title='bbox 2501 3803 2914 3868; x_wconf 86' lang='lat' dir='ltr'><strong>marchionum,</strong></span> <span class='ocrx_word' id='word_1_608' title='bbox 2981 3797 3270 3864; x_wconf 88' lang='lat' dir='ltr'><strong>comitum,</strong></span> <span class='ocrx_word' id='word_1_609' title='bbox 3345 3793 3663 3866; x_wconf 84' lang='lat' dir='ltr'><strong>principum</strong></span> <span class='ocrx_word' id='word_1_610' title='bbox 3741 3807 3805 3847; x_wconf 89' lang='lat' dir='ltr'><strong>ac</strong></span> 
     </span>
    </p>
   </div>
   <div class='ocr_carea' id='block_1_87' title="bbox 2208 3879 3802 3970">
    <p class='ocr_par' dir='ltr' id='par_1_87' title="bbox 2208 3879 3802 3970">
     <span class='ocr_line' id='line_1_87' title="bbox 2208 3879 3802 3970; baseline -0.011 -18"><span class='ocrx_word' id='word_1_611' title='bbox 2208 3897 2478 3970; x_wconf 89' lang='lat' dir='ltr'><strong>judicum,</strong></span> <span class='ocrx_word' id='word_1_612' title='bbox 2521 3900 2616 3948; x_wconf 89' lang='lat' dir='ltr'><strong>aut</strong></span> <span class='ocrx_word' id='word_1_613' title='bbox 2661 3901 2988 3962; x_wconf 88' lang='lat' dir='ltr'><strong>quacunque</strong></span> <span class='ocrx_word' id='word_1_614' title='bbox 3031 3882 3295 3956; x_wconf 76' lang='lat' dir='ltr'><strong>dignitate</strong></span> <span class='ocrx_word' id='word_1_615' title='bbox 3322 3881 3577 3954; x_wconf 78' lang='lat' dir='ltr'><strong>pnedita,</strong></span> <span class='ocrx_word' id='word_1_616' title='bbox 3614 3879 3802 3949; x_wconf 86' lang='lat' dir='ltr'><strong>cujus-</strong></span> 
     </span>
    </p>
   </div>
   <div class='ocr_carea' id='block_1_88' title="bbox 2193 3975 3805 4061">
    <p class='ocr_par' dir='ltr' id='par_1_88' title="bbox 2193 3975 3805 4061">
     <span class='ocr_line' id='line_1_88' title="bbox 2193 3975 3805 4061; baseline -0.014 -13"><span class='ocrx_word' id='word_1_617' title='bbox 2193 3975 2441 4061; x_wconf 46' lang='lat' dir='ltr'><strong>°cunque</strong></span> <span class='ocrx_word' id='word_1_618' title='bbox 2487 3985 2697 4043; x_wconf 88' lang='lat' dir='ltr'><strong>ordinis</strong></span> <span class='ocrx_word' id='word_1_619' title='bbox 2725 3983 2810 4038; x_wconf 91' lang='lat' dir='ltr'><strong>vel</strong></span> <span class='ocrx_word' id='word_1_620' title='bbox 2845 3981 3010 4037; x_wconf 89' lang='lat' dir='ltr'><strong>etiam</strong></span> <span class='ocrx_word' id='word_1_621' title='bbox 3046 3975 3380 4034; x_wconf 89' lang='lat' dir='ltr'><strong>conditionis</strong></span> <span class='ocrx_word' id='word_1_622' title='bbox 3427 3988 3632 4046; x_wconf 84' lang='lat' dir='ltr'><strong>magna</strong></span> <span class='ocrx_word' id='word_1_623' title='bbox 3682 3989 3805 4044; x_wconf 84' lang='lat' dir='ltr'><strong>par—</strong></span> 
     </span>
    </p>
   </div>
   <div class='ocr_carea' id='block_1_89' title="bbox 2171 4063 3804 4150">
    <p class='ocr_par' dir='ltr' id='par_1_89' title="bbox 2171 4063 3804 4150">
     <span class='ocr_line' id='line_1_89' title="bbox 2171 4063 3804 4150; baseline -0.012 -14"><span class='ocrx_word' id='word_1_624' title='bbox 2171 4075 2181 4082; x_wconf 76' lang='grc'><em>’</em></span> <span class='ocrx_word' id='word_1_625' title='bbox 2212 4094 2389 4150; x_wconf 89' lang='lat' dir='ltr'><strong>vaque</strong></span> <span class='ocrx_word' id='word_1_626' title='bbox 2413 4088 2646 4149; x_wconf 88' lang='lat' dir='ltr'><strong>persona</strong></span> <span class='ocrx_word' id='word_1_627' title='bbox 2685 4073 2831 4126; x_wconf 87' lang='lat' dir='ltr'><strong>hanc</strong></span> <span class='ocrx_word' id='word_1_628' title='bbox 2874 4065 3286 4125; x_wconf 87' lang='lat' dir='ltr'><strong>constitutionis</strong></span> <span class='ocrx_word' id='word_1_629' title='bbox 3319 4074 3526 4120; x_wconf 71' lang='lat' dir='ltr'><strong>nostra:</strong></span> <span class='ocrx_word' id='word_1_630' title='bbox 3549 4063 3804 4136; x_wconf 78' lang='lat' dir='ltr'><strong>paginam</strong></span> 
     </span>
    </p>
   </div>
   <div class='ocr_carea' id='block_1_90' title="bbox 2214 4153 3806 4240">
    <p class='ocr_par' dir='ltr' id='par_1_90' title="bbox 2214 4153 3806 4240">
     <span class='ocr_line' id='line_1_90' title="bbox 2214 4153 3806 4240; baseline -0.013 -15"><span class='ocrx_word' id='word_1_631' title='bbox 2214 4181 2578 4240; x_wconf 83' lang='lat' dir='ltr'><strong>cognoscens,</strong></span> <span class='ocrx_word' id='word_1_632' title='bbox 2612 4169 2804 4219; x_wconf 88' lang='lat' dir='ltr'><strong>contra</strong></span> <span class='ocrx_word' id='word_1_633' title='bbox 2826 4153 2948 4216; x_wconf 84' lang='lat' dir='ltr'><strong>eam</strong></span> <span class='ocrx_word' id='word_1_634' title='bbox 2984 4155 3276 4212; x_wconf 88' lang='lat' dir='ltr'><strong>temerario</strong></span> <span class='ocrx_word' id='word_1_635' title='bbox 3299 4169 3440 4209; x_wconf 91' lang='lat' dir='ltr'><strong>ausu</strong></span> <span class='ocrx_word' id='word_1_636' title='bbox 3461 4153 3659 4209; x_wconf 82' lang='lat' dir='ltr'><strong>venire</strong></span> <span class='ocrx_word' id='word_1_637' title='bbox 3693 4159 3806 4206; x_wconf 88' lang='lat' dir='ltr'><strong>ten-</strong></span> 
     </span>
    </p>
   </div>
   <div class='ocr_carea' id='block_1_91' title="bbox 2215 4241 3807 4326">
    <p class='ocr_par' dir='ltr' id='par_1_91' title="bbox 2215 4241 3807 4326">
     <span class='ocr_line' id='line_1_91' title="bbox 2215 4241 3807 4326; baseline -0.013 -9"><span class='ocrx_word' id='word_1_638' title='bbox 2215 4259 2430 4326; x_wconf 85' lang='lat' dir='ltr'><strong>taverit,</strong></span> <span class='ocrx_word' id='word_1_639' title='bbox 2453 4264 2550 4313; x_wconf 87' lang='lat' dir='ltr'><strong>aut</strong></span> <span class='ocrx_word' id='word_1_640' title='bbox 2593 4252 2794 4310; x_wconf 87' lang='lat' dir='ltr'><strong>tentari</strong></span> <span class='ocrx_word' id='word_1_641' title='bbox 2827 4245 3191 4313; x_wconf 88' lang='lat' dir='ltr'><strong>consenserit,</strong></span> <span class='ocrx_word' id='word_1_642' title='bbox 3235 4245 3322 4301; x_wconf 84' lang='lat' dir='ltr'><strong>vel</strong></span> <span class='ocrx_word' id='word_1_643' title='bbox 3369 4242 3559 4299; x_wconf 81' lang='lat' dir='ltr'><strong>fautor</strong></span> <span class='ocrx_word' id='word_1_644' title='bbox 3587 4241 3807 4299; x_wconf 76' lang='lat' dir='ltr'><strong>exstite—</strong></span> 
     </span>
    </p>
   </div>
   <div class='ocr_carea' id='block_1_92' title="bbox 518 4335 3807 4430">
    <p class='ocr_par' dir='ltr' id='par_1_92' title="bbox 518 4335 3807 4430">
     <span class='ocr_line' id='line_1_92' title="bbox 518 4335 3807 4430; baseline -0.007 -16"><span class='ocrx_word' id='word_1_645' title='bbox 518 4359 712 4424; x_wconf 73' lang='lat' dir='ltr'><strong>ditate,</strong></span> <span class='ocrx_word' id='word_1_646' title='bbox 746 4372 870 4428; x_wconf 67' lang='lat' dir='ltr'><strong>quae</strong></span> <span class='ocrx_word' id='word_1_647' title='bbox 898 4362 983 4410; x_wconf 91' lang='lat' dir='ltr'><strong>est</strong></span> <span class='ocrx_word' id='word_1_648' title='bbox 1026 4352 1081 4407; x_wconf 92' lang='lat' dir='ltr'><strong>in</strong></span> <span class='ocrx_word' id='word_1_649' title='bbox 1126 4349 1465 4423; x_wconf 81' lang='lat' dir='ltr'><strong>longitudine</strong></span> <span class='ocrx_word' id='word_1_650' title='bbox 1503 4347 1818 4404; x_wconf 88' lang='lat' dir='ltr'><strong>milliarium</strong></span> <span class='ocrx_word' id='word_1_651' title='bbox 1845 4346 1976 4414; x_wconf 87' lang='lat' dir='ltr'><strong>duo,</strong></span> <span class='ocrx_word' id='word_1_652' title='bbox 2013 4361 2116 4402; x_wconf 86' lang='lat' dir='ltr'><strong>nec</strong></span> <span class='ocrx_word' id='word_1_653' title='bbox 2149 4375 2195 4430; x_wconf 72' lang='grc' dir='ltr'><strong>ι)</strong></span> <span class='ocrx_word' id='word_1_654' title='bbox 2219 4351 2322 4417; x_wconf 77' lang='lat' dir='ltr'><strong>rit,</strong></span> <span class='ocrx_word' id='word_1_655' title='bbox 2369 4345 2685 4404; x_wconf 85' lang='lat' dir='ltr'><strong>admonitus</strong></span> <span class='ocrx_word' id='word_1_656' title='bbox 2738 4341 2906 4400; x_wconf 83' lang='lat' dir='ltr'><strong>semel</strong></span> <span class='ocrx_word' id='word_1_657' title='bbox 2949 4348 3114 4412; x_wconf 91' lang='lat' dir='ltr'><strong>atque</strong></span> <span class='ocrx_word' id='word_1_658' title='bbox 3153 4337 3351 4394; x_wconf 86' lang='lat' dir='ltr'><strong>iterum</strong></span> <span class='ocrx_word' id='word_1_659' title='bbox 3401 4343 3453 4392; x_wconf 88' lang='lat' dir='ltr'><strong>et</strong></span> <span class='ocrx_word' id='word_1_660' title='bbox 3504 4335 3676 4392; x_wconf 85' lang='lat' dir='ltr'><strong>tertio</strong></span> <span class='ocrx_word' id='word_1_661' title='bbox 3715 4349 3807 4406; x_wconf 86' lang='lat' dir='ltr'><strong>per</strong></span> 
     </span>
    </p>
   </div>
   <div class='ocr_carea' id='block_1_93' title="bbox 521 4436 2120 4508">
    <p class='ocr_par' dir='ltr' id='par_1_93' title="bbox 521 4436 2120 4508">
     <span class='ocr_line' id='line_1_93' title="bbox 521 4436 2120 4508; baseline -0.009 -2"><span class='ocrx_word' id='word_1_662' title='bbox 521 4465 638 4506; x_wconf 83' lang='lat' dir='ltr'><strong>non</strong></span> <span class='ocrx_word' id='word_1_663' title='bbox 659 4447 946 4506; x_wconf 87' lang='lat' dir='ltr'><strong>ecclesiam</strong></span> <span class='ocrx_word' id='word_1_664' title='bbox 975 4443 1034 4500; x_wconf 92' lang='lat' dir='ltr'><strong>S.</strong></span> <span class='ocrx_word' id='word_1_665' title='bbox 1059 4441 1288 4500; x_wconf 84' lang='lat' dir='ltr'><strong>Joannis</strong></span> <span class='ocrx_word' id='word_1_666' title='bbox 1321 4455 1448 4496; x_wconf 91' lang='lat' dir='ltr'><strong>cum</strong></span> <span class='ocrx_word' id='word_1_667' title='bbox 1479 4439 1737 4506; x_wconf 85' lang='lat' dir='ltr'><strong>omnibus</strong></span> <span class='ocrx_word' id='word_1_668' title='bbox 1776 4436 2120 4508; x_wconf 88' lang='lat' dir='ltr'><strong>pertinentiis</strong></span> 
     </span>
    </p>
   </div>
   <div class='ocr_carea' id='block_1_94' title="bbox 522 4526 2120 4606">
    <p class='ocr_par' dir='ltr' id='par_1_94' title="bbox 522 4526 2120 4606">
     <span class='ocr_line' id='line_1_94' title="bbox 522 4526 2120 4606; baseline -0.007 -11"><span class='ocrx_word' id='word_1_669' title='bbox 522 4540 646 4596; x_wconf 84' lang='lat' dir='ltr'><strong>suis</strong></span> <span class='ocrx_word' id='word_1_670' title='bbox 672 4539 727 4594; x_wconf 92' lang='lat' dir='ltr'><strong>in</strong></span> <span class='ocrx_word' id='word_1_671' title='bbox 753 4554 882 4595; x_wconf 85' lang='lat' dir='ltr'><strong>casa</strong></span> <span class='ocrx_word' id='word_1_672' title='bbox 915 4535 1178 4602; x_wconf 86' lang='lat' dir='ltr'><strong>Pollucis,</strong></span> <span class='ocrx_word' id='word_1_673' title='bbox 1201 4530 1486 4588; x_wconf 90' lang='lat' dir='ltr'><strong>ecclesiam</strong></span> <span class='ocrx_word' id='word_1_674' title='bbox 1525 4528 1584 4584; x_wconf 93' lang='lat' dir='ltr'><strong>S.</strong></span> <span class='ocrx_word' id='word_1_675' title='bbox 1634 4527 1780 4606; x_wconf 85' lang='lat' dir='ltr'><strong>Petri</strong></span> <span class='ocrx_word' id='word_1_676' title='bbox 1813 4527 1892 4598; x_wconf 22' lang='lat' dir='ltr'><strong>in.</strong></span> <span class='ocrx_word' id='word_1_677' title='bbox 1917 4526 2120 4599; x_wconf 87' lang='lat' dir='ltr'><strong>ﬁnibus</strong></span> 
     </span>
    </p>
   </div>
   <div class='ocr_carea' id='block_1_95' title="bbox 527 4619 2118 4691">
    <p class='ocr_par' dir='ltr' id='par_1_95' title="bbox 527 4619 2118 4691">
     <span class='ocr_line' id='line_1_95' title="bbox 527 4619 2118 4691; baseline -0.009 -5"><span class='ocrx_word' id='word_1_678' title='bbox 527 4632 602 4686; x_wconf 85' lang='lat' dir='ltr'><strong>de</strong></span> <span class='ocrx_word' id='word_1_679' title='bbox 625 4629 826 4685; x_wconf 87' lang='lat' dir='ltr'><strong>Loreto</strong></span> <span class='ocrx_word' id='word_1_680' title='bbox 852 4645 958 4684; x_wconf 86' lang='lat' dir='ltr'><strong>una</strong></span> <span class='ocrx_word' id='word_1_681' title='bbox 983 4642 1110 4684; x_wconf 89' lang='lat' dir='ltr'><strong>cum</strong></span> <span class='ocrx_word' id='word_1_682' title='bbox 1136 4623 1394 4682; x_wconf 88' lang='lat' dir='ltr'><strong>omnibus</strong></span> <span class='ocrx_word' id='word_1_683' title='bbox 1416 4619 2118 4691; x_wconf 86' lang='lat' dir='ltr'><strong>suispertinentiis,castel-</strong></span> 
     </span>
    </p>
   </div>
   <div class='ocr_carea' id='block_1_96' title="bbox 525 4708 2117 4790">
    <p class='ocr_par' dir='ltr' id='par_1_96' title="bbox 525 4708 2117 4790">
     <span class='ocr_line' id='line_1_96' title="bbox 525 4708 2117 4790; baseline -0.008 -14"><span class='ocrx_word' id='word_1_684' title='bbox 525 4721 646 4776; x_wconf 82' lang='lat' dir='ltr'><strong>ium</strong></span> <span class='ocrx_word' id='word_1_685' title='bbox 679 4720 829 4790; x_wconf 90' lang='lat' dir='ltr'><strong>quod</strong></span> <span class='ocrx_word' id='word_1_686' title='bbox 853 4727 1084 4777; x_wconf 85' lang='lat' dir='ltr'><strong>vocatur</strong></span> <span class='ocrx_word' id='word_1_687' title='bbox 1115 4715 1308 4774; x_wconf 88' lang='lat' dir='ltr'><strong>Becclo</strong></span> <span class='ocrx_word' id='word_1_688' title='bbox 1333 4729 1462 4778; x_wconf 90' lang='lat' dir='ltr'><strong>cum</strong></span> <span class='ocrx_word' id='word_1_689' title='bbox 1487 4711 1720 4776; x_wconf 84' lang='lat' dir='ltr'><strong>ecclesia</strong></span> <span class='ocrx_word' id='word_1_690' title='bbox 1752 4708 1810 4766; x_wconf 88' lang='lat' dir='ltr'><strong>S.</strong></span> <span class='ocrx_word' id='word_1_691' title='bbox 1835 4709 2117 4777; x_wconf 83' lang='lat' dir='ltr'><strong>Marciani,</strong></span> 
     </span>
    </p>
   </div>
   <div class='ocr_carea' id='block_1_97' title="bbox 525 4803 2120 4884">
    <p class='ocr_par' dir='ltr' id='par_1_97' title="bbox 525 4803 2120 4884">
     <span class='ocr_line' id='line_1_97' title="bbox 525 4803 2120 4884; baseline -0.008 -16"><span class='ocrx_word' id='word_1_692' title='bbox 525 4820 587 4868; x_wconf 83' lang='lat' dir='ltr'><strong>et</strong></span> <span class='ocrx_word' id='word_1_693' title='bbox 617 4805 827 4869; x_wconf 69' lang='lat' dir='ltr'><strong>Nicolai</strong></span> <span class='ocrx_word' id='word_1_694' title='bbox 850 4811 1116 4884; x_wconf 88' lang='lat' dir='ltr'><strong>episcopi,</strong></span> <span class='ocrx_word' id='word_1_695' title='bbox 1147 4816 1204 4865; x_wconf 88' lang='lat' dir='ltr'><strong>et</strong></span> <span class='ocrx_word' id='word_1_696' title='bbox 1257 4806 1519 4863; x_wconf 88' lang='lat' dir='ltr'><strong>Sanctum</strong></span> <span class='ocrx_word' id='word_1_697' title='bbox 1569 4805 1842 4872; x_wconf 80' lang='lat' dir='ltr'><strong>Maurum,</strong></span> <span class='ocrx_word' id='word_1_698' title='bbox 1880 4803 1936 4858; x_wconf 88' lang='lat' dir='ltr'><strong>in</strong></span> <span class='ocrx_word' id='word_1_699' title='bbox 1979 4803 2120 4857; x_wconf 81' lang='lat' dir='ltr'><strong>Cur-</strong></span> 
     </span>
    </p>
   </div>
   <div class='ocr_carea' id='block_1_98' title="bbox 453 4893 2119 4973">
    <p class='ocr_par' dir='ltr' id='par_1_98' title="bbox 453 4893 2119 4973">
     <span class='ocr_line' id='line_1_98' title="bbox 453 4893 2119 4973; baseline -0.008 -12"><span class='ocrx_word' id='word_1_700' title='bbox 453 4959 470 4973; x_wconf 59' lang='lat'><strong>,</strong></span> <span class='ocrx_word' id='word_1_701' title='bbox 525 4903 680 4960; x_wconf 65' lang='lat' dir='ltr'><strong>lieno</strong></span> <span class='ocrx_word' id='word_1_702' title='bbox 699 4900 884 4955; x_wconf 88' lang='lat' dir='ltr'><strong>villam</strong></span> <span class='ocrx_word' id='word_1_703' title='bbox 901 4917 1024 4970; x_wconf 83' lang='lat' dir='ltr'><strong>quae</strong></span> <span class='ocrx_word' id='word_1_704' title='bbox 1045 4900 1364 4958; x_wconf 88' lang='lat' dir='ltr'><strong>nominatur</strong></span> <span class='ocrx_word' id='word_1_705' title='bbox 1389 4897 1501 4956; x_wconf 90' lang='lat' dir='ltr'><strong>Leo</strong></span> <span class='ocrx_word' id='word_1_706' title='bbox 1521 4897 1791 4968; x_wconf 89' lang='lat' dir='ltr'><strong>Cubante,</strong></span> <span class='ocrx_word' id='word_1_707' title='bbox 1820 4895 1876 4950; x_wconf 91' lang='lat' dir='ltr'><strong>in</strong></span> <span class='ocrx_word' id='word_1_708' title='bbox 1901 4893 2119 4972; x_wconf 83' lang='lat' dir='ltr'><strong>civitate</strong></span> 
     </span>
    </p>
   </div>
   <div class='ocr_carea' id='block_1_99' title="bbox 528 4965 2122 5056">
    <p class='ocr_par' dir='ltr' id='par_1_99' title="bbox 528 4965 2122 5056">
     <span class='ocr_line' id='line_1_99' title="bbox 528 4965 2122 5056; baseline -0.007 -8"><span class='ocrx_word' id='word_1_709' title='bbox 528 4989 674 5048; x_wconf 77' lang='lat' dir='ltr'><strong>Alife</strong></span> <span class='ocrx_word' id='word_1_710' title='bbox 694 4965 980 5046; x_wconf 72' lang='lat' dir='ltr'><strong>ecclesiam</strong></span> <span class='ocrx_word' id='word_1_711' title='bbox 997 4989 1055 5044; x_wconf 87' lang='lat' dir='ltr'><strong>S.</strong></span> <span class='ocrx_word' id='word_1_712' title='bbox 1069 4989 1322 5048; x_wconf 85' lang='lat' dir='ltr'><strong>Mercurii</strong></span> <span class='ocrx_word' id='word_1_713' title='bbox 1344 5005 1468 5046; x_wconf 91' lang='lat' dir='ltr'><strong>cum</strong></span> <span class='ocrx_word' id='word_1_714' title='bbox 1484 4989 1606 5045; x_wconf 86' lang='lat' dir='ltr'><strong>aliis</strong></span> <span class='ocrx_word' id='word_1_715' title='bbox 1619 4965 1866 5054; x_wconf 72' lang='lat' dir='ltr'><strong>eccleSiis</strong></span> <span class='ocrx_word' id='word_1_716' title='bbox 1877 4983 1981 5053; x_wconf 86' lang='lat' dir='ltr'><strong>sibi</strong></span> <span class='ocrx_word' id='word_1_717' title='bbox 1999 4965 2122 5056; x_wconf 72' lang='lat' dir='ltr'><strong>per-</strong></span> 
     </span>
    </p>
   </div>
   <div class='ocr_carea' id='block_1_100' title="bbox 529 5074 2114 5154">
    <p class='ocr_par' dir='ltr' id='par_1_100' title="bbox 529 5074 2114 5154">
     <span class='ocr_line' id='line_1_100' title="bbox 529 5074 2114 5154; baseline -0.008 -12"><span class='ocrx_word' id='word_1_718' title='bbox 529 5080 860 5145; x_wconf 85' lang='lat' dir='ltr'><strong>tincntibus,</strong></span> <span class='ocrx_word' id='word_1_719' title='bbox 886 5079 1016 5150; x_wconf 66' lang='lat' dir='ltr'><strong>ripa:</strong></span> <span class='ocrx_word' id='word_1_720' title='bbox 1033 5081 1192 5154; x_wconf 85' lang='lat' dir='ltr'><strong>longe</strong></span> <span class='ocrx_word' id='word_1_721' title='bbox 1212 5082 1270 5138; x_wconf 89' lang='lat' dir='ltr'><strong>in</strong></span> <span class='ocrx_word' id='word_1_722' title='bbox 1300 5081 1521 5138; x_wconf 89' lang='lat' dir='ltr'><strong>civitate</strong></span> <span class='ocrx_word' id='word_1_723' title='bbox 1543 5081 1706 5136; x_wconf 86' lang='lat' dir='ltr'><strong>Arole</strong></span> <span class='ocrx_word' id='word_1_724' title='bbox 1740 5077 2028 5136; x_wconf 86' lang='lat' dir='ltr'><strong>ecclesiam</strong></span> <span class='ocrx_word' id='word_1_725' title='bbox 2055 5074 2114 5130; x_wconf 92' lang='lat' dir='ltr'><strong>S.</strong></span> 
     </span>
    </p>
   </div>
   <div class='ocr_carea' id='block_1_101' title="bbox 529 5164 2118 5236">
    <p class='ocr_par' dir='ltr' id='par_1_101' title="bbox 529 5164 2118 5236">
     <span class='ocr_line' id='line_1_101' title="bbox 529 5164 2118 5236; baseline -0.004 -6"><span class='ocrx_word' id='word_1_726' title='bbox 529 5168 814 5236; x_wconf 80' lang='lat' dir='ltr'><strong>Mercurii,</strong></span> <span class='ocrx_word' id='word_1_727' title='bbox 849 5176 904 5224; x_wconf 91' lang='lat' dir='ltr'><strong>et</strong></span> <span class='ocrx_word' id='word_1_728' title='bbox 946 5164 1003 5224; x_wconf 84' lang='lat' dir='ltr'><strong>S.</strong></span> <span class='ocrx_word' id='word_1_729' title='bbox 1031 5169 1252 5229; x_wconf 76' lang='lat' dir='ltr'><strong>Petrum</strong></span> <span class='ocrx_word' id='word_1_730' title='bbox 1297 5174 1367 5229; x_wconf 90' lang='lat' dir='ltr'><strong>ad</strong></span> <span class='ocrx_word' id='word_1_731' title='bbox 1411 5171 1685 5228; x_wconf 80' lang='lat' dir='ltr'><strong>Mortitam</strong></span> <span class='ocrx_word' id='word_1_732' title='bbox 1711 5188 1836 5228; x_wconf 88' lang='lat' dir='ltr'><strong>eum</strong></span> <span class='ocrx_word' id='word_1_733' title='bbox 1861 5168 2118 5227; x_wconf 88' lang='lat' dir='ltr'><strong>omnibus</strong></span> 
     </span>
    </p>
   </div>
   <div class='ocr_carea' id='block_1_102' title="bbox 529 5259 2114 5341">
    <p class='ocr_par' dir='ltr' id='par_1_102' title="bbox 529 5259 2114 5341">
     <span class='ocr_line' id='line_1_102' title="bbox 529 5259 2114 5341; baseline -0.003 -19"><span class='ocrx_word' id='word_1_734' title='bbox 529 5259 940 5341; x_wconf 84' lang='lat' dir='ltr'><strong>pertinentibus</strong></span> <span class='ocrx_word' id='word_1_735' title='bbox 961 5261 1098 5326; x_wconf 86' lang='lat' dir='ltr'><strong>suis.</strong></span> <span class='ocrx_word' id='word_1_736' title='bbox 1127 5260 1186 5317; x_wconf 90' lang='lat' dir='ltr'><strong>S.</strong></span> <span class='ocrx_word' id='word_1_737' title='bbox 1225 5259 1564 5335; x_wconf 87' lang='lat' dir='ltr'><strong>Stephanum</strong></span> <span class='ocrx_word' id='word_1_738' title='bbox 1587 5266 1656 5321; x_wconf 91' lang='lat' dir='ltr'><strong>de</strong></span> <span class='ocrx_word' id='word_1_739' title='bbox 1699 5261 1930 5331; x_wconf 85' lang='lat' dir='ltr'><strong>Lucore,</strong></span> <span class='ocrx_word' id='word_1_740' title='bbox 1963 5270 2020 5318; x_wconf 89' lang='lat' dir='ltr'><strong>et</strong></span> <span class='ocrx_word' id='word_1_741' title='bbox 2041 5259 2114 5331; x_wconf 33' lang='lat' dir='ltr'><strong>,S.</strong></span> 
     </span>
    </p>
   </div>
   <div class='ocr_carea' id='block_1_103' title="bbox 533 5347 2116 5390">
    <p class='ocr_par' dir='ltr' id='par_1_103' title="bbox 533 5347 2116 5390">
     <span class='ocr_line' id='line_1_103' title="bbox 533 5347 2116 5390; baseline 0 0"><span class='ocrx_word' id='word_1_742' title='bbox 533 5354 877 5390; x_wconf 60' lang='lat' dir='ltr'><strong>urnnhnnnm</strong></span> <span class='ocrx_word' id='word_1_743' title='bbox 899 5349 968 5390; x_wconf 67' lang='lat' dir='ltr'><strong>dp</strong></span> <span class='ocrx_word' id='word_1_744' title='bbox 987 5347 1234 5390; x_wconf 64' lang='lat' dir='ltr'><strong>Frnmari</strong></span> <span class='ocrx_word' id='word_1_745' title='bbox 1279 5362 1332 5390; x_wconf 65' lang='lat' dir='ltr'><strong>AI</strong></span> <span class='ocrx_word' id='word_1_746' title='bbox 1359 5354 1398 5390; x_wconf 54' lang='lat' dir='ltr'><strong>ﬁ</strong></span> <span class='ocrx_word' id='word_1_747' title='bbox 1455 5355 1712 5390; x_wconf 69' lang='lat' dir='ltr'><strong>Annal-un</strong></span> <span class='ocrx_word' id='word_1_748' title='bbox 1741 5355 1797 5390; x_wconf 67' lang='lat' dir='ltr'><strong>in</strong></span> <span class='ocrx_word' id='word_1_749' title='bbox 1826 5354 2018 5390; x_wconf 72' lang='lat' dir='ltr'><strong>Dlncnn</strong></span> <span class='ocrx_word' id='word_1_750' title='bbox 2063 5361 2116 5390; x_wconf 69' lang='lat' dir='ltr'><strong>nt</strong></span> 
     </span>
    </p>
   </div>
   <div class='ocr_carea' id='block_1_104' title="bbox 2220 4425 3806 4511">
    <p class='ocr_par' dir='ltr' id='par_1_104' title="bbox 2220 4425 3806 4511">
     <span class='ocr_line' id='line_1_104' title="bbox 2220 4425 3806 4511; baseline -0.011 -14"><span class='ocrx_word' id='word_1_751' title='bbox 2220 4445 2594 4511; x_wconf 88' lang='lat' dir='ltr'><strong>competentes</strong></span> <span class='ocrx_word' id='word_1_752' title='bbox 2617 4433 2886 4501; x_wconf 90' lang='lat' dir='ltr'><strong>inducias,</strong></span> <span class='ocrx_word' id='word_1_753' title='bbox 2921 4430 3028 4488; x_wconf 92' lang='lat' dir='ltr'><strong>nisi</strong></span> <span class='ocrx_word' id='word_1_754' title='bbox 3057 4447 3123 4487; x_wconf 89' lang='lat' dir='ltr'><strong>ea</strong></span> <span class='ocrx_word' id='word_1_755' title='bbox 3145 4445 3268 4502; x_wconf 76' lang='lat' dir='ltr'><strong>qua:</strong></span> <span class='ocrx_word' id='word_1_756' title='bbox 3293 4428 3363 4484; x_wconf 89' lang='lat' dir='ltr'><strong>ab</strong></span> <span class='ocrx_word' id='word_1_757' title='bbox 3390 4427 3486 4482; x_wconf 86' lang='lat' dir='ltr'><strong>illo</strong></span> <span class='ocrx_word' id='word_1_758' title='bbox 3507 4434 3644 4484; x_wconf 87' lang='lat' dir='ltr'><strong>sunt</strong></span> <span class='ocrx_word' id='word_1_759' title='bbox 3672 4425 3806 4482; x_wconf 73' lang='lat' dir='ltr'><strong>male</strong></span> 
     </span>
    </p>
   </div>
   <div class='ocr_carea' id='block_1_105' title="bbox 2219 4519 3803 4590">
    <p class='ocr_par' dir='ltr' id='par_1_105' title="bbox 2219 4519 3803 4590">
     <span class='ocr_line' id='line_1_105' title="bbox 2219 4519 3803 4590; baseline -0.01 0"><span class='ocrx_word' id='word_1_760' title='bbox 2219 4533 2399 4590; x_wconf 90' lang='lat' dir='ltr'><strong>ablata</strong></span> <span class='ocrx_word' id='word_1_761' title='bbox 2453 4529 2699 4587; x_wconf 63' lang='lat' dir='ltr'><strong>ecclesiae</strong></span> <span class='ocrx_word' id='word_1_762' title='bbox 2753 4525 3034 4582; x_wconf 90' lang='lat' dir='ltr'><strong>humiliter</strong></span> <span class='ocrx_word' id='word_1_763' title='bbox 3081 4520 3431 4580; x_wconf 86' lang='lat' dir='ltr'><strong>satisfaciens</strong></span> <span class='ocrx_word' id='word_1_764' title='bbox 3481 4519 3803 4584; x_wconf 84' lang='lat' dir='ltr'><strong>restituerit.</strong></span> 
     </span>
    </p>
   </div>
   <div class='ocr_carea' id='block_1_106' title="bbox 2219 4613 3806 4698">
    <p class='ocr_par' dir='ltr' id='par_1_106' title="bbox 2219 4613 3806 4698">
     <span class='ocr_line' id='line_1_106' title="bbox 2219 4613 3806 4698; baseline -0.009 -17"><span class='ocrx_word' id='word_1_765' title='bbox 2219 4623 2509 4698; x_wconf 84' lang='lat' dir='ltr'><strong>potestatis</strong></span> <span class='ocrx_word' id='word_1_766' title='bbox 2539 4620 2874 4690; x_wconf 89' lang='lat' dir='ltr'><strong>honorisque</strong></span> <span class='ocrx_word' id='word_1_767' title='bbox 2904 4617 2991 4674; x_wconf 88' lang='lat' dir='ltr'><strong>sui</strong></span> <span class='ocrx_word' id='word_1_768' title='bbox 3029 4615 3294 4688; x_wconf 84' lang='lat' dir='ltr'><strong>dignitate</strong></span> <span class='ocrx_word' id='word_1_769' title='bbox 3327 4613 3511 4681; x_wconf 82' lang='lat' dir='ltr'><strong>cadat,</strong></span> <span class='ocrx_word' id='word_1_770' title='bbox 3548 4629 3806 4686; x_wconf 74' lang='lat' dir='ltr'><strong>muroque</strong></span> 
     </span>
    </p>
   </div>
   <div class='ocr_carea' id='block_1_107' title="bbox 2221 4705 3805 4786">
    <p class='ocr_par' dir='ltr' id='par_1_107' title="bbox 2221 4705 3805 4786">
     <span class='ocr_line' id='line_1_107' title="bbox 2221 4705 3805 4786; baseline -0.01 -12"><span class='ocrx_word' id='word_1_771' title='bbox 2221 4731 2280 4774; x_wconf 91' lang='lat' dir='ltr'><strong>se</strong></span> <span class='ocrx_word' id='word_1_772' title='bbox 2303 4715 2488 4773; x_wconf 87' lang='lat' dir='ltr'><strong>divino</strong></span> <span class='ocrx_word' id='word_1_773' title='bbox 2507 4711 2714 4786; x_wconf 87' lang='lat' dir='ltr'><strong>judicio</strong></span> <span class='ocrx_word' id='word_1_774' title='bbox 2745 4711 2812 4766; x_wconf 91' lang='lat' dir='ltr'><strong>de</strong></span> <span class='ocrx_word' id='word_1_775' title='bbox 2850 4713 3158 4781; x_wconf 88' lang='lat' dir='ltr'><strong>perpetrata</strong></span> <span class='ocrx_word' id='word_1_776' title='bbox 3191 4705 3482 4776; x_wconf 80' lang='lat' dir='ltr'><strong>iniquitate</strong></span> <span class='ocrx_word' id='word_1_777' title='bbox 3515 4711 3805 4776; x_wconf 79' lang='lat' dir='ltr'><strong>cognoscat</strong></span> 
     </span>
    </p>
   </div>
   <div class='ocr_carea' id='block_1_108' title="bbox 2225 4791 3800 4872">
    <p class='ocr_par' dir='ltr' id='par_1_108' title="bbox 2225 4791 3800 4872">
     <span class='ocr_line' id='line_1_108' title="bbox 2225 4791 3800 4872; baseline -0.01 -8"><span class='ocrx_word' id='word_1_778' title='bbox 2225 4817 2330 4864; x_wconf 88' lang='lat' dir='ltr'><strong>eta</strong></span> <span class='ocrx_word' id='word_1_779' title='bbox 2363 4794 2642 4862; x_wconf 83' lang='lat' dir='ltr'><strong>sacratiss.</strong></span> <span class='ocrx_word' id='word_1_780' title='bbox 2677 4815 2906 4872; x_wconf 91' lang='lat' dir='ltr'><strong>corpore</strong></span> <span class='ocrx_word' id='word_1_781' title='bbox 2957 4813 3023 4854; x_wconf 91' lang='lat' dir='ltr'><strong>ac</strong></span> <span class='ocrx_word' id='word_1_782' title='bbox 3073 4794 3340 4868; x_wconf 88' lang='lat' dir='ltr'><strong>sanguine</strong></span> <span class='ocrx_word' id='word_1_783' title='bbox 3396 4791 3492 4850; x_wconf 81' lang='lat' dir='ltr'><strong>Del</strong></span> <span class='ocrx_word' id='word_1_784' title='bbox 3540 4810 3610 4851; x_wconf 89' lang='lat' dir='ltr'><strong>ac</strong></span> <span class='ocrx_word' id='word_1_785' title='bbox 3651 4792 3800 4848; x_wconf 85' lang='lat' dir='ltr'><strong>Dom.</strong></span> 
     </span>
    </p>
   </div>
   <div class='ocr_carea' id='block_1_109' title="bbox 2226 4886 3800 4958">
    <p class='ocr_par' dir='ltr' id='par_1_109' title="bbox 2226 4886 3800 4958">
     <span class='ocr_line' id='line_1_109' title="bbox 2226 4886 3800 4958; baseline -0.009 -4"><span class='ocrx_word' id='word_1_786' title='bbox 2226 4897 2402 4954; x_wconf 85' lang='lat' dir='ltr'><strong>nostri</strong></span> <span class='ocrx_word' id='word_1_787' title='bbox 2433 4894 2562 4952; x_wconf 80' lang='lat' dir='ltr'><strong>Jesu</strong></span> <span class='ocrx_word' id='word_1_788' title='bbox 2597 4892 2804 4949; x_wconf 82' lang='lat' dir='ltr'><strong>Christi</strong></span> <span class='ocrx_word' id='word_1_789' title='bbox 2834 4887 3046 4946; x_wconf 91' lang='lat' dir='ltr'><strong>alienus</strong></span> <span class='ocrx_word' id='word_1_790' title='bbox 3079 4887 3194 4954; x_wconf 83' lang='lat' dir='ltr'><strong>ﬁat,</strong></span> <span class='ocrx_word' id='word_1_791' title='bbox 3223 4901 3400 4958; x_wconf 89' lang='lat' dir='ltr'><strong>usque</strong></span> <span class='ocrx_word' id='word_1_792' title='bbox 3437 4886 3572 4942; x_wconf 90' lang='lat' dir='ltr'><strong>dum</strong></span> <span class='ocrx_word' id='word_1_793' title='bbox 3613 4886 3800 4958; x_wconf 77' lang='lat' dir='ltr'><strong>resipi-</strong></span> 
     </span>
    </p>
   </div>
   <div class='ocr_carea' id='block_1_110' title="bbox 2225 4977 3801 5054">
    <p class='ocr_par' dir='ltr' id='par_1_110' title="bbox 2225 4977 3801 5054">
     <span class='ocr_line' id='line_1_110' title="bbox 2225 4977 3801 5054; baseline -0.009 -9"><span class='ocrx_word' id='word_1_794' title='bbox 2225 4989 2370 5054; x_wconf 74' lang='lat' dir='ltr'><strong>Scat;</strong></span> <span class='ocrx_word' id='word_1_795' title='bbox 2397 4983 2610 5042; x_wconf 88' lang='lat' dir='ltr'><strong>cunctis</strong></span> <span class='ocrx_word' id='word_1_796' title='bbox 2631 4991 2812 5038; x_wconf 89' lang='lat' dir='ltr'><strong>autem</strong></span> <span class='ocrx_word' id='word_1_797' title='bbox 2833 4983 2958 5052; x_wconf 77' lang='lat' dir='ltr'><strong>qiue</strong></span> <span class='ocrx_word' id='word_1_798' title='bbox 2977 4978 3232 5050; x_wconf 85' lang='lat' dir='ltr'><strong>superius</strong></span> <span class='ocrx_word' id='word_1_799' title='bbox 3245 4978 3451 5048; x_wconf 83' lang='lat' dir='ltr'><strong>scripta</strong></span> <span class='ocrx_word' id='word_1_800' title='bbox 3466 4983 3602 5032; x_wconf 81' lang='lat' dir='ltr'><strong>sunt</strong></span> <span class='ocrx_word' id='word_1_801' title='bbox 3623 4977 3801 5032; x_wconf 76' lang='lat' dir='ltr'><strong>obaer-</strong></span> 
     </span>
    </p>
   </div>
   <div class='ocr_carea' id='block_1_111' title="bbox 2223 5069 3797 5140">
    <p class='ocr_par' dir='ltr' id='par_1_111' title="bbox 2223 5069 3797 5140">
     <span class='ocr_line' id='line_1_111' title="bbox 2223 5069 3797 5140; baseline -0.009 -5"><span class='ocrx_word' id='word_1_802' title='bbox 2223 5079 2481 5137; x_wconf 79' lang='lat' dir='ltr'><strong>vantibus</strong></span> <span class='ocrx_word' id='word_1_803' title='bbox 2505 5078 2578 5134; x_wconf 83' lang='lat' dir='ltr'><strong>sit</strong></span> <span class='ocrx_word' id='word_1_804' title='bbox 2605 5073 2882 5132; x_wconf 82' lang='lat' dir='ltr'><strong>absolutio</strong></span> <span class='ocrx_word' id='word_1_805' title='bbox 2921 5087 2988 5128; x_wconf 86' lang='lat' dir='ltr'><strong>ac</strong></span> <span class='ocrx_word' id='word_1_806' title='bbox 3019 5069 3290 5127; x_wconf 85' lang='lat' dir='ltr'><strong>remissio.</strong></span> <span class='ocrx_word' id='word_1_807' title='bbox 3315 5069 3570 5124; x_wconf 88' lang='lat' dir='ltr'><strong>omnium</strong></span> <span class='ocrx_word' id='word_1_808' title='bbox 3613 5082 3797 5140; x_wconf 78' lang='lat' dir='ltr'><strong>pecca-</strong></span> 
     </span>
    </p>
   </div>
   <div class='ocr_carea' id='block_1_112' title="bbox 2226 5159 3799 5238">
    <p class='ocr_par' dir='ltr' id='par_1_112' title="bbox 2226 5159 3799 5238">
     <span class='ocr_line' id='line_1_112' title="bbox 2226 5159 3799 5238; baseline -0.008 -9"><span class='ocrx_word' id='word_1_809' title='bbox 2226 5181 2408 5230; x_wconf 80' lang='lat' dir='ltr'><strong>torum</strong></span> <span class='ocrx_word' id='word_1_810' title='bbox 2437 5181 2689 5235; x_wconf 78' lang='lat' dir='ltr'><strong>suorum,</strong></span> <span class='ocrx_word' id='word_1_811' title='bbox 2731 5165 2806 5222; x_wconf 84' lang='lat' dir='ltr'><strong>sit</strong></span> <span class='ocrx_word' id='word_1_812' title='bbox 2848 5163 3110 5238; x_wconf 76' lang='lat' dir='ltr'><strong>gaudium</strong></span> <span class='ocrx_word' id='word_1_813' title='bbox 3160 5170 3220 5218; x_wconf 87' lang='lat' dir='ltr'><strong>et</strong></span> <span class='ocrx_word' id='word_1_814' title='bbox 3257 5159 3581 5227; x_wconf 76' lang='lat' dir='ltr'><strong>exsultatio,</strong></span> <span class='ocrx_word' id='word_1_815' title='bbox 3623 5159 3799 5216; x_wconf 67' lang='lat' dir='ltr'><strong>latitia</strong></span> 
     </span>
    </p>
   </div>
   <div class='ocr_carea' id='block_1_113' title="bbox 2218 5249 3797 5335">
    <p class='ocr_par' dir='ltr' id='par_1_113' title="bbox 2218 5249 3797 5335">
     <span class='ocr_line' id='line_1_113' title="bbox 2218 5249 3797 5335; baseline -0.009 -15"><span class='ocrx_word' id='word_1_816' title='bbox 2218 5273 2276 5320; x_wconf 90' lang='lat' dir='ltr'><strong>et</strong></span> <span class='ocrx_word' id='word_1_817' title='bbox 2305 5278 2414 5335; x_wconf 74' lang='lat' dir='ltr'><strong>pax</strong></span> <span class='ocrx_word' id='word_1_818' title='bbox 2439 5261 2496 5316; x_wconf 87' lang='lat' dir='ltr'><strong>in</strong></span> <span class='ocrx_word' id='word_1_819' title='bbox 2519 5260 2610 5316; x_wconf 84' lang='lat' dir='ltr'><strong>die</strong></span> <span class='ocrx_word' id='word_1_820' title='bbox 2649 5257 2918 5314; x_wconf 78' lang='lat' dir='ltr'><strong>adventus</strong></span> <span class='ocrx_word' id='word_1_821' title='bbox 2942 5253 3164 5310; x_wconf 77' lang='lat' dir='ltr'><strong>Domini</strong></span> <span class='ocrx_word' id='word_1_822' title='bbox 3185 5251 3385 5312; x_wconf 24' lang='lat' dir='ltr'><strong>nostri,</strong></span> <span class='ocrx_word' id='word_1_823' title='bbox 3409 5250 3554 5308; x_wconf 68' lang='grc' dir='ltr'><strong>,ἰοει-</strong></span> <span class='ocrx_word' id='word_1_824' title='bbox 3577 5249 3797 5319; x_wconf 75' lang='lat' dir='ltr'><strong>Christi,</strong></span> 
     </span>
    </p>
   </div>
   <div class='ocr_carea' id='block_1_114' title="bbox 2217 5343 3798 5390">
    <p class='ocr_par' dir='ltr' id='par_1_114' title="bbox 2217 5343 3798 5390">
     <span class='ocr_line' id='line_1_114' title="bbox 2217 5343 3798 5390; baseline 0 0"><span class='ocrx_word' id='word_1_825' title='bbox 2217 5365 2268 5390; x_wconf 71' lang='lat' dir='ltr'><strong>nl</strong></span> <span class='ocrx_word' id='word_1_826' title='bbox 2299 5357 2380 5390; x_wconf 62' lang='lat' dir='ltr'><strong>ain</strong></span> <span class='ocrx_word' id='word_1_827' title='bbox 2404 5355 2458 5390; x_wconf 67' lang='lat' dir='ltr'><strong>3n</strong></span> <span class='ocrx_word' id='word_1_828' title='bbox 2500 5353 2606 5390; x_wconf 69' lang='lat' dir='ltr'><strong>lum</strong></span> <span class='ocrx_word' id='word_1_829' title='bbox 2647 5349 2850 5390; x_wconf 62' lang='lat' dir='ltr'><strong>omnia</strong></span> <span class='ocrx_word' id='word_1_830' title='bbox 2881 5346 3118 5390; x_wconf 67' lang='lat' dir='ltr'><strong>fumium</strong></span> <span class='ocrx_word' id='word_1_831' title='bbox 3154 5346 3317 5390; x_wconf 60' lang='lat' dir='ltr'><strong>lanna!</strong></span> <span class='ocrx_word' id='word_1_832' title='bbox 3355 5344 3602 5390; x_wconf 57' lang='lat' dir='ltr'><strong>animi:</strong></span> <span class='ocrx_word' id='word_1_833' title='bbox 3635 5343 3798 5390; x_wconf 62' lang='lat' dir='ltr'><strong>gnari.</strong></span> 
     </span>
    </p>
   </div>
  </div>
