3972 5390
552 199 654 256 ’115

1456 190 1513 245 S.
1551 187 1879 246 GREGORH
1918 185 2010 242 Vll
2045 181 2247 241 ΡΑΡΕ
2285 181 2568 240 OPERUM
2608 182 2788 241 PARS
2825 182 2887 241 ll.

3713 187 3812 238 1ιὺ

553 313 720 378 tibus,
759 317 814 366 et
835 307 1080 380 legaliter
1101 304 1336 372 collatis,
1367 310 1423 358 et
1458 302 1712 371 deinceps
1745 311 2122 371 quarumctm—
2153 300 2199 356 Α
2223 313 2346 353 esse
2371 297 2780 367 perpendimus.
2798 295 3064 363 Proinde,
3089 295 3246 366 juxta
3278 293 3621 366 petitionem,
3659 304 3816 351 tuam

552 417 659 474 que
683 413 1041 471 personarum
1073 395 1390 451 authentica
1424 392 1724 448 traditione
1755 391 2122 457 conferendis,

552 493 656 547 sub
673 490 984 561 apostolica:
1006 486 1149 543 sedis
1161 483 1340 539 'tutela
1371 491 1423 538 et
1451 481 1789 553 protectione
1803 479 2126 550 generaliter

550 582 959 654 amplectimur,
995 587 1050 633 et
1099 577 1203 632 sub
1253 575 1354 630 alis
1408 574 1694 629 beatorum
1749 571 2124 640 apostolorum

549 673 695 730 Petri
721 681 775 728 et
797 669 986 737 Pauli;
1003 669 1123 736 tibi,
1149 667 1226 722 ﬁli
1254 665 1546 731 Willelme,
1590 664 1810 733 tuisque
1837 675 2124 718 successo-

551 763 1029 830 ribus,eliminata-
1051 776 1116 816 ac
1146 758 1418 829 prohibita
1451 756 1600 812 omni
1631 755 2007 810 infestantium
2041 753 2125 806 in-

547 855 1095 928 quietudine,-libere
1135 850 1472 906 etvabsolute
1497 847 1841 919 possidenda,
1878 854 1932 900 et
1961 861 2124 916 regu—

549 947 736 1001 lariter
761 953 926 1015 atque
954 945 1160 1001 utiliter
1183 943 1487 999 ordinanda
1528 939 1813 1012 praesentis
1841 939 2126 1010 scripturae

549 1038 866 1094 testimonio
923 1037 1335 1093 confirmamus.
1387 1032 1808 1089 Constitutionis
1866 1045 2122 1101 quoque,

548 1128 931 1193 immunitatis,
955 1127 1222 1183 libertatis
1246 1125 1460 1191 modos,
1489 1139 1628 1193 quos
1662 1121 2125 1192 praefatuscomes

547 1216 776 1272 illustris
800 1217 1130 1272 Adelbertus
1146 1215 1362 1285 scripto
1388 1229 1502 1269 sua:
1539 1213 1850 1268 traditionis
1892 1211 2127 1266 inseruit

547 1315 604 1362 et
630 1308 782 1378 regio
805 1305 984 1378 sigillo
1016 1305 1257 1376 imprimi
1279 1302 1510 1368 curavit,
1530 1303 1602 1357 ad
1626 1300 1962 1372 posteritatis
1990 1315 2123 1354 cau-

548 1397 711 1452 telam
739 1407 794 1452 et
840 1397 1106 1452 arcendos
1153 1393 1534 1453 infestantium
1565 1383 1803 1463 impetus
1842 1391 2126 1462 diligenter

547 1488 920 1545 observandos
950 1486 1264 1553 statuimus,
1305 1469 1414 1541 hos
1459 1485 1742 1550 duntaxat,
1774 1481 1870 1552 qui
1901 1479 2126 1538 canoni-

547 1577 630 1633 cis
660 1575 1033 1632 sanctionibus
1070 1590 1180 1630 non
1214 1575 1510 1640 obsistunt,
1530 1582 1590 1627 ut
1619 1587 1720 1627 nec
1743 1571 1810 1627 de
1842 1569 2124 1641 permissis

2226 387 2454 458 praefato
2490 387 2960 454 monasterio,-cui
2995 395 3054 442 tu
3086 402 3332 457 praeesse
3363 386 3731 456 dignosceris,
3761 397 3818 444 et

2225 479 2371 550 quod
2388 479 2530 549 juris
2552 479 2610 534 S.
2635 479 2712 534 Β.
2743 478 2806 532 Ε.
2829 477 3342 549 essedignoseitur,
3383 479 3528 533 unde
3562 493 3662 548 per
3698 478 3820 533 sin—

2225 570 2382 640 gulos
2412 585 2586 625 annos
2649 584 2848 624 census
2891 568 3058 622 trium
3105 567 3460 622 denariorum
3496 581 3816 629 aureorum

2223 659 2328 714 sibi
2364 658 2626 725 redditur,
2660 651 2973 728 hujusmod'i
2999 657 3280 732 privilegia
3328 658 3586 727 praesenti
3616 667 3817 714 aucto-

2224 748 2405 803 ritatis
2439 757 2643 804 nostrae
2672 749 2891 804 decreto
2940 748 3696 820 indulgemus,'coni:edirtms
3733 759 3819 805 at-

2223 857 2329 911 que
2351 840 2634 896 firmamus
2661 859 2674 896 :
2703 848 3005 896 statuentes
3037 841 3246 895 nullum
3278 857 3468 912 regum
3503 843 3592 897 vel
3637 844 3818 912 impe-

2222 939 2491 995 ratorum,
2524 932 2619 984 au't
2646 929 2975 995 antistitum,
3034 927 3244 984 nullum
3277 933 3499 1000 qdoque
3542 932 3816 1002 dignitate

2225 1020 2531 1090 praeditum,
2559 1020 2644 1073 vel
2681 1021 3064 1089 quemcunque
3087 1021 3278 1085 alium,
3323 1019 3390 1075 de
3410 1012 3513 1076 "his
3573 1039 3701 1091 quae
3733 1023 3814 1077 ei-

2223 1108 2348 1163 dem
2399 1108 2700 1163 Venerabili
2739 1109 2861 1164 lo‘co
2899 1109 2965 1163 de
3005 1109 3229 1179 proprio
3275 1110 3400 1179 jure
3439 1110 3556 1180 jam
3607 1111 3816 1165 donata

2227 1201 2475 1267 sunt,vel
2498 1197 2842 1267 in'futurum,
2871 1198 2982 1254 Deo
3011 1199 3329 1266 miserante,
3360 1187 3813 1266 collata'fuerint,

2227 1293 2330 1348 s'ub
2376 1291 2667 1362 cujuslibet
2705 1297 2886 1346 eausa:
2918 1291 3300 1346 "Occasionisve
3353 1289 3535 1360 specie
3565 1291 3818 1345 minuere

2226 1380 2311 1434 vel
2331 1380 2567 1446 auferre,
2591 1390 2647 1435 et
2677 1380 2791 1436 sive
2813 1380 2928 1436 suis
2986 1381 3176 1437 usibus
3225 1381 3522 1451 applicare,
3566 1375 3652 1436 vel
3694 1381 3814 1436 aliis

2227 1485 2385 1540 quasr
2418 1471 2522 1540 piis
2555 1471 2622 1526 de
2653 1471 2838 1526 causis
2883 1485 2984 1541 pro
3008 1485 3123 1526 sum
3177 1471 3420 1526 avaritia:
3454 1471 3814 1526 excusatione

2227 1562 2557 1628 concedere;
2591 1562 2684 1618 sed
2709 1571 2928 1629 cuncta,
2963 1578 3086 1633 quae
3106 1562 3181 1616 ibi
3222 1563 3406 1618 oblata
3455 1572 3590 1618 sunt
3615 1563 3700 1617 vel
3725 1561 3809 1617 of-

547 1667 812 1736 quidlibet
841 1668 1163 1738 negligatur,
1191 1681 1292 1721 nec
1321 1666 1388 1720 de
1418 1665 1599 1720 vetitis
1619 1663 1882 1734 quidlibet
1914 1663 2121 1732 irrogt.L
2153 1642 2196 1698 Β
2221 1648 2350 1704 ferri
2384 1650 2688 1720 contigerit.
2715 1659 2825 1705 tam
2849 1667 2880 1705 a
2907 1659 2960 1706 te
2997 1666 3164 1721 quam
3191 1652 3261 1707 ab
3295 1652 3377 1738 eis
3397 1653 3496 1722 qui
3521 1653 3578 1706 in
3602 1663 3701 1706 tuo
3730 1651 3814 1706 of-

547 1767 656 1812 tur.
705 1754 831 1812 Haac
879 1757 1043 1828 igitur
1093 1771 1215 1826 qua:
1280 1755 1445 1824 hujus
1498 1753 1751 1824 prtecepti
1809 1751 2118 1821 decretique

547 1846 722 1903 nostri
763 1847 964 1917 pagina
993 1848 1398 1913 continet,.tam
1436 1845 1530 1900 tibi
1564 1860 1726 1915 quam
1763 1842 1975 1898 cunctis
2023 1842 2120 1913 qui

547 1937 603 1992 in
637 1951 703 1992 eo
736 1951 846 2007 quo
875 1951 935 1992 es
955 1936 1155 1992 ordine
1183 1935 1414 2005 locoque
1437 1933 1821 1999 successerint,
1846 1933 1900 1987 in
1923 1947 2118 2003 perpe-

547 2036 703 2082 tuum
726 2029 993 2085 servanda
1018 2021 1378 2084 decrevimus.
1409 2026 1466 2082 Si
1487 2027 1611 2097 quis
1631 2039 1761 2081 vero
1777 2034 2002 2099 regum,
2030 2041 2120 2082 sa-

545 2121 848 2187 cerdotum,
885 2118 1230 2184 clericorum,
1259 2118 1508 2188 judicum
1537 2125 1591 2172 et
1615 2117 1958 2173 saecularium
1991 2131 2116 2187 per—

545 2226 850 2280 sonarum,
919 2211 1060 2266 hanc
1125 2211 1535 2268 constitutionis
1593 2219 1795 2266 nostrae
1865 2210 2118 2281 paginam

546 2314 869 2374 agnoscens,
897 2308 1085 2355 contra
1121 2315 1244 2356 eam
1286 2299 1471 2354 venire
1503 2299 1808 2365 tentaverit,
1835 2298 2118 2369 potestatis

544 2381 880 2465 honorisque
928 2393 1013 2446 sui
1066 2391 1326 2462 dignitate
1367 2392 1591 2457 careat,
1633 2404 1896 2459 reumque
1943 2403 2004 2445 se
2051 2388 2120 2444 de

545 2490 852 2552 perpetrata
901 2481 1189 2551 iniquitate
1233 2470 1418 2536 divino
1464 2469 1670 2550 judicio
1715 2486 1996 2550 agnoscat.
2053 2466 2120 2532 Et

545 2567 652 2627 nisi
700 2587 764 2626 ea
806 2587 928 2642 quae
967 2572 1036 2626 ab
1077 2571 1171 2626 illo
1213 2579 1342 2625 sunt
1367 2571 1508 2626 male
1534 2560 1711 2624 ablata
1739 2567 2010 2635 restituat,
2033 2568 2119 2622 vel

544 2664 706 2734 digna
720 2663 1036 2736 poenitentia
1052 2663 1237 2717 illicite
1249 2670 1368 2717 acta
1389 2661 1683 2726 defleverit,
1698 2677 1727 2714 a
1750 2660 2121 2740 sacratissimo

545 2740 777 2824 oorpore
804 2763 858 2809 et
879 2755 1144 2824 sanguine
1172 2751 1386 2807 Domini
1411 2740 1790 2822 Redemptoris
1806 2750 1979 2806 nostri
1992 2749 2120 2806 Jesu

545 2841 750 2902 Christi
799 2846 1011 2902 alienus
1062 2842 1175 2912 flat,
1214 2855 1379 2916 atque
1429 2846 1485 2899 in
1520 2853 1725 2899 aeterno
1753 2833 2003 2905 examine
2035 2842 2120 2897 di-

545 2938 750 2994 stricta:
791 2938 987 3000 ultioni.
1016 2937 1311 3007 subjaceat.
1341 2935 1566 2992 Cunctis
1594 2946 1776 2992 autem
1806 2938 1980 2992 eidem
2002 2937 2121 2990 loco

541 3030 694 3100 justa
754 3028 1134 3096 servantibus,
1194 3039 1266 3084 snt
1318 3043 1423 3098 pax
1479 3027 1696 3083 Domini
1765 3028 1939 3083 nostri
1991 3025 2121 3083 Jesu

545 3117 769 3186 Christi,
809 3122 1078 3190 quatenus
1104 3129 1158 3175 et
1185 3120 1272 3175 hic
1291 3109 1531 3174 fructum
1566 3119 1724 3174 bona)
1748 3119 1978 3175 actionis
2001 3133 2124 3189 per-

546 3212 770 3282 cipiant,
797 3220 851 3267 et
871 3211 1013 3281 apud
1047 3206 1352 3267 districtum
1384 3210 1622 3280 judicem
1655 3210 1879 3279 prtemia
1909 3218 2124 3265 aiter-ae

545 3302 922 3358 retributionis
938 3297 1246 3358 inveniant.
1274 3292 1471 3356 Datum
1496 3299 1686 3356 Romae
1714 3300 1884 3373 (420).

1227 3379 1448 3446 LXXII.
1823 3393 1826 3398 ’

549 3481 896 3555 Privilegium
956 3482 1194 3555 Gregorii
1253 3479 1363 3555 VII
1422 3483 1492 3535 ad
1535 3481 1818 3555 Alipedum
1884 3481 2124 3555 abbatem

617 3550 1017 3623 Rothbnensem.
1048 3550 1120 3594 ξ·-
1152 3551 1445 3609 Confirmat
1483 3550 1761 3623 privilegia
1814 3551 2123 3606 monasterii

615 3622 986 3677 Rothonensis.

1086 3711 1265 3783 (Anno
1313 3709 1598 3781 1075-85.)

551 3803 718 3876 [Dom
747 3804 1033 3869 Man-rarts,
1075 3802 1370 3878 Thesaurys
1401 3802 1680 3868 Anecdot.,
1708 3801 1752 3867 l,
1777 3801 1903 3870 204,
1927 3818 1992 3858 ex
2015 3816 2119 3859 ms.

756 3921 759 3924 ·
860 3892 918 3952 S.
945 3896 1224 3952 Michaelis
1247 3895 1300 3950 in
1331 3896 1575 3966 periculo
1596 3894 1812 3966 maris.]

617 3993 931 4050 Gnﬁconms
950 3993 1258 4063 episcOpus,
1293 4007 1484 4048 servus
1519 4007 1803 4047 servorum
1825 3991 1942 4060 Dei,
1993 3991 2127 4048 dile-

546 4085 1129 4145 ctoin'Christoﬁlio
1182 4084 1426 4150 Atuooo,
1457 4083 1638 4139 abbati
1691 4084 2011 4139 monasterii
2064 4083 2121 4138 S.

547 4175 872 4242 Salvatoris,
903 4173 1208 4230 constructi
1238 4173 1293 4227 in
1347 4173 1487 4241 loco,
1531 4173 1626 4243 qui
1668 4172 1868 4228 dicitur
1919 4173 2127 4229 Rotho—

547 4267 756 4335 nensis,
779 4266 834 4319 in
866 4264 1150 4319 Britannia
1178 4262 1482 4330 constituti,
1521 4262 1746 4332 suisque
1787 4262 2124 4318 successori-

2216 1738 2339 1794 ficio
2361 1739 2744 1806 successerint,
2789 1740 3028 1809 perenni
3072 1737 3554 1810 tempore'illibata
3606 1747 3660 1795 et
3696 1740 3812 1796 sine

2217 1828 2594 1898 inquietudine
2655 1829 2908 1883 volumus
2957 1829 3266 1898 possideri,
3330 1845 3528 1885 eorum
3586 1829 3809 1900 quidem

2216 1918 2409 1973 usibus
2450 1933 2549 1987 pro
2581 1919 2817 1986 quorum
2861 1917 3258 1973 sustentatione
3304 1919 3810 1988 gubernationeque

2216 2021 2478 2063 concessa
2511 2013 2661 2072 sunt,
2694 2006 2873 2061 modis
2907 2007 3164 2063 omnibus
3196 2003 3504 2078 profutura.
3531 2006 3811 2063 ltemeon-

2217 2084 2494 2151 stituimus
2524 2102 2603 2163 ut,
2627 2095 2862 2151 obeunte
2882 2096 3097 2162 abbate,
3119 2096 3236 2151 non
3269 2097 3411 2160 alius
3434 2097 3509 2152 ibi
3563 2112 3808 2170 quacun-

2215 2199 2324 2254 que
2343 2169 2681 2253 obreptionis
2708 2185 2910 2240 astutia
2934 2185 3240 2250 ordinetur,
3283 2185 3392 2240 nisi
3413 2201 3583 2255 quem
3616 2185 3809 2240 fratres

2213 2275 2459 2346 ejusdem
2491 2276 2749 2342 coenobii,
2784 2291 2914 2332 cum
2943 2291 3226 2332 communi
3276 2269 3584 2343 consensu,
3609 2293 3809 2332 secuno

2215 2365 2346 2420 dum
2389 2365 2642 2420 timorem
2703 2365 2798 2420 Dei
2865 2365 3158 2438 elegerint;
3224 2367 3463 2424 maxime
3502 2369 3579 2424 de
3621 2369 3806 2424 eadem

2217 2455 2660 2526 congregatione,
2685 2455 2733 2510 si
2757 2455 2988 2512 idoneus
3027 2456 3282 2512 iuventus
3325 2454 3511 2512 fuerit.
3577 2456 3807 2523 Quodsi

2219 2548 2363 2614 talis,
2391 2548 2486 2618 qui
2512 2547 2640 2603 huic
2665 2541 2918 2619 regimini
2962 2551 3250 2619 congruat,
3283 2548 3428 2602 inter
3459 2563 3561 2603 eos
3600 2549 3810 2603 inveni-

2219 2638 2264 2692 ri
2291 2653 2400 2693 non
2419 2639 2624 2708 possit,
2649 2645 2776 2694 cum
2797 2639 3029 2694 consilio
3058 2636 3292 2693 Romani
3317 2638 3620 2708 pentiiicis,
3645 2639 3808 2706 alium

2220 2727 2326 2784 sibi
2375 2725 2593 2782 Patrem
2643 2737 2699 2783 et
2757 2728 3080 2799 magistrum
3129 2733 3405 2798 expetant.
3436 2727 3559 2785 Hoc
3592 2743 3809 2800 quoque

2221 2819 2474 2887 praesenti
2499 2818 2734 2887 capitulo
2763 2818 3167 2889 subjungimus,
3203 2826 3263 2873 ut
3306 2819 3488 2888 ipsum
3523 2829 3809 2873 monaste-

2223 2907 2387 2973 rium,
2409 2913 2465 2961 et
2495 2908 2720 2964 abbates
2749 2908 2891 2978 ejus,
2928 2909 3012 2964 vel
3051 2909 3328 2975 monachi,
3353 2909 3424 2962 ab
3451 2909 3610 2964 omni
3640 2925 3810 2964 saecu-

2149 3000 2189 3056 C
2221 2999 2354 3056 laris
2372 3000 2579 3054 servitii
2603 3001 2713 3055 sint
2761 3000 3112 3056 infestatioue
3142 3002 3342 3067 securi,
3397 3000 3665 3071 ‘omnique
3686 3017 3808 3072 gra-

2223 3092 2440 3146 vamine
2464 3093 2755 3150 mundanae
2797 3093 3173 3164 oppressiOnis
3224 3095 3420 3149 remoti
3488 3094 3546 3149 in
3609 3105 3811 3150 sancta

2223 3183 2501 3254 religionis
2527 3184 2909 3240 observatione
2946 3185 3121 3241 seduli
3159 3195 3215 3240 et
3248 3187 3458 3255 quieti,
3500 3188 3643 3242 nulli
3683 3189 3808 3253 alii,

2225 3273 2331 3328 nisi
2356 3272 2614 3329 Romana;
2642 3276 3028 3345 et'apostolicae
3050 3277 3185 3333 sedi.
3213 3277 3371 3347 cujus
3400 3277 3548 3347 juris
3579 3287 3688 3346 est,
3716 3281 3811 3335 ali-

2224 3379 2334 3434 qua
2379 3374 2667 3420 teneantur
2722 3367 3013 3423 occaSione
3048 3368 3299 3437 subjecti.
3342 3367 3809 3428 Consecrationes

2223 3455 2387 3509 etiam
2435 3456 2788 3512 ecclesiarum
2849 3466 2905 3512 et
2975 3452 3350 3516 ordinationes
3407 3463 3808 3519 monachorum

2224 3545 2338 3602 sive
2361 3545 2684 3602 clericorum
2698 3547 2964 3618 saepefato
2985 3551 3240 3605 cmnobio
3263 3552 3683 3621 pertinentium,
3742 3556 3808 3610 ab

2224 3634 2497 3705 episcopis
2517 3636 2574 3689 in
2597 3651 2832 3706 quorum
2852 3638 3072 3694 dioecesi
3098 3649 3248 3707 sunt,
3282 3642 3590 3712 accipient;
3618 3645 3694 3698 ita
3725 3653 3809 3699 ta.

2225 3743 2351 3783 men
2387 3730 2433 3784 si
2463 3744 2702 3801 episcopi
2725 3747 2990 3788 canonice
3010 3735 3248 3789 ordinati
3290 3734 3518 3803 fuerint,
3570 3748 3628 3794 et
3664 3740 3812 3795 ordi-

2225 3819 2476 3876 nationes
2498 3821 2668 3891 gratis
2697 3820 2945 3878 fecerint.
2989 3823 3088 3879 Sin
3132 3834 3314 3880 autem
3359 3826 3567 3896 aliquid
3612 3830 3808 3884 horum

2226 3909 2518 3977 obstiterit,
2554 3912 2724 3968 abbas
2745 3928 2871 3968 cum
2907 3913 3130 3970 licentia
3154 3924 3208 3972 et
3242 3918 3582 3974 auctoritate
3609 3919 3807 3976 Roma-

2226 3999 2281 4053 ni
2301 4001 2574 4070 pontiﬁcis
2596 4003 2664 4057 ad
2687 3997 3122 4075 qualemcunque
3137 4007 3466 4063 catholicum
3486 4011 3808 4081 episcopum

2227 4091 2278 4145 ei
2294 4091 2580 4160 placuerit,
2630 4109 2799 4150 causa
2833 4097 3266 4154 consecrationis
3327 4107 3382 4153 et
3440 4100 3809 4156 ordinationis

2229 4193 2339 4239 tam
2385 4186 2630 4241 locorum
2689 4203 2856 4257 quam
2883 4203 3261 4257 personarum,
3313 4189 3546 4246 licenter
3599 4203 3803 4264 pergat.

2232 4276 2359 4332 Haec
2385 4277 2549 4348 igitur
2588 4279 2772 4334 omnia
2801 4295 2926 4350 qua:
2966 4281 3131 4350 hujus
3179 4283 3436 4352 praecepti
3494 4284 3807 4354 decretique

547 4361 655 4418 bus
685 4357 890 4414 ibidem
921 4355 1245 4427 regulariter
1267 4353 1654 4423 promovendis
1690 4353 1745 4407 in
1778 4361 2120 4423 perpetuum.

2227 4338 2627 4438 nostrivpagina
2648 4338 2912 4437 continet,
2936 4338 3057 4425 tam'
3071 4371 3167 4426 tibi
3180 4338 3373 4442 quam.
3390 4375 3611 4430 cunctis
3632 4338 3804 4445 quiin

623 4450 887 4520 Supernae
912 4445 1285 4503 miserationis
1304 4453 1576 4516 respectu,
1602 4444 1670 4499 ad
1700 4445 1806 4498 hoc
1837 4445 2125 4502 universa-

547 4543 618 4598 lis
638 4541 896 4597 Ecclesite
925 4555 1116 4594 curam
1149 4537 1490 4607 suscepimus
1522 4544 1577 4591 et
1609 4537 1897 4605 apostolici
1932 4539 2123 4592 mode-

548 4631 779 4687 raminis
813 4629 1234 4686 sollicitudinem
1288 4626 1547 4697 gerimus,
1579 4634 1640 4680 ut
1679 4625 1847 4696 justis
1890 4642 2124 4696 precan-

549 4722 689 4777 tium
710 4722 851 4778 votis
872 4729 1077 4776 attenta
1097 4715 2127 4789 benignitatefaveamus,et,libraminc

551 4810 843 4880 aaquitatis,
875 4809 1132 4866 omnibus
1163 4808 1218 4862 in
1254 4805 1578 4862 necessitate
1600 4805 1816 4876 positis,
1835 4813 2123 4876 quantum,

551 4902 665 4958 Deo
697 4902 954 4970 donante,
979 4915 1293 4972 possumus,
1323 4897 1612 4954 subvenire
1633 4897 1950 4952 debeamus.
1978 4894 2125 4952 Prae;

552 4991 714 5059 cipue
749 4997 933 5044 tamen
985 4991 1052 5046 de
1093 4989 1483 5044 venerabilium
1529 4988 1776 5043 locorum
1811 4987 2125 5052 stabilitate,

554 5092 656 5148 pro
688 5075 871 5130 debito
905 5076 1114 5132 honore
1134 5093 1363 5132 summa:
1392 5085 1446 5131 et
1477 5075 1792 5146 apostolicae
1819 5075 1985 5140 sedis,
2031 5090 2128 5130 cu-

551 5166 645 5236 jus
674 5163 921 5219 membra
943 5172 1089 5226 sunt,
1110 5173 1375 5232 quantum
1405 5180 1472 5220 ex
1495 5164 1678 5219 divino
1705 5161 1978 5231 adjutorio
2002 5176 2129 5229 pos-

557 5253 792 5312 sibilitas
852 5249 1032 5313 datur,
1082 5251 1236 5307 nobis
1285 5254 1620 5322 pensandum
1672 5262 1726 5307 et
1769 5250 2128 5306 laborandum

2223 4473 2292 4512 eo
2316 4473 2428 4528 quo
2462 4474 2520 4514 es
2540 4459 2731 4514 ordine
2757 4460 2987 4531 locoque
3039 4463 3426 4529 successerint,
3453 4465 3542 4520 vel
3572 4465 3657 4520 eis
3678 4479 3807 4535 quo-

2225 4574 2350 4613 rum
2389 4559 2654 4616 interesse
2691 4560 2948 4630 potuerit,
3002 4560 3060 4614 in
3100 4570 3422 4631 perpetuum
3474 4564 3804 4619 reservanda

2225 4657 2588 4712 decernimus.
2620 4656 2677 4712 Si
2713 4658 2836 4728 quis
2869 4673 2998 4714 vero
3021 4673 3233 4729 regum,
3283 4662 3660 4732 sacerdotum,
3695 4664 3801 4719 ele-

2229 4758 2487 4826 ricorum,
2508 4757 2751 4827 judicum
2775 4773 2840 4813 ac
2869 4759 3214 4814 saecularium
3230 4775 3620 4830 personarum,
3670 4764 3804 4820 hanc

2226 4856 2632 4913 constitutionis
2666 4865 2870 4912 nostra:
2918 4857 3168 4928 paginam
3203 4872 3569 4928 cognoscens,
3616 4872 3803 4919 contra

2225 4972 2347 5012 eam
2400 4957 2586 5012 venire
2639 4957 2947 5025 tentaverit,
2994 4959 3283 5028 potestatis
3343 4959 3690 5033 honorisque
3723 4965 3802 5020 sui

2225 5059 2487 5130 dignitate
2522 5064 2722 5123 careat,
2749 5071 3014 5127 reumque
3043 5072 3103 5112 se
3125 5057 3309 5112 divino
3333 5057 3547 5129 judicio
3601 5064 3800 5118 existe-

2229 5172 2287 5213 re
2316 5159 2382 5213 de
2404 5165 2712 5228 perpetrata
2739 5156 3026 5227 iniquitate
3080 5167 3407 5227 cognoscat;
3445 5169 3502 5213 et
3548 5161 3659 5216 nisi
3714 5163 3800 5217 illa

2230 5268 2352 5322 quae
2381 5261 2510 5308 sunt
2549 5253 2690 5307 male
2726 5253 2906 5308 ablata
2937 5253 3253 5319 restituerit,
3305 5255 3390 5310 vel
3422 5255 3591 5326 digna
3624 5261 3801 5328 poeni-
