3972 5390
187 319 297 376 717
1081 322 1440 381 EPIS‘I'OLAE
1479 322 1712 380 EX'I‘RA
1752 325 2153 386 REGISTRUM
2195 328 2471 387 VACANT
2475 331 2576 387 ES.
3345 341 3446 398 718

185 434 371 489 tentia
402 434 596 490 illicit‘e
616 443 738 491 acta
772 435 1074 504 deﬂeverit,
1099 453 1129 492 a
1148 438 1523 495 sacratissimo
1549 455 1778 510 corpore
1808 445 1850 500 Α
1877 441 2080 496 dientia
2129 445 2469 500 exhibentur.
2517 445 2674 512 Quod
2730 450 2777 504 si
2801 436 3012 521 aliquis
3047 453 3449 528 episcoporum,

180 535 247 580 et
270 527 544 594 sanguine
566 527 658 582 Dei
711 537 766 583 et
801 528 1017 583 Domini
1070 531 1433 599 redemptoris
1487 532 1661 586 nostri
1687 531 1778 588 Je-
1879 549 1973 616 seu
2015 535 2269 603 qualibet
2300 537 2666 593 ecclesiastica
2706 541 2792 596 vel
2832 544 3112 600 saecularis
3147 562 3447 616 persona...

183 632 258 670 su
303 616 515 672 Christi
571 619 782 675 alienus
817 619 935 684 ﬁat,
978 629 1142 690 atque
1190 620 1244 674 in
1279 629 1485 674 :eterno
1526 622 1777 677 examine

181 705 456 762 districta:
511 707 708 762 ultioni
757 708 1062 778 subjaecat,
1117 709 1332 764 cunctis
1374 719 1554 770 autem
1599 711 1774 767 eidem

183 794 311 848 loco
342 794 497 862 justa
523 795 868 850 servantibus
903 797 975 852 sit
1018 813 1124 866 pax
1173 797 1388 852 Domini
1439 800 1611 855 nostri
1645 799 1772 856 Jesu

179 882 429 950 Christi,
495 894 767 956 quatenus
816 895 871 941 et
923 887 1009 942 hic
1052 887 1291 943 fructum
1334 901 1490 944 nona:
1543 891 1772 947 actionis

181 975 533 1045 percipiant,
585 985 640 1032 et
691 978 833 1046 apud
879 978 1188 1033 districtum
1240 979 1481 1049 iudicem
1550 983 1772 1051 praemia

180 1072 405 1120 aeternae
437 1067 579 1122 lucis
616 1067 912 1122 inveniant.
957 1067 1150 1123 Amen.

859 1177 1095 1235 LXXIII.

247 1266 413 1322 Bulla
463 1267 702 1339 Gregorii
761 1268 868 1340 VU
922 1287 1017 1340 pro
1070 1271 1386 1325 monasterio
1437 1270 1493 1325 S.
1553 1271 1701 1326 Petri

799 1339 1171 1394 Jutzbelleusis.

721 1430 905 1500 (Anno
954 1430 1242 1501 1075-85.)

175 1519 349 1590 [σαιι.
376 1519 904 1646 Christ.,lnstrun3.,
922 1522 1152 1665 togiil'l,
1180 1537 1302 1594 pag.
1325 1523 1392 1577 1..
1431 1566 1447 1592 ,
1476 1540 1540 1580 ex
1554 1527 1758 1582 archiv.

877 1609 982 1648 unc
1061 1633 1073 1646 .

877 1609 1073 1648 unceu.

251 1683 566 1739 Guscoarus
602 1683 916 1756 episcopus,
961 1699 1152 1740 servus
1198 1700 1481 1741 servorum
1524 1685 1641 1752 Dei,
1682 1683 1765 1743 di-

174 1774 318 1828 lecto
345 1775 401 1828 in
428 1774 652 1830 Christo
683 1777 908 1831 ﬁlio.....
951 1776 1133 1831 abbati
1169 1779 1488 1831 monasterii
1519 1777 1575 1832 S.
1615 1779 1762 1834 Petri

171 1863 542 1921 Juncellensis
583 1868 872 1922 constituti
919 1867 976 1922 in
1019 1867 1142 1922 loco
1171 1867 1266 1936 qui
1301 1867 1502 1923 dicitur
1535 1868 1760 1936 Lunate,

170 1955 408 2024 suisque
431 1955 844 2012 successoribus
875 1956 1074 2012 ibidem
1099 1956 1420 2026 regulariter
1438 1971 1763 2028 promoven-

170 2045 262 2100 dis
298 2047 355 2100 in
386 2055 731 2118 perpetuum.

246 2135 514 2206 Supernae
537 2139 910 2195 miserationis
941 2149 1187 2211 respectu
1216 2140 1283 2196 ad
1311 2141 1414 2197 hoc
1439 2142 1762 2198 universalis

171 2226 434 2283 Ecclesiae
463 2245 654 2284 curam
700 2232 1044 2300 suscepimus
1082 2240 1137 2287 et
1192 2233 1478 2302 apostolici
1520 2233 1763 2288 modera-

171 2319 342 2374 minis
373 2321 794 2376 sollicitudinem
826 2321 1088 2393 gerimus,
1128 2331 1189 2378 ut
1217 2322 1384 2393 justis
1418 2323 1759 2392 precantium

169 2411 318 2465 votis
368 2422 588 2467 assueta
626 2411 958 2484 benignitate
1005 2413 1314 2480 faveamus,
1370 2423 1444 2481 et,
1475 2415 1763 2472 libramine

169 2504 468 2571 aequitatis,
500 2505 756 2560 omnibus
793 2505 848 2560 in
878 2506 1201 2560 necessitate
1233 2504 1446 2576 positis,
1473 2514 1760 2576 quantum,

171 2591 285 2645 Deo
325 2593 575 2662 juvante,
607 2611 920 2665 possumus,
955 2595 1243 2651 subvenire
1272 2597 1584 2652 debeamus.
1621 2596 1759 2652 Pro-

172 2683 300 2738 inde
319 2684 478 2754 juxta
515 2686 831 2755 petitionem
863 2695 1016 2742 tuam
1046 2687 1332 2758 przefatum
1363 2688 1756 2743 monasterium

168 2771 456 2841 Juncellis,
485 2777 575 2831 cui
599 2786 656 2830 tu
681 2793 915 2847 praeesse
937 2778 1297 2850 dignosccris,
1324 2779 1378 2832 in
1405 2780 1568 2834 tutela
1591 2787 1644 2833 et
1663 2779 1757 2834 dc—

169 2863 426 2922 fensione
460 2877 666 2924 sancta:
690 2868 951 2925 Romanae
982 2877 1036 2924 et
1070 2870 1382 2940 apostolica:
1411 2870 1558 2925 sedis
1587 2871 1758 2926 susci-

169 2956 374 3025 pimus,
409 2968 464 3012 et
501 2960 576 3013 ab
615 2960 766 3014 omni
807 2961 1053 3015 szeculari
1111 2960 1480 3016 dominatione
1524 2961 1753 3016 liberum

167 3061 389 3117 semper
422 3064 547 3105 esse
593 3051 957 3119 decernimus,
999 3051 1086 3106 cui
1113 3049 1428 3121 bujusmodi
1472 3051 1754 3123 privilegio

167 3139 448 3205 menti,
497 3141 948 3211 auctoritatisque
995 3150 1196 3197 nostra;
1235 3142 1454 3197 decreto
1511 3143 1754 3214 iudulge-
1779 3161 1823 3217 ε

167 3242 312 3292 mus,
344 3230 701 3286 concedimus
744 3241 799 3286 et
840 3234 1140 3300 ﬁrmamus,
1188 3240 1489 3288 statuentes
1543 3234 1750 3288 nullum

165 3333 359 3388 regum
393 3321 476 3375 vel
513 3321 927 3392 imperatorum,
982 3324 1278 3380 antistitem
1321 3325 1551 3391 nullum,
1612 3341 1751 3396 qua-

164 3425 388 3480 cunque
443 3413 708 3484 dignitate
753 3415 1058 3485 praeditum,
1101 3415 1187 3470 vel
1215 3431 1546 3486 quemquam
1584 3417 1751 3472 alium

165 3502 370 3557 audere
405 3503 474 3558 de
509 3504 578 3559 iis
640 3521 763 3575 qua:
800 3505 973 3561 eidem
1004 3507 1292 3561 venerabili
1323 3507 1494 3565 locoa
1521 3508 1749 3578 quibus-

165 3592 297 3647 libet
336 3594 662 3651 bominibus
705 3597 771 3650 de
797 3598 1017 3667 proprio
1055 3597 1181 3667 jure
1209 3597 1326 3668 jam
1369 3599 1569 3655 donata
1601 3609 1747 3668 sunt,

161 3684 245 3737 vel
278 3685 334 3738 in
365 3685 636 3754 futurum,
687 3687 800 3743 Deo
825 3689 1140 3756 miserante,
1173 3690 1365 3744 collata
1395 3689 1618 3760 fuerint,
1647 3694 1752 3747 sub

165 3777 464 3844 cujuslibet
489 3793 672 3833 causae
712 3781 1083 3836 occasionisve
1121 3781 1318 3850 specie,
1364 3782 1628 3849 minuere,
1665 3785 1746 3839 vel

163 3865 406 3936 auferre,
428 3878 483 3925 et
513 3870 628 3925 sive
651 3871 767 3926 suis
798 3871 988 3926 usibus
1017 3872 1309 3942 applicare,
1331 3873 1415 3927 vel
1441 3873 1561 3928 aliis
1590 3875 1749 3943 quasi

161 3958 271 4024 piis
299 3959 368 4013 de
395 3961 580 4016 causis
611 3977 716 4030 pro
747 3978 860 4018 sua:
903 3963 1144 4018 avaritiae
1178 3965 1532 4020 excusatione
1555 3980 1748 4020 conce-

160 4063 310 4115 nere,
336 4051 432 4106 sed
458 4063 656 4107 cuncta
679 4069 802 4124 quae
824 4054 896 4109 ibi
922 4054 1103 4109 oblata
1136 4063 1284 4122 sunt,
1306 4056 1390 4109 vel
1419 4055 1600 4110 offerri
1623 4070 1750 4110 con-

161 4139 363 4209 tigerit,
392 4151 504 4196 tam
537 4159 568 4197 a
596 4152 650 4198 te
679 4139 843 4216 quam
868 4145 937 4200 ab
959 4145 1039 4200 eis
1068 4144 1162 4216 qui
1191 4154 1284 4200 tuo
1317 4145 1494 4200 oﬂicio
1519 4146 1748 4216 locoque

159 4233 550 4301 successerint,
577 4237 804 4305 perenni
824 4245 1064 4306 tempore
1093 4237 1298 4291 illibata
1320 4245 1375 4292 et
1398 4236 1517 4292 sine
1535 4237 1746 4307 inquie-

155 4322 349 4376 tudine
405 4326 663 4382 volumus
707 4327 1013 4397 possideri,
1057 4341 1250 4383 eorum
1292 4327 1512 4398 quidem
1553 4328 1744 4384 usibus

156 4427 258 4480 pro
278 4430 514 4483 quorum
549 4419 946 4474 sustentatione
975 4418 1470 4489 gubernationeque
1483 4432 1742 4474 concessa

1877 609 2269 682 monasterium
2297 637 2560 696 vestrum,
2599 639 2654 685 et
2683 632 2906 688 abbates
2937 635 3056 703 ejus
3087 609 3171 692 vel
3197 641 3451 696 monachi

1875 715 1944 770 ab
1971 717 2121 770 omni
2149 720 2428 776 saecularis
2463 722 2670 776 servitii
2713 723 2824 778 sint
2864 725 3209 784 iniestatione
3248 732 3449 798 securi,

1874 807 2133 876 omnique
2165 811 2481 879 gravamine
2529 813 2819 870 mundame
2850 819 3224 886 Oppressionis
3253 823 3448 877 remoti

1874 895 1930 950 in
1959 898 2236 968 religionis
2257 910 2262 915 ’
2285 902 2664 959 observatione
2709 907 2881 962 seduli
2922 917 3086 979 atque
3122 912 3292 980 quieti
3325 928 3448 982 per-

1872 999 2146 1044 maneant.
2185 990 2311 1047 ﬂare
2337 992 2502 1064 igitur
2533 996 2714 1050 omnia
2759 1012 2882 1067 qua:
2926 999 2980 1053 in
3003 1001 3168 1071 hujus
3192 1006 3446 1072 praecepti

1871 1077 2140 1136 decretive
2174 1083 2368 1153 pagina
2413 1086 2588 1140 nostri
2635 1088 2983 1144 continentur
3027 1091 3082 1144 in
3126 1101 3445 1162 perpetuum

1870 1172 2131 1226 servanda
2161 1173 2526 1232 decernimus.
2568 1175 2625 1231 Si
2650 1179 2774 1248 quis
2808 1195 2938 1235 vero
2969 1197 3177 1253 regum,
3210 1183 3446 1254 impera-

1868 1269 2070 1328 torum,
2099 1266 2462 1332 sacerdotum,
2493 1268 2840 1335 clericorum,
2859 1271 3106 1340 judicum
3134 1289 3200 1329 ac
3222 1276 3446 1331 szecula-

1868 1351 2010 1406 rium
2043 1368 2403 1423 personarum
2443 1359 2584 1415 hanc
2625 1361 3034 1419 constitutionis
3063 1375 3265 1422 nostra:
3293 1368 3446 1439 pagi-

1866 1457 1993 1499 nam
2047 1446 2304 1517 ignorans
2337 1460 2527 1505 contra
2574 1467 2694 1506 eam
2741 1455 3031 1510 temerario
3072 1471 3210 1512 ausu
3259 1459 3446 1515 venire

1866 1537 2169 1605 tentavcrit,
2202 1539 2515 1597 admonitus
2538 1545 2724 1611 semel,
2748 1553 2802 1600 et
2822 1545 3039 1614 iterum,
3073 1563 3248 1619 usque
3283 1551 3445 1606 tertio

1863 1642 1959 1696 per
1991 1631 2375 1687 convenientes
2410 1633 2673 1702 inducias,
2707 1637 2752 1691 si
2797 1653 2908 1692 non
2948 1641 3237 1711 resipuerit
3280 1652 3446 1713 atque

1863 1722 2132 1788 praedicta:
2150 1723 2408 1780 Ecclesia:
2435 1735 2629 1783 vestrm
2656 1743 2767 1784 non
2791 1731 3132 1800 satisfecerit,
3156 1737 3442 1804 potestatis

1795 1817 1838 1872 Β
1865 1813 2194 1886 honorisque
2225 1818 2309 1872 sui
2344 1819 2609 1889 dignitate
2633 1830 2837 1888 careat,
2879 1840 3142 1895 reumque
3165 1840 3225 1880 se
3254 1825 3440 1882 divino

1860 1902 2068 1972 judicio
2093 1907 2327 1964 existere
2348 1911 2416 1965 de
2445 1921 2752 1981 perpetrata
2786 1913 3072 1984 iniquitate
3104 1927 3435 1986 cognoscat;

1863 2005 1919 2052 ct
1942 1999 2049 2056 nisi
2079 2017 2200 2071 qua:
2221 2003 2296 2057 ab
2327 2003 2419 2059 illo
2446 2015 2573 2061 sunt
2602 2010 2743 2063 male
2778 2009 2955 2065 ablata
2993 2013 3313 2080 restituerit,
3354 2016 3438 2069 vel

1863 2088 2024 2160 digna
2058 2094 2374 2162 poenitentia
2414 2097 2599 2152 illic-ite
2641 2109 2764 2154 acta
2801 2101 3093 2172 deﬂevcrit,
3129 2120 3160 2160 a
3203 2104 3437 2161 sanctiS-

1863 2181 2005 2238 simo
2026 2199 2254 2256 corpore
2295 2204 2359 2244 ac
2387 2191 2652 2260 sanguine
2684 2191 3058 2264 Redemptoris
3098 2197 3272 2272 nostri
3307 2197 3436 2253 Jesu

1860 2273 2064 2331 Christi
2086 2278 2295 2335 alienus
2318 2280 2429 2336 ﬁat.
2455 2280 2676 2338 Cunctis
2701 2293 2881 2340 autem
2907 2286 3080 2342 eidem
3110 2289 3232 2345 loco
3252 2297 3436 2344 vestro

1855 2367 2002 2437 justa
2028 2373 2370 2430 servantibus
2398 2375 2468 2429 sit
2491 2391 2594 2446 pax
2619 2375 2831 2431 Domini
2858 2380 3033 2434 nostri
3053 2379 3183 2436 Jesu
3207 2380 3434 2448 Christi,
3470 2438 3471 2441 η

1861 2471 2131 2529 quatenus
2160 2472 2213 2519 et
2243 2465 2332 2519 hic
2368 2465 2605 2522 fructum
2654 2468 2808 2525 bona:
2841 2472 3073 2529 actionis
3113 2475 3434 2544 percipiant,

1859 2561 1914 2607 et
1943 2556 2087 2625 apud
2133 2556 2441 2614 districtum
2487 2559 2732 2616 Judiccm
2769 2566 2992 2633 praemia
3034 2574 3251 2622 aeterna:
3285 2567 3435 2637 pacis

1859 2645 2155 2703 inveniant.

2533 2747 2743 2802 LXXIV

1857 2831 2203 2906 Privilegium
2227 2834 2463 2906 Gregorii
2479 2856 2630 2910 papa:
2640 2845 2703 2894 de
2719 2845 3035 2898 monasterio
3052 2842 3109 2899 S.
3133 2843 3428 2900 Benedicti.

2386 2930 2578 3000 .(Anno
2619 2933 2898 3004 1073-85.)

2034 3017 2309 3090 LM.\BILL.,
2343 3021 2534 3076 Annal.
2561 3024 2676 3076 0rd.
2702 3022 2762 3080 S.
2787 3025 2981 3080 Based.
3013 3026 3075 3093 V,
3100 3027 3252 3101 640.]

1927 3111 2233 3167 Οκεςοιυιῖε
2244 3114 2549 3185 episcopus,
2569 3132 2757 3172 servus
2769 3134 3048 3173 servorum
3065 3120 3180 3186 Dei,
3196 3119 3423 3191 Hucoxr,

1856 3203 2150 3258 venerabili
2181 3205 2362 3260 abbati
2405 3207 2783 3265 Cluniacensis
2819 3211 3156 3279 monasterii,
3201 3213 3428 3284 suisque

1855 3297 2263 3352 successoribus
2295 3298 2349 3351 in
2382 3310 2720 3369 perpetuum.

1925 3385 2172 3458 Suscepti
2215 3404 2315 3445 nos
2357 3391 2516 3446 oliicii
2541 3408 2674 3448 cura
2714 3396 2988 3466 compellit
3025 3399 3426 3458 venerabilibus

1852 3475 2008 3544 locis,
2034 3495 2088 3534 et
2118 3495 2384 3552 priempue
2409 3485 2496 3540 his
2525 3502 2646 3556 qua:
2676 3489 2878 3557 proprii
2904 3489 3046 3559 juris
3069 3501 3200 3546 sunt
3225 3502 3430 3549 sanctae.

1852 3568 2111 3627 Romanae
2139 3573 2414 3643 Ecclesiae,
2452 3578 2616 3633 talem
2646 3589 2846 3635 nostra:
2875 3581 3300 3651 dispensationis
3325 3585 3425 3641 ad-

1851 3662 2037 3719 bibere
2064 3665 2420 3748 diligentiam,
2460 3680 2520 3725 ut
2541 3671 2595 3726 in
2618 3671 2726 3729 illis
2749 3689 2813 3728 ea
2836 3676 3073 3732 maxime
3105 3678 3425 3746 apostolicis

1849 3757 2143 3828 privilegiis
2170 3773 2223 3814 et
2246 3764 2586 3818 memorabili
2607 3774 2932 3822 auctoritate
2970 3768 3257 3824 ﬁrmentur
3302 3786 3426 3839 qua:

1848 3848 1917 3903 ad
1947 3865 2118 3906 sacrm
2146 3853 2470 3910 eruditionis
2505 3857 2768 3925 studium;
2794 3867 2848 3914 et
2880 3861 2949 3915 ad
2992 3862 3259 3933 religiosae
3300 3863 3424 3919 vitae

1821 3942 2186 4011 propositum
2215 3953 2270 3998 et
2302 3946 2617 4003 diuturnam
2659 3951 2918 4020 spiritalis
2957 3954 3145 4022 gratiae
3193 3955 3424 4011 aediﬁca-

1847 4026 2051 4089 tionem
2079 4035 2426 4104 potissimum
2451 4041 2632 4096 valere
2656 4054 2976 4101 noscuntur.
3001 4049 3340 4119 Quapropter
3353 4051 3422 4106 de

1847 4124 2081 4193 spiritali
2107 4129 2499 4197 gubernatione
2519 4142 2573 4188 et
2593 4143 2738 4189 statu
2769 4141 3088 4194 monasterii
3115 4141 3298 4196 Sancti
3319 4143 3419 4198 Be-

1846 4215 2066 4284 nedicti,
2100 4221 2452 4278 consistentis
2483 4224 2624 4279 inter
2661 4226 2843 4282 littora
2891 4228 3023 4284 Padi
3067 4240 3125 4286 et
3166 4231 3418 4289 Larionis
3446 4291 3453 4294 _.

1845 4305 2154 4378 ﬂuminum,
2175 4311 2491 4382 hujusmodi
2511 4316 2759 4372 instituta
2791 4320 3002 4376 sancire
3015 4331 3071 4377 et
3094 4325 3419 4381 confirmare

1844 4397 2066 4486 dignum
2109 4402 2386 4472 duximus,
2411 4415 2472 4461 ut
2504 4418 2712 4475 nostra,
2757 4426 2925 4481 quam
2957 4416 3124 4469 semel
3149 4416 3416 4486 impendi-

157 4514 306 4570 sunt,
339 4507 520 4562 modis
565 4510 824 4565 omnibus
853 4509 1158 4580 profutura.
1191 4509 1324 4564 Item
1353 4510 1736 4565 constituimus

1858 4507 1982 4558 nus,
2013 4508 2225 4564 semper
2250 4511 2374 4552 cum
2407 4498 2503 4555 Dei
2542 4501 2815 4572 adjutorio
2865 4506 3172 4563 sollicitudo
3205 4511 3410 4581 vigilet.

158 4595 490 4659 ut,obeunte
515 4607 588 4666 te,
613 4615 723 4654 non
750 4600 889 4655 alius
917 4600 991 4655 ibi
1011 4601 1386 4670 cujuscunque
1407 4600 1744 4669 obreptionis

156 4687 357 4742 astutia
401 4689 520 4743 sive
564 4705 661 4760 per
709 4691 1109 4757 inveStituram,
1147 4692 1260 4747 sive
1293 4706 1389 4762 per
1426 4693 1742 4747 surcularem

158 4785 485 4844 potestatem
537 4780 844 4847 ordinetur,
890 4781 1000 4836 nisi
1043 4797 1205 4852 quem
1249 4782 1488 4852 religiosi
1545 4779 1744 4838 fratres

157 4867 399 4935 ejusdem
431 4871 670 4927 coenobii
693 4888 823 4926 cum
844 4873 1122 4927 communi
1147 4887 1417 4929 consensu
1443 4873 1740 4928 secundum

157 4959 410 5015 timorem
442 4961 538 5016 Dei
579 4963 852 5034 elegerint
885 4964 951 5018 de
993 4964 1181 5018 eadem
1213 4964 1654 5034 congregatione,
1695 4964 1742 5018 si

157 5049 385 5106 idoneus
411 5054 666 5111 inventus
700 5055 887 5109 fuerit.
915 5053 1074 5120 Quod
1099 5054 1144 5110 si
1160 5054 1306 5120 talis,
1333 5054 1427 5123 qui
1450 5055 1578 5111 huic
1602 5055 1745 5126 regi-

1843 4582 1910 4638 Et
1932 4585 2072 4641 sicut
2095 4587 2151 4641 in
2178 4587 2270 4643 illo
2292 4598 2601 4661 auctorum,
2639 4610 2671 4648 a
2706 4596 2923 4666 quibus.
2945 4609 3321 4657 constructum
3364 4615 3421 4660 et

1845 4675 1958 4732 Deo
1985 4679 2226 4734 oblatum
2249 4690 2353 4749 est,
2377 4685 2527 4738 omni
2556 4694 2796 4756 tempore
2831 4690 3066 4760 devotio,
3110 4693 3244 4750 ﬁdes
3284 4696 3424 4755 vivit

1843 4775 1898 4823 et
1918 4770 2120 4838 pietas;
2153 4773 2226 4827 ita
2253 4774 2320 4829 ad
2342 4789 2631 4832 commune
2652 4779 2894 4848 ipsorum
2920 4796 2986 4840 ac
3018 4793 3219 4842 nostra:
3255 4789 3428 4848 devo-

1842 4860 2008 4916 tionis
2024 4865 2277 4920 mcritum
2304 4876 2490 4923 nostra
2507 4869 2702 4924 ibidem
2719 4873 3080 4945 providentia,
3099 4877 3210 4934 Deo
3229 4882 3438 4952 dispo-

1844 4962 2025 5021 nente,
2051 4957 2197 5011 vivat
2218 4973 2283 5013 ac
2319 4969 2574 5028 operetur
2601 4964 2918 5021 auctoritas.
2953 4969 3201 5040 Namque
3229 4989 3458 5040 mena-

1842 5046 2068 5102 stcrium
2103 5049 2234 5103 illud
2260 5066 2291 5104 a
2320 5049 2622 5120 Thedaldo,
2656 5054 2852 5111 illustri
2881 5059 3029 5132 viro,
3075 5071 3233 5134 patre
3286 5083 3481 5137 map,

1846 5138 2250 5162 -I-:---:-n-..:r-
2272 5142 2328 5162 -9!
2360 5156 2444 5162 ----
2464 5152 2502 5162 ,ι
