3972 5390
525 340 649 420 ne"
805 335 811 338 ⁷
1441 358 1498 414 s.
1537 355 1865 414 esseom!
1903 355 1994 411 vn
2031 353 2237 410 PAPIE
2277 353 2560 410 OPERUM
2599 353 2780 410 PARS
2814 353 2876 410 ιι.
3699 335 3805 392 7N

523 483 584 531 ut
609 474 736 530 inde
766 487 866 545 per
889 473 1135 546 singulas
1165 487 1340 528 annos
1366 471 1530 527 beato
1557 471 1722 527 Petro
1747 479 1803 528 et
1826 471 1947 541 ejus
1973 481 2102 541 apo.
2129 472 2173 528 Α
2200 469 2752 540 nullumquacuuque
2773 467 3058 539 pneditum
3073 467 3336 539 dignitate
3352 468 3434 525 vel
3451 440 3791 541 quemquam

522 567 729 626 stolicae
747 568 884 634 sedi,
911 565 968 620 in
997 565 1284 636 praesentia
1307 563 1538 620 Romani
1564 564 1838 635 pontiﬁcis
1863 571 1958 618 aut
1981 563 2104 633 ejus
2201 560 2388 628 alium,
2405 562 2473 617 de
2495 561 2582 617 his
2597 575 2720 632 quae
2741 561 2916 616 eidem
2937 559 3184 616 ecclesia:
3205 576 3238 615 a
3257 561 3421 616 beato
3446 559 3802 630 Andaniaer

523 655 858 732 archilegati,
891 659 1075 714 Romae
1099 665 1195 713 aut
1221 658 1311 713 ubi
1338 657 1454 729 ipse
1483 657 1730 728 jusserit,
1754 665 1880 712 octo
1908 654 2100 710 diebus
2201 653 2473 709 Adroaldo
2509 663 2565 708 et
2599 653 2811 710 caeteris
2843 654 3043 710 donata
3094 661 3227 709 sunt
3261 655 3516 709 minuere
3555 654 3639 708 vel
3685 670 3792 710 au-

522 760 650 808 ante
691 752 776 808 vel
801 759 922 822 post
950 750 1068 805 Kal.
1100 749 1248 816 Maii,
1273 750 1327 806 id
1350 759 1432 806 est
1461 749 1744 815 Romamn,
1775 748 1935 804 uncia
1979 750 2109 802 auri

521 843 848 915 inrpensioni
889 844 1176 899 reddatur.
1219 842 1421 898 Verum
1462 844 1590 914 quia
1624 851 1701 909 tu,
1745 841 2098 898 dilectissime

520 935 688 992 frater
711 945 765 992 et
786 937 955 992 abbas
979 937 1306 1004 venerande,
1359 938 1425 993 ad
1471 938 1765 1008 regendum
1791 937 1922 992 illud
1952 935 2096 992 idem

517 1029 911 1084 monasterium
941 1030 1008 1087 de
1029 1030 1450 1103 congregatione
1490 1029 1869 1085 Cluniacensis
1898 1045 2094 1085 mona-

516 1120 689 1187 sterii,
723 1123 834 1189 cui,
848 1121 965 1178 Deo
985 1131 1230 1190 auctore,
1246 1135 1482 1194 pmcsse
1495 1123 1854 1194 dignosceris,
1870 1122 2094 1180 fratrem

514 1210 806 1270 Widonem
849 1216 1008 1273 nobis
1048 1217 1286 1282 donasti,
1315 1217 1492 1273 virum
1521 1217 1838 1290 religiosum
1877 1225 1930 1272 et
1963 1232 2095 1287 prn-

515 1301 708 1360 denter
726 1307 1000 1376 edoctum,
1016 1309 1109 1380 qui
1137 1310 1336 1364 ibidem
1360 1325 1531 1365 sacrte
1552 1309 1832 1377 religionis
1859 1307 2090 1364 formam

515 1403 680 1468 atque
703 1399 1008 1456 doctrinam
1041 1401 1340 1458 secundum
1388 1403 1630 1475 regulam
1661 1401 1834 1457 sancti
1865 1401 2091 1456 Benedi-

512 1489 585 1544 cti
613 1500 670 1546 et
706 1489 908 1549 vestrte
933 1495 1365 1552 conversationis
1413 1495 1862 1553 consuetudinem
1898 1493 2091 1549 edoce-

511 1589 616 1649 ret,
647 1573 720 1651 et,
749 1583 860 1641 Deo
901 1579 1221 1656 auxiliante,
1255 1590 1588 1656 institueret;
1622 1604 1690 1644 ne
1728 1589 1892 1659 hujus
1917 1587 2088 1643 aediﬁ-

510 1673 744 1732 c'ationis
789 1679 1018 1749 vestig'a
1063 1681 1116 1734 in
1167 1689 1448 1751 posterum
1496 1682 1797 1746 deleantur,
1846 1687 1940 1735 aut
1986 1681 2084 1748 tui,

508 1762 696 1836 frater,
731 1769 1028 1840 spiritualis
1059 1773 1318 1844 genuinis
1344 1773 1572 1843 fructus,
1605 1789 1700 1844 per
1741 1773 2086 1845 subrogatio-

479 1851 484 1856 ’
510 1862 633 1914 n’em
663 1861 896 1933 alicujus
920 1873 1192 1922 extranea:
1222 1868 1656 1924 conversationis
1699 1877 1753 1922 et
1783 1867 2088 1924 infecundze

506 1951 992 2024 supplantationis,
1049 1959 1232 2029 aliquo
1277 1959 1532 2031 deinceps
1573 1968 1816 2031 tempore
1871 1959 2088 2016 deﬁciat

505 2043 593 2098 vel
621 2047 912 2104 occasione
949 2049 1234 2120 depereat;
1273 2067 1464 2108 curam
1490 2053 1636 2108 illius
1661 2054 1764 2108 loci
1807 2053 1902 2108 tibi
1950 2053 2086 2107 tuis-

507 2148 613 2204 que
645 2142 1058 2197 successoribus
1083 2143 1136 2197 in
1160 2153 1480 2216 perpetuum
1503 2146 1558 2200 in
1583 2154 1768 2202 nostra
1791 2145 1908 2200 vice
1932 2160 2290 2233 eornkyx'

507 2231 796 2300 mittimus,
847 2243 908 2290 ut
944 2236 996 2290 in
1041 2236 1161 2306 ejus
1209 2238 1600 2308 gubernatione
1626 2247 1790 2310 atque
1831 2231 2080 2296 custodia

503 2333 710 2382 nostrae
751 2327 1136 2386 sollicitudinis
1181 2337 1239 2384 tu
1289 2345 1591 2402 omnesque
1626 2317 1974 2388 successores
2004 2330 2080 2385 tui

503 2425 560 2472 et
599 2426 922 2489 potestatem
973 2421 1212 2478 habeant
1277 2431 1332 2480 et
1385 2424 1629 2482 studium
1677 2421 2080 2494 procurationis

503 2507 838 2584 impendant.
864 2511 1218 2571 Decernimus
1237 2516 1402 2572 etiam
1426 2526 1504 2584 ut,
1521 2518 1758 2573 obeunte
1770 2516 1846 2573 ibi
1863 2515 2076 2584 abbate,

502 2609 687 2658 vestra
710 2619 925 2674 semper
953 2607 1234 2676 provideat
1255 2609 1530 2680 diligentia
1577 2619 1848 2681 quatenus
1885 2610 2078 2669 idonea

502 2702 558 2748 et
579 2695 708 2752 huic
727 2695 904 2754 ofﬁcio
928 2699 1089 2770 digna
1113 2701 1168 2755 in
1200 2702 1320 2756 loco
1349 2702 1628 2774 regiminis
1670 2705 1968 2760 secundum
1988 2723 2079 2762 re-
2105 2707 2110 2717 ‘

501 2787 684 2858 gulam
711 2789 766 2844 S.
789 2790 1062 2848 Benedicti
1085 2808 1316 2865 persona
1343 2795 1688 2868 subrogetur,
1728 2806 1784 2853 et
1815 2799 2078 2869 quidquid

501 2879 560 2934 in
588 2884 929 2940 monasterio
961 2885 1027 2940 ad
1051 2896 1402 2958 augmentum
1427 2897 1481 2943 et
1505 2889 1941 2946 observationem
1967 2908 2080 2948 mo-

499 2973 730 3052 nasticte
761 2975 1038 3048 religionis
1061 2977 1273 3034 institui
1308 2981 1394 3035 vel
1429 2982 1710 3037 emendari
1751 2985 2074 3054 oportuerit,

498 3069 685 3119 vestro
725 3078 941 3136 semper
969 3067 1286 3138 magisterio
1304 3077 1361 3125 et
1395 3071 1802 3140 dispensatione
1837 3075 2074 3130 admini-

499 3159 728 3220 stretur,
763 3155 910 3210 salva
937 3157 1157 3226 quidem
1188 3157 1245 3212 in
1277 3160 1533 3216 omnibus

501 3243 840 3313 apostolicae,
884 3246 1046 3317 cujus
1081 3247 1225 3318 juris
1250 3249 1403 3304 locus
1429 3250 1518 3305 ille
1552 3266 1676 3306 esse
1714 3253 2075 3324 dignoscitur,

499 3341 557 3388 et
585 3335 798 3392 exteris
839 3351 962 3406 quae
984 3338 1052 3392 de
1083 3338 1495 3394 consecratione
1523 3341 1734 3398 abbatis
1759 3351 1812 3398 et
1845 3343 2078 3401 fratrum

497 3423 821 3478 monasterii
846 3439 948 3481 nec
973 3441 1084 3482 non
1132 3435 1186 3482 et
1227 3429 1458 3484 aliorum
1501 3432 1645 3488 adid
1669 3435 2077 3505 pertinentium,

502 3513 691 3568 seude
713 3515 1016 3572 redditione
1045 3533 1266 3586 census,
1311 3529 1588 3590 postremo
1630 3524 1697 3579 de
1739 3526 1890 3595 omni
1935 3536 2080 3584 statu

501 3601 646 3672 ejus,
664 3603 720 3658 in
743 3604 1038 3678 privilegiis
1066 3623 1166 3680 pro
1189 3626 1286 3667 sua
1315 3611 1608 3669 stabilitate
1636 3622 1691 3670 et
1713 3617 2082 3686 specialimu-

503 3693 714 3752 ultione
731 3694 835 3752 sibi
855 3701 1154 3768 concessis,
1167 3701 1384 3758 decreta
1413 3717 1478 3758 ac
1498 3711 1700 3760 statuta
1723 3705 2078 3766 ﬁrmavimus.

1129 3887 1132 3890 .
1195 3829 1405 3900 LXXV.

503 3937 789 4010 Gregorius
821 3939 932 3998 VII
973 3945 1133 4014 privil
1204 3947 1252 4000 ἀ
1289 3945 1542 4004 Εεειεεὶω
1584 3950 1643 4006 S.
1689 3953 1985 4010 Audomari
2027 3959 2084 4014 in

570 4010 842 4071 Arthesia.
865 4013 1090 4071 Roberto
1107 3962 1384 4071 Feﬂndriw
1403 4022 1592 4071 comite
1613 4024 1931 4071 noslultmte-
1955 4045 2084 4071 mn-

549 4003 842 4136 ngefia,
865 4003 1090 4073 Rob'erto
1107 4003 1384 4074 Fiandriw
1403 4003 2086 4096 comitejpos—t—u'lnavn-tetc’on:

699 4097 730 4136 a
759 4121 775 4136 .

699 4097 775 4138 αι.

1025 4155 1204 4229 (Anno
1253 4157 1538 4232 1075-85,)
1638 4197 1642 4201 Α

503 4241 772 4316 [Missum
809 4245 949 4318 Opp.
976 4247 1221 4320 diplom,
1267 4260 1401 4307 tom.
1435 4248 1526 4321 1V,
1550 4266 1672 4326 pag.
1703 4255 1759 4323 5,
1789 4273 1856 4314 ex
1878 4259 2084 4316 motive

601 4337 764 4412 [juris
783 4339 1002 4411 capituli
1034 4341 1329 4403 Audomari
1359 4353 1550 4402 contra
1579 4347 1970 4424 Bertinianos.]

574 4429 976 4490 (inescatus...
1013 4434 1324 4492 dilecto.....
1357 4437 1468 4493 ﬁlio
1501 4437 1761 4497 Roeenro
1783 4441 2084 4508 Flandren-

504 4521 650 4580 sinm
678 4524 983 4582 comiti.....

576 4615 854 4686 Ecclesiae,
883 4635 1050 4690 quam
1084 4621 1276 4679 beatus
1301 4621 1668 4694 Audomarus,
1698 4628 1892 4684 tertius
1919 4627 2082 4683 Mori-

508 4888 754 4958 ejusdem
780 4895 1017 4968 episcopi
1064 4899 1388 4956 venerabilis
1414 4901 1646 4957 habetur
1690 4919 1936 4976 corpore,
1980 4908 2082 4962 hu-

503 4979 750 5051 jusmodi
789 4987 1132 5061 privilegia,..
1165 4993 1508 5048 auctoritatis
1535 5002 1739 5052 nostrae
1763 4997 2074 5075 decreto....

510 5073 861 5112 PﬂnDMiMIIc
877 5086 1038 5112 oft-nn
1065 5077 1346 5112 (3-...--“L-
1408 5084 1750 5112 ‘D-....-...._._-..
1763 5105 1826 5112 _--
1841 5107 1858 5112 -
1923 5073 2011 5112 -.εξ
2029 5109 2067 5111 ,,_

1573 3163 1898 3220 auctoritate
1932 3165 2078 3220 sedis
2105 3181 2147 3238 ρ
2179 3163 2358 3265 "mw?"
2401 3163 2464 3175 ’···

1727 3253 1765 3266 ’·
1947 3256 1979 3266 η
2235 3226 2363 3266 arta:
2395 3211 2464 3266 de

2197 741 2358 808 ferre,
2397 743 2496 800 sed
2523 751 2719 798 cuncta
2745 757 2871 814 quze
2905 741 2978 798 ibi
3005 743 3186 801 oblata
3207 751 3358 811 sunt,
3385 743 3616 814 perenni
3644 752 3788 800 tem-

2196 848 2329 906 pore
2378 835 2584 890 illibata
2629 843 2686 890 et
2725 835 2842 891 sine
2879 835 3254 905 inquietudine
3295 837 3481 907 aliqua
3528 837 3788 893 volumus

2196 925 2484 992 possideri,
2499 939 2710 980 eorum.
2721 965 2734 978 .
2745 964 2780 978 ..
2799 923 2992 980 usibus
3013 939 3114 994 pro
3126 938 3363 995 quorum
3377 926 3785 980 sustentatione

2195 1015 2697 1086 gubernationeque
2719 1029 2981 1071 concessa
3005 1024 3153 1084 sunt,
3177 1016 3362 1072 modis
3373 1007 3786 1089 omnibus-pro-

2194 1104 2399 1160 futura.

2263 1195 2417 1262 Item,
2441 1197 2829 1254 constituimus
2861 1207 2942 1266 ut,
2965 1200 3202 1256 obeunte
3235 1199 3536 1270 praeposito
3568 1200 3652 1254 vel
3678 1201 3778 1255 de-

2191 1301 2331 1344 cano
2361 1287 2606 1356 ejusdem
2639 1289 2902 1356 ecclesiae,
2950 1304 3061 1344 non
3107 1289 3248 1347 alius
3290 1289 3368 1344 ibi
3401 1291 3780 1367 substituuntur

2189 1396 2518 1453 quacunque
2553 1383 2888 1453 obreptionis
2913 1383 3137 1449 astutia,
3161 1383 3264 1438 nisi
3282 1398 3446 1453 quem
3472 1398 3778 1440 consensus

2191 1475 2579 1529 canonicorum
2597 1475 2859 1530 canonice
2879 1482 2934 1531 et
2945 1475 3246 1531 secundum
3269 1473 3363 1530 Dei
3386 1474 3642 1531 timorem
3651 1492 3777 1546 pro-

2193 1565 2385 1622 viderit
2433 1567 2799 1622 ordinandum
2823 1609 2838 1635 ,
2895 1569 2984 1623 vel
3033 1567 3254 1639 elegerit
3297 1568 3776 1634 constituendum,

2189 1663 2294 1710 εις.

2854 1775 2990 1830 LXX
3005 1777 3087 1832 Vl.

2203 1868 2431 1950 negari-1:
2445 1865 2560 1950 if!
2579 1885 2735 1950 pupa;
2753 1867 2898 1950 bulla
2929 1887 3032 1950 qua
3055 1871 3374 1950 monasterio
3397 1869 3774 1950 quensiSan—

2258 1947 2358 1990 ctu:
2375 1937 2674 2020 .Trim'tatis
2701 1939 2865 1992 donat
2887 1937 2951 1993 et
2972 1941 3254 2010 conﬁrmat
3303 1941 3556 2011 quendam
3594 1958 3774 1995 mona-

2257 2018 2442 2062 stertit.
2529 2032 2538 2038 '

2631 2108 2656 2115 ο-
2732 2100 2912 2172 (Anno
2945 2058 3256 2175 1013.85.)-

2464 2191 2802 2267 [Mun.t'roal,
2843 2195 3024 2266 Antiq.
3057 2193 3213 2263 ltat.,
3245 2193 3314 2263 Ἴ,
3337 2193 3493 2268 479,]

2251 2303 2558 2360 Gnsconms
2583 2305 2890 2376 episcopus,
2935 2323 3126 2362 servus
3168 2323 3455 2364 servorum
3502 2308 3624 2377 Dei,
3651 2325 3768 2366 om-

2181 2393 2342 2452 nibus
2365 2393 2572 2453 Christi
2612 2398 2885 2466 ﬁdelibus,
2921 2400 3132 2456 clericis
3169 2417 3234 2456 ac
3258 2401 3416 2458 laicis
3457 2403 3695 2459 salutem
3720 2413 3770 2458 et

2179 2487 2535 2558 apostolicam
2566 2487 3024 2546 benedictionem.

2221 2575 2451 2633 'Notum
2485 2593 2610 2634 esse
2639 2579 2895 2636 volumus
2930 2581 3184 2638 omnibus
3226 2582 3438 2640 clericis
3496 2599 3564 2640 ac
3597 2583 3768 2649 laicis,

2177 2653 2350 2724 Deum
2395 2669 2485 2740 pia
2517 2670 2898 2744 catholicaque
2923 2672 3027 2728 ﬁde
3067 2675 3390 2742 colentibus,
3415 2691 3522 2730 nos
3558 2676 3617 2731 in
3640 2691 3768 2747 apo-

2178 2759 2384 2815 stolicae
2434 2759 2772 2818 defensionis
2830 2763 3054 2819 tutelam
3090 2764 3335 2822 Cavense
3369 2769 3768 2824 monasterium

2179 2850 2506 2920 suscepisse,
2532 2853 2678 2922 quod
2709 2853 2854 2923 apud
2894 2851 3184 2912 Salernum
3213 2856 3273 2912 in
3310 2867 3520 2914 sauctze
3539 2874 3607 2914 ac
3628 2858 3765 2913 mdi-

2179 2941 2354 2996 vidute
2373 2939 2658 2998 Trinitatis
2692 2941 2903 2999 honore
2925 2954 3305 3015 constructum
3345 2963 3470 3004 esse
3491 2948 3770 3020 dignosci-

2177 3039 2300 3098 tur;
2342 3031 2432 3086 cui
2464 3033 2798 3088 monasterio
2827 3049 2928 3089 nos
2949 3035 3197 3104 quaedam
3229 3035 3286 3090 in
3309 3035 3548 3093 Cilentio
3585 3049 3770 3094 monte

2179 3121 2358 3190 posita
2401 3121 2762 3187 monasteria,
2810 3122 3062 3178 videlicet
3109 3127 3508 3187 monasterium
3555 3126 3773 3184 Sancta:

2493 3209 2672 3278 Gulia,
2695 3213 3092 3268 monasterium
3124 3213 3313 3270 Sancti
3355 3214 3591 3285 Nicolai,
3640 3218 3776 3273 San-

2179 3300 2254 3356 cti
2284 3299 2628 3372 Archangeli,
2667 3300 2852 3356 Sancti
2875 3301 3075 3376 Magni,
3097 3303 3281 3362 Sancti
3302 3305 3554 3372 Fabiani,
3582 3307 3770 3365 Sancti

2181 3388 2430 3461 Georgii,
2449 3389 2632 3446 Sancti
2656 3379 2891 3448 Μαιηιωί
2903 3393 2977 3448 ad
2997 3395 3107 3464 duo
3131 3394 3376 3464 ﬁumina,
3401 3406 3458 3452 et
3477 3399 3768 3455 ecclesiam

2185 3476 2372 3534 Sancti
2397 3478 2589 3549 Angeli
2623 3479 2690 3534 de
2722 3477 2909 3538 monte
2949 3480 3172 3551 Corase,
3201 3505 3206 3510 ·
3232 3484 3424 3542 Sancti
3471 3487 3646 3544 Blasii
3703 3490 3771 3545 de

2182 3568 2444 3636 Butrano,
2477 3567 2665 3625 Sancti
2683 3569 2913 3628 Joannis
2934 3573 3002 3629 de
3033 3574 3325 3644 Turesino,
3362 3576 3554 3634 Sancti
3579 3579 3770 3636 Salva-

2183 3659 2320 3714 toris
2339 3659 2407 3716 de
2432 3659 2600 3730 Nuce,
2630 3663 2807 3718 sancti
2833 3660 3112 3721 Zachariae
3134 3667 3202 3722 de
3216 3666 3434 3737 Lauris,
3465 3685 3597 3726 cum
3621 3673 3774 3728 cellis

2183 3762 2397 3816 eorum,
2417 3749 2541 3820 jure
2561 3758 2824 3820 perpetuo
2866 3753 3196 3823 possidenda
3219 3761 3386 3827 atque
3429 3761 3692 3830 regenda,
3715 3770 3772 3818 α

2184 3840 2484 3896 secundum
2514 3839 2686 3896 Deum
2710 3843 3011 3900 ordinanda
3041 3847 3338 3902 venerabili
3367 3847 3555 3918 Petro,
3583 3851 3770 3909 abbati

2184 3931 2430 4002 ejusdem
2456 3933 2796 4002 monasterii,
2817 3936 3146 3992 charissimo
3177 3939 3289 3995 ﬁlio
3334 3949 3530 3998 nostro
3556 3943 3770 4001 Gisulfo

2183 4021 2428 4093 principe
2448 4023 2800 4093 concedente,
2836 4026 2965 4081 olim
2979 4027 3324 4098 donavimus,
3344 4040 3400 4086 et
3416 4049 3568 4090 nunc
3592 4035 3768 4090 eidem

2185 4111 2369 4166 abbati
2397 4111 2624 4184 ejusque
2669 4117 3084 4174 successoribus
3138 4120 3206 4175 ad
3239 4122 3554 4194 regendum.
3594 4125 3769 4180 corri-

2107 4254 2115 4261 .
2186 4203 2422 4274 gendum
2454 4211 2510 4259 et
2533 4207 2940 4275 procurandum
2990 4209 3108 4280 ipsa
3141 4214 3541 4270 committimus
3576 4224 3634 4271 et
3673 4232 3768 4272 au-

2185 4293 2438 4349 ctoritate
2459 4295 2777 4378 apostolica
2805 4297 3222 4358 conﬁrmamus.
3253 4301 3642 4378 Inter-dicimus
3665 4307 3765 4378 igi-

2187 4388 2278 4436 tur
2299 4381 2353 4436 in
2382 4373 2607 4438 nomine
2637 4381 2854 4440 Domini
2879 4390 3054 4444 nostri
3082 4387 3212 4446 Iesu
3241 4375 3472 4460 Christi,
3494 4399 3551 4449 et
3577 4410 3647 4450 ex
3671 4373 3766 4450 au-

2187 4469 2438 4526 ctoritate
2480 4471 2624 4526 beati
2672 4471 2820 4528 Petri
2865 4478 3241 4546 apostolorum
3283 4480 3574 4552 principis,
3610 4483 3765 4553 cujus

2181 4561 2299 4616 vice
2331 4570 2533 4618 sanctze
2570 4561 2834 4621 Romanae
2872 4565 3130 4624 Ecclesiae
3151 4571 3533 4640 praesidemus,
3563 4582 3622 4630 et
3650 4589 3765 4629 om-

2182 4649 2313 4704 nino
2346 4651 2698 4721 prohibemus
2741 4663 2803 4710 ut
2834 4656 3020 4713 nullus
3045 4659 3494 4732 archiepiscopus
3524 4673 3624 4720 aut
3646 4664 3762 4736 epi-

2179 4757 2400 4814 scopus,
2436 4746 2619 4804 nullus
2651 4752 3103 4822 regum,ducum,
3126 4754 3457 4826 principum,
3477 4759 3762 4838 comitum,

2181 4941 2379 4997 magna
2411 4929 2495 4983 vel
2517 4945 2680 5000 parva
2710 4947 2964 5002 persona,
2992 4935 3219 5005 praefato
3239 4947 3446 4995 sancta
3473 4937 3764 4998 Trinitatis

2179 5017 2430 5074 cmiiobio
2457 5019 2512 5076 in
2535 5023 2806 5090 pmdictis
2830 5028 3179 5082 monasteriis
3212 5029 3298 5084 vel
3327 5030 3601 5099 ecclesiis,
3633 5048 3766 5087 cun-
