3972 5390
243 442 343 501 7‘2!

1136 446 1495 503 srmone
1536 430 1770 499 exr’m
1810 426 2209 498 nsets'rnnn
2256 440 2637 498 VAGANTES.

3410 444 3510 500 7‘22

233 559 594 617 devotissimc
613 569 888 632 poterunt,
911 569 1119 632 quanto
1151 577 1254 617 nos
1296 575 1488 616 eorum
1518 559 1691 630 quieti
1721 573 1822 613 no—
1853 560 1897 614 Α
1925 565 2156 621 mantes,
2182 555 2325 613 sicut
2354 573 2518 626 supra
2542 556 2802 623 diximus,
2828 572 3168 628 quaecunque
3198 574 3344 615 nunc
3363 568 3511 630 juste

234 660 374 719 atra,
404 653 521 708 imo
548 654 691 708 beati
713 653 857 708 Petri
893 654 1267 724 apostolorum
1304 653 1570 724 principis
1588 694 1603 719 ,
1630 661 1820 707 aucto-

231 746 399 800 ritate
422 761 526 816 per
569 746 753 801 omnia
787 746 1072 815 providere
1098 746 1403 801 studemus.
1435 746 1495 800 Si
1537 746 1663 814 quis
1693 760 1822 799 vero

228 839 500 899 adversus
546 838 863 909 praedictum
896 838 1289 893 monasterium
1324 839 1530 907 justam
1573 852 1632 891 se
1666 845 1821 906 putat

228 930 438 987 habere
495 931 799 1001 querelam,
837 939 894 986 ct
952 930 1097 1000 apud
1143 930 1381 986 emnobii
1444 930 1694 985 abbatem
1737 931 1821 985 vel

226 1025 541 1079 monachos
577 1024 723 1078 litem
750 1039 905 1083 suam
926 1023 1180 1082 decidere
1204 1040 1269 1080 ac
1294 1023 1525 1079 diﬁlnire
1563 1024 1818 1091 noluerit,

224 1116 485 1172 volumus
521 1125 686 1186 atque
730 1115 910 1171 edicto
942 1124 1206 1187 perpetuo
1235 1116 1529 1172 statuimus
1591 1125 1652 1173 ut
1694 1127 1820 1174 ante

227 1223 328 1265 nos
354 1210 444 1264 vel
478 1209 693 1279 legatos
710 1216 936 1263 nostros
956 1207 1306 1277 querimonia
1329 1208 1627 1273 deferatur,
1676 1226 1815 1279 qua-

228 1307 389 1358 tenus
414 1300 682 1370 aequitate
701 1300 893 1371 indicii
947 1300 1066 1356 sine
1110 1315 1473 1369 personarum
1503 1305 1817 1373 acceptione

224 1408 326 1447 sua
362 1394 666 1463 unicuique
708 1393 943 1463 justitia,
998 1391 1110 1447 Deo
1166 1401 1411 1460 auctore,
1458 1405 1724 1451 servetur.
1758 1397 1815 1453 Si

223 1484 349 1557 quis
370 1493 560 1540 autem
582 1492 776 1540 contra
803 1486 947 1540 hanc
990 1485 1168 1538 nostri
1198 1486 1403 1541 decreti
1431 1489 1814 1547 auctoritatem

224 1577 304 1634 ire
330 1577 646 1643 tentaverit,
674 1578 812 1633 sciat
853 1592 914 1632 se
946 1577 1090 1632 beati
1116 1576 1260 1632 Petri
1295 1580 1527 1648 apostoli
1583 1582 1813 1651 gratiam

223 1670 587 1735 amissurum,
633 1677 688 1725 ct
718 1669 1033 1739 apostolica:
1077 1669 1471 1740 indignationis
1500 1673 1706 1728 ultione
1736 1674 1814 1730 fc-

222 1759 499 1818 riendum.
539 1760 866 1816 Obedientes
916 1777 1063 1827 vero,
1099 1770 1154 1815 et
1188 1761 1354 1832 hujus
1407 1765 1618 1835 paginze
1673 1755 1810 1836 pre-

190 1862 378 1922 ‘cepta
442 1861 766 1919 servantes,
821 1853 1045 1924 dignam
1105 1869 1137 1907 a
1215 1852 1327 1909 Deo
1398 1856 1810 1911 retributionem

218 1945 530 2015 accipiant,
584 1954 639 2001 et
705 1946 1064 2015 apostolicam
1123 1945 1556 2002 benedictionem
1610 1963 1809 2003 conse-

217 2045 483 2105 quantur.

874 2133 1013 2190 LXX
1024 2133 1131 2191 Vl].

218 2226 464 2299 Gregorii
496 2224 606 2281 VII
629 2226 1474 2299 epistolaradiLaetummbbatcm
1499 2226 1556 2281 S.
1578 2225 1811 2281 Michae-

760 2297 828 2352 lis
854 2298 909 2352 in
933 2298 1278 2352 Passiniano.

766 2388 950 2461 (Anno
988 2388 1271 2459 1073—85.)

324 2480 511 2554 [Lana
540 2479 764 2535 Deliciae
796 2481 990 2535 erudit.
1025 2489 1158 2535 tom.
1184 2478 1376 2547 ΙΙΙ-Ν,
1399 2496 1519 2551 pag.
1556 2478 1705 2551 198.]

198 2586 203 2591 '
284 2572 600 2630 Cosconius
625 2572 938 2642 episcopus,
966 2587 1158 2628 servus
1184 2586 1470 2628 servorum
1510 2570 1624 2638 Dei,
1669 2570 1810 2626 dile-

211 2673 308 2720 cto
332 2663 389 2719 in
418 2662 643 2719 Christo
672 2664 785 2719 ﬁlio
814 2663 1019 2731 Lasro,
1046 2664 1230 2719 abbati
1269 2663 1588 2719 monasterii
1623 2662 1809 2719 Sancti

214 2756 502 2813 Michaelis
523 2756 838 2828 archangeli
864 2754 923 2809 in
960 2755 1307 2822 Passiniano,
1331 2755 1558 2824 suisque
1585 2769 1807 2811 succes-

213 2847 439 2905 soribus
505 2847 710 2903 ibidem
761 2847 1087 2919 regulariter
1134 2846 1518 2917 promovendis
1576 2845 1633 2900 in
1686 2860 1809 2916 per-

212 2948 471 3008 petnum.

287 3030 571 3101 Suprema:
583 3030 955 3087 miserationis
978 3038 1250 3101 respectu,
1273 3028 1340 3085 ad
1355 3029 1462 3085 hoc
1486 3028 1809 3084 universalis

214 3121 474 3178 Ecclesiae
495 3137 690 3177 curam
726 3123 1069 3193 suscepimus
1118 3130 1175 3178 et
1222 3121 1507 3191 apostolici
1554 3122 1806 3176 modera-

214 3214 381 3269 minis
406 3214 830 3270 sollicitudinem
885 3215 1145 3284 gerimus,
1175 3222 1236 3269 ut
1259 3214 1425 3283 justis
1465 3216 1805 3283 precantium

211 3304 359 3360 votis
394 3312 605 3359 attenta
647 3304 981 3375 benignitate
1039 3304 1343 3367 faveamus,
1381 3312 1459 3371 et,
1517 3304 1805 3360 libramine

211 3394 509 3465 asquitatis,
542 3395 805 3452 omnibus
831 3396 886 3450 in
919 3396 1243 3452 necessitate
1266 3395 1479 3466 positis,
1515 3405 1805 3467 quantum,

214 3485 330 3543 Deo
349 3487 613 3554 donante,
646 3502 964 3558 possumus,
988 3488 1282 3545 subvenire
1309 3488 1624 3544 debeamus.
1660 3488 1805 3543 Prae-

212 3578 375 3649 cipue
422 3587 606 3635 tamen
656 3579 726 3635 de
770 3580 1161 3635 venerabilium
1207 3581 1455 3635 locorum
1510 3579 1805 3635 stabilitate

212 3685 317 3740 pro
353 3668 537 3726 debito
562 3670 778 3727 honore
804 3686 1033 3727 summae
1076 3680 1133 3726 ct
1165 3672 1480 3741 apostolicae
1513 3670 1678 3735 sedis,
1702 3687 1802 3725 cu-

208 3765 304 3831 jus
324 3763 573 3818 membra
608 3770 760 3827 sunt,
781 3771 1046 3833 quantum
1077 3778 1144 3820 ex
1169 3763 1356 3818 divino
1383 3763 1657 3834 adjutorio
1679 3777 1805 3832 pos—

212 3854 452 3909 sibilitas
471 3855 635 3910 datur
651 3854 833 3919 nobis,
848 3854 1191 3924 pensandum
1215 3863 1270 3909 et
1296 3854 1656 3910 laborandum
1680 3869 1803 3909 esse

212 3945 624 4016 perpendimus.
647 3945 904 4012 Proinde,
922 3946 1080 4015 juxta
1108 3946 1428 4016 petitionem
1460 3955 1632 4011 tuam,
1658 3962 1799 4015 prte-

211 4035 362 4091 dicto
383 4037 721 4092 monasterio
743 4037 828 4092 vel
838 4038 1082 4093 ecclesiae
1108 4046 1234 4103 ture,
1251 4037 1338 4092 cui
1360 4052 1591 4107 praeesse
1613 4038 1805 4108 digno—

214 4127 408 4193 sceris,
442 4127 760 4197 bujusmodi
809 4128 1090 4200 privilegia
1149 4129 1403 4200 prtescnti
1461 4128 1803 4184 auctoritatis

212 4228 423 4274 nostr-te
471 4218 713 4285 decreto,
737 4234 1011 4277 consensu
1058 4232 1114 4277 et
1142 4232 1333 4292 rogatu
1386 4223 1573 4279 fratris
1627 4226 1801 4281 nostri

212 4308 499 4365 Cuillelmi
520 4308 1047 4381 FesulaniepiscOpi,
1067 4312 1801 4385 indulgemus,conccdimus

204 4412 383 4474 atque
422 4401 731 4470 ﬁrmamus,
759 4412 1061 4460 statuentes
1094 4406 1305 4460 nullum
1363 4423 1548 4479 regum
1579 4409 1661 4463 vel
1701 4409 1803 4464 im-

212 4501 553 4562 peratorum,
578 4493 884 4550 antistitum
909 4496 1139 4561 nullum,
1184 4512 1512 4568 quacunque
1540 4498 1801 4569 dignitate

1924 647 2108 714 habet,
2137 656 2232 703 aut
2256 648 2311 702 in
2339 657 2697 718 postremum,
2723 648 2955 703 Domino
2990 658 3286 715 annuente,
3310 649 3511 707 habere

1923 739 2232 810 contigerit,
2281 740 2337 795 in
2368 740 2701 811 quibuslibet
2726 740 2890 797 rebus
2937 742 3231 799 mobilibus
3272 742 3359 797 vel
3402 743 3509 799 im-

1926 829 2244 899 mobilibus,
2269 832 2417 887 salva
2452 834 2672 904 quidem
2725 832 2994 890 canonica
3018 834 3357 904 subjectione
3380 850 3508 905 pro-

1923 920 2027 991 prii
2062 921 2325 994 episcopi.
2367 922 2491 978 Haec
2522 924 2685 995 igitur
2711 925 2897 980 omnia
2920 942 3043 996 qua:
3068 925 3234 997 hujus
3255 927 3508 996 przecepti

1921 1014 2232 1085 decretique
2256 1014 2432 1071 nostri
2457 1016 2650 1088 pagina
2682 1018 2945 1084 continet,
2970 1018 3025 1072 in
3048 1026 3368 1088 perpetuum
3392 1032 3509 1077 ser-

1921 1105 2099 1162 vanda
2122 1106 2487 1163 decernimus.
2549 1107 2607 1163 Si
2651 1108 2777 1184 quis
2810 1123 2941 1164 vero
2969 1124 3181 1180 regum,
3214 1109 3507 1179 imperato-

1890 1212 2066 1262 arum.
2103 1198 2471 1266 sacerdotum,
2497 1199 2844 1267 clericorum,
2896 1200 3144 1270 jndicum
3167 1216 3232 1256 ao
3274 1200 3505 1256 sarcula-

1920 1286 2063 1341 rium
2096 1303 2480 1357 personarum,
2526 1290 2668 1345 hanc
2715 1289 3124 1347 constitutionis
3168 1299 3371 1349 nostra:
3418 1305 3511 1365 pa-

1919 1378 2104 1449 ginam
2136 1395 2462 1451 agnoscens,
2480 1391 2674 1438 contra
2697 1398 2818 1437 eam
2844 1383 3136 1438 temerario
3160 1399 3298 1441 ausu
3322 1383 3508 1439 venire

1920 1472 2229 1538 tentavcrit,
2257 1472 2572 1529 admonitus
2603 1475 2791 1540 semel,
2825 1484 2881 1529 et
2912 1474 3129 1541 iterum,
3148 1491 3322 1547 usque
3349 1474 3508 1529 tertio

1917 1578 2015 1632 per
2040 1564 2431 1621 convenientes
2466 1566 2738 1632 inducias,
2771 1566 2819 1622 si
2849 1584 2958 1622 non
3005 1565 3296 1637 ncsipucrit
3344 1575 3510 1636 atque

1917 1653 2189 1722 praxiictaa
2222 1652 2480 1711 Ecclesiae
2520 1672 2629 1710 non
2676 1655 3024 1723 satisfecerit,
3085 1655 3369 1727 potestatis
3404 1657 3513 1711 hos

1917 1743 2177 1814 norisquc
2199 1745 2283 1801 sui
2306 1744 2573 1816 dignitate
2605 1755 2809 1813 careat,
2842 1762 3108 1816 reumque
3138 1745 3397 1801 sedivino
3417 1744 3509 1816 ju—

1915 1832 2059 1889 dicio
2086 1833 2317 1890 existere
2352 1835 2420 1890 de
2439 1843 2748 1904 perpetrata
2787 1835 3075 1905 iniquitate
3094 1843 3410 1905 cognoscat.
3440 1832 3507 1887 Et

1842 1913 1887 1969 Β
1914 1923 2027 1989 nisi
2052 1938 2118 1978 ea
2141 1938 2267 1994 qua:
2295 1924 2366 1978 ab
2403 1924 2495 1981 illo
2520 1933 2649 1980 sunt
2676 1925 2819 1981 male
2850 1925 3032 1980 ablata
3069 1923 3388 1990 restituerit,
3418 1924 3505 1977 vel

1908 2012 2074 2083 digna
2108 2013 2429 2083 pmnitentia
2446 2012 2632 2071 illicite
2656 2021 2779 2073 acta
2804 2012 3102 2079 delleverit,
3128 2028 3160 2068 a
3193 2010 3504 2069 sacratissi—

1911 2118 2005 2161 mo
2033 2119 2262 2175 corpore
2295 2121 2361 2163 ac
2382 2106 2648 2177 sanguine
2673 2104 2912 2175 Domini,
2929 2104 3306 2175 Redemptoris
3329 2101 3505 2158 nostri

1909 2193 2039 2250 Jesu
2064 2193 2289 2262 Christi,
2317 2195 2530 2251 alienus
2556 2195 2670 2262 ﬁat,
2694 2204 2857 2266 atque
2892 2196 2948 2250 in
2985 2202 3232 2252 extremo
3256 2192 3507 2251 examine

1910 2285 2175 2342 districta:
2203 2286 2397 2342 ultioni
2410 2288 2709 2359 subjaccat.
2726 2287 2957 2344 Cunctis
2982 2296 3164 2344 autem
3186 2287 3364 2344 eidem
3380 2287 3506 2340 loco

1909 2372 2055 2446 iusta
2088 2376 2435 2431 servantibus
2483 2376 2555 2433 sit
2582 2392 2689 2448 pax
2714 2376 2935 2433 Domini
2973 2378 3149 2434 nostri
3180 2377 3309 2434 Jcsu
3339 2374 3503 2432 Chri-

1910 2466 2002 2531 sti,
2034 2475 2306 2536 quatenus
2333 2466 2423 2522 hic
2455 2467 2695 2523 fructum
2726 2468 2888 2524 bonae
2914 2468 3153 2525 actionis
3179 2467 3503 2539 percipiant,

1908 2563 1962 2655 et
1984 2557 2127 2655 apud
2175 2557 2485 2655 districtum
2535 2557 2781 2615 iudicem
2840 2560 3067 2632 praemia
3091 2570 3310 2617 aeterna:
3352 2558 3505 2632 pacis

1911 2643 2211 2700 inveniant.
2364 2641 2375 2655 “

2561 2758 2842 2814 LXXVIII.

1910 2847 2148 2918 Gregorii
2191 2846 2299 2902 VII
2329 2865 2481 2919 papae
2510 2849 2842 2975 pritlvilegium
2862 2866 2958 2920 pro
2984 2850 3206 2904 ecclesia
3242 2848 3298 2903 S.
3346 2848 3503 2904 Pauli

2650 2937 2801 2975 amre.

2650 2937 2801 2975 amre.

2212 3009 2393 3079 (Anno
2428 3009 2633 3065 Christi
2672 3009 2830 3076 1074,
2869 3007 3047 3064 Martii
3088 3008 3204 3080 15.)

1910 3095 2238 3171 [Maneannvi
2273 3098 2583 3171 Baliarium
2614 3099 3083 3171 Casinensettom.
3119 3100 3344 3171 ll,7pag.
3379 3100 3501 3168 {06,

1978 3184 2043 3291 er:
2080 3168 2316 3312 arcihigif
2339 3183 2453 3225 sae.
2482 3170 2801 3227 monasterii
2835 3169 2893 3225 S.
2928 3170 3082 3225 Pauli
3103 3171 3171 3226 de
3190 3168 3332 3227 Urbe
3349 3187 3500 3245 cape.

2031 3280 2046 3304 ,
2080 3255 2135 3293 n.
2196 3269 2221 3278 -
2264 3281 2276 3293 .
3346 3292 3353 3297 .

2031 3280 2046 3304 ,
2080 3255 2135 3293 n.
2164 3255 2276 3293 1-2.

1982 3326 2215 3383 Domino
2247 3337 2457 3399 sancto,
2487 3346 2551 3386 ac
2585 3330 2924 3397 beatissimo,
2964 3347 3272 3404 magnoque
3309 3333 3503 3405 praedi-

1910 3419 2102 3485 catori,
2128 3417 2385 3490 Magistro
2421 3421 2665 3493 gentium
2712 3422 2765 3476 in
2791 3422 2895 3479 ﬁde
2933 3430 2990 3478 et
3029 3423 3280 3491 veritate,
3317 3422 3517 3485 Pinna

1909 3508 2179 3578 apostolo,
2212 3508 2521 3566 Gneconws
2548 3509 2803 3581 indignus
2825 3528 3036 3567 servus.
3434 3566 3437 3573 .

1978 3598 2422 3671 Quotiescunque
2460 3602 2576 3668 tibi,
2630 3600 2686 3657 S.
2741 3601 2927 3669 Paule,
2950 3604 3217 3675 apostolc,
3251 3601 3361 3658 Vas
3394 3604 3504 3661 cle-

1907 3691 2124 3757 ctionis,
2157 3692 2363 3763 aliquid
2394 3692 2525 3749 dare
2558 3693 2824 3761 videmur,
2873 3710 2984 3749 non
3025 3703 3213 3751 nostra
3248 3694 3503 3751 concedi-

1908 3798 2050 3848 mus,
2105 3782 2200 3837 sed
2241 3791 2331 3837 tua
2388 3783 2577 3854 potius
2625 3783 2907 3839 reddimus
2958 3785 3041 3839 vd
3086 3784 3497 3839 conﬁrmamus.

1906 3869 2041 3925 Nam
2067 3870 2199 3942 quid
2223 3888 2467 3943 unquam
2491 3873 2609 3929 sine
2635 3882 2685 3928 te
2711 3883 2960 3930 nostrum
2992 3874 3119 3929 est?
3159 3875 3503 3945 Quapropter

1905 3976 2007 4031 ego
2042 3960 2360 4031 Gregorius,
2404 3963 2694 4034 episcopus
2744 3980 2937 4020 servus
2981 3966 3101 4035 ejus
3146 3967 3503 4036 omniumque

1907 4064 2190 4104 servorum
2217 4050 2333 4117 Dei,
2357 4068 2387 4105 a
2424 4053 2666 4108 remedio
2701 4058 2898 4109 anima:
2927 4071 3062 4111 mea:
3086 4056 3240 4124 cedo,
3269 4056 3424 4127 trado
3446 4063 3503 4112 ct

1907 4140 2292 4195 inviolabiliter
2337 4142 2537 4213 largior
2577 4157 2769 4198 omnes
2806 4144 3130 4209 oblationes,
3158 4160 3500 4214 quwcunquc

1906 4245 1937 4285 a
1975 4230 2223 4285 ﬁdelibus
2250 4230 2577 4287 Christianis
2601 4248 2766 4301 super
2786 4233 2956 4288 altare
2984 4243 3138 4289 tuum
3162 4235 3357 4290 oblata:
3379 4233 3499 4291 fue-

1905 4322 2036 4389 rint,
2080 4322 2184 4377 sub
2213 4338 2322 4393 qno
2366 4332 2776 4379 sacrosanctum
2819 4340 3020 4395 corpus
3067 4333 3219 4381 tuum
3260 4325 3499 4383 creditur

1905 4428 2026 4471 esse
2050 4416 2428 4483 reconditum;
2456 4431 2557 4472 nec
2578 4432 2689 4472 non
2716 4426 2771 4472 ct
2805 4418 3110 4474 oblationes
3132 4418 3497 4475 confessionis

1905 4510 1960 4559 ct
1973 4503 2218 4559 omnium
2249 4505 2637 4561 altarium'tua:
2670 4508 2930 4576 ecclesizc,
2957 4517 3011 4564 ct
3035 4508 3497 4567 substcntationes

214 4584 526 4653 preditum,
540 4586 626 4641 vel
642 4602 978 4657 quemquam
993 4587 1160 4641 alium
1183 4588 1385 4643 audere
1404 4590 1470 4644 de
1488 4590 1573 4645 his
1587 4606 1711 4660 qua:
1723 4591 1801 4646 (ιί-
1836 4615 1879 4668 D
1905 4594 2135 4649 fratrum
2158 4596 2356 4651 ibidem
2385 4596 2738 4651 servientium
2764 4595 2874 4653 Deo
2898 4597 2950 4652 in
2975 4605 3315 4669 perpetuum,
3335 4588 3496 4651 sicuti

214 4674 338 4729 dein
355 4677 650 4733 venerabili
667 4679 830 4733 locoa
842 4676 1176 4749 quibuslibet
1190 4680 1501 4736 hominibus
1512 4681 1579 4737 de
1595 4684 1800 4752 princi-

208 4769 309 4838 pio
329 4769 457 4841 jure
475 4770 589 4841 jam
626 4770 833 4827 donata
866 4778 1015 4836 sunt,
1054 4771 1138 4829 vel
1172 4771 1225 4825 in
1250 4772 1494 4831 futurum
1515 4815 1529 4840 ,
1561 4773 1671 4830 Deo
1700 4775 1801 4829 mi-

217 4870 457 4924 secante,
492 4862 691 4917 collata
715 4860 938 4929 fuerint,
976 4862 1080 4919 sub
1116 4863 1614 4936 cujuslibetzcausze
1642 4881 1802 4921 occa-

218 4951 461 5007 sionisve
505 4954 688 5023 specie
723 4953 969 5010 minuere
994 4954 1077 5008 vel
1112 4954 1348 5022 auferre,
1388 4957 1503 5011 sive
1546 4959 1664 5013 suis
1688 4959 1801 5013 usi-

220 5043 323 5100 bus
364 5044 657 5114 applicare,
717 5044 804 5098 vel
854 5045 1013 5116 quasi
1062 5044 1165 5117 piis
1204 5047 1273 5102 de
1313 5049 1497 5104 causis
1532 5064 1632 5119 pro
1689 5064 1801 5104 sum

218 5144 461 5192 avaritia:
484 5145 842 5193 excusatione
859 5140 1179 5196 concedere.
1220 5138 1326 5194 Sed
1356 5149 1554 5196 cuneta
1581 5156 1703 5214 quae
1730 5140 1803 5197 ibi

1908 4703 1938 4740 a
1961 4688 2167 4742 sanctis
2210 4687 2650 4743 antecessoribus
2691 4696 2914 4755 nostris,
2948 4689 3046 4743 tibi
3082 4686 3494 4753 fanmlantibus,

1907 4794 2231 4834 concessum
2272 4795 2395 4834 esse
2428 4779 2797 4851 dignoscitur;
2849 4788 3013 4848 atque
3056 4785 3231 4832 totum
3265 4775 3497 4833 Caldam

1906 4872 2001 4948 qui
2036 4879 2264 4927 vocatur
2297 4869 2524 4943 Lapigio
2558 4872 2614 4927 in
2663 4873 2955 4943 integrum,
3000 4887 3125 4928 cum
3168 4871 3395 4927 ecclesia
3438 4867 3495 4926 S.

1907 4959 2146 5027 Proculi,
2202 4962 2315 5016 sive
2369 4962 2570 5031 quibus
2617 4963 2740 5019 aliis
2791 4968 3141 5033 nuncupatur
3197 4961 3499 5039 vocabulis,

1900 5053 2137 5118 cultum,
2165 5053 2247 5106 vel
2273 5051 2559 5121 incultum,
2590 5062 2645 5107 et
2669 5070 2794 5110 cum
2821 5055 3081 5109 omnibus
3107 5051 3174 5107 ad
3197 5056 3504 5126 suprascri-

1910 5150 2064 5211 ptum
2103 5140 2333 5197 Galdum
2370 5140 2695 5212 generaliter
2727 5150 2782 5199 ct
2829 5140 2885 5196 in
2917 5142 3191 5215 integrum
3221 5145 3503 5214 pertinen-
