3972 5390
1134 399 1243 414 .-ν,-

495 426 601 495 .m
693 381 703 389 ι

1402 431 1458 491 s.
1500 431 1827 492 cnsconu
1861 403 1957 491 vn'
1990 430 2197 490 rane
2231 425 2514 489 eranum
2552 424 2735 486 rans
2776 406 2843 484 n;

3656 410 3776 469 τες

494 559 654 608 catur
676 549 872 618 Minor,
902 549 1065 605 sitam
1094 548 1151 604 in
1180 547 1401 619 palatio,
1438 556 1492 605 et
1535 565 1661 605 eum
1705 549 1960 604 omnibus
2004 547 2070 602 ad
2102 550 2145 606 Δ
2171 546 2226 601 in
2254 545 2532 601 territorio
2560 538 2965 613 suprascripto;
3005 534 3227 603 insuper
3246 526 3555 619 ecclesiam
3576 521 3775 619 Sancti

495 659 662 716 supra
685 643 858 700 dictas
880 641 1043 697 cellas
1065 639 1494 711 pertinentibus;
1517 650 1573 697 et
1592 641 1648 695 in
1669 640 1871 711 palatio
1901 640 2075 696 cccle—

494 737 634 794 siam
667 732 723 790 S.
760 732 1062 798 Trinitatis,
1094 747 1217 786 cum
1241 738 1355 786 toto
1376 731 1563 786 eodem
1588 731 1827 802 palatio;
1850 737 1905 785 et
1927 745 2077 785 mas-

495 839 613 880 sam
636 836 758 893 quae
783 830 1009 877 vocatur
1029 817 1306 888 Floriana,
1335 820 1420 875 vel
1443 820 1643 891 quibus
1687 819 1810 876 aliis
1843 819 2078 875 vocabu-

486 914 563 968 lis
598 918 966 982 nuncupetur,
996 925 1122 966 cum
1169 911 1353 978 terris,
1411 911 1584 979 silvis,
1626 910 1857 980 campis,
1884 910 2076 981 prat‘m,

492 1002 733 1073 pascuis,
761 1003 847 1057 vel
868 1017 995 1058 cum
1016 986 1273 1057 omnibus
1295 1001 1361 1056 ad
1388 1001 1817 1072 suprascriptam
1839 1015 2078 1057 massam

492 1092 805 1149 Florianam
838 1092 1162 1166 generaliter
1188 1093 1320 1148 etin
1343 1092 1613 1164 integrum
1645 1092 2077 1163 pertinentibus;

492 1184 694 1240 iterum
729 1185 910 1242 casale
949 1180 1097 1257 quad
1119 1191 1348 1240 vocatur
1369 1183 1718 1251 Castellione,
1751 1198 1876 1240 cum
1902 1184 2080 1240 casale

489 1276 647 1346 juxta
683 1293 763 1344 se,
798 1277 946 1347 quod
987 1281 1217 1332 vocatur
1259 1274 1459 1342 Filioli,
1502 1290 1628 1331 cum
1673 1273 1854 1343 terris,
1904 1274 2076 1343 silvis,

488 1366 725 1437 "campis,
759 1366 933 1437 pratis
963 1365 1206 1438 pascuis,
1236 1365 1320 1420 vel
1355 1379 1481 1420 cum
1529 1363 1785 1421 omnibus
1822 1364 1891 1420 ad
1930 1360 2080 1434 ipSos

494 1456 925 1526 pertinentibus;
952 1464 1116 1527 atque
1138 1457 1317 1513 casale
1344 1457 1491 1527 quod
1520 1464 1750 1512 vocatur
1780 1454 2075 1523 Ulmetum,

492 1554 624 1602 cum
671 1546 847 1603 vineis
896 1546 1014 1605 suis
1059 1557 1223 1620 atque
1262 1548 1434 1605 silvis
1461 1542 1734 1620 simulque
1774 1550 1973 1620 pratis;
2026 1558 2081 1607 et

492 1639 678 1721 casale
696 1638 843 1709 quod
878 1647 1109 1696 vocatur
1139 1640 1575 1712 Squezanellum,
1611 1636 1741 1698 cum
1769 1643 1884 1699 suis
1912 1644 2080 1713 perti-

495 1729 719 1798 nentiis,
747 1732 911 1799 casis,
937 1732 1230 1800 casalibus,
1271 1733 1481 1801 vineis;
1516 1727 1899 1804 atque‘eellam
1926 1734 2079 1791 vina-

496 1820 635 1875 riam
679 1822 1074 1890 Antonionum,
1125 1823 1309 1878 villam
1347 1823 1653 1892 Pertusam,
1695 1823 1993 1893 Bifurcum,
2025 1832 2079 1881 et

2176 637 2367 708 Angeli
2408 635 2466 689 in
2495 630 2917 704 Semproniam,
2955 640 3080 683 cum
3105 616 3561 679 orawrioSaucti
3596 614 3774 671 lon—

2176 728 2265 784 nis
2294 727 2481 798 posito
2505 726 2564 780 in
2597 730 2756 795 portu
2789 717 3059 784 Herculis,
3095 714 3282 770 omnia
3335 711 3483 782 juris
3514 708 3777 780 proprie-

2175 819 2305 875 tatis
2333 816 2577 888 ejusdem
2602 810 2954 877 monasterii;
2981 809 3206 877 insuper
3225 802 3382 859 trado
3406 801 3509 857 tibi
3531 807 3778 870 quatuor

2176 909 2353 966 molas
2376 909 2432 963 in
2457 907 2668 962 Albano
2688 913 2743 960 et
2762 914 2930 958 unam
2954 901 3010 961 in
3046 898 3189 953 valle
3209 894 3417 961 Aricia,
3438 905 3568 949 cum
3592 890 3775 944 forma

2176 1016 2300 1067 sua,
2330 1014 2459 1055 cum
2491 996 2749 1053 omnibus
2787 1008 2915 1065 quae
2953 1000 3051 1047 tuo
3086 989 3211 1061 jure
3255 985 3514 1042 videntur
3566 982 3773 1036 ibidem

2177 1091 2397 1158 haberi;
2431 1090 2668 1160 itemque
2693 1087 3085 1144 confirmamus
3109 1081 3230 1147 tibi,
3263 1077 3481 1135 Ductori
3502 1076 3772 1148 gentium,

2179 1182 2573 1239 monasterium
2602 1179 2790 1237 Sancti
2824 1177 3022 1249 Sergii,
3045 1190 3179 1231 cum
3205 1171 3467 1229 omnibus
3496 1168 3620 1224 suis
3647 1180 3777 1237 per-

2177 1270 2444 1338 tinentiis,
2473 1269 2640 1326 situm
2670 1268 2727 1323 in
2762 1265 3013 1332 Subura;
3045 1273 3103 1320 et
3132 1258 3536 1319 monasterium
3559 1255 3777 1312 Sancta:

2178 1358 2400 1435 Priscae,
2424 1377 2552 1418 cum
2577 1360 2835 1417 omnibus
2871 1358 2989 1415 suis
3020 1353 3404 1427 pertinentiis;
3425 1350 3562 1407 item
3602 1358 3661 1408 et
3682 1363 3776 1406 cc—

2177 1453 2401 1509 clesiam
2425 1451 2611 1509 Sancti
2631 1449 2790 1507 Fcere
2809 1448 3086 1520 martyris,
3108 1461 3233 1517 quae
3245 1443 3390 1516 juris
3411 1440 3603 1499 Sancti
3623 1440 3776 1502 Ana.

2179 1541 2337 1602 stasii
2376 1542 2509 1598 olim
2542 1540 2681 1609 fuit;
2720 1547 2776 1596 et
2808 1535 3096 1595 ecclesiam
3135 1531 3323 1589 Sancti
3365 1528 3576 1585 Leonis
3602 1542 3773 1598 papa,

2177 1633 2413 1704 positam
2433 1632 2590 1704 juxta
2609 1627 3001 1686 monasterium
3024 1624 3211 1680 Sancti
3232 1620 3465 1676 Andreae
3483 1618 3553 1674 ad
3569 1618 3773 1674 clivum

2181 1722 2409 1792 Scauri;
2454 1736 2556 1780 nec
2594 1737 2707 1779 non
2734 1731 2791 1778 et
2823 1718 3113 1777 ecclesiam
3136 1712 3325 1772 Sancti
3344 1710 3583 1778 Nicolai,
3610 1710 3771 1765 sitam

2177 1816 2333 1888 juxta
2359 1815 2593 1871 formam
2623 1812 2871 1880 Claudii;
2909 1810 3163 1867 similiter
3187 1815 3242 1864 et
3269 1802 3568 1877 piscariam
3596 1802 3655 1857 in
3679 1800 3777 1855 πε.

496 1911 914 1981 Priminianum,
946 1911 1294 1983 Cassianum,
1321 1915 1583 1985 Silonem,
1615 1915 1951 1983 Cornelium,
1979 1891 2084 1972 Te-
2114 1896 2157 1951 Β
2184 1910 2332 1975 mine
2354 1907 2568 1977 Tiberis
2608 1907 2665 1962 in
2690 1905 3052 1970 Marmorata;
3095 1917 3192 1957 seu
3228 1897 3417 1967 omnia
3458 1909 3589 1967 qua:
3633 1891 3770 1948 intra

496 2004 729 2059 solutam
759 2012 923 2077 atque
947 2003 1358 2074 Cornelianum,
1395 2022 1521 2063 cum
1548 2008 1697 2063 omni
1724 2007 1850 2078 jure
1878 2008 2084 2064 instru-

492 2103 790 2167 mentoque
824 2112 946 2166 suo,
983 2106 1039 2154 et
1073 2112 1200 2165 cum
1241 2098 1499 2159 omnibus
1521 2099 1589 2155 ad
1611 2114 1733 2155 eam
1760 2100 2086 2171 generaliter

485 2189 920 2258 pertinentibus.
950 2200 953 2204 '

572 2280 908 2350 Adjicientes
928 2283 1093 2339 etiam
1115 2282 1246 2341 huic
1275 2285 1512 2341 cessioni
1544 2285 1733 2342 hortos
1754 2285 1914 2352 duos,
1938 2286 2088 2357 posi-

490 2378 587 2425 tos
625 2372 766 2426 inter
791 2371 1029 2429 Tiberim
1063 2382 1118 2430 et
1147 2374 1419 2445 porticum
1451 2374 1627 2446 ipsms
1656 2374 1919 2442 ecclesiae,
1959 2390 2089 2430 eun-

496 2461 647 2519 tibus
671 2477 700 2516 a
725 2471 880 2532 porta
904 2463 1140 2520 civitatis
1169 2474 1324 2535 parte
1350 2466 1561 2534 dextra,
1594 2481 1733 2536 quos
1763 2465 1956 2522 dividit
1988 2465 2089 2521 ﬂu-

500 2553 626 2619 vius
654 2552 871 2621 Almon,
912 2554 1054 2610 inter
1094 2555 1279 2614 aliincs
1310 2556 1455 2611 horti
1500 2557 1818 2613 monasterii
1863 2556 1921 2613 S.
1971 2556 2092 2614 Ste-

499 2642 689 2712 phani,
722 2646 868 2715 quod
905 2654 989 2702 est
1014 2646 1409 2703 monasterium
1442 2648 1763 2704 ancillarum
1798 2647 1915 2716 Dei,
1950 2648 2094 2719 posi-

501 2733 715 2788 tumad
737 2731 794 2788 S.
824 2732 1045 2811 Petrum
1073 2736 1419 2806 apostolum;
1444 2745 1500 2793 et
1523 2732 1750 2791 fundum
1773 2736 2089 2807 Pisciniani,

500 2838 630 2880 eum
666 2824 844 2881 vineis
882 2835 938 2883 et
984 2826 1159 2883 hortis
1196 2828 1344 2896 suis;
1392 2829 1665 2899 simulque
1698 2828 1919 2885 terrulae
1971 2845 2095 2901 qua:

500 2925 768 2973 vocantur
799 2916 985 2976 Fossa:
1016 2919 1293 2987 Latronis,
1327 2921 1520 2993 posita:
1564 2920 1695 2977 item
1739 2921 1895 2992 juxta
1939 2937 2093 2978 eam-

499 3008 623 3062 dem
657 3010 956 3079 porticum,
985 3012 1243 3068 euntibus
1264 3012 1516 3068 similiter
1539 3027 1569 3068 a
1591 3020 1747 3085 porta
1771 3020 1926 3084 parte
1954 3013 2095 3081 sini-

496 3107 638 3165 stra,
673 3100 767 3155 ubi
793 3116 939 3158 nunc
960 3103 1135 3160 vinea:
1161 3102 1316 3159 factm
1338 3109 1487 3171 sunt,
1519 3119 1641 3175 qua:
1669 3103 1886 3159 terrula:
1913 3104 2094 3160 cuba)-

501 3198 626 3246 rent
666 3191 737 3247 ab
785 3208 896 3248 uno
934 3194 1102 3250 latere
1141 3194 1481 3265 possessioni
1520 3178 1800 3266 Eugenitis
1819 3195 2094 3269 quondam

2186 2000 2432 2057 Romana
2455 1999 2592 2056 urbe
2612 2013 2643 2054 a
2670 1997 2807 2053 viris
2834 1993 3106 2066 religiosis
3137 2008 3235 2048 seu
3256 2006 3297 2061 _a
3350 1988 3776 2060 quibuscuuque

2181 2091 2434 2163 personis
2463 2091 2563 2148 tibi
2594 2104 2855 2146 concessa
2889 2094 3041 2151 sunt,
3414 2106 3417 2109 δ

2254 2168 2691 2254 Corroboramus
2739 2180 2967 2250 insuper
2995 2183 3207 2232 eurtem
3246 2172 3467 2228 Sancta:
3507 2167 3772 2231 Caeciliae,

2188 2291 2312 2348 quae
2335 2284 2564 2332 vocatur
2597 2275 2665 2331 de
2700 2272 2874 2345 Mega,
2899 2286 3025 2339 cum
3059 2268 3314 2324 omnibus
3345 2263 3463 2321 suis
3497 2261 3766 2334 pertinen-

2186 2369 2302 2437 tiis,
2337 2369 2500 2424 sitam
2553 2365 2689 2423 foris
2738 2372 2952 2437 portam
2982 2361 3041 2423 S,
3095 2357 3413 2427 Laurentii,
3441 2356 3532 2412 his
3578 2353 3779 2408 ﬁnibus

2190 2458 2559 2526 terminatam,
2596 2456 2666 2515 ab
2695 2471 2806 2512 uno
2841 2455 3014 2510 latere
3057 2451 3261 2507 ﬂumen
3291 2447 3513 2502 Tiberis
3569 2446 3644 2500 ab
3670 2445 3779 2497 alio

2188 2552 2360 2607 latere
2380 2551 2534 2605 rivus
2564 2547 2751 2620 Meges,
2788 2554 2843 2603 et
2871 2561 2970 2616 per
3016 2543 3279 2600 cumdum
3309 2541 3493 2595 rivum
3532 2536 3778 2594 ascendit

2193 2657 2368 2714 usque
2389 2641 2457 2696 ad
2481 2649 2681 2696 terram
2716 2636 2773 2693 S.
2812 2635 3002 2691 Lucim
3014 2635 3082 2690 de
3099 2632 3316 2698 Renati,
3340 2629 3582 2701 indeque
3602 2638 3774 2697 usque

2192 2735 2259 2791 ad
2294 2733 2569 2805 publicam
2614 2732 2759 2787 viam
2819 2744 2951 2800 quat
3005 2731 3233 2781 vocatur
3274 2722 3334 2779 S.
3380 2719 3692 2787 Valentini,
3724 2728 3781 2774 et

2192 2825 2421 2883 subinde
2460 2822 2740 2880 descendit
2803 2833 2981 2890 usque
3024 2818 3078 2871 in
3122 2822 3350 2885 puteum
3384 2811 3693 2883 publicum,
3726 2819 3782 2865 et

2192 2933 2261 2973 ex
2313 2933 2380 2972 eo
2430 2914 2714 2971 descendit
2758 2927 2857 2982 per
2910 2908 3223 2973 formellas,
3275 2920 3454 2976 usque
3506 2904 3566 2957 iu
3617 2916 3782 2972 supra

2196 3008 2460 3078 scriptum
2489 3007 2691 3061 ﬂumen
2722 3001 2963 3069 Tiberis;
2989 2999 3219 3054 fundum
3243 3013 3376 3052 vero
3407 2995 3634 3050 Paterni
3653 3036 3669 3060 ,
3691 2992 3781 3063 qui

2197 3100 2448 3155 similiter
2486 3097 2626 3154 situs
2676 3104 2763 3152 est
2794 3093 2931 3149 loris
2960 3100 3178 3163 portam
3222 3089 3280 3143 S.
3315 3086 3627 3152 Laurentii,
3659 3089 3784 3139 eum

2201 3191 2384 3256 terris,
2409 3187 2706 3260 plantanis,
2731 3186 2928 3251 hortis,
2965 3180 3282 3253 aquimolis,
3308 3179 3474 3235 terris
3501 3178 3670 3234 cultis
3702 3174 3786 3231 vel

503 3281 840 3352 scholastici,
867 3285 1008 3349 etab
1036 3285 1145 3350 alia
1169 3292 1323 3356 parte
1342 3265 1678 3356 possessioni
1699 3265 2014 3343 monasterii
2037 3287 2094 3342 S.
2125 3265 2166 3322 (ἶ
2200 3280 2443 3348 incultis,
2468 3288 2529 3338 et.
2555 3294 2683 3338 cum
2709 3276 2966 3333 omnibus
2992 3273 3108 3330 suis
3143 3270 3493 3342 pertinentiis
3516 3277 3577 3324 et
3610 3269 3788 3322 omni-

502 3371 704 3441 Eristi;
751 3373 877 3429 item
913 3364 1306 3439 monasterium
1337 3375 1393 3432 S.
1422 3376 1665 3433 Cosmati
1691 3377 1856 3433 situm
1879 3377 1935 3431 in
1960 3377 2099 3435 valle
2190 3368 2303 3429 bus
2326 3371 2649 3427 terminibus
2694 3369 2838 3426 sicut
2857 3380 3184 3423 concessum
3212 3370 3298 3419 est
3318 3361 3670 3417 monasterio
3694 3367 3788 3413 tuo

504 3462 784 3531 Tiberina,
812 3480 938 3521 cum
963 3467 1221 3524 omnibus
1254 3468 1369 3523 suis
1414 3467 1788 3538 pertinentiis;
1837 3476 1892 3522 ct
1922 3471 2098 3524 eccle-
2200 3480 2232 3519 a
2279 3478 2417 3534 papa
2464 3461 2760 3517 Paschasio
2809 3472 3210 3530 praedecessore
3265 3462 3499 3520 nostro,
3557 3457 3786 3520 excepta

506 3551 645 3611 siam
677 3553 735 3609 S.
763 3546 917 3618 Pauli
940 3557 1195 3628 apostoli,
1235 3558 1396 3620 sitam
1433 3557 1576 3613 infra
1606 3556 1879 3613 civitatem
1907 3556 2098 3615 Tiber-
2201 3564 2345 3611 terra
2380 3568 2547 3625 parva
2582 3568 2704 3624 qua:
2756 3551 2955 3607 ibidem
2977 3549 3183 3604 detinet
3204 3545 3264 3600 S.
3299 3543 3475 3600 Sabas
3496 3562 3513 3609 ;
3535 3551 3595 3598 et
3620 3550 3791 3597 tutam

508 3644 714 3711 tinam;
753 3646 1028 3719 simulque
1061 3648 1423 3714 Antedoniam
1459 3648 1755 3718 civitatem,
1785 3664 1912 3705 cum
1936 3651 2101 3721 perti-

507 3737 710 3794 nentiis
745 3738 863 3795 suis
895 3748 949 3795 et
968 3749 1129 3819 portu
1160 3752 1302 3808 suo;
1336 3749 1585 3805 montem
1614 3741 1707 3812 qui
1741 3751 1967 3798 voratur
1991 3742 2099 3798 Ar-

507 3827 838 3899 gentarium,
874 3847 1000 3894 cum
1043 3830 1162 3889 lacu
1197 3830 1504 3899 Catamare,
1546 3825 1639 3887 ubi
1672 3841 1759 3899 est
1786 3832 2012 3889 ecclesia
2037 3831 2096 3888 S.

509 3915 734 3987 Angeli;
763 3929 821 3981 et
842 3922 1185 3985 medietatem
1222 3923 1389 3991 castri
1424 3921 1667 3993 Orbitelli
1688 3939 1814 3985 cum
1833 3925 2105 3994 pertinen-

509 4005 600 4062 tiis
639 4008 786 4076 suis;
823 4017 877 4065 et
902 4019 1145 4068 castrum
1169 4013 1316 4082 quod
1348 4020 1577 4077 vocatur
1598 4011 1743 4082 Elsa,
1773 4029 1897 4075 cum
1922 4013 2100 4069 omni-

496 4094 617 4152 bus
642 4099 759 4154 suis
786 4101 1156 4178 pertinentiis;
1185 4103 1303 4172 pari
1345 4101 1508 4167 modo
1538 4103 1717 4169 lacum
1740 4118 1908 4174 prope
1942 4118 2100 4159 mon-

512 4199 622 4247 tem
647 4191 1049 4263 Argentarium,
1079 4211 1201 4250 cum
1240 4195 1490 4265 piscariis
1517 4195 1651 4262 suis,
1688 4194 1763 4261 ita
1800 4203 1861 4250 ut
1894 4195 2099 4251 medie-

513 4289 599 4339 tas
625 4282 857 4354 piscium
903 4285 1004 4355 qui
1022 4284 1096 4340 ibi
1125 4287 1417 4356 capiuntur
1450 4286 1707 4345 reddatur
1730 4285 2101 4356 suprascripto

508 4377 845 4439 monasterio
893 4376 950 4430 S.
997 4376 1151 4432 Pauli
1185 4377 1448 4447 apostoli;
1494 4378 1720 4447 insuper
1748 4385 1803 4431 et
1841 4375 2101 4441 Casama-

508 4468 670 4535 riam,
703 4484 826 4523 cum
855 4470 1016 4531 terris
1041 4479 1096 4528 et
1117 4468 1337 4535 familiis
1363 4472 1498 4539 suis,
1531 4471 1674 4526 sicut
1697 4469 1753 4534 in
1783 4478 1937 4526 curte
1957 4469 2101 4540 regis

511 4560 822 4629 persolvere
846 4561 1006 4622 solita
1035 4570 1173 4626 erat,
1211 4562 1394 4616 omnia
1427 4561 1480 4615 in
1520 4562 1813 4632 integrum,
1842 4559 2001 4616 sicuti
2033 4561 2101 4615 ab

512 4649 935 4720 imperatoribus
963 4659 1017 4713 et
1042 4650 1404 4715 sanctissimis
1444 4651 1792 4724 pontiﬁcibus
1838 4666 2101 4713 concessa

500 4728 643 4794 'sunt
665 4750 719 4819 et
740 4742 794 4799 in
823 4751 1143 4817 perpetuum
1193 4742 1547 4809 confirmata;
1591 4743 1755 4810 etiam
1796 4744 2101 4813 portionem

515 4829 582 4883 de
611 4831 729 4885 lacn
754 4833 849 4901 qui
873 4841 1100 4895 vocatur
1124 4831 1302 4899 Dulia,
1330 4846 1429 4889 nec
1466 4848 1576 4897 non
1603 4841 1658 4887 et
1683 4833 1958 4899 Cesinam,
1981 4848 2104 4903 qua:

516 4921 739 4989 ponitur
766 4924 821 4977 in
858 4922 1062 4991 Piretu,
1110 4933 1273 5001 atque
1312 4923 1501 4984 vineas
1550 4941 1671 4995 quae
1718 4934 1996 4995 ponuntur
2046 4924 2100 4979 in

524 5010 942 5081 Semproniam,
974 5016 1197 5086 insuper
1238 5025 1293 5071 et
1338 5024 1539 5072 terram
1574 5016 1727 5087 juxta
1779 5012 2099 5080 Piseariam,

522 5118 619 5157 seu
645 5104 834 5160 vincas
863 5120 987 5174 qua:
1030 5115 1310 5176 ponuntur
1336 5107 1389 5162 in
1417 5106 1740 5173 Cerbarola;
1776 5114 1831 5161 ct
1864 5104 1998 5160 alias
2018 5105 2102 5159 vi-

519 5206 649 5228 vuan
683 5208 804 5228 anon
826 5204 1031 5228 nnnnnl
1040 5212 1105 5228 ιη-

1129 5199 1180 5228 ἶνα
1206 5196 1517 5228 necnon-Inlue
1539 5216 1551 5227 ι
1584 5214 1682 5228 nnn
1713 5212 1820 5228 vanu
1845 5205 1893 5228 [τί
1927 5195 2105 5228 nncn‘a

2201 3661 2439 3702 massam
2472 3644 2779 3711 Caesanam,
2809 3657 2935 3699 cum
2969 3640 3181 3697 colonis
3213 3646 3271 3694 et
3308 3635 3624 3693 colonabus
3654 3634 3787 3697 suis,

2202 3737 2347 3792 sicut
2374 3735 2700 3792 Benedictus
2730 3733 3106 3805 Campaninus
3129 3728 3468 3786 monasterio
3497 3735 3600 3782 tuo
3621 3725 3790 3790 dedit,

2200 3829 2420 3899 quando
2452 3825 2679 3883 effectus
2712 3834 2799 3883 est
2839 3825 3180 3889 monachus;
3216 3829 3273 3877 et
3318 3827 3494 3876 totam
3546 3832 3791 3874 massam

2201 3916 2486 3983 Lnlianam
2522 3934 2647 3973 eum
2700 3915 2954 3986 castello;
3011 3913 3367 3970 Julian-ellum
3406 3926 3545 3967 cum
3578 3910 3791 3965 colonis

2201 4017 2256 4065 et
2284 4010 2603 4069 colonabus.
2647 4008 2889 4077 Itemque
2922 4007 3316 4062 conﬁrmamus
3364 4001 3464 4058 tibi
3494 4002 3700 4058 Casale
3726 4001 3792 4056 de

2204 4100 2407 4158 Solone
2444 4114 2571 4156 cum
2623 4100 2850 4156 castello
2887 4114 2988 4154 suo
3029 4097 3175 4168 quod
3218 4104 3448 4151 vocatur
3498 4094 3681 4151 Ponte
3726 4094 3791 4155 de

2200 4187 2387 4256 Nona;
2421 4190 2691 4261 simulque
2710 4188 2903 4244 Casale
2930 4186 3078 4257 quod
3104 4193 3332 4248 vocatur
3367 4183 3515 4239 Casa
3551 4182 3786 4239 Anicia.

2202 4275 2345 4344 Quin
2388 4277 2614 4348 insuper
2654 4274 3008 4338 concedimus
3042 4265 3142 4333 tibi
3173 4272 3459 4330 castellum
3499 4273 3657 4341 quod
3692 4287 3788 4327 vo-

2202 4379 2360 4437 catur
2389 4367 2718 4440 Longczzaa,
2762 4383 2890 4423 cum
2931 4366 3189 4429 omnibus
3237 4363 3355 4425 suis
3402 4364 3785 4434 pertinentiis,

2203 4466 2377 4533 silvis,
2413 4465 2642 4535 campis,
2675 4463 2865 4534 pratis,
2888 4461 3129 4532 pascuis,
3160 4458 3457 4517 arboribus
3478 4455 3786 4527 pomiferis,

2204 4555 2502 4613 fructiferis
2542 4536 2630 4611 vel
2658 4551 3018 4613 infructiferis
3039 4549 3245 4609 diversi
3264 4549 3502 4618 generis,
3518 4547 3785 4611 fontibus,

2208 4647 2341 4702 rivis
2374 4634 2533 4717 aqum
2562 4644 2840 4715 perennis,
2872 4641 3141 4707 :ediliciis,
3185 4638 3505 4710 parietinis,
3556 4639 3784 4710 cryptis,

2210 4740 2497 4805 arenariis,
2544 4748 2601 4793 et
2632 4753 2759 4793 cum
2821 4736 3113 4806 aquimolis
3156 4734 3302 4799 suis;
3346 4733 3632 4803 simulque
3672 4748 3784 4788 me-

2209 4831 2464 4886 dietatem
2490 4829 2712 4885 Castelli
2726 4826 2863 4884 Novi
2888 4844 3015 4884 cum
3043 4826 3159 4882 suis
3175 4826 3553 4896 pertinentiis;
3576 4835 3784 4882 eurum

2210 4937 2430 4992 quoque
2480 4929 2536 4980 et
2567 4935 2809 4977 massam
2857 4919 2915 4974 S.
2970 4918 3174 4975 Juliani
3231 4932 3357 4971 cum
3404 4917 3692 4987 pantanis,
3736 4926 3787 4971 et

2210 5013 2384 5078 silvis,
2411 5013 2573 5068 terris
2600 5012 2763 5076 cultis
2791 5021 2846 5066 et
2872 5010 3118 5075 incultis,
3150 5009 3290 5064 sicut
3314 5007 3623 5077 antiquitus
3648 5009 3785 5069 limi-

2204 5112 2319 5159 tata
2383 5103 2507 5170 fuit,
2552 5119 2679 5169 eum
2742 5102 3033 5158 medietate
3089 5098 3197 5155 laci
3237 5098 3495 5165 Borrani,
3538 5097 3788 5153 videlicet

2207 5210 2234 5228 σι
2282 5194 2463 5228 ηιιῖπηη
2510 5195 2679 5228 Ιηίονο
2710 5193 2913 5228 “cuman
2946 5191 3159 5228 ἸἾᾘΔνῖα
3241 5205 3269 5228 α
3324 5189 3571 5228 cantando
3623 5188 3785 5228 ‘QIBP‘
