3972 5390
200 404 307 464 713

1086 409 1449 469 ΕΡΙΒἸΌΕΑΞ
1488 403 2179 484 ΕΚΤΙῑᾹζΠΕϐΙδΤΒυδῒ
2202 400 2585 466 VACANTES.

3359 406 3464 465 716

575 521 970 581 ooniirm’anms
991 530 1087 581 tuo
1110 526 1785 591 venerabilimonasterto,
1818 533 1862 588 Α
1887 535 1997 594 que
2043 530 2258 592 portam
2312 518 2476 577 Urbis
2527 532 2652 591 qua:
2690 527 2920 577 vocatur
2951 517 3149 578 Sancti
3168 518 3320 578 Pauli
3340 535 3466 579 cum

199 621 256 670 et
285 613 721 673 corroboramus
769 616 1058 673 castellum
1110 616 1405 675 Passsrani
1453 633 1603 675 eum-
1626 632 1783 675 rocca

199 719 313 761 sua
347 713 412 765 οι
449 719 581 762 etim
609 707 869 765 omnibus
899 705 1003 765 sibi
1041 709 1459 781 pertinentibus.
1500 708 1787 780 Simulque

198 795 562 855 carendi-tus
606 798 703 854 tibi
749 814 969 857 noceam
1003 814 1128 873 qua:
1183 809 1410 857 vocatur
1442 800 1510 857 de
1549 800 1783 869 Guerro,

198 900 328 942 eum
366 888 633 946 omniims
656 889 780 946 suis
820 891 1196 961 pertinentiis,
1238 900 1406 964 atque
1440 892 1786 949 medietatem

197 977 412 1035 castelli
439 980 845 1051 quod‘vocatur
876 982 1168 1052 Columna,
1212 997 1340 1041 cum
1367 984 1625 1042 omnibus
1669 984 1787 1043 suis

98 1122 103 1123 ,
197 1069 553 1139 perunentils
622 1070 773 1130 intus
841 1073 921 1131 vel
964 1072 1100 1130 foris
1123 1114 1139 1141 ,
1199 1087 1327 1130 eum
1382 1074 1615 1132 ecclesia
1672 1082 1786 1132 tota

199 1156 390 1217 Sancti
417 1160 745 1230 Salvatoris,
780 1172 836 1219 et
864 1163 972 1220 alia
1002 1158 1469 1223 ecclesiaSaneta
1500 1164 1595 1223 Dei
1628 1165 1785 1238 genia

196 1248 358 1307 tricis
378 1248 577 1307 Maria:
594 1252 852 1322 positalin
879 1250 1118 1323 Oliveto;
1144 1263 1309 1329 atque
1334 1254 1567 1311 ecclesia
1598 1254 1785 1312 Sancti

196 1340 669 1413 Laurentii-qua)
710 1352 942 1401 vocatur
974 1343 1303 1414 Marmovio,
1353 1360 1479 1405 eum
1529 1345 1787 1403 omnibus

196 1432 318 1505 suis
371 1433 752 1504 pertinentiis;
810 1450 913 1492 nec
976 1452 1086 1495 non
1142 1446 1199 1494 et
1258 1439 1545 1495 castellum
1601 1437 1786 1497 Sancti

198 1523 473 1581 Victorini
493 1567 510 1593 ,
555 1541 683 1582 eum
723 1527 983 1585 omnibus
1020 1545 1143 1600 qute
1172 1530 1276 1586 sibi
1306 1531 1610 1602 pertinent;
1640 1540 1701 1589 et
1731 1532 1786 1588 in

195 1615 420 1674 civitate
453 1616 743 1676 Tiburtina
787 1622 1181 1680 monasterium
1228 1620 1415 1681 Sancti
1446 1623 1660 1696 Angeli,
1692 1624 1787 1695 qui

197 1718 433 1767 vocatur
473 1708 746 1784 Placiulc;
792 1729 1012 1773 roceam
1055 1730 1275 1788 quoque
1314 1713 1503 1773 Sancti
1536 1715 1789 1784 Joannis,

197 1808 579 1873 qna-vocatur
611 1805 980 1877 Camporacii,
1011 1823 1137 1865 cum
1181 1809 1439 1865 omnibus
1479 1808 1599 1866 suis
1620 1810 1789 1881 perti-

1886 611 2060 670 reditu
2088 626 2224 681 suo;
2273 611 2699 671 et-molasduas
2730 613 2793 671 in
2807 612 3247 671 IluviolAlmonis
3274 614 3469 671 subtus

1884 711 2131 774 pontem,
2186 717 2312 760 cum
2357 703 2592 763 ecclesia
2639 703 2824 761 Sancti
2848 722 2853 723 ί
2879 704 3144 773 Andreae;
3184 714 3471 778 totumque

1885 794 2187 853 castellum
2203 794 2390 853 Sancti
2428 794 2585 852 Pauli
2637 797 2788 869 quod
2821 806 3052 855 vocatur
3081 796 3470 871 Joannipoiim,

1887 898 2013 942 cum
2046 884 2365 957 molajuxta
2387 900 2482 953 se;
2518 884 2757 957 itemque
2786 896 2962 944 totum
2985 886 3269 943 castellum
3323 885 3473 958 quod

1886 986 2117 1033 vocatur
2143 975 2501 1045 Curcurlum,
2524 991 2649 1033 cum
2671 985 2825 1034 eurte
2838 976 3026 1036 Sancti
3048 976 3216 1035 Primi
3236 996 3251 1046 ;
3274 987 3328 1036 et
3345 991 3473 1035 eas-

1889 1075 2039 1124 trum
2064 1068 2211 1139 quod
2240 1077 2469 1125 vocatur
2494 1066 2677 1137 Polis;
2698 1078 2756 1126 et
2780 1068 3065 1126 caStelium
3084 1068 3231 1143 quod
3251 1078 3476 1125 vocatur

1888 1155 2312 1227 Fustinianum;
2343 1169 2399 1217 et
2440 1159 2729 1219 castellum
2766 1160 2916 1232 quod
2938 1169 3166 1218 vocatur
3184 1159 3474 1231 Gallicani,

1888 1249 2051 1307 sicuti
2074 1248 2400 1309 Theodorus
2445 1251 2515 1308 de
2536 1250 2739 1309 Butino
2782 1250 3039 1325 olimtibl
3076 1251 3257 1320 dedit;
3282 1252 3474 1309 civita—

1888 1349 1999 1397 tem
2022 1356 2153 1399 vero
2202 1341 2499 1413 Patricam,
2543 1357 2669 1402 eum
2726 1343 2988 1401 omnibus
3030 1344 3388 1415 appendiciis,
3421 1357 3478 1400 et

1889 1446 2015 1488 cum
2054 1441 2169 1489 tota
2213 1432 2446 1490 ecclesia
2497 1431 2685 1490 Sancti
2733 1432 3041 1501 Laurentii,
3085 1416 3247 1490 ﬂenti
3283 1433 3476 1490 beatus

1889 1522 2141 1582 Marinus
2162 1538 2301 1596 papa
2323 1523 2597 1583 concessit
2621 1524 2956 1583 monasterio
2981 1535 3109 1593 tuo;
3148 1535 3205 1581 et
3228 1534 3473 1583 montem

1888 1610 2131 1683 Porculi,
2179 1623 2344 1686 atque
2365 1612 2760 1672 monasterium
2803 1612 2991 1674 Sancti
3012 1613 3159 1672 Petri
3187 1615 3255 1673 de
3275 1614 3476 1684 Massa,

1888 1705 2056 1762 situm
2090 1705 2144 1762 in
2182 1705 2464 1779 territorio
2488 1706 2814 1767 Palestrino.
2854 1707 3096 1781 Itemque
3126 1710 3480 1768 concedimus

1891 1795 1988 1853 tibi
2030 1796 2286 1856 Sanctam
2308 1796 2560 1867 Mariam,
2594 1814 2719 1871 qum
2763 1800 3183 1873 cegnominatur
3224 1800 3480 1857 Domine-

195 1893 440 1962 nentiis;
472 1894 672 1953 Polum
703 1912 834 1954 vero
871 1898 939 1954 de
978 1895 1326 1957 Nomentana
1366 1914 1492 1956 cum
1527 1899 1788 1957 omnibus

1894 1886 2235 1958 Quo-Vadis,
2263 1898 2322 1947 et
2341 1898 2511 1948 totam
2540 1891 2816 1963 planitiem
2839 1902 2964 1949 ante
2980 1893 3181 1965 januas
3210 1891 3369 1950 dicta:
3386 1905 3481 1950 ce-

194 1983 318 2041 nis
338 1985 588 2043 ecclesiis
610 1996 776 2058 atque
798 1988 1173 2059 pertinentiis;
1208 1999 1452 2045 castrum
1476 1988 1790 2048 Rotundum

197 2090 326 2138 eum
358 2066 832 2155 ecclesiaSauetae
868 2074 1178 2152 Reparatze,
1213 2088 1378 2150 atque
1427 2080 1624 2139 silvam
1669 2096 1793 2153 qua

196 2175 435 2227 vocatu
477 2168 546 2224 de
595 2168 807 2237 Sancta
850 2169 1151 2242 Reparata;
1188 2171 1244 2227 in
1296 2171 1509 2230 Albano
1559 2170 1791 2231 fundum

196 2255 447 2314 'lribuni.
494 2256 640 2326 Quin
689 2268 748 2318 et
799 2258 1071 2318 donamus
1115 2260 1247 2330 tibi,
1297 2263 1516 2335 egregio
1570 2261 1790 2319 Doctori

195 2348 478 2420 genuum,
535 2357 784 2406 castrum
836 2350 1048 2407 Flaiani
1104 2366 1232 2411 cum
1287 2353 1406 2410 suis
1451 2354 1792 2424 pertinentiis

198 2438 351 2495 intus
383 2436 473 2494 vel
507 2436 681 2509 loris,
730 2448 895 2515 atque
946 2440 1231 2497 castellum
1279 2440 1629 2509 Vaccarieiae,
1663 2457 1791 2499 cum

196 2528 459 2588 summus
493 2530 613 2587 suis
654 2531 1033 2601 pertinentiis;
1062 2531 1304 2601 itemque
1344 2540 1587 2589 castrum
1621 2530 1793 2605 Hori-

194 2622 329 2693 inpo
375 2636 505 2679 cum
535 2622 796 2680 omnibus
836 2624 954 2680 suis
974 2622 1349 2695 pertinentiis;
1387 2632 1631 2681 castrum
1661 2637 1793 2680 vero

197 2713 608 2786 Leprouianum
654 2728 783 2771 eum
811 2715 1069 2789 omnibus
1107 2715 1223 2774 suis
1268 2714 1648 2785 pertinentiis;
1683 2723 1793 2770 ter-

384 2812 602 2875 partem
655 2803 897 2861 civitatis
948 2802 1298 2877 Scapranatte
1352 2819 1481 2861 cum
1534 2802 1793 2861 omnibus

198 2896 319 2952 suis
344 2896 727 2968 pertinentiis;
780 2896 1058 2955 civitatem
1091 2911 1222 2954 vero
1274 2897 1343 2954 de
1388 2895 1617 2953 Collinis
1665 2908 1791 2952 cum

196 2987 457 3045 omnibus
474 2987 593 3044 suis
620 2988 996 3059 pertinentiis;
1029 2996 1274 3044 castrum
1294 3001 1513 3059 quoque
1534 2985 1793 3043 Formelli

198 3081 612 3138 eumiomnibns
634 3081 753 3137 suis
765 3080 1142 3155 pertinentiis;
1175 3080 1407 3136 fundum
1436 3093 1659 3150 quoque
1678 3076 1794 3133 Ma-

197 3186 492 3240 eci-anum,
516 3155 763 3244 positum
782 3172 937 3243 juxta
974 3172 1263 3230 ecclesiam
1298 3169 1487 3227 Sancti
1519 3169 1790 3237 Cornelii;

200 3261 600 3318 monasterium
627 3262 820 3319 Sancti
852 3261 1130 3318 Benedicti
1164 3262 1233 3318 de
1271 3258 1439 3329 Nepe,
1465 3260 1707 3332 positum
1737 3260 1793 3316 in

199 3350 500 3420 Pentoma;
532 3367 933 3431 massamquaa
957 3361 1188 3409 vocatur
1225 3349 1527 3421 Ulmetum,
1555 3350 1792 3423 positam

199 3441 256 3496 in
307 3442 591 3498 territorio
627 3441 941 3514 Nepesino;
986 3442 1240 3499 similiter
1273 3457 1515 3499 massam
1544 3456 1669 3512 quae
1691 3455 1794 3497 vo-

200 3540 360 3588 catur
376 3526 623 3602 Meiana,‘
653 3533 892 3605 positam
931 3532 1090 3604 juxta
1115 3531 1447 3604 Nepesinam
1480 3531 1794 3599 civitatem;

200 3630 368 3694 atque
403 3624 590 3680 laeum
632 3624 730 3696 qui
776 3631 1005 3680 vocatur
1032 3622 1273 3691 Jamela;
1322 3622 1567 3693 itemque
1596 3634 1797 3690 conqe-

200 3713 387 3770 dimus
435 3714 570 3781 tibi,
624 3715 847 3786 egregio
898 3710 1122 3770 Doctori
1171 3711 1449 3787 gentium,
1506 3710 1798 3779 ecclesiam

202 3806 396 3862 Sancti
444 3793 714 3878 Stephani
744 3822 870 3863 cum
912 3806 1141 3864 castello
1183 3814 1240 3861 et
1274 3803 1458 3876 burgo
1499 3818 1622 3871 suo,
1640 3801 1799 3877 posi-

202 3905 317 3957 tam
366 3898 528 3969 juxta
582 3899 861 3955 civitatem
911 3898 1205 3967 Sutriuum
1231 3938 1249 3966 ,
1303 3912 1433 3952 cum
1485 3894 1799 3967 ωτι-ᾔδετεου

201 3991 405 4057 hortis,
453 3999 619 4065 atque
668 3990 1022 4057 molendinis,
1075 3989 1285 4055 vineis,
1328 3986 1563 4058 campis,
1584 3986 1800 4059 ,prati‘s,

198 4084 461 4153 pascuis,
519 4081 815 4138 arboribus
876 4079 1196 4153 pomiferis,
1246 4077 1547 4136 fructiferis
1586 4076 1671 4132 vel
1718 4075 1803 4130 in-

198 4166 526 4229 fruetiferis.
576 4170 693 4229 Nec
731 4186 845 4227 non
888 4180 945 4229 et
987 4170 1381 4231 conﬁrmamus
1427 4165 1804 4239 tibi-[fundum

196 4263 298 4334 qui
356 4271 591 4320 vocatur
634 4260 850 4332 Lubre,
898 4279 1027 4327 cum
1077 4263 1256 4320 vineis
1318 4270 1376 4319 et
1419 4258 1623 4332 pratis,
1677 4270 1805 4313 eum

198 4355 367 4416 tan-is
386 4354 951 4429 sementariciis,eum
972 4354 1259 4427 plantariis
1281 4362 1337 4411 et
1357 4351 1647 4424 paludibus
1667 4347 1803 4406 suis.

273 4445 953 4527 ltemquerconﬁrmamus
994 4444 1373 4503 htereditatem
1396 4458 1522 4523 qua:
1542 4441 1674 4513 olim
1702 4439 1811 4495 fuit

1893 1979 2094 2049 clcsim,
2119 1981 2211 2037 ubi
2255 1980 2492 2043 fullones
2516 1982 2844 2041 candiﬁcant
2872 1997 3106 2056 pannos,
3133 1997 3271 2040 cum
3298 1983 3503 2041 tribus.

1893 2071 2222 2129 molendinis
2263 2088 2388 2145 qua;
2439 2073 2640 2131 ibidem
2672 2083 2832 2144 sunt;
2863 2084 2920 2133 et
2969 2075 3313 2133 medietatem
3345 2075 3503 2135 circi.

1892 2178 2019 2221 cum
2053 2162 2316 2223 omnibus
2338 2168 2566 2237 cryptis,
2604 2164 2696 2223 ubi
2723 2166 2865 2222 lutea
2890 2180 3023 2223 vasa
3049 2176 3389 2238 coquuntur;
3428 2178 3501 2224 et

1847 2286 1860 2298 -
1891 2255 2168 2324 balneum,
2212 2256 2358 2328 quod
2404 2270 2553 2312 nunc
2593 2256 3133 2329 detinetﬁrcgorius
3173 2258 3240 2314 de
3270 2255 3485 2315 Tuscu-

1892 2346 2050 2415 lana;
2086 2345 2375 2403 ecclesiam
2401 2345 2703 2418 quoques.
2736 2347 3039 2405 Salvatoris
3060 2348 3115 2404 in
3146 2347 3322 2420 capite
3343 2363 3482 2420 pon-

1892 2437 1965 2494 tis
1994 2436 2051 2493 S.
2108 2435 2313 2507 Mariae,
2353 2452 2483 2505 eum
2504 2438 2673 2499 domo
2719 2438 2876 2512 ejus;
2915 2447 2988 2506 et,
3030 2438 3172 2495 infra
3197 2440 3387 2495 urbem
3430 2449 3487 2497 et

1894 2527 2169 2600 porticum
2201 2520 2260 2585 S.
2296 2527 2905 2603 Pet¢i,.quinquaginta
2943 2529 3295 2599 mansiones;
3320 2538 3491 2602 atque

1892 2619 2079 2678 decem
2100 2629 2156 2678 et
2173 2629 2299 2677 octo
2322 2620 2449 2685 fdas
2472 2621 2774 2683 salinarum
2798 2621 2855 2676 in
2875 2635 3073 2694 eampo
3101 2621 3168 2678 de
3190 2618 3407 2703 Satine;
3432 2631 3487 2677 et

1893 2711 2095 2780 casale,
2139 2711 2289 2783 quod
2339 2721 2570 2773 vocatur
2618 2712 2898 2781 Fulconis,
2943 2721 3116 2768 totum
3148 2728 3213 2768 ex
3250 2712 3485 2784 integro,

1894 2819 2071 2876 usque
2105 2804 2175 2860 ad
2192 2814 2416 2874 pontem
2445 2802 2595 2859 Metti
2634 2812 2891 2874 etusque
2916 2803 2985 2859 ad
3016 2802 3075 2859 S.
3105 2802 3367 2859 Leucium
3386 2822 3409 2871 ;η
3432 2813 3491 2858 et

1894 2903 2070 2960 totum
2094 2893 2508 2977 ,i’as’canorum,
2556 2902 2615 2952 et
2665 2900 2842 2952 totum
2893 2892 3191 2962 Quintum;
3223 2902 3280 2950 et
3315 2901 3513 2959 totam

1895 2986 2191 3051 Galleriam,
2208 3001 2334 3043 cum
2355 2985 2569 3063 colonis
2591 2993 2648 3043 et
2666 2985 2970 3043 eoionabus
2999 2984 3149 3052 suis;
3187 2995 3487 3056 auratasne-
3510 3033 3522 3040 .

1894 3064 2151 3138 dietatem
2174 3076 2412 3135 civitatis
2437 3075 2778 3133 Manturana:
2791 3085 2861 3136 et:
2871 3075 3049 3132 totius
3064 3062 3322 3134 territorii
3342 3075 3484 3146 ejus,

1897 3167 2266 3245 cunicslouis
2302 3177 2359 3226 et
2387 3167 2700 3227 eolonabus-
2720 3166 2863 3235 suis,
2916 3166 3087 3223 sicuti
3113 3182 3251 3239 papa
3285 3165 3489 3241 Agapi-
3520 3216 3523 3220 .

1822 3237 1864 3298 θ
1899 3270 1987 3318 tus
2010 3237 2159 3317 dedit
2186 3260 2525 3317 monasterio
2540 3266 2667 3326 tuo,
2683 3257 2779 3330 qui
2813 3267 2868 3315 et
2887 3237 3126 3315 alteram
3141 3237 3488 3314 medietatem
3523 3308 3533 3319 ι

1848 3384 1859 3401 ς
1896 3351 2123 3409 retinuit
2148 3351 2205 3408 in
2246 3350 2495 3409 dominio
2543 3364 2678 3421 suo;
2702 3358 2757 3406 et
2790 3350 3140 3407 medietatem
3163 3348 3353 3404 Fontis
3384 3345 3490 3403 Ve-

1896 3444 2062 3512 ποηίὶ
2102 3442 2341 3501 et-duas
2389 3441 2653 3503 ecclesias
2700 3441 2756 3497 in
2791 3440 3012 3509 collina,
3032 3440 3187 3511 juxta
3238 3436 3505 3493 Vaccari-v

1876 3536 2063 3607 .eiam,
2092 3549 2219 3591 cum
2249 3532 2506 3592 omnibus
2547 3532 2694 3591 villis
2734 3532 2873 3600 suis,
2923 3531 2977 3589 id
3022 3539 3109 3588 est
3151 3529 3210 3585 S.
3249 3528 3489 3586 Christi-

1899 3641 2025 3682 nam
2050 3635 2107 3683 et
2139 3625 2196 3682 S.
2224 3623 2455 3695 Luciani
2474 3643 2510 3695 ςο
2534 3633 2860 3696 οι-ψιεκιιοτ
2908 3637 3124 3679 massas
3157 3622 3214 3678 in
3238 3618 3493 3689 Nazzano

1899 3731 2076 3787 usque
2100 3716 2169 3774 ad
2201 3724 2418 3787 portam
2463 3716 2638 3787 ipsius
2670 3715 2882 3773 castelli
2925 3714 3075 3785 quod
3098 3720 3328 3768 vocatur
3352 3709 3491 3765 Naz-

1902 3822 2126 3876 zanum,
2151 3816 2208 3864 et
2248 3822 2426 3880 usque
2456 3806 2525 3864 ad
2572 3821 2759 3864 casam
2788 3814 3211 3872 murmuratam,
3253 3816 3491 3874 quorum

1901 3899 2126 3956 nomina
2153 3899 2270 3956 haec
2298 3906 2428 3955 sunt
2454 3916 2470 3954 :
2504 3897 2943 3964 Monumentum,
2987 3884 3359 3961 Priscianum,
3381 3890 3489 3948 Pa-

1902 3997 2234 4057 ramentum,
2284 3985 2970 4054 Caseantun,Casaretuii,
3019 3998 3190 4055 prope
3239 3990 3521 4043 montenu

1906 4079 2142 4148 Soracti,
2175 4094 2305 4137 cum
2348 4078 2560 4143 colonis
2600 4086 2664 4134 et!
2697 4076 3000 4134 colonabus
3022 4075 3158 4142 suis,
3186 4088 3309 4144 qm‘c
3342 4072 3523 4127 dedit-

1904 4168 2161 4226 Faruli'us
2185 4182 2372 4225 comes
2400 4168 2519 4237 tibi,
2559 4167 2654 4239 qui
2682 4167 3045 4237 sepultuscst
3076 4164 3130 4219 in
3154 4162 3492 4219 monasterio

1906 4268 2034 4328 tuo;
2082 4258 2323 4330 itemque
2363 4266 2537 4315 totum
2566 4272 2761 4329 agrum
2808 4254 3104 4320 Vcranum,
3146 4252 3238 4309 ubi
3261 4252 3490 4308 ecclesia

1909 4351 1970 4408 S.
2010 4349 2292 4406 Laurentii
2344 4348 2603 4420 martyris
2628 4348 2732 4405 sita
2766 4353 2870 4412 est,
2908 4358 3075 4415 quem
3095 4343 3494 4413 Constantinus

1898 4440 2204 4514 imperator
2238 4437 2338 4495 tibi
2366 4436 2583 4493 Doctori
2619 4434 2861 4507 gentium
2882 4433 3050 4501 dedit,
3075 4432 3167 4491 tali
3214 4441 3404 4488 tenore
3432 4439 3495 4487 ut

200 4536 269 4597 de
290 4526 471 4594 Guido
495 4520 565 4595 de
591 4536 773 4610 Sergi,
813 4546 1007 4609 postea
1044 4545 1226 4608 empta
1255 4550 1289 4592 a
1312 4520 1648 4597 monasterio
1671 4540 1802 4598 tuo;
1834 4574 1881 4631 Β
1908 4545 2005 4601 per
2038 4529 2482 4601 singulosannos
2505 4526 2759 4582 redderes
2792 4533 3066 4581 trecentos
3096 4520 3495 4631 quinquaginta

201 4641 461 4702 quartam
517 4630 735 4689 scilicet
766 4638 979 4701 partem
1013 4627 1387 4695 Castellionis,
1438 4641 1563 4691 sex,
1593 4622 1801 4697 pedicis

203 4732 363 4780 terra:
392 4721 825 4789 sementariciis,
840 4737 965 4779 cum
980 4720 1288 4787 vineis,seu
1305 4716 1615 4790 plantariis,
1637 4723 1802 4797 atque

201 4816 394 4887 pratis,
447 4824 615 4889 atque
658 4829 790 4870 eum
840 4822 995 4884 parte
1041 4821 1239 4883 quarta
1273 4809 1375 4866 rivi
1389 4806 1600 4876 Octavi,
1637 4815 1811 4877 atque

200 4907 487 4963 ecclesiam
512 4904 705 4962 Sancti
735 4900 986 4971 Joannis,
1010 4903 1244 4975 positam
1272 4901 1328 4956 in
1363 4899 1657 4970 {undequi
1699 4911 1800 4955 vo-

200 5007 359 5052 catur
382 4990 644 5065 Maliano,
666 5010 798 5053 cum
826 4995 948 5067 ipso
975 4993 1170 5062 fundo,
1184 4991 1357 5050 sicuti
1373 5007 1404 5047 a
1435 4990 1642 5055 sanctis
1664 5004 1803 5062 pon-

201 5089 444 5147 tiﬁcibus
489 5076 823 5146 concessum
863 5095 951 5144 est
997 5085 1128 5153 tibi;
1181 5085 1311 5140 item
1346 5083 1402 5139 in
1429 5082 1649 5149 civitate
1682 5078 1792 5137 110·

200 5182 417 5250 stiensi,
442 5166 743 5239 ecclesiam
779 5187 982 5236 sanetae
1012 5176 1292 5251 genitricis
1336 5173 1801 5237 Mariae..Dominte

200 5280 428 5339 nostrae,
474 5286 603 5328 cum
629 5271 752 5327 suis
779 5268 1157 5341 pertinentiis;
1186 5274 1247 5325 et
1274 5264 1432 5356 juxta
1475 5279 1646 5332 mane,
1679 5276 1797 5318 me-

1902 4622 2142 4689 solidos;
2199 4622 2311 4678 duo
2351 4633 2572 4691 quoque
2612 4617 2835 4683 castella
2870 4631 2995 4688 quae
3027 4614 3233 4673 detinet
3275 4611 3493 4683 liayne~

1903 4714 2039 4773 rius.
2075 4726 2283 4780 comes,
2328 4709 2475 4770 illitis
2522 4707 2729 4775 Vcillte,
2791 4708 2843 4763 id
2901 4716 2988 4763 est
3032 4720 3194 4762 mons
3234 4702 3406 4767 Pado,
3441 4711 3498 4758 et
3569 4751 3582 4762 .

1904 4805 2170 4877 Campum
2221 4799 2947 4870 lacmn,.Grossetanquze
2988 4795 3174 4854 omnia
3221 4792 3318 4849 tibi
3345 4791 3500 4848 dedit

1905 4897 2078 4956 beata:
2125 4892 2407 4952 memoritc
2445 4906 2589 4964 papa
2632 4888 2899 4958 Marinus,
2936 4902 3062 4946 eum
3101 4882 3499 4964 Elsajlajore,

1902 5004 2029 5063 qua:
2053 4994 2284 5044 vocatur
2303 4984 2526 5043 Crassa.

1972 5080 2213 5138 Tandem
2239 5077 2369 5148 quia
2391 5075 2719 5148 longtunest
2751 5073 2833 5130 ire
2859 5086 2960 5144 per
2991 5070 3230 5144 singula,
3252 5084 3507 5132 summa.

1903 5176 1999 5239 tim
2021 5171 2414 5232 conﬁrmamus
2434 5175 2490 5225 et
2516 5164 2950 5227 eorroboramns
2971 5164 3069 5223 tibi
3088 5172 3513 5234 tuoquectnno-

1903 5269 1997 5326 liio
2033 5267 2087 5324 in
2116 5270 2435 5337 perpetuum
2456 5255 2719 5330 quidquid
2747 5254 3135 5315 conﬁrmatum
3157 5262 3214 5311 et
3230 5258 3515 5319 eorrobos

2215 5354 2229 5380 2
2284 5359 2495 5380 anna-Ini
2539 5364 2637 5380 Mn
2699 5357 3116 5380 nnInMeeA-nnn
3180 5353 3518 5380 ηΛιΙρΛ-ι-ηνι
