3972 5390
502 402 609 460 7'17

1425 396 1480 452 S.
1522 393 1852 453 GBEGOBII
1890 391 1983 449 ΠΙ
2018 390 2223 447 PAPIE
2262 386 2545 445 OPEB'UM
2581 385 2764 442 IAﬁS
2798 384 2861 440 ιιι

3642 372 3771 435 ω

502 531 629 573 mus
670 515 831 572 etiam
890 522 949 568 ut
989 520 1183 567 cuncta
1227 513 1349 567 loca
1390 512 1621 577 urbana,
1665 511 1749 565 vel
1774 509 2069 573 rusticana,
2100 507 2147 563 A
2173 518 2387 559 summa
2422 517 2549 561 cum
2573 498 2846 571 diligentia
2865 495 3091 568 dignum
3120 492 3434 550 ministrum
3457 489 3767 559 adlegen-

501 606 561 662 id
588 612 675 662 est
702 613 904 671 curtes,
932 611 1166 669 massas,
1192 602 1416 670 casalia,
1458 602 1668 668 vineas,
1694 610 1868 656 terras
1889 600 2070 655 diver-

503 711 674 768 saque
698 696 898 766 praedia
922 695 1066 751 culta
1090 694 1174 749 vel
1199 694 1428 762 inculta,
1469 707 1595 749 cum
1620 693 1829 749 colonis
1850 699 1906 746 et
1932 691 2074 746 colo-

484 787 699 852 ,nabus,
722 785 892 843 servis
932 794 987 840 et
1006 784 1238 851 ancillis,
1276 800 1399 855 quae
1423 785 1492 840 ab
1508 784 1782 855 aliquibus
1826 781 2073 838 ﬁdelibus

502 875 828 936 Christianis
869 875 1043 929 cidem
1074 874 1407 930 monasterio
1426 889 1686 930 concessa
1720 882 1866 939 sunt,
1897 887 1994 927 seu
2019 879 2076 926 et

483 980 624 1035 .quae
644 981 675 1021 a
708 966 878 1021 beatae
902 965 1196 1032 memoriae,
1232 973 1356 1021 octo
1376 965 1623 1020 videlicet
1658 963 2071 1036 praedecessori-

502 1056 607 1111 bus
635 1057 839 1113 nostris
871 1057 1219 1127 pontiﬁcibus
1267 1056 1529 1128 Gregorio
1556 1057 1830 1128 quondam
1852 1056 2074 1111 doctore

501 1147 779 1215 mellilluo,
802 1157 963 1220 atque
984 1148 1163 1206 Leone
1182 1148 1274 1215 IV,
1297 1158 1458 1219 atque
1482 1148 1756 1220 Sylvestro
1770 1159 1824 1204 et
1844 1149 2072 1216 Marino,

500 1239 617 1295 sive
642 1254 672 1294 a
707 1238 886 1296 Leone
908 1254 1074 1308 nono,
1109 1249 1166 1295 et
1198 1240 1447 1310 Agapito,
1484 1249 1648 1311 atque
1683 1240 1981 1296 Paschasio
2023 1248 2077 1294 et

502 1329 828 1413 Alexandro,
857 1330 1082 1400 praefato
1103 1332 1434 1387 monasterio
1455 1348 1550 1403 per
1573 1333 1822 1403 praecepti
1851 1332 2075 1402 paginas

503 1434 765 1479 concessa
805 1430 860 1475 ct
892 1423 1215 1477 conﬁrmata
1250 1434 1397 1491 sunt,
1429 1433 1484 1480 et
1511 1425 1674 1480 etiam
1714 1439 1837 1495 quae
1856 1439 1951 1495 per
1972 1424 2074 1489 ali-

503 1526 617 1582 qua.
660 1512 962 1571 munimina
992 1514 1077 1569 vel
1101 1525 1366 1585 prarcepta
1421 1524 1827 1571 antecessorum
1857 1523 2074 1571 nostro—

503 1617 631 1658 rum
685 1603 752 1658 ad
788 1604 1037 1660 eumdem
1067 1604 1216 1675 pium
1258 1606 1439 1661 locum
1485 1606 1753 1676 pertinere
1803 1604 2073 1673 videntur,

502 1705 627 1747 cum
653 1708 853 1764 magna
877 1695 1170 1759 securitate
1203 1696 1493 1753 servitores
1526 1697 1603 1751 tui
1634 1697 1738 1751 loci
1764 1698 2078 1766 possideant

488 1782 557 1841 .in
582 1791 923 1853 perpetuum,
954 1794 1015 1840 ut
1037 1786 1175 1840 nihil
1196 1788 1422 1842 omnino
1459 1788 1526 1843 de
1558 1788 1628 1842 iis
1661 1802 1784 1858 quae
1816 1803 1847 1842 a
1869 1789 2075 1844 nostris

500 1873 991 1941 pmdeccssoribus
1030 1876 1114 1935 vel
1142 1877 1211 1933 ab
1248 1878 1523 1948 aliquibus
1566 1877 1734 1933 Deum
1758 1878 2075 1935 timentibus

500 1962 639 2018 inibi
672 1978 996 2020 concessum
1015 1968 1246 2033 est,ullo
1276 1970 1462 2035 modo,
1494 1969 1739 2039 qualibet
1760 1971 2071 2037 occasione,

501 2053 588 2108 vel
615 2055 927 2126 cupiditatis
967 2058 1206 2129 ingenio,
1240 2060 1475 2130 alicujus
1514 2061 1862 2116 discretionis
1892 2062 2071 2130 titulo,

492 2145 711 2215 scilicet
731 2147 799 2202 de
842 2148 1249 2209 haereditatibus
1284 2152 1458 2222 ipsius
1490 2153 1598 2208 loci
1635 2152 1861 2209 omnino
1888 2155 2072 2209 immi-

501 2247 723 2305 nuatur,
777 2239 1158 2299 interdicentes
1189 2259 1287 2313 per
1340 2253 1539 2300 saneta:
1592 2244 1851 2301 Romana:
1907 2247 2072 2313 sedis,
2111 2271 2115 2275 η

490 2343 668 2398 quam
690 2344 787 2387 vos
822 2330 942 2387 Deo-
959 2341 1181 2390 auctore
1206 2333 1496 2402 fundastis,
1520 2337 1922 2392 auctoritatem.
1948 2337 2072 2393 Sta-

493 2420 709 2483 ,tuimus
744 2421 968 2492 insuper
989 2433 1050 2478 ut
1071 2424 1176 2487 hoc
1211 2424 1497 2496 praefatum
1524 2427 1918 2482 monasterium
1940 2428 2075 2483 nulli

489 2511 657 2566 alteri
687 2513 929 2568 ecclesiae
961 2514 1441 2584 jurisdictionibus
1488 2517 1595 2572 nisi
1646 2516 1894 2573 Romano
1932 2534 2073 2589 pon-

500 2600 639 2665 tiﬁei
653 2603 1022 2669 submittatur.
1048 2605 1113 2663 Et
1135 2607 1496 2663 ideoomuem
1517 2609 1811 2679 cujuslibet
1833 2611 2077 2671 ecclesia;

503 2693 837 2750 sacerdotem
862 2695 919 2749 in
949 2698 1348 2766 prtenominato‘
1374 2701 1709 2756 monasterio
1756 2709 1811 2757 et
1843 2702 1898 2756 in
1936 2717 2074 2757 cun-

498 2784 604 2841 etis
627 2786 874 2853 ccclesiis
897 2788 1000 2844 sibi
1023 2791 1437 2860 pertinentibus,
1461 2793 1701 2863 qualibet
1732 2795 2073 2862 auctoritate,

500 2874 705 2941 habere
743 2878 1025 2948 ditionem,
1044 2889 1243 2952 praeter
1288 2893 1533 2941 nostram
1566 2885 1709 2941 sedis
1742 2887 2073 2955 apostolicae,

492 2967 877 3038 prohibemus,
933 2979 1097 3042 atque
1151 2973 1464 3032 terribiliter
1518 2975 1622 3031 sub
1670 2976 1842 3032 divini
1883 2976 2075 3047 judicii

502 3058 883 3128 obtestatione,
915 3072 1231 3134 nostraque,
1280 3065 1527 3128 videlicet
1561 3075 1670 3122 tam
1701 3066 1845 3122 Petri
1872 3078 2074 3138 ccapo-

501 3148 628 3204 sloli
672 3151 752 3205 tui
779 3167 1050 3223 quamun
1077 3164 1167 3219 tua
1198 3164 1484 3224 potestate,
1539 3158 1694 3225 mihi,
1719 3159 1970 3228 quamvis
1991 3159 2077 3213 iud
2102 3176 2143 3233 ρ

501 3237 686 3309 digno,
708 3242 925 3309 tradila,
950 3243 1347 3302 interdicimus.
1376 3247 1461 3315 Et,
1493 3248 1598 3303 nisi
1624 3264 1654 3303 a
1673 3258 1881 3305 rectore
1905 3250 2076 3319 ipsius

495 3328 585 3399 tui
610 3331 849 3399 praedicti
879 3337 1199 3393 monasterii
1230 3338 1398 3399 fuerit
1430 3334 1713 3406 invitatus,
1738 3356 1838 3396 nec
1877 3341 2075 3396 missa-

501 3433 629 3483 rum
657 3422 1055 3490 solemnitatem
1081 3427 1278 3487 ibidem
1309 3429 1435 3499 quis
1468 3446 1578 3484 non
1602 3440 1897 3499 praesumat
1933 3432 2076 3486 cele-

502 3506 665 3565 brare
694 3511 845 3566 omni
887 3515 1068 3569 modo.
1099 3515 1166 3571 Et
1214 3519 1526 3589 ubicunque
1576 3529 1630 3575 et
1682 3535 1715 3575 a
1755 3536 2081 3592 quocunque

497 3598 769 3671 episcopo
797 3604 1091 3670 servitores
1112 3608 1193 3662 tui
1240 3609 1512 3665 voluerint
1540 3610 1782 3667 ordinari
1805 3612 1873 3666 ad
1898 3613 2079 3667 diver-

506 3703 601 3767 sos
622 3692 1023 3751 ecclesiasticos
1045 3698 1285 3765 ordines,
1315 3700 1400 3755 vel
1426 3700 1621 3755 altaria
1653 3701 1941 3769 aediﬁcare,
1964 3703 2080 3758 sive

503 3780 747 3855 ein-iuno
784 3786 1103 3865 (suscipere,
1159 3789 1389 3845 liberam
1454 3791 1712 3847 habeant.
1742 3791 2077 3848 facultatem.

413 3926 423 3934 ,
504 3869 875 3933 Concedimus.
927 3877 1089 3947 etiam
1152 3887 1259 3934 tuae
1304 3889 1506 3943 sancta:
1566 3883 1971 3953 congregationi
2021 3893 2082 3939 ut

509 3962 695 4021 nullus
722 3965 1011 4036 episcopus
1037 3969 1236 4031 audeat
1274 3984 1545 4043 quemque
1570 3975 1963 4029 monachorum
1996 3976 2079 4029 vel

504 4050 853 4129 clericorum,
884 4072 982 4129 per
1008 4058 1221 4116 diversa
1248 4061 1388 4131 loca,
1410 4064 1665 4120 ecclesias
1684 4065 1862 4121 eidem
1892 4081 2078 4121 sacra-

504 4142 722 4210 tissimo
742 4153 838 4202 tuo
882 4148 1005 4214 loco
1037 4152 1330 4221 subiectas,
1365 4156 1861 4224 excommunicare,
1897 4159 1981 4213 vel
2012 4159 2080 4214 ad

506 4235 774 4308 synodum
803 4237 923 4297 sine
941 4239 1165 4301 licentia
1184 4243 1271 4310 sui
1294 4245 1499 4315 praelati
1523 4261 1840 4317 provocare.

575 4342 842 4403 Prmterea
891 4352 1241 4410 concedimus
1265 4354 1441 4411 cidem
1462 4360 1865 4431 congregationi
1899 4376 2080 4417 sacrae

507 4435 708 4493 tissimi
743 4440 822 4493 tui
862 4440 967 4497 loci
1019 4445 1279 4513 praedicti,
1322 4449 1688 4520 omnibusque
1738 4451 1871 4506 inibi
1914 4453 2078 4522 spiri-

507 4527 729 4583 tualitcr
746 4532 1044 4587 secundum
1086 4538 1349 4606 regulam,
1387 4540 1596 4596 scilicet
1624 4542 1765 4605 beati
1785 4544 2081 4610 Benedicti,

513 4620 799 4676 monachis
845 4623 940 4678 tibi
972 4626 1352 4697 servientibus,
1375 4638 1697 4701 petestatem
1725 4635 1956 4707 eligendi
1981 4636 2084 4692 sibi

508 4709 799 4776 specialem
842 4721 1132 4784 rectorem,
1163 4719 1282 4787 pari
1326 4721 1489 4777 modo
1537 4727 1923 4796 communique
1952 4742 2083 4782 con-

510 4798 657 4864 silio,
684 4801 751 4855 ad
785 4802 997 4860 laudem
1031 4806 1122 4862 Dei
1149 4818 1206 4863 et
1239 4811 1466 4867 salutem
1496 4829 1719 4870 suarum
1749 4817 2088 4887 animarum,

510 4903 579 4942 ex
597 4890 792 4945 eadem
808 4892 1051 4953 videlicet
1084 4904 1522 4974 congregatione,
1549 4906 1595 4960 si
1635 4907 1776 4963 inter
1801 4923 1898 4964 eos
1920 4906 2083 4964 fuerit

511 4978 769 5036 inventus
823 4985 917 5052 qui
956 4989 1274 5055 pmdictum
1319 4995 1713 5051 monasterium
1784 4999 2097 5054 secundum

512 5067 687 5125 Deum
712 5084 897 5138 regere
939 5078 1129 5143 possit.
1161 5079 1314 5154 Quod
1345 5083 1392 5139 si
1438 5082 1495 5137 in
1528 5085 1720 5140 eodem
1752 5088 2084 5143 monasterio

513 5173 627 5248 non
646 5156 822 5248 luerit
849 5161 1097 5223 inventus
1111 5170 1240 5227 dicti
1260 5174 1545 5244 regiminis
1557 5177 1848 5248 quisquam
1877 5180 2087 5248 specia-

510 5247 583 5303 lis
607 5246 862 5312 idoneus,
894 5254 1058 5312 quod.
1086 5264 1138 5312 te
1161 5272 1283 5312 cum
1315 5246 1805 5312 οτηηίιιιιςίςειηὶιιίς
1846 5246 2064 5312 tutam

2170 594 2302 650 dum
2333 593 2430 648 tibi
2473 590 2773 651 servientes
2789 590 2983 660 eligere
3010 595 3283 657 procuret.
3328 583 3625 647 Praeterea,
3650 593 3760 636 so-

2171 685 2410 743 cundum
2434 684 2539 743 hoc
2563 681 2903 754 privilegium
2922 682 3124 735 noStra',
3145 675 3508 742 auctoritatis,
3540 682 3596 728 et
3613 686 3760 743 pro-

2170 783 2290 846 pter
2316 774 2491 844 ipsius
2541 772 2774 829 cuanobii
2823 770 3189 836 devotionem,
3236 782 3404 837 quam
3438 764 3765 835 specialia

2171 866 2467 923 retinemus
2515 867 2571 919 in
2612 874 2665 920 te
2718 862 2974 930 maxime,
3017 859 3348 916 Praedicator
3389 856 3663 921 veritatis,
3694 862 3764 908 et

2171 961 2392 1026 propter
2414 953 2701 1009 utilitatem
2724 952 2869 1008 illius
2893 949 3233 1013 monasterii,
3255 963 3423 1019 quam
3444 961 3548 1017 per
3562 944 3759 1001 omnia

2172 1043 2649 1114 comprobavimus
2694 1050 2749 1098 et
2774 1040 3017 1112 quotidie
3045 1038 3490 1109 comprobamus,
3522 1034 3763 1089 remitti—

2172 1148 2297 1190 mus
2346 1140 2401 1190 et
2446 1132 2790 1204 indulgemus
2831 1140 2930 1187 tuo
2973 1128 3306 1185 monasterio
3331 1129 3386 1181 in
3423 1132 3759 1196 perpetuum

2174 1241 2335 1281 omne
2387 1224 2667 1282 servitium
2716 1223 2802 1279 vel
2838 1222 3059 1278 xenium
3121 1220 3268 1291 quod
3309 1215 3761 1274 antecessoribus

2174 1317 2378 1373 nostris
2401 1324 2456 1372 ct
2478 1317 2636 1372 nobis
2671 1315 2878 1371 solebat
2902 1312 3137 1385 persolvi
3177 1311 3244 1367 ad
3296 1308 3758 1366 consuetudinem

2174 1414 2494 1462 cteterorum
2535 1404 2991 1460 monasteriorum
3023 1400 3291 1456 Romanae.
3326 1398 3515 1463 urbis;
3570 1397 3653 1457 ita,
3693 1404 3764 1457 ut

2175 1511 2276 1551 nec
2301 1496 2511 1562 vinum,
2535 1510 2636 1551 nec
2669 1508 2900 1561 verrem,
2940 1508 3039 1548 nec
3058 1505 3302 1557 vaccam,
3335 1488 3448 1544 imo
3471 1485 3610 1541 nihil
3634 1499 3760 1539 om—

2175 1587 2306 1642 nino
2349 1587 2434 1642 vel
2469 1588 2611 1641 intra
2631 1593 2726 1641 aut
2752 1594 2907 1640 extra
2929 1581 3415 1653 Quadragesimam
3442 1576 3761 1648 persolvere

2175 1684 2420 1748 cogatur,
2449 1683 2543 1730 aut
2563 1673 2741 1730 facere
2770 1674 2975 1744 aliquid
3003 1673 3059 1729 in
3088 1668 3443 1729 Lateraneusi
3470 1665 3756 1722 servitium

2174 1768 2394 1838 palatio,
2417 1766 2521 1822 nisi
2549 1765 2688 1820 forte
2712 1763 3100 1820 voluntarium.
3130 1761 3320 1831 Sitque
3357 1776 3456 1831 per
3484 1760 3631 1821 hanc
3655 1771 3756 1821 uo-

2175 1869 2345 1927 stram
2403 1858 2728 1915 decretalcm
2786 1856 3041 1927 paginam
3104 1852 3415 1909 coenobium
3476 1860 3637 1905 tuum
3689 1847 3763 1903 ab

2175 1948 2325 2003 omni
2354 1947 2683 2014 conditione,
2736 1944 3051 2016 gravamine
3083 1944 3168 1999 vel
3216 1943 3395 1998 reditu
3442 1940 3758 1996 absolutum

2175 2047 2337 2109 atque
2385 2038 2743 2103 liberrimum,
2773 2035 3072 2092 secundum
3116 2033 3264 2105 quod
3285 2034 3425 2104 ipse,
3450 2032 3758 2088 libertatem

2176 2137 2333 2186 tuam
2385 2129 2577 2201 primis
2634 2137 2765 2196 tunc
2821 2127 3085 2197 apostolis
3140 2140 3469 2196 coaequans,
3529 2123 3759 2195 gloriam

2177 2228 2326 2277 tuam
2360 2235 2625 2277 evacuare
2640 2218 2961 2291 cogentibus
2996 2218 3339 2288 protestaris,
3377 2216 3608 2272 dicens:
3642 2212 3763 2268 Non

2175 2329 2290 2367 sum
2310 2311 2482 2367 liber?
2527 2327 2631 2366 non
2673 2308 3137 2381 sumapostolus?
3159 2308 3283 2379 plus
3332 2308 3483 2365 enim
3515 2306 3765 2362 omnibus

2175 2401 2428 2455 laboravi.
2467 2399 2625 2468 Quod
2678 2399 2726 2456 si
2754 2399 3047 2470 quisquam
3074 2399 3424 2466 temerarius,
3466 2398 3763 2469 ραι-γίνω-

2174 2493 2310 2549 dens
2343 2492 2440 2548 Dei
2470 2491 2810 2548 tremendum
2831 2490 3124 2561 judicium,
3152 2491 3258 2548 hoc
3281 2499 3486 2548 nostra
3519 2490 3763 2558 auctori-

2176 2583 2305 2640 tatis
2327 2598 2394 2639 ac
2413 2581 2723 2639 dilectionis
2745 2588 2803 2636 et
2823 2580 3129 2637 devotionis
3149 2595 3277 2651 erga
3311 2588 3365 2636 te
3388 2578 3761 2649 privilegium,

2176 2678 2258 2735 vel
2285 2677 2637 2746 antiquorum
2676 2683 2991 2740 nostrorum
3025 2673 3490 2743 prtedecessorum
3518 2671 3767 2737 deum,

2175 2767 2450 2833 minuerit,
2498 2766 2584 2821 vel
2624 2766 2915 2821 immutare
2954 2764 3023 2819 ad
3080 2762 3344 2819 damnum
3395 2760 3646 2817 cmobii
3686 2760 3767 2814 tui

2175 2857 2601 2929 praesumpserit,
2620 2855 2878 2911 omnibus
2912 2854 3121 2921 modis,
3162 2853 3308 2924 quod
3329 2863 3539 2919 contra
3568 2851 3770 2924 egerit;

2175 2956 2487 3013 evacuctur,
2523 2957 2687 3017 atque
2716 2944 3078 3000 anathematis
3108 2944 3315 3001 ultione
3336 2942 3617 3000 inuitatus
3634 2956 3763 3012 par-

2176 3047 2284 3094 tem
2311 3055 2437 3094 cum
2459 3036 2598 3093 Juda
2642 3036 2906 3093 traditore
2943 3034 3168 3101 Christi,
3218 3033 3327 3090 nisi
3362 3032 3685 3103 resipuerit,
3708 3031 3769 3085 in

2176 3131 2283 3186 ﬁne
2310 3128 2538 3185 extremi
2567 3127 2835 3183 examinis
2880 3127 3105 3194 habeat;
3128 3134 3184 3182 et
3225 3140 3321 3194 per
3352 3124 3767 3188 auctoritatem,

2176 3237 2341 3293 quam
2372 3220 2515 3277 Deus
2538 3220 2698 3275 beato
2720 3217 2924 3274 scilicet
2943 3216 3124 3283 Petro,
3152 3215 3470 3285 coapostolo
3492 3222 3614 3278 tuo,

2177 3328 2282 3382 que
2315 3312 2447 3368 etin
2500 3311 2641 3367 cmlo
2666 3318 2721 3365 et
2755 3309 2810 3363 in
2859 3318 3007 3364 terra
3057 3308 3260 3378 ligandi
3303 3314 3472 3376 atque
3519 3305 3769 3365 solvendi

2177 3402 2388 3469 tribuit,
2415 3402 2549 3469 sita
2576 3399 2855 3456 consortio
2888 3398 3135 3455 omnium
3176 3397 3418 3454 ﬁdelium
3446 3396 3765 3466 perenniter

2178 3492 2466 3559 exclusus;
2499 3490 2723 3559 insuper
2747 3497 2802 3545 et
2831 3497 3022 3545 nostro
3042 3488 3245 3559 palatio
3271 3496 3326 3543 et
3355 3496 3457 3549 tuo
3484 3494 3765 3544 monaste-

2177 3584 2260 3638 rio
2282 3591 2500 3639 centum
2529 3582 2697 3636 libras
2719 3581 2944 3652 pretiosi
2978 3580 3098 3635 auri
3133 3594 3465 3650 componere
3510 3586 3763 3650 cogatur,

2179 3682 2448 3743 quatenus
2468 3672 2645 3726 honor
2673 3671 2742 3726 ab
2770 3670 2918 3725 omni
2965 3668 3207 3725 Ecclesia
3258 3667 3356 3722 tibi
3390 3667 3640 3732 debitus,
3678 3666 3761 3720 di-

2179 3760 2544 3831 vinajuvantc
2570 3760 2763 3832 gratia,
2801 3759 2856 3813 in
2898 3758 3153 3814 omnibus
3174 3756 3525 3823 exhibeatur,
3552 3766 3611 3812 et
3645 3756 3764 3813 laus

2180 3848 2274 3915 Dei
2305 3848 2454 3908 omni
2491 3856 2733 3919 tempore
2780 3849 2833 3902 in
2874 3854 2972 3902 tuo
3010 3845 3386 3905 sacratissimo
3423 3846 3773 3905 monasterio.

2179 3942 2521 3997 laudabiliter
2547 3942 2866 3997 celebretur.

2252 4032 2523 4103 Scriptum
2546 4048 2641 4103 per
2665 4048 2860 4089 manus
2888 4030 3214 4102 Benjamini,
3248 4030 3452 4086 notarii
3486 4030 3633 4087 sacri
3669 4045 3762 4099 pa-

2180 4123 2313 4191 latii,
2339 4123 2393 4178 in
2417 4139 2604 4181 mense
2625 4122 2837 4192 Martio,
2863 4122 2951 4178 die
2976 4139 3096 4192 xm,
3129 4122 3425 4178 indictione
3446 4138 3466 4176 ι
3496 4121 3673 4191 (ﬁt).

2844 4210 3095 4283 LXXIX.

2393 4301 2739 4373 Privilegium
2762 4317 2856 4370 pro
2890 4301 3109 4356 ecclesia
3138 4300 3195 4356 S.
3223 4300 3543 4356 Audomari.

2713 4392 2872 4447 Anno
2940 4391 3225 4461 1077-85.)

2508 4482 2780 4556 [Mmmus,
2814 4482 2947 4553 Opp.
2988 4483 3208 4553 diplom.
3249 4480 3341 4548 IV,
3381 4479 3481 4557 5.]¹

2258 4574 2407 4630 Licet
2434 4574 2577 4630 hanc
2612 4582 2855 4629 sanctam
2883 4574 3181 4629 sedcm.....
3232 4560 3537 4628 Ecclesium
3578 4570 3767 4640 itaque

2185 4666 2328 4722 beati
2354 4665 2650 4721 Audomari
2688 4674 3094 4720 antecessorum
3172 4673 3493 4719 nostrorum
3538 4664 3760 4735 privile-

2186 4758 2288 4828 giis
2311 4758 2577 4829 munitam
2614 4764 2669 4813 et
2706 4771 2920 4812 summe
2960 4756 3392 4821 corroboratam,
3418 4753 3777 4819 auctoritatis

2183 4848 2347 4902 etiam
2369 4855 2569 4915 nostra
2593 4846 2895 4917 praesentia.
2910 4853 2965 4900 et
2991 4845 3303 4925 apostolicae
3329 4844 3617 4915 dignitatis
3635 4860 3758 4899 ceu-

2187 4953 2317 4993 sura
2367 4937 2810 5010 corroboramus,
2856 4944 2911 4991 et
2950 4934 3356 4990 corroborando
3375 4933 3678 5003 statuimus
3708 4941 3775 5005 ut.

2186 5026 2429 5099 ejusdem
2460 5014 2718 5083 Eeclesim
2740 5025 2936 5082 fratres
2970 5034 3025 5081 et
3067 5011 3316 5081 canonici
3350 5024 3764 5093 possessionum

2189 5133 2415 5173 suarum
2437 5118 2664 5173 liberam
2687 5116 3113 5171 dominationem
3152 5114 3527 5169 obtineant....
3556 5112 3759 5168 Statui-

2190 5224 2315 5256 mns
2358 5199 2617 5279 prmterca
2639 5208 2997 5279 prmsentibus
3028 5206 3299 5280 episcops
3330 5190 3621 5275 Gaulfrido
3662 5203 3761 5258 l‘a-

2462 5298 2554 5312 ni
2629 5299 2644 5312 ιι
2794 5296 2838 5312 ιτ
2914 5298 2926 5309 ι
3126 5297 3138 5308 ο
3203 5296 3239 5312 η
3389 5296 3404 5312 1
3501 5294 3538 5312 η
