3972 5390
238 331 338 386 729

1107 328 1464 386 ΕΡΙΞΤΟΙΑΕ
1507 331 1739 389 EXTRA
1782 335 2179 397 REGISTRUM
2220 341 2601 401 \‘AGANTES.

3377 324 3501 413 ἀπ’

228 447 375 501 ferre
399 443 621 508 audeat,
653 452 747 497 aut
768 443 822 497 in
844 437 1035 498 eorum
1065 445 1413 499 monasteriis
1443 460 1637 499 novam
1671 462 1804 502 con-
1834 454 1876 510 Α
1904 452 1958 505 in
1979 452 2200 509 Christo
2221 456 3016 520 fratriAltmanno,l‘atavicnsi
3037 463 3312 535 episeopo.
3335 465 3483 522 salu-

235 535 581 592 suetudinem
612 542 803 589 contra
838 536 1175 611 voluntltem
1196 550 1387 590 eorum
1412 536 1743 591 inducat.....

636 636 639 641 '
917 623 1129 679 LXXX.

234 714 556 786 Gregorius
605 714 716 769 VII
764 715 1069 781 Altmanno,
1146 718 1387 786 episcopo
1448 715 1803 781 Passavicusi,

305 784 648 868 rapiuntur»
668 786 1050 868 utittit,i.n‘qua
1086 786 1134 840 ci
1162 784 1385 856 rigorem
1413 803 1672 841 canonum
1709 804 1805 857 pro

301 863 529 923 tempore
555 857 700 924 ﬂecti
733 857 1011 925 permittit.
1044 875 1062 907 ι

775 946 954 1016 (Anno
988 946 1268 1019 1073-85.)

235 1018 392 1109 [γεω
418 1036 722 1103 Altmauni,
754 1038 891 1093 Acta
927 1037 1026 1094 ss.
1073 1018 1352 1106 Boltaud.,
1379 1041 1516 1109 Aug.
1562 1037 1807 1110 11,574.]

302 1126 611 1185 Caesonius
632 1129 939 1201 episcopus,
956 1146 1146 1188 servus
1168 1146 1449 1187 servorum
1471 1130 1588 1197 Dei,
1609 1131 1807 1186 dilecto

1913 550 2021 597 tem
2059 554 2113 599 et
2136 548 2491 615 apostolicam
2523 550 2967 607 benedictionem.
3018 606 3021 611 .

1985 678 2061 733 Ex
2100 697 2211 751 quo
2236 697 2264 735 a
2298 682 2454 738 nobis
2480 682 2773 751 dicessisti,
2806 686 2969 742 frater
3003 689 3342 763 charissime,
3378 692 3485 748 ali-.

1916 771 2131 840 quoties
2166 772 2376 843 legatus
2417 791 2482 829 ex
2516 783 2611 830 tuo
2647 779 2866 834 nomine
2916 780 2981 836 ad
3018 796 3116 837 nos
3160 782 3484 851 venissem»

1910 877 2241 921 minimus...

1658 1420 2061 1534 DU'BIA.

900 1718 1133 1774 LXXXI.

300 1828 536 1902 Gregorii
589 1829 705 1886 VII
752 1832 1085 1904 privilegium
1120 1851 1216 1904 pro
1243 1835 1561 1888 monasterio
1606 1831 1733 1886 Viu-

859 1904 1151 1959 docinensi.

432 2016 441 2021 ν
745 1992 925 2065 (Anno
991 1994 1280 2065 1073-85.)

363 2080 615 2153 [Latmon
647 2081 814 2155 0pp.,
846 2093 978 2140 tom.
1003 2085 1093 2153 Ill,
1124 2096 1265 2157 part.
1299 2103 1337 2153 ι,
1357 2104 1480 2158 pag,
1510 2086 1661 2159 567.]

218 2180 221 2181 '
291 2169 602 2227 Gnenouus
628 2175 940 2244 episcopus,
970 2191 1162 2231 servus
1196 2192 1477 2233 servorum
1515 2176 1631 2242 Dei,
1654 2175 1800 2249 One-

224 2275 344 2316 nico
366 2262 645 2333 religioso,
670 2264 855 2321 abbati
893 2268 1219 2323 venerabilis
1243 2267 1561 2323 monasterii
1594 2267 1799 2322 Vindo-

222 2354 478 2421 cilensis,
507 2358 841 2428 cunctisque
859 2360 1272 2417 successoribus
1305 2360 1427 2431 ejus
1469 2359 1668 2415 ibidem
1710 2373 1812 2422 re-,

215 2445 479 2516 gulariter
505 2448 896 2516 promovendis
924 2451 978 2505 in
1004 2459 1345 2521 perpetuum.

283 2535 459 2593 Iustis
480 2537 841 2608 petitionibus
871 2550 925 2597 et
943 2542 1110 2613 quieti
1136 2558 1418 2599 servorum
1450 2541 1544 2597 Dei
1586 2542 1799 2612 prospi-

218 2628 493 2686 cientibus
533 2640 855 2701 competens
907 2641 963 2689 et
1006 2633 1182 2690 facilis
1229 2635 1454 2690 debetur
1515 2647 1794 2687 assensus.

213 2717 559 2791 Qﬂapropter
606 2725 1004 2778 monasterium
1034 2734 1235 2781 sanctae
1264 2733 1318 2779 et
1350 2723 1643 2779 individua:
1675 2722 1797 2777 Tri-

215 2809 424 2876 nitatis,
454 2812 597 2881 apud
649 2822 894 2870 castrum
934 2815 1293 2872 Vindocinum
1336 2816 1522 2880 situm,
1576 2814 1720 2885 quod
1766 2830 1796 2869 a

216 2901 335 2957 suis
393 2901 813 2974 fundatoribus,
861 2906 1133 2963 Gaufredo
1189 2908 1395 2963 scilicet
1458 2905 1797 2961 nobilissimo

214 2990 637 3064 Andegavorum
674 2998 893 3063 comite,
923 3006 975 3053 et
1012 2999 1218 3071 Agncte
1244 2998 1582 3054 nobilissima
1620 2997 1794 3052 comi-

212 3080 367 3147 ﬁssa,
394 3085 630 3157 conjuge
650 3087 793 3156 ejus,
821 3069 1081 3151 oblatum
1108 3089 1166 3143 Β.
1197 3089 1359 3143 Petro
1404 3089 1663 3143 Romanae
1688 3087 1791 3143 Ec-
1821 3069 1862 3127 (ἶ

213 3172 395 3230 etesia
430 3176 491 3230 in
544 3176 791 3234 alodium
829 3188 879 3233 et
920 3181 1310 3250 patrimonium
1354 3181 1627 3247 novimus,
1680 3188 1792 3234 tam

211 3263 365 3333 juxta
397 3275 589 3323 votum
629 3269 981 3325 fundatorum
1033 3272 1203 3342 ipsius
1260 3273 1388 3338 loci,
1419 3286 1584 3342 quam
1626 3271 1797 3325 etiam

215 3358 472 3414 omnibus
497 3360 662 3430 hujus
697 3362 805 3416 loci
858 3362 1144 3419 abbatibus
1175 3364 1458 3418 ecclesiam
1494 3363 1555 3417 Β.
1593 3363 1793 3419 Prisczn

212 3460 338 3504 cum
355 3449 626 3521 dignitate
648 3453 932 3521 cardinali,
946 3456 1118 3510 sancti
1140 3454 1594 3525 Spiritusjudicio
1613 3454 1795 3509 decer-

216 3550 424 3609 nentes,
439 3550 503 3598 ut
514 3544 664 3599 nulla
676 3546 931 3616 deinceps
943 3548 1309 3603 ecclesiastica
1325 3547 1665 3603 smcularisve
1678 3562 1793 3617 per-

214 3646 344 3688 sona
356 3636 677 3704 pradictam
691 3637 957 3694 B.Prisca:
966 3639 1248 3694 ecclesiam
1262 3655 1357 3694 seu
1370 3639 1611 3693 ecclesiae
1623 3639 1793 3710 digni-

209 3732 372 3779 tatem
385 3726 468 3782 eis
482 3727 702 3784 auferre
714 3728 954 3799 qualibet
965 3730 1248 3786 occasione
1260 3740 1571 3801 praesumat.
1589 3730 1791 3785 Statui-

213 3830 334 3873 Ius
346 3817 515 3873 etiam
530 3829 613 3884 ut,
632 3820 895 3875 defuncto
917 3821 1108 3876 abbate
1131 3821 1304 3892 ipsius
1315 3822 1652 3888 monasterii,
1667 3826 1799 3877 suc-‘

213 3919 404 3964 cessor
414 3909 467 3963 ei
482 3909 993 3981 eligaturdeeadem
1007 3912 1444 3984 congregatione,
1458 3913 1504 3967 si
1523 3920 1699 3967 tamen
1714 3913 1792 3967 di-

212 4011 345 4067 gnus
360 4007 558 4055 sancto
578 4000 845 4071 regimine
869 4001 1197 4056 inveniatur.
1210 4002 1364 4069 Quod
1382 4003 1635 4073 sidiguus
1647 4003 1788 4072 apud

208 4101 423 4145 eosnon
444 4090 616 4146 fuerit
637 4090 914 4158 inventus,
942 4093 1088 4162 quod
1104 4093 1266 4148 absit!
1283 4109 1313 4148 a
1332 4092 1614 4160 Cluniaco,
1637 4090 1791 4150 seua

208 4179 395 4251 lajori
416 4182 779 4250 Honasterio,
802 4185 886 4237 vel
914 4185 1275 4255 undecunque
1303 4185 1495 4241 melius
1512 4194 1786 4255 poterunt,

207 4283 501 4343 procurent
546 4275 806 4330 monachi
856 4275 959 4329 sibi
1009 4275 1223 4331 Patrem
1270 4266 1568 4332 secundum
1617 4276 1793 4333 Deum

205 4365 421 4437 eligere,
456 4381 568 4421 non
617 4375 807 4422 tamen
858 4366 975 4422 sine
1023 4367 1187 4423 trium
1215 4368 1475 4441 abbatum
1533 4368 1785 4443 consilio,
1821 4399 1865 4453 Ι)

204 4475 341 4530 quos
361 4459 738 4531 religiosiores
759 4458 828 4514 de
849 4459 1042 4515 vicinis
1062 4461 1200 4516 locis
1246 4460 1446 4515 habere
1502 4468 1780 4529 poterunt.

201 4535 421 4606 Electus
449 4559 656 4617 autem,
682 4566 756 4605 ne
783 4551 966 4605 statim
1004 4549 1235 4606 Romam
1283 4552 1469 4606 venire
1507 4552 1782 4622 latigetur,

201 4658 585 4714 aquocunque
622 4642 863 4699 voluerit
878 4642 1150 4698 catholico
1188 4644 1445 4713 episcopo
1497 4659 1786 4698 consecra—

203 4735 401 4791 tionem
428 4735 697 4806 suscipiat
722 4752 736 4788 :
761 4734 956 4790 electio
981 4750 1110 4789 vero
1131 4735 1215 4789 vel
1254 4735 1525 4789 ordinatio
1551 4736 1784 4805 qualiter

202 4826 340 4883 facta
364 4828 547 4883 fuerit
565 4827 1094 4884 studeantmonaehi
1120 4843 1270 4899 papae.
1293 4828 1489 4883 litteris
1507 4828 1779 4892 intimare,

201 4928 258 4973 ut
286 4927 391 4975 aut
404 4920 746 4986 emendet,si
777 4932 920 4988 Opus
947 4918 1115 4979 fuerit
1150 4918 1567 4983 emendandum,
1595 4927 1690 4973 aut
1734 4917 1780 4972 si

202 5008 363 5065 fuerit
404 5012 708 5067 secundum
756 5010 931 5065 Deum
966 5019 1022 5064 et
1040 5020 1289 5067 nostrum
1328 5009 1605 5065 decretum
1638 5009 1778 5065 facta

201 5102 389 5157 electio
412 5102 531 5158 sive
564 5101 930 5167 consecratio,
970 5102 1113 5157 bono
1143 5100 1326 5158 studio
1350 5102 1781 5171 congratulctur

204 5194 338 5222 ,ολδ-ι
356 5194 478 5222 :nnn
504 5195 860 5222 ηΑηΩ-Μλοιηε
907 5192 1257 5222 ηηηὶιιῖοιξ-η-οιι
1296 5192 1457 5222 Λθῖηω
1499 5201 1556 5222 ιιι

1836 1722 1878 1775 Β
1903 1715 1971 1771 de
2024 1722 2246 1770 moneta
2288 1713 2533 1785 ejusdem
2588 1716 2795 1786 patriar,
2842 1718 2984 1774 sicut
3014 1717 3297 1789 :statutum
3331 1724 3418 1777 est
3453 1739 3484 1778 a

1905 1806 2288 1863 fundatoribus
2318 1807 2441 1874 loci,
2467 1807 2525 1862 Β.
2560 1806 2721 1863 Petro
2749 1810 2898 1865 reddi
2923 1826 3019 1880 per
3040 1827 3489 1883 unumquemque

1905 1899 2409 1955 annumvolumus.
2434 1898 2593 1965 Quod
2613 1901 2661 1955 si
2685 1900 2826 1955 forte
2855 1902 3067 1973 legatus
3091 1902 3350 1958 Romana:
3378 1903 3487 1959 lca

1904 1990 2083 2044 clesiae
2103 1990 2474 2059 supradictum
2504 1989 2563 2045 Β.
2603 1990 2750 2047 Petri
2770 1993 2951 2047 locum
2974 1993 3198 2050 visitare
3227 1995 3480 2062 voluerit,

1904 2080 1979 2135 ibi
2000 2095 2125 2137 cum
2150 2082 2417 2136 cbaritate
2442 2083 2793 2153 suscipiatur,
2828 2090 2884 2139 et
2922 2100 3047 2154 qua:
3069 2086 3288 2155 corpori
3319 2086 3486 2141 eru’nt

1901 2172 2209 2229 necessaria
2236 2173 2288 2228 ei
2324 2189 2354 2228 a
2375 2172 2637 2229 fratribus
2652 2175 2958 2246 diligenter,
2985 2176 3142 2245 juxta
3161 2176 3267 2231 loci
3301 2177 3482 2247 possi-

1901 2262 2189 2330 bilitatem,
2206 2264 2586 2321 ministrentur
2618 2284 2631 2319 :
2665 2266 2781 2335 ipse
2794 2281 2925 2321 vero
2952 2266 3007 2321 in
3022 2267 3214 2322 eodem
3232 2267 3358 2323 loco
3376 2252 3473 2321 lni-

1900 2353 1977 2408 hil
1998 2369 2095 2425 per
2122 2355 2491 2426 seeorrigere,
2528 2370 2707 2427 neque
2725 2357 3016 2413 occasione
3065 2357 3353 2429 legationis
3391 2374 3481 2414 re-

1900 2454 2105 2502 ctorem
2134 2447 2241 2503 loci
2284 2448 2370 2505 vel
2409 2448 2609 2505 fratres
2635 2448 2926 2505 molestare
2951 2456 3277 2519 priesumat;
3301 2450 3397 2505 sed
3427 2451 3493 2505 si~

1899 2538 2031 2607 quid
2055 2539 2253 2595 viderit
2274 2540 2683 2609 corrigendum,
2720 2555 2873 2611 papa
2913 2540 3110 2596 litteris
3136 2542 3392 2597 intimare
3410 2542 3483 2596 li-

1898 2630 2057 2684 cebit.
2084 2629 2218 2685 Illud
2243 2630 2404 2685 etiam
2430 2630 2840 2698 conﬁrmamus,
2860 2640 2922 2686 ut
2948 2634 3104 2688 locus
3136 2631 3324 2687 Sancti
3362 2631 3483 2687 εει-τ

1899 2721 2120 2785 vatoris,
2154 2737 2324 2791 prope
2370 2737 2560 2777 muros
2602 2721 2912 2793 Andcgavis
2950 2732 3329 2789 constructus,
3376 2723 3483 2779 sub

1896 2812 2230 2868 monasterio
2274 2812 2657 2869 Vindocinensi
2703 2829 2921 2883 semper
2970 2822 3208 2881 maneat,
3238 2830 3337 2870 nec
3381 2815 3481 2870 ali-

1895 2905 2116 2974 quando
2140 2904 2212 2960 ibi
2240 2904 2536 2961 ordinetur
2570 2906 2770 2975 aliquis
2797 2914 2978 2961 rector
3031 2906 3116 2961 vel
3156 2907 3481 2976 pmpositus

1897 2996 2004 3052 nisi
2025 2996 2305 3052 voluntate
2340 2996 2555 3052 abbatis
2582 2996 3019 3053 Vindocinensis.
3048 2997 3161 3051 lloc
3180 2998 3370 3069 etiam,
3389 2999 3476 3053 di-

1894 3087 2019 3143 vina
2044 3087 2164 3142 fulti
2195 3088 2411 3155 ﬁducia,
2437 3090 2734 3159 apostolica
2758 3089 3083 3145 auctoritate
3099 3091 3477 3160 prohibemus;

1895 3194 1963 3233 ne
1986 3178 2043 3232 in
2080 3177 2464 3235 Vindocinensi
2485 3181 2758 3247 emnobio,
2790 3197 2886 3236 seu
2918 3181 2973 3235 in
3004 3181 3263 3251 pmdicta
3291 3180 3487 3237 Sancti

1896 3268 2193 3326 Salvatoris
2214 3270 2469 3337 ecclesia,
2519 3271 2653 3325 nulli
2680 3287 2920 3342 unquam
2950 3287 3200 3343 persona:
3238 3272 3343 3327 nisi
3372 3273 3479 3328 soli

1892 3376 2045 3431 papa:
2091 3361 2253 3417 liceat
2274 3368 2600 3431 potestatem
2630 3363 2872 3432 aliquam
2910 3371 3007 3417 aut
3047 3363 3478 3419 dominationem

1890 3467 2164 3520 exercere,
2178 3462 2273 3508 aut
2288 3454 2764 3509 exeommunicare
2784 3470 2879 3509 seu
2901 3453 3247 3521 interdicere,
3260 3454 3475 3510 etiamsi

1890 3542 2245 3599 Camotensis
2262 3544 2344 3599 vel
2367 3543 2775 3615 Andegavensis
2804 3545 2981 3615 patria
2998 3546 3475 3601 exeommunicata

1890 3633 2055 3689 fuerit
2081 3644 2176 3691 aut
2196 3635 2514 3701 interdicta;
2545 3638 3051 3693 exeommunieatos
3077 3646 3258 3692 tamen
3289 3652 3478 3693 mons-

1891 3727 1979 3781 chi
2003 3743 2111 3785 non
2134 3727 2456 3797 suscipiant.
2487 3725 2599 3783 Nos
2620 3736 2807 3783 autem
2829 3744 2896 3784 ea
2915 3744 3040 3800 qua:
3064 3730 3135 3785 ab
3184 3729 3319 3800 ipsis
3349 3729 3501 3783 fult--

1888 3819 2173 3874 datoribus
2199 3820 2285 3874 vel
2303 3819 2374 3873 ab
2394 3819 2519 3875 aliis
2547 3821 2796 3888 personis
2819 3835 2997 3891 usque
3018 3821 3086 3874 ad
3133 3822 3280 3876 hunc
3321 3821 3503 3876 dient'

1888 3909 2065 3963 eidem
2091 3908 2213 3963 loco
2240 3908 2421 3963 oblata
2448 3916 2597 3975 sunt,
2618 3918 2806 3963 nostra
2829 3909 3154 3963 auctoritate
3182 3912 3480 3964 ﬁrmamus

1888 3999 2372 4056 etcorroboramus
2391 3998 2447 4053 in
2468 4007 2787 4068 perpetuum
2818 3999 2931 4068 juri
2958 3999 3201 4069 ejusdem
3228 4000 3332 4055 loci
3355 4001 3482 4055 sine

1887 4091 2249 4146 diminutione
2280 4090 2365 4144 vel
2385 4089 2627 4159 qualibet
2667 4090 3011 4144 detractione
3057 4090 3372 4159 persistant.
3412 4088 3475 4142 In

1888 4182 2088 4251 quibus
2109 4182 2225 4239 haec
2263 4180 2498 4251 propriis
2536 4180 2654 4234 visa
2689 4187 2820 4234 sunt
2846 4179 3198 4249 exprimenda
3233 4178 3500 4234 nomini-n

1888 4272 2032 4330 bus:
2063 4271 2303 4328 Ecclesia
2335 4270 2516 4327 sancti
2535 4268 3016 4341 GeorgiiOleronis
3039 4268 3094 4324 in
3126 4270 3305 4326 insula
3341 4284 3475 4326 cun

1889 4380 2085 4435 magna
2112 4372 2265 4435 parte
2302 4362 2547 4432 ejusdem
2582 4361 2796 4429 insulse,
2818 4362 3049 4419 ecclesia
3076 4361 3255 4417 Beata:
3282 4360 3498 4419 Maria}.

1890 4448 1958 4512 de
1983 4456 2178 4515 Castro
2200 4453 2494 4527 Oleronis,
2527 4453 2759 4511 ecclesia
2787 4455 2962 4510 sancti
3009 4451 3219 4510 Nicolai
3248 4453 3315 4508 de
3343 4450 3467 4508 Ole-
3492 4472 3499 4499 ›

1890 4562 2045 4612 rone,
2088 4547 2319 4602 ecclesia
2358 4545 2537 4601 Beata:
2569 4544 2753 4602 Mariae
2793 4546 2863 4602 de
2905 4545 3197 4617 Surgeriis,
3234 4544 3476 4603 ecclesia

1885 4634 2069 4691 Sancti
2092 4636 2336 4706 Sepuleri
2372 4636 2442 4691 de
2470 4636 2838 4708 Balgentiaco,
2866 4638 3095 4694 ecclesia
3137 4636 3501 4707 parochialis'

1885 4727 2069 4784 Sancti
2101 4729 2397 4787 Clementis
2444 4730 2512 4786 de
2562 4730 2844 4791 Credone;
2881 4741 2938 4784 et
2986 4743 3181 4786 omnes
3226 4728 3477 4786 ecclesiae

1882 4836 2004 4890 qua:
2026 4821 2170 4877 infra
2207 4822 2372 4891 hujus
2408 4822 2615 4878 decreti
2664 4823 2863 4892 pagina
2909 4823 3180 4886 continet,
3206 4827 3321 4875 tam
3373 4819 3481 4878 tibi

1880 4932 2047 4987 quam
2068 4916 2282 4972 cunctis
2307 4914 2402 4985 qui
2430 4916 2489 4970 in
2515 4932 2585 4972 eo
2602 4931 2717 4986 quo
2760 4931 2822 4970 es
2858 4917 3059 4975 ordine
3083 4912 3479 4981 successerint,
3504 4950 3511 4959 .

1880 5010 1936 5067 in
1984 5016 2309 5081 perpetuum
2357 5008 2625 5063 servanda
2667 5005 3046 5067 decernimus.
3072 5006 3134 5062 Si
3199 5004 3328 5072 quis
3350 5019 3519 5061 vero:

1872 5108 2099 5174 magum,
2113 5098 2481 5165 sacerdotum,
2510 5099 2856 5163 clericorum,
2876 5098 3163 5169 iudicum,
3187 5104 3287 5150 aut
3310 5111 3490 5153 saeuu-

3129 5189 3175 5218 ζα
3232 5187 3491 5218 Ἇαηῖησιυιι

1877 5193 2069 5222 1η..2.....
2128 5204 2485 5220 “(unaunam-uva
2559 5192 2699 5220 ..ιιι-ιη
2748 5194 3120 5220 ΛΛηοοὲιμιεριι
