3988 5328
521 332 623 393 731

1435 341 1497 403 8.,
1531 342 1858 405 GBEGORII
1899 346 1997 403 VII
2028 347 2233 411 ΡΑΡιΕ
2270 348 2556 408 OPERUM
2595 349 2775 409 PARS
2810 351 2887 415 ΙΙ..

3693 352 3792 412 πε

522 481 631 539 que
651 467 709 523 in
733 477 981 535 extremo
1011 473 1263 533 examine
1296 474 1558 541 districta
1579 479 1781 541 ultioni.
1802 482 2097 554 subjaceat.

2206 464 2461 521 decessor
2489 450 2858 538 Leodegarius
2896 474 2952 522 et
2992 465 3085 521 alii
3125 466 3559 538 pradecessores
3584 468 3792 527 firmius

520 552 746 614 Cunctis
769 567 951 614 autem
987 560 1163 617 cidem
1188 563 1311 618 loco
1321 563 1474 634 justa
1498 569 1843 650 servantibus
1883 552 1956 627 sit
2000 588 2105 644 pax

2208 557 2588 627 obtinuerunt,
2616 558 2690 613 ita
2725 559 2821 614 tibi
2868 557 3086 629 tuisque
3128 561 3543 628 successoribus
3589 561 3794 632 absque

521 644 739 704 Domini
766 651 941 706 nostri
971 650 1134 709 Jesus
1169 652 1395 723 Christi,
1421 666 1483 715 ιιι
1524 658 1613 714 hic
1658 644 1898 717 Imaum
1947 664 2107 721 bona,
2208 648 2317 704 ulla
2353 648 2749 720 inquietatione
2804 666 2900 708 seu
2948 651 3330 718 diminutione,
3366 651 3623 707 obtinere
3660 665 3792 706 con-

520 740 751 797 actionis
782 740 1140 813 percipiant,
1177 754 1234 801 et
1279 749 1424 818 apud
1477 750 1800 809 clementem
1858 751 2103 812 Iudicem

519 833 741 903 pramia
765 842 981 917 aeterna
1005 837 1156 907 pacis
1178 839 1478 896 inveniant.
1601 840 1605 844 ’

589 922 786 979 Datum
809 925 1085 996 Laterani,
1105 946 1202 1000 per
1213 946 1409 989 manus
1430 931 1599 1003 Petri,
1621 945 1823 995 sancta
1844 937 2105 998 Romana

518 1013 775 1073 Ecclesia
792 1019 1093 1092 presbyteri
1133 1023 1447 1086 cardiualis.

1179 1156 1440 1217 LXXXII.

448 1278 457 1285 -
517 1241 867 1329 Con/irritatio
902 1248 1178 1329 primatus
1221 1248 1476 1329 Ecclesia!
1515 1251 1844 1329 Viennensis,
1889 1263 1940 1310 et
1974 1271 2102 1329 con-

586 1317 752 1369 cessio
775 1317 1197 1399 privilegiorum,
1233 1323 1563 1391 conﬁrmatis
1586 1325 1654 1379 iis
1686 1341 1805 1396 qua:
1830 1317 1872 1379 ἀ
1894 1327 2100 1395 prinde-

591 1386 885 1442 cessortbus
914 1391 1254 1460 pontiﬁcibus
1283 1392 1455 1448 eidem
1478 1411 1725 1460 concessa
1757 1405 1900 1451 sunt.

1056 1481 1238 1555 (Anno
1262 1484 1546 1557 1875—85.)

516 1567 927 1641 momentum,
956 1571 1171 1630 Bullar.
1186 1574 1542 1720 ggnkrtint.
1591 1577 1839 1649 Collect.,
1863 1587 1996 1637 tom.
2031 1578 2100 1649 ll,

582 1749 907 1815 (insecutus
924 1755 1242 1831 episcopus,
1278 1771 1471 1815 servus
1499 1773 1782 1815 servorum
1816 1759 1932 1827 Dei,
1963 1759 2099 1816 Wa-

2204 739 2484 810 cedimus;
2529 741 2624 797 sed
2651 748 2723 811 et,
2755 741 3027 801 abbatiam
3058 740 3116 797 S.
3181 740 3344 805 Petri;
3388 739 3531 802 foris
3542 796 3547 801 ,
3582 750 3792 812 portam

2207 827 2430 888 Vienna
2469 830 2654 898 sitam,
2690 840 2745 886 et
2766 830 2908 886 infra
2958 830 3205 888 eamdem
3245 831 3436 887 urbem
3460 830 3531 887 S'.
3566 832 3795 889 Andrea

2204 920 2471 989 abbatias,
2507 937 2675 977 unam
2719 921 3115 978 monachorum
3154 930 3210 977 et
3228 923 3458 978 alteram
3489 923 3794 980 sanctimo—

2204 1012 2430 1068 nialium
2456 1032 2472 1082 ;
2509 1028 2610 1069 nec
2636 1012 3046 1069 non-abbatiam
3074 1013 3253 1070 sancti
3285 1012 3608 1081 Theudor-ii,
3630 1030 3797 1085 quam

2203 1100 2347 1157 idem
2377 1101 2706 1157 venerabilis
2733 1100 3033 1157 confessor
3050 1102 3355 1170 adilicavit,
3380 1102 3491 1172 iuri
3519 1100 3797 1165 Vienna:-

2204 1192 2282 1250 sis
2316 1190 2574 1249 Ecclesia
2602 1208 2700 1266 per
2725 1193 2909 1248 omnia
2939 1193 3214 1265 subjectas
3243 1208 3367 1248 esse
3407 1207 3535 1247 non
3566 1191 3796 1247 dubium

2201 1292 2305 1341 est.
2362 1282 2422 1338 In
2486 1282 2821 1340 Romancnsi
2873 1299 3093 1356 quoque
3132 1282 3396 1353 Ecclesia,
3441 1282 3705 1355 quamvis
3741 1297 3799 1340 se

2202 1373 2393 1431 fulciat
2426 1383 2629 1431 nostra
2664 1375 2951 1443 libertatis,
2998 1374 3135 1431 visis
3168 1383 3351 1431 tamen
3394 1375 3794 1446 imperatorum

2199 1467 2502 1541 praeeptis,
2537 1475 2647 1522 tam
2683 1468 2739 1522 in
2764 1467 3118 1524 sacularibus
3141 1483 3307 1539 quam
3350 1467 3407 1522 in
3447 1465 3800 1538 regularibus

2200 1560 2503 1629 canonicis,
2529 1576 2625 1632 per
2645 1559 2938 1616 consilium
2951 1558 3141 1616 vicarii
3164 1558 3337 1616 nostri
3358 1557 3614 1630 IIugenis
3634 1556 3799 1614 Dien—

2200 1655 2279 1711 sis
2305 1654 2567 1726 episcopi,
2601 1653 2734 1710 inibi
2768 1653 3037 1711 ordinatis
3068 1653 3167 1711 tibi
3199 1653 3421 1724 tuisque
3452 1651 3796 1708 successori-

2200 1746 2325 1814 bus,
2351 1747 2405 1801 in
2437 1747 2692 1803 omnibus
2716 1762 2938 1804 omnem
2971 1755 3299 1819 potestatem
3331 1745 3537 1802 habere
3562 1753 3795 1816 aposto-

510 1854 764 1900 auuunno
801 1830 1098 1903 venerabili
1125 1846 1305 1916 fratri,
1320 1846 1625 1910 Viennensi
1664 1851 2097 1923 archiepiscopo,

2206 1840 2308 1895 lica
2352 1840 2676 1896 auctoritate
2704 1840 3070 1897 decernimus.
3103 1839 3377 1908 Quoniam
3423 1828 3618 1911 igitur,
3663 1838 3795 1897 dile-

509 1937 567 1988 ct
590 1945 688 2001 per
716 1947 847 1988 eum
869 1934 1051 2005 ipsius
1065 1938 1501 2008 successoribus,
1518 1948 1575 1996 et
1597 1939 1894 1999 Viennensi
1928 1944 2100 2001 eccle-

509 2021 628 2088 sia,
656 2022 711 2078 in
734 2035 1088 2096 perpetuum.
1875 2080 1879 2085 .

580 2111 721 2169 Cum
766 2130 836 2172 ex
882 2118 1391 2189 apostolicasedis
1437 2122 1832 2192 moderamine,
1874 2124 2100 2183 cuiDeo

505 2211 733 2260 auctore
785 2207 1164 2277 prasidemus,
1215 2211 1463 2267 omnium
1512 2228 1637 2283 qua
1685 2229 1917 2284 usquam
1970 2223 2100 2271 sunt

506 2293 878 2353 Ecclesiarum
903 2314 1092 2367 curam
1120 2317 1328 2372 gerere,
1363 2312 1418 2366 et
1442 2313 1623 2360 tamen
1647 2304 1754 2362 illis
1775 2321 1878 2363 nos
1898 2321 2101 2364 convc-

505 2388 590 2444 rrit
615 2388 918 2461 invigilare,
951 2401 1011 2448 ut
1051 2401 1108 2453 et
1129 2394 1197 2450 de
1240 2393 1485 2465 ipsarum
1515 2395 1733 2466 juribus
1753 2398 1902 2468 quod
1935 2399 2100 2456 modo

503 2478 648 2538 forte
665 2480 999 2539 diminutum
1019 2485 1183 2543 estin
1202 2486 1479 2557 reliquum
1506 2488 1891 2546 inviolabiliter
1907 2499 2101 2547 custon

506 2569 721 2639 diatur,
749 2588 970 2631 omnem
1001 2585 1248 2637 nostram
1271 2578 1697 2645 sollicitudinem
1734 2580 1803 2637 iis
1841 2582 2101 2640 exhibere

502 2678 629 2733 qua
654 2664 988 2738 principales
1033 2683 1100 2724 ac
1131 2669 1397 2740 speciales
1421 2671 1548 2727 lilia
1567 2680 1772 2728 sancta
1792 2673 1936 2730 sedis
1965 2690 2101 2746 apo-

503 2756 712 2815 stolica
753 2767 808 2815 et
846 2760 1190 2830 appellantur
1217 2770 1283 2816 et
1316 2762 1561 2819 existunt
1583 2805 1599 2832 ,
1629 2772 1685 2819 et
1713 2764 1945 2821 aliarum
1981 2765 2096 2837 pri-

501 2856 715 2907 matum
753 2851 1039 2911 continent
1086 2851 1483 2911 Ecclesiannn.
1530 2854 1755 2911 Certum
1792 2857 1994 2928 quippe
2012 2867 2099 2915 est

503 2937 871 3021 Viennensem
894 2942 1198 3000 Ecclesiam
1235 2945 1401 3016 hujus
1423 2946 1572 3003 sedis
1605 2949 1964 3005 concessione
1997 2966 2096 3006 su-

498 3046 599 3101 per
654 3043 863 3109 septem
919 3036 1232 3106 provincias
1289 3037 1587 3108 primatum
1649 3047 1854 3108 tenere,
1918 3041 2096 3112 ipsam

501 3121 890 3196 Viennensem,
914 3126 1234 3197 Bituricam,
1263 3128 1646 3202 Burdegalam,
1669 3131 2093 3201 Auxionensem,

499 3231 626 3288 qua
638 3219 944 3290 appellatur
956 3219 1496 3292 Novem-Populana,
1521 3221 1858 3292 Narbonem,
1883 3222 2098 3295 Aquen-

500 3318 694 3373 semet
721 3309 1104 3382 Ebrudunum,
1150 3313 1207 3369 in
1251 3314 1456 3386 quibus
1492 3313 1793 3371 Viennensi
1823 3315 2094 3386 archiepi-

500 3414 564 3456 sc
600 3416 691 3469 po,
736 3401 896 3473 juxta
942 3402 1155 3462 Nieolai
1197 3405 1501 3475 decretum,
1541 3406 1775 3462 Romani
1823 3408 2096 3477 pontiﬁcis

498 3488 649 3546 vices
669 3507 852 3563 agere,
902 3503 1207 3552 conventus
1247 3497 1458 3553 scilicet
1498 3498 1789 3570 synodales
1833 3498 2093 3570 indicere,

498 3587 556 3635 et
572 3580 701 3652 jura
742 3585 1117 3645 ecclesiastica
1159 3586 1310 3656 iuste
1351 3604 1418 3645 ac
1445 3589 1771 3660 regulariter
1794 3574 2096 3661 apostolica

500 3673 829 3733 auctoritate
857 3692 1188 3735 concessum
1228 3688 1316 3738 est
1365 3680 1613 3737 delinire.
1664 3681 1780 3740 Hoc
1820 3685 2012 3757 utique
2037 3687 2095 3743 in

499 3762 797 3836 privilegiis
838 3767 1017 3824 eidem
1076 3768 1337 3827 Ecclesia
1387 3787 1419 3827 a
1477 3774 1844 3833 sanctissimis
1887 3776 2110 3848 prade—v

497 3856 813 3913 cessoribus
852 3859 1058 3917 nostris
1082 3860 1298 3919 collatis
1339 3862 1613 3934 habetur;
1654 3867 1759 3923 hoc
1794 3883 2016 3940 quoque
2037 3869 2095 3925 in

496 3945 781 4021 privilegio
812 3949 982 4009 beata
1024 3953 1304 4010 memoria
1331 3954 1534 4014 Leonis
1577 3972 1730 4029 papa
1758 3960 2091 4018 continetur.

497 4035 580 4109 Ex
602 4055 712 4110 quo
735 4040 909 4111 liquet
927 4042 1232 4117 privilegio,
1258 4055 1315 4102 et
1339 4048 1465 4105 aliis
1493 4051 1912 4121 quampluribus
1933 4062 1989 4110 et
2008 4054 2095 4113 bis

496 4130 854 4201 authenticis,
890 4135 1237 4206 supradictas
1266 4152 1341 4194 vn
1364 4142 1681 4211 provincias
1715 4144 1785 4200 ad
1820 4143 2093 4202 Viennen-

497 4221 577 4278 sis
596 4220 856 4281 Ecclesia
895 4227 1262 4300 privilegium,
1301 4240 1492 4304 utpote
1533 4250 1566 4290 a
1605 4235 1937 4294 beatissimis
1961 4253 2098 4310 apo-

498 4313 658 4370 stolis
677 4314 840 4372 Petro
867 4329 924 4373 et
943 4316 1117 4375 Paulo
1146 4320 1408 4391 fundata,
1431 4324 1580 4395 juste
1611 4334 1669 4383 et
1694 4328 2094 4386 rationabiliter

496 4407 789 4476 pertinere.
822 4408 891 4465 Et
939 4411 1007 4467 ad
1036 4421 1365 4483 potestatem
1393 4402 1641 4487 ejusdem
1692 4421 1957 4489 ecclesia,
2007 4438 2094 4479 se-

2200 1930 2445 1987 ctissime
2498 1930 2684 1998 frater,
2747 1930 2843 2002 qui
2896 1931 3081 1987 divina
3132 1930 3493 2001 dispositione
3544 1929 3803 2000 eiusdem.

2200 2018 2458 2076 Ecclesia
2479 2019 2732 2092 regimini
2764 2035 2957 2092 praes,
3002 2029 3101 2084 tua
3121 2020 3431 2077 veneranda
3457 2019 3804 2090 religiosius

2201 2108 2272 2165 ab
2292 2109 2600 2179 apostolica
2636 2110 2764 2166 sede
2809 2110 3090 2166 humiliter
3132 2110 3432 2181 postulavit
3460 2117 3524 2165 ut
3564 2110 3790 2181 antiqua

2200 2200 2486 2272 privilegia
2523 2217 2566 2259 a.
2599 2203 2807 2263 sanctis
2848 2203 3344 2274 pradecessoribus
3385 2203 3598 2258 nostris
3623 2218 3791 2258 sacra

2201 2290 2317 2347 sedi
2349 2289 2572 2348 Vienna
2613 2291 2811 2347 tradita
2836 2280 3332 2360 conﬁrmaremus;
3386 2292 3657 2362 quoniam
3707 2307 3791 2347 res

2198 2381 2362 2453 digna
2396 2382 2701 2452 petebatur,
2727 2384 2806 2442 tui
2837 2383 3126 2440 dilectione
3159 2400 3287 2441 cum
3320 2383 3571 2455 ejusdem
3608 2382 3792 2455 Eccle-

2200 2474 2297 2532 sia
2335 2475 2515 2532 debita
2568 2476 2835 2531 cbaritate
2869 2475 3101 2532 libenter
3143 2476 3461 2531 annuimus.
3498 2473 3789 2549 Privilegia

2200 2566 2368 2638 igitur
2395 2574 2470 2623 et-
2497 2567 2834 2638 pradia,.vel
2870 2568 3033 2624 bona.
3067 2583 3190 2639 qua
3217 2584 3248 2623 a
3288 2569 3453 2627 beato
3500 2556 3791 2639 Silvestre,

2199 2657 2381 2714 Leone
2412 2666 2467 2714 et
2485 2656 2732 2726 Nicolao,
2765 2666 2819 2714 et
2847 2658 2917 2714 ab
2941 2673 3135 2714 eorum
3170 2660 3614 2730 successoribus,
3650 2665 3789 2721 vela

2200 2747 2574 2803 Romanorum
2639 2747 3083 2817 imperatoribus,
3136 2744 3245 2804 seu
3306 2746 3654 2819 Francorum
3711 2754 3792 2808 vel

2198 2839 2527 2911 Burgundia
2576 2839 2819 2910 regibus,
2873 2838 3129 2896 Ecclesia
3181 2848 3291 2897 tua
3339 2850 3487 2898 sunt
3528 2842 3660 2897 data
3709 2844 3793 2919 vel

2201 2930 2435 2998 reddita,
2459 2931 2852 2991 conﬁrmamus
2885 2939 2941 2986 et
2963 2931 3260 3002 apostolica
3292 2934 3627 2989 auctoritate
3656 2950 3794 3005 pra-

2198 3021 2339 3077 senti
2387 3020 2668 3091 privilegio
2719 3022 3144 3079 corroboramus
3170 3040 3195 3092 ς
3244 3038 3318 3079 ex
3366 3032 3638 3096 partequa
3670 3025 3795 3093 ,Dci

2198 3110 2589 3183 omnipotentis
2634 3119 2690 3168 et
2721 3112 2877 3171 beati,
2916 3112 3062 3169 Petri
3112 3115 3505 3186 apostolorum.
3526 3117 3795 3190 principis

2198 3203 2545 3273 praeipimus
2574 3211 2643 3260 ut
2660 3201 2862 3259 futuris
2902 3203 3239 3275 temporibus
3266 3204 3524 3277 deinceps
3556 3205 3721 3273 ﬁrma
3743 3215 3797 3262 ct

2196 3292 2527 3351 incouvulsa
2562 3301 2923 3365 permaneant
2980 3303 3036 3350 et
3081 3293 3609 3353 incommutabiliter
3658 3286 3793 3355 con-

2197 3385 2412 3441 sistant.
2460 3383 2518 3439 Si
2563 3385 2689 3457 quis
2713 3385 3096 3457 autem'bujus
3139 3386 3407 3458 privilegii
3438 3374 3641 3457 nostri,
3668 3382 3795 3459 san:

2187 3477 2433 3534 ctionem
2466 3476 2771 3545 violaverit,
2808 3477 2913 3534 nisi
2949 3477 3242 3549 resipuerit
3287 3486 3344 3533 et
3383 3476 3551 3550 digna
3574 3476 3797 3539 satisfas

2196 3571 2376 3630 ctione
2398 3570 2792 3639 emendaverit,
2812 3571 2883 3626 sit
2905 3570 3139 3627 extorris
3172 3586 3204 3627 a
3230 3585 3399 3644 regno
3414 3564 3610 3638 Dei,et
3632 3571 3794 3643 digne

2195 3662 2760 3727 excommunicatione
2812 3663 3106 3719 damnatus
3139 3662 3208 3718 ab
3252 3661 3504 3722 Ecclesia
3546 3661 3646 3718 Dei
3679 3661 3791 3717 cili,

2196 3752 2374 3811 ciatur
2424 3762 2740 3823 extraneus,
2785 3761 3169 3827 perpetuaeque
3226 3745 3509 3826 subjaeeat
3561 3753 3792 3825 maledi:

2195 3845 2385 3905 ctioni.
3168 3846 3169 3849 “
3390 3918 3395 3919 ί
3502 3916 3505 3919 Α
3770 3904 3779 3909 ,

2264 3933 2401 3990 Data
2423 3951 2520 4006 per
2551 3950 2777 3990 manum
2803 3933 2949 3990 Petri
2967 3921 3300 4003 cancellarii,
3316 3954 3355 3991 ιι
3376 3935 3565 3992 Nonas
3590 3935 3789 4009 Martii,

2195 4038 2342 4079 anno
2363 4023 2579 4077 Domini
2601 4022 3002 4081 lucarnationis
3024 4022 3182 4093 1077,
3210 4024 3509 4081 indictione
3531 4042 3625 4093 xv,
3648 4040 3789 4103 anno

2193 4115 2543 4187 pontiﬁcatus
2564 4114 2751 4171 domui
2772 4114 3019 4187 Gregorii
3055 4112 3147 4169 VII
3176 4113 3281 4171 PP.
3313 4131 3389 4171 1v.

2846 4222 3137 4284 LXXXIII.

2197 4312 2448 4385 Epistolu
2474 4315 2714 4387 gregarii
2748 4314 3192 4387 γΙΙ-αάηριεηιιη
3225 4325 3278 4372 et
3327 4317 3587 4387 populant
3635 4317 3790 4379 Vien-

2266 4388 2442 4441 nensis
2468 4384 2742 4458 Ecclesia.
2766 4384 2925 4441 —De
2952 4386 3268 4458 Warmundi
3292 4384 3549 4458 electione
3579 4389 3637 4441 in
3658 4392 3790 4458 ipso:

2270 4473 2388 4510 rum
2436 4456 2886 4528 archiepiscopum
2937 4456 3242 4527 gratulatur
3258 4500 3274 4523 ,
3327 4456 3686 4528 hortaturque
3732 4465 3788 4510 ut

497 4503 741 4598 cundum
779 4506 1064 4598 antiquam
1106 4509 1491 4566 auctoritatem
1530 4512 1763 4584 catalogi
1806 4531 1841 4569 χ
1889 4523 1945 4570 et
1977 4533 2095 4585 vni,
2131 4514 2174 4569 Ι)
2422 4503 3681 4598 deiﬁﬁi‘ii’kapéiﬂa'iiiJViétﬂi
3702 4503 3787 4583 et:

498 4592 807 4663 pertineant
832 4613 848 4662 ;
877 4595 1161 4653 deﬁnitum
1196 4608 1282 4655 est
1307 4609 1369 4655 ut
1391 4616 1468 4655 vn
1498 4601 1696 4673 oppida
1719 4604 1803 4660 vel
1825 4605 2095 4673 civitates,

499 4682 911 4758 Gratianopolis
936 4687 1209 4758 videlicet,
1240 4689 1508 4758 Valentia,
1543 4702 1599 4749 et
1620 4691 1740 4764 Dia,
1768 4695 1904 4750 Alba
1928 4695 2094 4751 Viva-

500 4773 671 4842 rium,
718 4774 1062 4848 Tarentasia,
1115 4781 1354 4852 Geneva,
1401 4782 1745 4855 Maurienna,
1798 4786 2094 4847 Viennensi

498 4864 759 4925 Ecclesia:
810 4871 1031 4930 interim
1062 4875 1325 4948 subjecta
1353 4888 1731 4948 permaneant,
1760 4879 1936 4937 donec
1969 4897 2094 4952 qua

498 4957 737 5013 residua
757 4972 906 5031 sunt,
949 4966 1154 5024 certius
1183 4967 1447 5025 discussa
1473 4977 1530 5024 et
1556 4970 1772 5040 plenius
1794 4973 2089 5040 ventilata,

495 5047 606 5103 sub
632 5055 903 5119 potestate
928 5052 1260 5113 Viennensis
1279 5056 1538 5114 Ecclesia
1560 5059 1895 5132 redigantur.
1920 5060 2093 5117 Porro

498 5136 880 5195 Tarcntasiam
936 5143 1014 5198 ita
1062 5160 1277 5218 semper
1333 5150 1438 5205 sub
1476 5150 1714 5222 primatu
1768 5150 2093 5208 Viennensis

781 5243 1104 5282 aerumnam
1127 5235 1473 5282 deem-nimus:
1526 5241 1669 5282 simul
1703 5258 1731 5282 ει
1767 5241 1974 5282 cont-lic
1995 5240 2095 5282 pa-

2270 4595 2448 4652 etesia:
2470 4595 2690 4652 ablatis.

2704 4688 2886 4759 (Anno
2919 4687 3276 4758 1075-1085.)

2350 4777 2446 4852 [D.
2471 4777 2748 4848 Bouous'r,
2782 4778 3015 4848 Recueil,
3045 4789 3178 4836 tom.
3203 4778 3345 4848 XIV,
3375 4795 3432 4851 p.
3470 4779 3641 4854 609.]

2265 4866 2576 4925 Caesonius
2604 4869 3085 4942 (422)episcopus,
3127 4885 3323 4933 servus
3351 4885 3647 4927 servorum
3664 4870 3789 4941 .Da',

2194 4958 2343 5014 clero
2380 4966 2436 5014 ct
2477 4959 2681 5030 populo
2729 4957 3057 5015 Viennensis
3104 4957 3384 5039 Ecclesia,
3436 4959 3648 5030 quibus
3680 4975 3789 5031 pro

2194 5048 2405 5105 meritis
2424 5058 2480 5105 et
2498 5050 2787 5107 devotione
2808 5051 3056 5120 debetur,
3084 5051 3316 5107 salutem
3342 5058 3400 5107 et
3428 5053 3788 5123 apostolicam

2194 5141 2653 5198 benedictionem.

2262 5231 2384 5282 Non
2413 5234 2589 5282 solum
2619 5232 2797 5282 vobis-
2828 5234 2923 5282 sed
2953 5241 3008 5282 et
3034 5234 3186 5282 omni
3212 5249 3352 5282 nene.
3374 5233 3590 5282 mundo
3612 5233 3791 5282 maan
