3988 5328
545 389 653 446 735'

540 596 936 674 Lapirauciqd
985 598 1294 674 Gregorium
1333 600 1406 655 γι
1417 601 1462 656 1,
1506 633 1576 641 —
1617 602 1820 673 Purgat
1845 603 1982 674 quod
2017 603 2112 674 ob-

595 669 992 740 jectum-fuerat
1015 688 1047 723 α
1069 672 1347 740 pontiﬁce,
1394 674 1566 728 "tinus
1597 691 1652 727 se
1675 669 1819 728 ab'eo
1851 669 1898 727 et
1931 671 2112 727 Eccle-

604 742 745 800 siam
786 742 1081 814 Rontonam
1115 751 1232 810 post
1271 743 1518 812 adeptum
1546 744 1901 814 episwpntum
1928 743 2110 814 diligi,

605 825 765 884 quam
808 809 1044 884 sotebat;
1099 809 1583 884 amarent'coguru'
1613 809 1881 884 pontiﬁcis
1929 809 2116 884 remis-

551 915 554 920 -
604 881 798 934 οἱον-ειη
831 882 908 934 ait
945 897 1072 950 erga
1107 897 1161 935 se
1189 882 1378 956 videri.
1417 881 1484 938 Se
1506 881 1642 956 regi,
1671 881 1809 956 quod
1842 901 1934 956 per
1967 883 2114 954 lega-

609 959 718 1003 tum
746 959 1103 1022 suggesserat,
1139 953 1402 1026 suasisse,
1431 953 1520 1009 sed
1547 971 1649 1007 non
1681 953 2022 1026 persuasisse.

966 1043 1101 1114 Opp.
1142 1043 1458 1115 Lanfranci,
1487 1063 1540 1117 p.
1564 1046 1688 1102 504.

603 1128 922 1190 Reverendo
979 1144 1182 1196 sancta:
1225 1137 1550 1194 universalis
1601 1137 1858 1194 Ecclesiae
1899 1152 2116 1193 summo

531 1224 738 1293 pastori
769 1223 1046 1282 GBEGOBIO
1070 1234 1342 1308 peccator,
1368 1235 1424 1283 et
1445 1229 1700 1300 indignus
1723 1229 1952 1285 antistes
1975 1228 2114 1284 LAN-

534 1330 631 1376 rna
644 1331 774 1372 acus
801 1317 1084 1372 servitium
1115 1335 1240 1374 cum
1270 1319 1450 1376 debita
1475 1321 1830 1392 subiectione.
2021 1315 2029 1320 ’

593 1401 839 1474 Litteras
881 1405 1212 1464 excellentia:
1247 1417 1442 1488 vestrae
1482 1426 1580 1488 per
1626 1409 1927 1466 llubertum
1975 1409 2116 1466 sacri

531 1494 702 1550 vestri
756 1496 944 1572 palatii
1001 1487 1399 1570 subdiaconum
1449 1487 1758 1572 porrectas,
1795 1519 1904 1574 qua
1937 1503 2118 1560 decuit

535 1583 870 1654 humilitate,
929 1590 1147 1660 suscepi
1205 1610 1218 1648 :
1267 1591 1322 1646 in
1353 1608 1602 1666 quarum.
1630 1592 1744 1650 fere
1779 1581 1930 1649 omni
1981 1610 2116 1652 con-

535 1682 684 1730 textu
711 1684 938 1746 paterna
959 1694 1047 1734 me
1079 1680 1368 1740 dulcedine
1389 1685 1784 1757 reprehendere
1809 1687 2115 1754 studuistis,

530 1767 767 1842 quodin
799 1768 1096 1840 episcopali
1140 1771 1349 1832 honore
1387 1774 1600 1844 positus
1633 1784 1881 1834 sanctam
1913 1776 2117 1832 Roma-

532 1873 661 1914 nam
691 1857 993 1938 Ecclesiam
1035 1878 1255 1934 vosque
1276 1865 1347 1920 ob
1389 1866 1508 1936 ejus
1541 1869 1901 1924 reverentiam
1937 1871 2120 1924 minus

531 1946 752 2018 diligam
807 1965 974 2021 quam
1025 1961 1152 2009 ante
1208 1955 1436 2009 honoris
1485 1955 1659 2028 ipsius
1717 1957 2118 2028 susceptionem

531 2037 754 2110 diligere
783 2042 1060 2111 quondam
1095 2043 1368 2112 solebam,
1403 2046 1705 2115 praesertim
1739 2063 1864 2102 cum
1895 2055 2118 2118 aposto-

532 2127 652 2184 licze
685 2129 832 2187 sedis
863 2133 1188 2190 auctoritate
1221 2135 1290 2192 ad
1335 2134 1744 2208 ipsius‘a‘picem
1775 2139 2004 2196 honbris
2027 2155 2120 2198 me

533 2222 850 2298 pervenisse,
897 2239 1008 2280 non
1055 2225 1331 2295 dubitem,
1370 2215 1470 2284 nec
1501 2245 1834 2302 quemquam
1869 2230 2119 2290 dubitare

531 2313 860 2372 exustimem.

541 2453 550 2474 ,
605 2405 672 2462 Et
705 2408 947 2478 quidem,
983 2413 1290 2468 venerande
1303 2411 1510 2484 Pater...
1531 2413 1732 2472 verbis
1768 2415 1884 2472 tuis
1907 2415 2117 2472 calum-

533 2497 682 2557 niam
721 2497 980 2572 ingerere
1025 2516 1125 2558 nec
1168 2503 1311 2559 .volo
1371 2520 1469 2560 nec
1512 2504 1712 2570 debeo;
1761 2521 1862 2577 ego
1904 2515 2114 2576 tamen,

537 2593 678 2665 teste
693 2588 1029 2646 conscientia
1061 2605 1180 2650 mea
1199 2633 1215 2659 ,
1243 2592 1298 2648 in
1336 2596 1654 2667 memetipso
1681 2597 1977 2669 intelligere
2005 2613 2117 2654 non

535 2693 764 2750 possum
791 2678 922 2752 quid
951 2680 1035 2736 vel
1083 2683 1388 2753 corporalis
1423 2685 1666 2740 absentia
1687 2727 1703 2752 ,
1752 2686 1835 2740 vel
1870 2687 2116 2742 locorum

517 2755 685 2824 tanta
731 2768 1106 2841 intercapedo,
1145 2780 1239 2827 aut
1277 2772 1393 2843 ipsa
1423 2773 1819 2845 qualiscunque
1844 2773 2117 2830 honorum

535 2858 866 2929 sublimitas,
897 2861 953 2917 in
1001 2863 1106 2918 hac
1149 2873 1305 2936 parte
1357 2865 1636 2922 vindicare
1668 2866 1774 2921 sibi
1816 2865 2116 2937 quidquam

532 2950 821 3018 pratvaleat
840 2993 856 3020 ,
891 2955 1024 3025 quin
1049 2970 1204 3012 mens
1232 2972 1356 3012 mea
1381 2959 1666 3028 prteceptis
1696 2960 1894 3016 vestris
1922 2959 1976 3014 in
1999 2975 2117 3014 om-

529 3037 694 3096 nibus
728 3049 784 3096 et
817 3057 914 3112 per
937 3045 1146 3114 omnia,
1181 3047 1481 3122 secundum
1517 3063 1792 3103 canonum
1820 3057 2113 3118 praecepta,

529 3128 844 3200 subjaceat;
869 3141 942 3197 ,et
977 3135 1052 3202 si,
1090 3145 1383 3206 praestante
1415 3127 1564 3206 Deo,
1593 3155 1836 3208 praesens
1864 3140 2115 3209 praesenti

529 3221 681 3290 inqui
703 3223 1032 3296 quandoque
1055 3227 1314 3293 valerem,
1348 3243 1434 3282 me
1457 3229 1694 3283 amando
1721 3229 1993 3295 crevisse,
2019 3245 2116 3286 vos

528 3311 662 3366 Vero
697 3312 864 3398 (quod
893 3331 1026 3386 pace
1052 3321 1231 3373 vestra
1265 3313 1469 3377 dictum
1503 3319 1594 3390 sit)
1623 3335 1654 3374 a
1675 3321 1907 3391 pristino
1931 3335 2118 3375 amore

532 3399 792 3456 nonnulla
843 3418 910 3458 ex
949 3413 1104 3476 parte
1135 3404 1420 3473 defecisse,
1459 3423 1570 3461 non
1603 3417 1712 3462 tam
1743 3409 1922 3463 verbis
1952 3423 2116 3478 quam

534 3491 700 3546 rebus
743 3491 880 3562 ipsis
927 3489 1293 3553 ostenderem.
1364 3497 1536 3556 Verba
1589 3501 1876 3570 legationis
1924 3509 2118 3557 vestrae

534 3586 672 3636 eum'
716 3584 944 3654 praefato
994 3588 1174 3658 legato
1212 3597 1396 3646 vestro
1418 3602 1579 3662 prout
1605 3592 1801 3650 melius
1829 3594 1981 3664 potui
2011 3593 2120 3650 Do-

530 3672 696 3728 mino
736 3691 860 3731 meo
895 3678 1008 3748 regi
1040 3681 1316 3751 suggessi;
1369 3673 1547 3750 suasi,
1577 3685 1670 3740 sed
1701 3700 1812 3739 non
1848 3685 2112 3756 persuasi.

540 3763 678 3818 Cum
721 3764 845 3839 (aL,
873 3768 994 3841 cur]
1035 3779 1216 3826 autem
1243 3773 1508 3829 voluntati
1556 3787 1750 3831 \‘G‘Sll‘a!
1770 3775 2116 3832 omnifariam

533 3864 646 3909 non
699 3860 1018 3929 assenserit,
1051 3861 1278 3932 ipsemet
1307 3863 1460 3921 vobis
1481 3873 1589 3920 tam
1625 3867 1806 3922 verbis
1827 3883 1990 3937 quam
2024 3868 2117 3922 lit-

435 3950 438 3954 '
536 3947 672 4004 teris
697 3949 1008 4006 innoteseit.
2099 3971 2104 3976 '

1272 4063 1376 4138 μγ.

537 4149 793 4232 Sigcfridi
820 4153 1118 4232 Moguntini
1153 4153 1384 4232 episcopi
1419 4161 1488 4214 ad
1527 4149 2116 4232 lIildebrandum,.Ro¥

571 4231 576 4236 '
701 4240 873 4280 mana:
907 4226 1666 4300 Ecclesia:archidiaconum,
1701 4234 1946 4304 epistola.

952 4319 1145 4394 [Mansr
1181 4319 1385 4378 Concil.
1420 4323 1552 4392 XX,
1583 4323 1700 4398 55.]

609 4420 934 4489 Sicernmcs
960 4405 1340 4504 tioguntinus,
1376 4436 1426 4492 id
1462 4439 1610 4508 quod
1649 4421 1762 4496 est.
1789 4441 1880 4496 Dei
1911 4445 2112 4518 gratia,

1381 399 1386 402 ’
1461 394 1523 450 S.
1564 394 1890 452 GREGORH
1930 395 2021 450 νη
2059 395 2260 452 ΡΑΡᾸΞ
2295 396 2798 476 QPERUM-PABS
2835 403 2916 459 ιιι

3699 407 3805 464 736

2145 512 2189 569 Α
2215 526 2281 568 eo
2311 514 2459 584 quod
2477 516 2745 593 omnibus
2778 527 2834 572 et
2877 515 3242 590 legationibus
3271 520 3326 573 et
3355 516 3668 574 rationibus
3699 535 3802 584 no-

2217 603 2346 661 stris
2367 645 2386 670 ,
2413 620 2552 683 quas
2582 607 2650 660 ad
2683 607 2868 664 sedem
2887 609 3247 679 apostolicam
3280 609 3587 664 direximus
3610 651 3628 678 ,
3655 626 3800 670 sem-

2213 708 2312 763 per
2363 691 2553 752 dexter
2609 698 2867 766 stetistis,
2919 708 2974 756 et
3027 699 3082 755 in
3121 715 3284 756 omne
3322 685 3724 772 disceptatione
3749 714 3806 760 et

2216 781 2432 852 negotio
2477 797 2692 854 semper
2733 792 2916 854 partes
2961 793 3182 841 nostras
3230 786 3514 857 sapientiae
3555 797 3615 843 et
3645 788 3806 846 bona:

2215 872 2513 930 voluntatis
2547 886 2740 930 vestrm
2783 883 2940 931 scuto
2985 875 3321 934 defendistis.
3348 877 3588 934 Proinde
3622 879 3803 936 multi-

2216 963 2384 1046 plices
2428 965 2666 1046 primum
2713 968 2868 1024 vobis
2921 977 3102 1040 grates
3135 967 3426 1026 referimus
3449 987 3476 1037 ;-
3497 970 3700 1026 deinde
3745 983 3806 1027 ut

2216 1044 2542 1128 quandoque
2569 1044 2788 1115 occasio
2819 1060 3104 1116 sublucent
3145 1077 3253 1132 qua
3303 1061 3459 1118 vobis
3493 1063 3677 1118 vicem
3717 1065 3800 1120 di-

2217 1148 2468 1204 lectionis
2504 1150 2801 1216 rependere
2834 1151 3111 1227 possimus
3137 1192 3152 1220 ,
3194 1153 3548 1209 vehementer
3573 1164 3799 1226 exopta—

2217 1255 2360 1295 mus.
2415 1239 2566 1298 Licet
2619 1241 2788 1309 enim,
2818 1243 2960 1298 inter
2999 1230 3654 1314 multimoda'Ecclesim,
3681 1263 3802 1318 qua:

2217 1332 2460 1403 quotidie
2489 1317 2742 1404 portatis,
2766 1336 3004 1405 negotia,
3029 1335 3166 1391 nihil
3190 1337 3298 1394 nisi
3323 1335 3417 1392 Dei
3442 1338 3680 1409 gratiam
3704 1317 3801 1395 re—

2217 1421 2468 1492 quiratis,
2506 1440 2680 1499 neque
2709 1425 2776 1480 de
2807 1425 3044 1486 terrenis.
3065 1427 3230 1482 rebus
3255 1427 3578 1498 quidquam,
3601 1428 3708 1484 nisi
3737 1429 3802 1488 ad

2219 1512 2580 1596 ordinandum
2617 1517 2799 1586 potius
2823 1529 2987 1588 quam
3011 1517 3078 1596 ad
3107 1503 3804 1590 possidendum,attingere

2221 1589 2428 1672 velitis;
2459 1589 2664 1674 tamen,
2689 1608 2817 1680 quia
2860 1589 3090 1664 hilarem"
3133 1608 3408 1676 datorem,
3445 1618 3507 1667 ut
3539 1625 3643 1680 pro
3690 1589 3804 1666 Deo

2219 1681 2389 1752 multa
2434 1699 2608 1770 possit
2636 1699 2796 1768 dare,
2841 1715 3063 1756 necesse
3095 1708 3178 1756 est
3201 1700 3373 1755 multa
3389 1700 3546 1776 juste
3573 1701 3802 1769 habere,

2220 1777 2546 1846 mandamus
2594 1777 2790 1846 vestra:
2842 1791 3120 1846 dilectioni
3143 1865 3148 1869 ι
3174 1801 3255 1858 ut,
3280 1791 3329 1848 si
3372 1791 3506 1869 quid
3552 1801 3808 1855 nostrum

2221 1889 2307 1936 est
2359 1881 2506 1952 quod
2539 1891 2724 1941 vestro
2751 1883 2936 1940 sedeat
2973 1883 3347 1954 beneplacito,
3377 1883 3426 1957 si
3459 1884 3626 1939 nobis
3667 1886 3810 1947 seire

2220 1971 2407 2040 detur,
2463 1959 2932 2041 statintvestrum
2973 1976 3068 2030 lict
3107 1990 3171 2030 ex
3224 1983 3434 2031 nostro.
3486 1975 3628 2042 Quis
3651 1975 3804 2044 Zeninl

2223 2070 2434 2120 tantum
2454 2064 2630 2120 virum
2653 2066 2828 2136 possit
2861 2082 2972 2121 non
2997 2065 3242 2137 diligere?
3269 2065 3405 2132 Quis
3425 2067 3478 2122 ei
3505 2067 3808 2139 quidquam

2221 2155 2420 2212 audeat
2446 2156 2754 2233 denegare?
2954 2228 2964 2231 __
3021 2227 3024 2231 ἢ
3531 2148 3540 2192 ἶ
3689 2169 3717 2178 ”

2295 2248 2574 2320 Rogamus
2616 2257 2800 2308 autem
2827 2247 3168 2305 dulcedinem
3195 2259 3394 2306 vestrae
3421 2250 3719 2306 charitatis
3752 2259 3809 2306 ut

2219 2323 2316 2410 per
2336 2356 2434 2396 vos
2459 2339 2716 2411 legationi
2747 2346 2969 2416 nostra),
2989 2355 3154 2409 quam
3189 2355 3336 2396 nunc
3357 2341 3426 2396 ad
3460 2357 3684 2397 sacram
3723 2355 3807 2395 se-

2217 2431 2342 2487 dem
2379 2431 2735 2502 apostolicam
2786 2430 3076 2502 dirigimus
3098 2473 3115 2498 ,
3137 2431 3340 2488 aditus
3387 2441 3614 2503 pateat.
3659 2441 3718 2493 et
3746 2433 3813 2494 ὼ
3867 2437 3880 2446 ’

2217 2523 2306 2579 his
2341 2534 2482 2593 quae
2510 2524 2856 2594 postulamus
2886 2531 3068 2579 vestra
3108 2537 3210 2594 ope
3233 2523 3492 2579 effectum
3529 2525 3810 2579 obtineaa.

2218 2615 2426 2672 ’scilicet
2456 2623 2517 2670 ut
2545 2615 2612 2670 ad
2639 2614 2908 2688 synodum
2936 2630 3103 2685 quam
3135 2630 3298 2685 super
3331 2613 3638 2672 rebellibus
3661 2614 3814 2669 Tha.

2219 2706 2390 2778 ringis
2443 2722 2544 2778 pro
2592 2701 3051 2764 decimatiouibus
3099 2705 3444 2764 decrevimus
3495 2707 3812 2774 celebrare,

2218 2799 2456 2855 domnus
2495 2793 2830 2869 apostolicus
2876 2799 2944 2855 de
2975 2799 3146 2854 latere
3181 2815 3287 2855 suo
3315 2798 3578 2870 dignetur
3601 2799 3815 2852 mittere

2218 2891 2312 2961 qui
2340 2899 2396 2945 et
2422 2889 2630 2962 synodo
2659 2889 2915 2960 przesint,
2941 2898 2998 2946 et
3021 2891 3348 2946 auctoritate
3386 2889 3514 2960 ejus
3548 2889 3813 2946 deterrui-

2218 2989 2352 3038 neut
2370 2997 2434 3038 ea
2467 2997 2794 3052 quacunque
2821 2981 3233 3038 determinanda
3265 2981 3636 3038 occurrerint.
3662 2981 3816 3048 Quod

2220 3073 2266 3130 si
2299 3075 2404 3130 hoc
2437 3073 2780 3151 fierinequit
2797 3116 2814 3142 ,
2841 3074 3034 3148 saltem
3066 3073 3284 3144 scriptis
3311 3074 3680 3130 beatitudinis
3697 3073 3810 3144 ejus

2143 3190 2185 3248 ρ
2220 3165 2460 3236 synodus
2495 3174 2680 3221 nostra
2727 3167 3047 3234 roborctur,
3095 3175 3151 3222 et
3197 3166 3481 3222 rebellium
3533 3167 3804 3224 temet-ita

2219 3257 2312 3316 tali
2357 3265 2580 3314 auctore
2626 3257 3038 3328 comprimatur.
3087 3257 3381 3312 Adnitatur
3417 3273 3554 3330 ergo
3591 3257 3794 3322 dilecti

2216 3345 2399 3406 vestra
2430 3357 2490 3404 ut
2516 3349 2622 3405 hoc
2653 3349 2900 3405 obtinere
2924 3349 3100 3404 valeat
3125 3348 3314 3424 petitio
3346 3357 3564 3406 nostra.

2219 3540 2473 3612 Sigifredi
2511 3539 2810 3614 Hognntini
2831 3541 3214 3614 archiepiscopi
3239 3541 3314 3596 ad
3349 3540 3672 3612 Gregorium
3705 3539 3809 3602 VII

2794 3611 3020 3682 epistola
3045 3611 3216 3684 (425').

2638 3700 2832 3774 [ΜΑΝδι
2858 3701 3064 3758 Concil.
3086 3701 3205 3770 XX,
3235 3701 3392 3775 590.]

2289 3794 2748 3851 Reverentissimo
2768 3793 2937 3862 Patri,
2950 3794 3164 3850 noviter
3183 3793 3492 3850 sacerdotio
3513 3794 3711 3866 prima:
3731 3810 3816 3850 se-

2216 3887 2302 3944 dis
2347 3887 2661 3958 apostolica:
2699 3886 2945 3952 inlidato,
2981 3885 3038 3941 S.
3089 3885 3421 3956 Moguntina:
3462 3887 3814 3957 dispensator

2219 3975 2495 4044 Ecclesiae,
2502 3976 2761 4048 sedulam
2783 3975 3172 4032 benevolentia:
3201 3976 3546 4043 servitutem,
3584 3987 3642 4039 et
3664 3977 3812 4036 debi-

2220 4067 2672 4124 tam-obedientite
2703 4063 3116 4137 subjectionem.

2292 4158 2518 4232 Semper
2537 4159 2754 4230 quidem
2777 4159 3050 4214 desiderio
3072 4157 3527 4215 desiderabamus
3542 4175 3674 4219 eum
3689 4175 3814 4232 apo-

2221 4252 2430 4308 stolica:
2472 4251 2618 4307 sedis
2661 4250 2952 4320 praesulem
2991 4265 3136 4318 esse,
3178 4251 3274 4321 qui
3309 4250 3421 4306 vita
3447 4259 3504 4306 et
3540 4253 3810 4319 moribus,

2221 4344 2424 4411 verbis,
2457 4342 2722 4412 exemplis
2761 4341 2829 4397 ad
2871 4342 3100 4398 salutem
3137 4351 3394 4412 pricesset
3427 4352 3485 4398 et
3527 4345 3814 4414 prodesset

2221 4445 2424 4492 sanctm
2454 4434 2550 4490 Dei
2588 4433 2864 4490 Ecclesiae.
2902 4432 3056 4488 Nunc
3089 4448 3219 4488 vero
3247 4434 3526 4504 quomodo
3567 4435 3812 4492 mellillui

533 4519 919 4598 ilitnsnutano
948 4536 1153 4582 sanctae
1191 4529 1506 4597 apostolicae
1535 4531 1680 4586 sedis
1701 4533 2114 4612 arcliidtaeono‘,

2224 4527 2348 4583 facti
2378 4535 2507 4582 sunt
2530 4525 2678 4594 cadi,
2703 4525 2866 4581 solito
2887 4525 3102 4580 dulcius
3125 4499 3453 4580 distillantes
3478 4541 3668 4582 rorem
3694 4542 3810 4598 gr:-

530 4619 593 4672 ct
623 4613 1142 4684 archicaneellario,
1174 4617 1402 4690 salutem
1437 4629 1492 4676 et
1525 4619 1780 4680 fraternae
1809 4625 2118 4686 dilectionis

535 4701 807 4780 integram
838 4713 1144 4784 veritatem.

607 4792 914 4850 Plurimum
955 4798 1143 4868 gratia:
1168 4809 1362 4856 vestrm
1403 4801 1690 4861 referimus
1719 4805 1993 4876 cbaritati,
2019 4825 2118 4880 pro

773 4941 1163 5034 έβνίδθθιῖθξξῖδ,
1186 4952 1436 5034 NONVM
1467 4955 1664 5012 Joanni
1687 4960 1942 5034 episcopo
1963 4982 2118 5020 com-

536 5016 696 5090 missi
717 5032 750 5070 a
773 5016 1034 5090 Progensi
1056 5023 1378 5080 divisionem
1421 5043 1562 5082 cunr
1584 5016 1944 5090 proventuum
1971 5016 2117 5090 alia.

2216 4619 2308 4674 tia:
2342 4617 2461 4686 Dei,
2497 4617 2682 4673 divina
2709 4617 2992 4673 miseratio
3020 4617 3165 4674 votis
3198 4617 3403 4673 nostris
3428 4617 3596 4672 solito
3617 4634 3810 4678 cumu-

2219 4710 2386 4766 latius
2412 4709 2704 4776 satisfecit,
2733 4718 2787 4765 et
2815 4723 2973 4776 eum,
3006 4724 3167 4780 quem
3200 4708 3439 4766 maxime
3461 4710 3809 4786 optabamus,

2219 4801 2397 4858 eidem
2419 4809 2625 4859 sancta:
2647 4800 2907 4857 Romana:
2937 4799 3196 4858 Ecclesia:
3227 4799 3496 4872 praefecit,
3527 4802 3628 4872 qui
3658 4801 3810 4858 nobis

2222 4953 2474 5025 fratrem,
2505 4953 2599 5008 sed
2631 4951 2828 5008 tumulo
2859 4953 3004 5025 illius
3031 4951 3326 5025 faventem,
3359 4969 3712 5025 conquerens
3748 4955 3812 5010 de

2228 5023 2430 5090 injuria
2453 5024 2647 5090 legatis
2673 5024 2990 5090 apostolicis
3011 5040 3041 5078 a
3075 5023 3352 5080 Jaromiro
3381 5023 3553 5089 illata,
3575 5034 3702 5080 tum
3721 5025 3808 5080 πᾶν
