3988 5328
172 307 267 361 737

1057 290 1416 353 EPISTOLIE
1457 292 1694 348 EXTRA
1733 288 2133 345 REGlSTRUM
2179 288 2562 346 VAGANTES.

3339 295 3442 351 738

162 437 375 491 semper
403 420 599 475 dexter
633 402 872 473 stctitin
905 414 1163 469 omnibus
1189 404 1441 481 negotiis,
1469 420 1750 477 nunquam
1784 407 1827 462 Α
1854 416 1988 471 gens
2008 400 2096 455 illa
2122 401 2406 461 catholicae
2426 400 2554 455 fidei
2580 401 2793 464 novella
2814 402 3198 472 estplantatio,
3230 416 3284 460 et
3305 423 3445 469 non:

163 513 317 567 nobis
362 511 543 566 defuit
586 510 641 563 in
686 508 911 563 nostris.
956 503 1111 560 Unde
1146 504 1293 558 totis‘
1322 500 1751 572 praecordiorum

160 602 415 658 medullis
430 599 635 674 gratias
658 601 869 671 agimus
888 598 1000 652 Deo
1014 596 1304 658 altissimo,
1326 593 1420 662 qui
1437 592 1769 647 cathedram.

161 694 325 759 Petri,
362 702 531 763 caput
576 690 783 748 scilicet
823 689 1202 750 ecclesiarum,
1232 692 1441 748 vestro,
1476 682 1552 736 mi
1586 695 1753 735 treve~

162 786 325 839 rende
350 784 536 850 Pater,
564 782 857 839 illustravit
878 788 931 835 et
957 778 1175 835 ornavit
1204 773 1532 839 sacerdotio,
1557 770 1752 827 humili

160 876 470 945 supplicatu
508 884 728 929 orantes
761 882 815 927 et
835 873 1191 941 deprecantes
1242 876 1301 922 ut
1344 866 1439 935 qui
1482 864 1769 934 primitias,

160 968 502 1038 apostolatus
535 964 701 1020 vestri
735 963 989 1033 perfudit
1008 962 1131 1016 Oleo
1159 958 1361 1045 lmtitiae
1390 972 1502 1026 prae
1527 955 1751 1025 partici-

158 1060 321 1130 pibus
357 1059 587 1123 vestris,
621 1055 851 1126 gratiam
892 1063 946 1108 et
975 1067 1166 1123 pacem
1205 1048 1530 1117 multiplicet
1562 1045 1751 1101 Eccle—

160 1151 253 1205 site
272 1166 391 1204 sua:
412 1148 629 1204 cunctis
653 1147 846 1202 diebus
874 1144 1092 1199 vestris.
1130 1142 1397 1211 Optamus
1418 1147 1600 1192 autem
1627 1152 1753 1207 pro-

161 1241 355 1296 mereri
390 1247 452 1295 ut
474 1239 803 1309 peculiarem
832 1236 1062 1307 gratiam
1096 1233 1239 1303 apud
1260 1246 1358 1287 vos
1387 1231 1750 1295 obtineamus,

158 1334 212 1387 et
253 1347 287 1386 a
324 1341 512 1386 vestra
557 1330 881 1400 paternitate
926 1326 1219 1396 specialem
1262 1324 1421 1377 nobis
1467 1321 1756 1392 provenire

158 1423 534 1489 clementiam,
562 1437 670 1475 non
698 1421 874 1475 solum
899 1434 962 1473 ea
982 1417 1247 1472 eharitatc
1271 1430 1433 1485 quam
1458 1412 1752 1467 universali

156 1514 369 1569 debetis
388 1512 669 1578 Ecclesia},
707 1511 799 1567 sed
822 1512 989 1569 etiam
1012 1523 1077 1563 eo
1097 1507 1282 1580 gratia:
1304 1505 1585 1576 privilegio
1607 1504 1753 1575 quod

157 1591 375 1674 semper
401 1620 562 1660 saera
593 1604 752 1658 sedes
773 1612 953 1657 vestra
988 1600 1321 1672 Moguntinte
1350 1598 1616 1667 impendit
1646 1597 1751 1651 Ec-

156 1697 358 1763 clesia,
398 1706 462 1751 ut
510 1696 598 1767 pia
632 1705 806 1750 mater
847 1693 1069 1764 speciali
1118 1691 1260 1745 ﬁliae.
1307 1688 1419 1744 liae
1464 1704 1595 1761 ergo
1629 1688 1750 1744 freti

1854 493 1986 547 dum
2020 492 2263 551 radicata
2285 502 2339 548 et
2374 492 2596 548 fundata
2634 493 2689 547 in
2721 493 3173 562 Cbristianismo,
3200 505 3255 552 et
3286 498 3446 553 facile

1855 584 1921 639 ad
1952 583 2238 653 antiquum
2278 584 2585 653 paganismi
2624 586 2890 641 revolabit
2928 602 3194 655 errorem,
3224 589 3270 643 si
3305 589 3449 655 inter,

1854 684 2103 745 pastores
2138 690 2270 731 suos
2314 684 2521 731 tantam
2559 677 2750 733 viderit
2787 680 2985 735 durare
3022 679 3443 743 dissensionem.

1854 766 2197 837 Quapropter
2215 782 2317 836 ego
2340 775 2398 821 et
2420 783 2611 824 omnes
2638 767 2841 824 fratres
2863 771 2967 824 mei
2990 770 3233 839 vestigiis
3254 780 3449 827 vestrm

1855 858 2163 913 sanctitatis
2211 858 2375 913 affusi
2414 874 2639 935 oramus
2688 868 2745 914 et
2786 861 3163 927 obsecramus,
3204 864 3449 931 primum

1857 948 2109 1004 Ecclesiae
2145 949 2421 1015 ratiunes,
2453 964 2665 1004 necnon
2710 951 2934 1021 maligni
2980 951 3144 1021 hujus
3186 955 3447 1023 temporis

1856 1040 2150 1095 inclamare
2179 1041 2643 1113 importunitates.
2664 1040 2953 1097 'liabebam
2983 1059 3204 1113 quoque
3235 1045 3303 1100 de
3326 1046 3451 1115 quis

1854 1130 2086 1185 busdam
2112 1145 2273 1200 agere
2303 1131 2585 1186 vobiscum
2617 1131 2737 1200 ipse
2758 1146 3023 1201 rprtesens,
3053 1134 3199 1203 quod
3230 1147 3329 1207 nec
3360 1134 3449 1189 lit-

1856 1223 1988 1278 teris
2036 1230 2304 1288 intexere,
2342 1238 2442 1289 nec
2474 1222 2669 1277 nuntio
2707 1223 2872 1281 etiam
2924 1223 3099 1281 alicui
3129 1224 3449 1294 fidelissimo

1856 1313 2031 1367 habeo
2071 1314 2303 1383 aperire.
2332 1312 2697 1383 {Quapropter
2740 1324 3036 1384 praesentes
3078 1316 3276 1371 fratres
3320 1333 3449 1387 cum

1856 1403 2050 1459 litteris
2093 1419 2231 1460 mea:
2271 1404 2749 1459 excusationisxad
2791 1418 2890 1463 vos
2924 1405 3121 1477 dirigo,
3163 1407 3258 1475 qui
3290 1408 3449 1463 vobis

1855 1503 2149 1566 suggerant
2176 1496 2323 1565 quod
2371 1496 2438 1550 ad
2468 1512 2566 1551 vos
2591 1511 2701 1555 non
2725 1496 2847 1550 veni
2886 1511 2993 1552 non
3014 1512 3137 1553 esse
3169 1498 3450 1552 temerita-

1855 1587 1946 1653 tis,
1974 1587 2069 1641 sed
2104 1586 2435 1643 inevitabilis
2457 1596 2509 1643 et
2531 1604 2802 1657 suprema:
2831 1588 3200 1648 necessitatis.
3227 1587 3452 1655 Noverit

1855 1688 2037 1733 autem
2063 1689 2253 1735 saneta
2275 1680 2575 1749 paternitas
2617 1689 2795 1734 vestra
2839 1680 3129 1749 quodnon
3159 1689 3244 1735 est
3275 1681 3445 1745 homo

158 1789 353 1858 gratia,
383 1788 441 1841 in
469 1789 863 1857 omnibusqua:
883 1786 1042 1839 nobis
1075 1783 1318 1849 obviant,
1348 1782 1415 1837 ad
1450 1797 1548 1837 vos
1573 1797 1755 1836 recur-

1858 1771 1909 1824 in
1934 1780 2076 1826 terra
2100 1786 2189 1826 me
2214 1770 2369 1826 vobis
2392 1772 2621 1838 fidelior,
2646 1779 2701 1826 et
2722 1772 2789 1825 ad
2815 1784 2977 1825 omne
2998 1780 3327 1852 praceptum
3354 1787 3451 1827 vc-

158 1881 357 1945 rimus,
408 1886 465 1935 et
499 1878 769 1949 quidquid
809 1876 970 1932 nobis
997 1877 1337 1940 adversatur,
1375 1873 1443 1929 ad
1472 1889 1572 1929 ves
1605 1874 1753 1929 velut

158 1971 406 2026 membra
443 1970 511 2024 ad
547 1979 711 2040 caput
746 1968 1054 2024 referimus.
1092 1966 1273 2021 Unum
1310 1966 1590 2021 humiliter
1624 1967 1753 2021 inti-

157 2076 378 2117 mamus
398 2070 595 2117 vestra:
608 2061 885 2117 sanctitati
909 2061 1053 2130 quod
1080 2059 1183 2114 Sub
1205 2066 1548 2113 antecessore
1569 2068 1753 2114 vestro

158 2153 260 2222 pia:
282 2152 683 2208 recordationis
705 2166 841 2222 papa
866 2152 928 2205 Α.
962 2151 1193 2221 contigit
1237 2166 1370 2217 nos,
1406 2159 1465 2205 ut
1493 2152 1640 2206 salva
1667 2166 1753 2206 re-

157 2244 405 2299 verentia
438 2235 766 2309 dixerimus,
796 2243 998 2313 injuste
1025 2232 1423 2312 prtejudieium“
1436 2242 1571 2312 pati,
1592 2250 1648 2296 et
1674 2242 1754 2295 in-

158 2335 459 2390 clementer
482 2333 800 2389 deturbatos
829 2348 950 2389 esse
977 2334 1047 2388 ab
1075 2342 1141 2387 eo
1161 2333 1305 2403 jure,
1331 2333 1475 2403 quod
1491 2322 1639 2388 sacri
1655 2348 1752 2387 ea-

160 2440 330 2481 nones
351 2435 409 2480 et
436 2424 660 2480 Patrum
692 2424 828 2480 scita
851 2424 1286 2495 metropolitanis
1308 2426 1501 2494 jubent
1524 2424 1763 2480 servari.»

162 2516 408 2587 Denique
441 2515 617 2571 eidem
646 2516 995 2571 sanctissimo
1012 2515 1160 2570 Patri
1185 2515 1252 2569 de
1282 2513 1450 2569 fratre
1484 2524 1537 2570 et
1558 2515 1754 2569 suffrao

161 2624 334 2678 ganeo
374 2618 568 2662 nostro
615 2606 872 2677 episcopo
915 2605 1175 2677 Pragensi
1222 2607 1447 2662 sinistra
1492 2608 1753 2663 relatione

161 2708 480 2770 suggestum
509 2705 624 2766 est,
657 2706 733 2765 et,
762 2714 849 2753 me
876 2698 1191 2769 ignorante,
1230 2698 1299 2753 ab
1335 2698 1576 2754 inimicis
1609 2698 1752 2768 apud

161 2803 285 2845 eum
326 2799 622 2845 accusatus
654 2798 769 2857 est;
791 2796 960 2843 unum
1005 2798 1059 2844 ct
1088 2790 1352 2844 hactenus
1374 2790 1655 2845 insolitum
1684 2791 1754 2845 ab

163 2896 226 2935 eo
247 2880 383 2936 exiit
401 2882 665 2948 edictum,
708 2888 768 2936 ut
808 2881 1059 2936 eumdem
1091 2880 1334 2947 fratrem,
1375 2889 1430 2935 et
1469 2882 1751 2952 coepisco-

165 2974 293 3042 pum
334 2982 586 3029 nostrum
610 2988 711 3028 nec
749 2973 891 3027 inter
915 2971 1114 3027 fratres
1156 2988 1288 3027 suos
1312 2974 1574 3028 canonice
1597 2975 1754 3044 prius

165 3065 434 3130 auditum,
480 3080 582 3120 nec
618 3064 882 3119 canonice
926 3065 993 3119 ad
1037 3079 1097 3119 se
1132 3068 1411 3131 vocatum,
1435 3072 1538 3121 nec
1563 3066 1754 3120 inobe-

164 3154 384 3211 tientiae
421 3157 579 3226 culpa
624 3156 962 3221 denotatum,
989 3170 1101 3211 non
1143 3157 1321 3211 solum
1338 3152 1419 3211 'ab
1443 3157 1618 3212 ofﬁcio
1652 3172 1755 3213 suo

166 3247 538 3317 suspenderit,
571 3247 669 3302 sed
692 3247 856 3301 etiam
886 3248 1053 3302 rebus
1093 3255 1149 3303 et
1199 3248 1466 3302 reditibus
1499 3263 1612 3303 sua:
1646 3246 1755 3304 Ee—

167 3338 345 3393 clesize
368 3338 929 3413 omnino_spoliaverit
958 3346 1014 3393 et
1061 3339 1379 3405 extruserit,
1416 3339 1490 3394 ita
1532 3347 1591 3394 ut
1623 3341 1757 3396 mis—

168 3428 245 3484 sis
264 3431 472 3485 nuntiis
497 3430 729 3501 publice
747 3429 993 3484 nuntiari
1019 3428 1286 3485 fecerit‘in
1313 3431 1461 3485 clero
1480 3439 1536 3486 et
1556 3432 1759 3501 populo

169 3529 251 3587 ut,
287 3536 410 3575 eum
441 3521 539 3591 qui
568 3521 1103 3576 excommunicatum
1135 3520 1416 3588 habentes,
1446 3521 1581 3576 nihil
1606 3522 1757 3592 quod

167 3612 406 3684 episcopi
450 3620 601 3669 esset
637 3612 717 3667 vel
757 3619 1063 3682 quaererent
1097 3612 1182 3666 vel
1216 3612 1529 3683 acciperent
1563 3615 1635 3669 ab
1662 3629 1749 3669 eo.

170 3703 324 3772 Quod
345 3705 551 3761 factum
578 3704 627 3760 si
653 3704 1009 3775 apostolicam
1030 3704 1219 3759 deceat
1258 3705 1754 3772 mansuetudinem,

171 3796 218 3850 si
244 3797 588 3851 decretorum
613 3804 793 3851 servet
813 3795 1211 3863 auctoritatem,
1234 3804 1471 3852 vestram
1493 3812 1601 3852 non
1625 3812 1763 3867 prae.

171 3886 297 3942 terit
324 3889 697 3943 sanctitatem.
721 3885 920 3941 Debuit
946 3901 1203 3958 namque,
1223 3888 1380 3958 juxta
1394 3888 1398 3893 ⁴
1412 3884 1645 3944 decreta
1661 3888 1755 3943 ca-

171 3990 395 4045 nonum,
418 3978 487 4034 ad
521 3993 625 4034 nos
650 3978 887 4048 primum
914 3994 1081 4034 causa
1120 3978 1341 4047 deferri,
1384 3987 1438 4034 et
1470 3980 1553 4035 ad
1574 3980 1758 4035 conci-

170 4068 301 4123 lium
342 4080 574 4125 vocatus
612 4070 755 4124 intra
796 4070 1156 4140 provinciam,
1203 4071 1346 4126 inter
1388 4070 1585 4128 fratres
1625 4087 1757 4127 suos

169 4160 383 4227 audiri;
420 4175 524 4232 ego
556 4174 691 4216 vero
719 4168 773 4216 et
797 4160 992 4217 fratres
1027 4163 1136 4217 mei
1170 4163 1493 4219 deberemus
1527 4164 1594 4219 ad
1626 4179 1760 4234 apo-

171 4250 419 4305 stolicam
462 4251 670 4318 sedem,
711 4252 857 4306 velut
888 4253 957 4308 ad
998 4252 1161 4324 caput
1182 4262 1432 4309 nostrum
1458 4254 1683 4323 referre,
1710 4254 1758 4311 si

168 4349 316 4397 tanta
348 4357 440 4397 res
470 4351 620 4398 esset
667 4350 729 4397 ut
770 4359 868 4413 per
907 4358 1008 4400 nos
1045 4360 1144 4400 nec
1172 4355 1358 4416 posset
1395 4342 1500 4403 nec
1537 4348 1760 4404 deberet

170 4432 473 4488 terminari.
519 4430 679 4488 Nunc
702 4442 883 4489 autem
917 4433 1089 4491 frater
1119 4445 1306 4492 noster
1326 4449 1379 4493 et
1402 4440 1760 4510 coepisCopus

171 4540 205 4582 ι
234 4526 362 4580 sede
382 4541 485 4581 sua
505 4541 681 4596 vagus
713 4534 768 4581 et
797 4526 1078 4599 profugus,
1106 4536 1180 4596 et,
1213 4540 1274 4584 ut
1301 4531 1562 4598 diximus,
1592 4533 1758 4588 rebus

172 4624 226 4673 et
265 4617 536 4672 reditibus
568 4616 830 4673 Ecclesia:
852 4634 967 4674 suae
987 4619 1188 4690 injuste
1211 4616 1475 4692 spelia‘tus
1495 4633 1548 4678 et
1568 4604 1756 4679 extra;

172 4723 283 4775 sus,
314 4708 606 4780 indignum
644 4707 850 4779 patitur
872 4709 1162 4778 judicium,
1191 4720 1245 4767 et
1278 4714 1532 4771 omnibus
1569 4716 1757 4772 fratri-

171 4799 273 4857 bus
321 4809 377 4857 et
408 4801 759 4871 coepisc0pis
800 4801 1006 4857 nostris
1046 4818 1308 4874 magnum
1347 4806 1472 4862 inde
1509 4811 1759 4877 provenit

172 4893 514 4959 scandalum,
556 4900 613 4948 et
655 4891 965 4961 episcopale
990 4906 1190 4947 nomen
1233 4904 1288 4949 et
1326 4896 1582 4965 ollicium,
1612 4900 1759 4969 quod

171 4984 311 5053 apud
334 4982 510 5039 Deum
539 4991 597 5038 et
628 4978 882 5037 homines
905 4998 1120 5038 sacrum
1147 4994 1229 5040 est
1247 5027 1261 5052 ,
1296 4986 1631 5047 intolerabile
1662 5008 1761 5061 pa-

170 5077 300 5131 titur
344 5072 732 5136 onnrobrium.
776 5073 952 5129 Porro
992 5070 1231 5132 Ecclesia
1280 5078 1369 5133 illa
1421 5080 1528 5136 iam
1578 5083 1763 5136 multis

1854 1872 2028 1917 strum
2084 1862 2416 1933 implendum
2459 1863 2733 1929 devotior,
2778 1879 2879 1917 nec
2934 1863 3226 1921 adventum
3263 1879 3447 1918 meum

1853 1954 1921 2009 ad
1947 1969 2046 2010 vos
2069 1954 2288 2024 aliquod
2318 1954 2595 2024 negotium
2629 1963 2815 2025 pusset
2846 1956 3147 2021 retardare,
3178 1957 3225 2021 si
3264 1964 3452 2021 tamen

1848 2045 2072 2115 jnvarcr
2122 2046 2320 2099 virium
2371 2046 2701 2101 valetudine.
2752 2045 2859 2101 Pro
2912 2048 3210 2102 inveterata
3263 2055 3447 2103 autem

1855 2134 2260 2207 Thuringorum
2298 2137 2659 2192 obduratione
2690 2152 2888 2192 novam
2935 2138 3090 2192 vobis
3133 2137 3277 2215 facio
3312 2154 3447 2192 eun-

1853 2227 2218 2296 qnestioncm,
2242 2227 2362 2297 qui,
2395 2227 2537 2283 sicut
2559 2244 2795 2298 semper,
2825 2229 2905 2283 sic
2928 2229 3102 2287 .etiam
3129 2228 3309 2283 adhuc
3331 2226 3451 2297 Spis-

1855 2316 1985 2371 ritui
2035 2326 2228 2372 sancto
2270 2319 2499 2388 ejusque
2532 2318 2858 2388 justissimis
2898 2319 3161 2373 resistunt
3216 2319 3451 2388 legibus,

1854 2407 2128 2463 neditnum
2182 2423 2410 2462 suorum
2466 2409 2715 2478 negando
2775 2409 3214 2474 deeimationem,
3272 2424 3451 2479 usque
3520 2475 3529 2481 .

1853 2499 1991 2555 adeo
2014 2508 2099 2565 ut,
2124 2500 2255 2555 dum
2283 2516 2562 2559 monerem
2584 2516 2680 2555 eos
2700 2506 2763 2554 ut
2803 2500 3163 2569 omnipotenti
3192 2499 3304 2555 Deo
3326 2501 3452 2554 obe-

1854 2589 2054 2658 dirent,
2084 2591 2184 2661 ipsi
2209 2607 2239 2645 e
2260 2601 2452 2646 contra
2477 2601 2688 2647 armata
2717 2594 3243 2661 manu,promiscu:e
3277 2591 3452 2661 plebis

1855 2698 1944 2738 me
1982 2691 2036 2737 et
2073 2699 2227 2738 meos
2262 2683 2607 2750 obsiderent;
2636 2683 2745 2738 nisi
2788 2682 3055 2738 Dominus
3090 2683 3450 2753 omnipotenti

1855 2789 2024 2828 manu
2066 2773 2427 2840 liberavisset,
2478 2773 2707 2829 forsitan
2737 2774 3030 2830 crudelitas
3059 2789 3247 2828 eorum
3273 2788 3451 2843 usque

1854 2865 1923 2929 ad
1946 2865 2376 2919 internecionem
2404 2865 2458 2919 in
2480 2880 2585 2920 nos
2613 2865 2947 2921 desaevisset.
2986 2864 3167 2919 Unum
3190 2881 3323 2936 rogo
3354 2879 3446 2919 sa—

1855 2971 2005 3011 cram
2027 2956 2409 3025 paternitatem
2435 2964 2693 3023 vestram,
2720 2965 2781 3010 ut
2807 2964 2998 3012 contra
3043 2965 3151 3011 tam
3175 2957 3447 3012 nefarium

1855 3056 2076 3117 tamque
2101 3046 2649 3115 insolitumfacinus,
2675 3058 2923 3118 respectu
2948 3048 3329 3105 ecclesiasticae
3359 3049 3448 3102 di-

1781 3139 1823 3196 C
1857 3139 2118 3209 sciplinaa,
2160 3140 2325 3196 nobis
2352 3139 2733 3209 compatiendo
2765 3140 3121 3217 succurratis,
3160 3149 3215 3196 et
3253 3150 3447 3197 contra

1858 3230 2113 3287 inimicos
2152 3230 2249 3285 Dei
2304 3231 2544 3301 gladium
2579 3231 2877 3303 arripiatis,
2925 3240 3196 3302 quatenus
3249 3232 3452 3287 sentiat

1856 3327 2154 3377 contumax
2180 3330 2234 3377 et
2257 3321 2472 3377 rebellis
2500 3336 2657 3376 serva
2676 3320 2996 3393 Thuringia,
3020 3322 3166 3392 quod
3198 3322 3375 3379 adhuc
3392 3324 3447 3379 in

1854 3414 2125 3485 claviger:
2139 3411 2472 3469 manuPetri
2496 3414 2891 3486 vivitetregnat
2904 3414 3218 3484 imperati-ix
3250 3414 3446 3470 Roma.

1858 3572 2104 3644 Epistola
2135 3571 2392 3649 Sigcfridi
2414 3572 2712 3656 Moguntina
2739 3573 3118 3644 archiepiScopt'
3144 3575 3214 3628 ad
3249 3573 3446 3645 Grego-

2458 3661 2599 3697 rtum
2623 3661 2838 3714 papam.

2273 3734 2467 3808 [Mansn
2498 3735 2705 3791 Concil.
2732 3734 2851 3804 XX,
2878 3735 3031 3808 455.]

1925 3825 2159 3897 Domino
2197 3827 2513 3895 venerabili,
2570 3835 2624 3882 et
2668 3824 2816 3881 Patri
2864 3828 2920 3881 in
2970 3826 3193 3882 Christo
3227 3828 3449 3883 amabili

1857 3903 2155 3985 Caesonio,
2182 3912 2374 3988 primat
2415 3918 2560 3973 sedis
2591 3918 2820 3973 antistiti
2860 3917 2917 3972 S.
2955 3917 3331 3990 Moguntinus,
3370 3920 3446 3985 id,

1857 4009 2006 4078 quod
2024 4017 2109 4063 est
2130 4009 2301 4079 gratia
2325 4008 2441 4076 Dei,
2466 4009 2660 4064 debita:
2686 4009 3008 4063 obedientia:
3026 4010 3446 4080 subjectioncm,

1857 4103 1914 4150 et
1946 4096 2191 4150 sedulam
2219 4096 2468 4167 obsequii
2499 4097 2867 4151 devouoncm.

1930 4186 2073 4254 Quid
2103 4202 2284 4242 causa:
2320 4188 2641 4254 intercedat,
2690 4196 2744 4242 et
2774 4188 2904 4257 quid
2942 4188 3314 4257 impedimenti
3358 4189 3412 4243 in
3432 4224 3446 4230 ρ-

1860 4273 2111 4347 tercipiat
2156 4277 2304 4349 quod
2353 4292 2512 4333 sacro
2552 4266 2689 4332 buic
2716 4286 2920 4333 sanctae
2954 4279 3267 4348 apostolicae
3301 4280 3449 4334 sedis

1861 4366 2096 4422 concilio
2124 4367 2387 4422 interesse
2416 4381 2527 4421 non
2549 4382 2799 4437 possum,
2828 4365 2978 4422 ‘sicut
3009 4354 3126 4434 jam
3164 4367 3333 4437 priori
3370 4367 3447 4423 le-

1794 4455 2080 4551 bgatione
2126 4450 2449 4529 significavn,
2495 4456 2571 4512 ita
2621 4465 2675 4513 et
2707 4473 2855 4513 nunc
2891 4467 3096 4514 sanctae
3130 4460 3447 4531 paternitati

1862 4556 2057 4603 vestrm
2098 4563 2165 4602 ex
2216 4547 2332 4617 ipsa
2381 4544 2631 4631 veritate.
2659 4548 2944 4616 denuntio,
2996 4549 3247 4605 videlicet
3300 4553 3448 4620 quod

1862 4639 2052 4711 eodem
2094 4639 2362 4711 paralysis
2397 4641 2592 4696 morbo
2632 4656 2745 4710 quo
2790 4649 2918 4697 tunc
2952 4642 3290 4709 laborabam,
3335 4660 3451 4702 non

1863 4732 2084 4802 quidem
2116 4734 2423 4800 remissius,
2448 4735 2543 4790 scd
2579 4734 2634 4787 in
2660 4734 2778 4790 dies
2804 4735 3019 4789 auctius
3050 4736 3342 4805 acriusque
3365 4737 3457 4797 la-

1864 4823 2020 4879 boro.
2075 4822 2195 4879 Non
2239 4825 2345 4880 hoc
2378 4826 2671 4894 praemitto,
2701 4834 2797 4880 aut
2829 4824 2973 4879 fastu
3019 4827 3307 4898 superbize,
3361 4846 3473 4892 aut

1866 4924 2181 4987 contemptu
2216 4906 2617 4984 inobedientiae,
2655 4924 2817 4987 quem
2853 4916 3053 4974 anima:
3089 4916 3348 4974 morbum
3381 4927 3489 4987 ἀί.

1862 5008 1991 5062 vina
2012 5007 2297 5062 miseratio
2328 5008 2489 5077 longe
2526 5007 2690 5063 faciat
2712 5025 2742 5063 a
2765 5024 2871 5063 me.
2898 5006 3023 5063 Non
3053 5011 3201 5066 enim
3227 5008 3511 5083 cujus“,

1862 5097 1949 5136 lvd
1996 5096 2193 5136 nnvvntii
2233 5095 2531 5136 nllnmlihnt
2570 5097 2790 5136 τηειγῖώί
2839 5112 2929 5136 mn
2981 5092 3218 5136 νοεῖ-πίονα
3270 5116 3395 5136 ῃαπ
