3988 5328
541 222 648 287 πθ

1465 222 1525 279 S.
1569 219 1898 281 GREGORH
1936 219 2027 277 γη
2060 218 2264 277 ΡΜ)Αεῖ
2302 218 2589 278 OPERUM
2624 219 2805 280 PARS
2836 222 2898 278 ll.

3703 231 3809 291 uc

539 336 917 409 pmniteadum
971 344 1115 393 esset
1171 337 1347 406 longae
1399 336 1502 392 vim
1559 346 1616 392 et
1652 336 1838 408 magni
1885 334 2122 402 laboris;
2154 338 2201 396 Α
2226 348 2335 390 non
2360 334 2587 392 excedat
2604 334 2834 406 jnstitim
2865 350 3143 403 mensura.
3180 337 3407 395 Sacrum
3436 349 3807 411 apostolatus:

539 429 740 500 quippe
760 429 886 484 inde
910 428 1220 500 proveniret
1247 425 1458 484 fructus
1478 444 1690 500 magna
1711 427 1924 484 salutis.
1947 425 2118 481 Maxi-

540 535 661 581 mas
690 530 870 583 autem
901 528 1086 590 grates
1105 534 1231 575 cum
1255 519 1451 575 humili
1473 519 1699 575 inclinio
1718 527 1911 575 vestrae
1939 516 2119 573 refero

539 602 813 670 sanctitati
846 611 992 682 quod
1026 609 1286 681 legationi
1310 618 1515 666 nostrae
1548 619 1660 666 tam
1692 611 1987 667 clementer
2015 623 2117 663 au-

538 718 653 759 rem
682 702 1006 769 inclinastis,
1039 702 1303 773 ipsosque
1337 701 1545 773 legatos
1574 700 1713 757 bene
1747 699 2046 756 admisistis
2064 708 2120 756 et

538 796 733 850 melius
758 792 1069 861 dimisistis,
1091 793 1349 864 quodque
1382 791 1586 864 placuit
1614 798 1808 846 vestrae
1844 789 2121 845 sanctitati

535 887 774 956 antiqua:
811 885 1122 943 dilectionis
1155 893 1212 940 et
1254 899 1528 957 germana;
1568 882 1870 939 affectionis
1916 891 2118 938 nostrae

533 988 646 1034 tam
677 977 909 1049 benigne
939 976 1237 1043 reminisci,
1262 991 1363 1031 nec
1392 975 1449 1030 in
1473 989 1690 1030 summa
1729 972 2118 1045 speeulationis

533 1083 680 1136 arce,
717 1077 771 1124 et
792 1068 850 1123 in
890 1068 1009 1139 ipsa
1053 1066 1300 1122 omnium
1342 1065 1708 1120 Ecclesiarum
1753 1061 2119 1118 sollicitudine

532 1159 767 1217 duxistis
804 1158 1243 1231 praetereundum
1285 1155 1433 1227 quod
1485 1155 1641 1221 olim,
1686 1152 1867 1211 adhuc
1907 1153 1963 1206 in
1999 1152 2116 1222 ipsa

533 1247 743 1320 privata
760 1247 1196 1312 conversatione,
1212 1244 1414 1300 Christi
1442 1243 1586 1319 inter
1604 1257 1706 1297 uos
1733 1240 1913 1297 fuerat
1931 1241 2115 1297 chari-

534 1350 643 1397 tate
675 1340 1052 1411 conjunctum.
1095 1336 1340 1391 Primum
1381 1334 1709 1406 multiplices
1736 1349 1863 1405 erga
1898 1349 1986 1388 me
2018 1333 2116 1389 bc-

534 1431 815 1504 nignitatis
847 1438 1043 1486 vestrae
1077 1428 1281 1501 gratias
1303 1428 1453 1483 nulla
1475 1435 1784 1497 temporum
1806 1423 2117 1496 longinqui-

532 1532 642 1580 tate
694 1522 884 1591 deleri,
941 1522 1091 1577 nulla
1147 1535 1392 1591 unquam
1448 1534 1633 1575 rerum
1685 1517 1770 1572 vel
1822 1525 2116 1571 eventuum

533 1613 899 1685 inaequalitate
919 1613 1117 1683 poterit
1131 1609 1464 1678 oblitterari;
1488 1608 1583 1665 sed
1598 1609 1665 1665 ad
1689 1608 1793 1664 hoc
1815 1605 2114 1662 remedium

2220 433 2465 481 vestrum
2512 440 2613 496 pro
2654 426 2816 483 nobis
2855 436 3103 482 orantem
3147 427 3447 486 Samarites
3482 432 3577 487 ille
3618 443 3803 491 custo-

2218 515 2353 583 diat,
2380 515 2476 585 qui
2507 515 2564 570 in
2587 515 2945 573 custodiendo
2966 532 3130 573 suum
3151 516 3318 574 Israel
3338 535 3450 576 non
3477 521 3686 578 dormit
3706 540 3803 579 ne-

2218 621 2326 677 que
2342 606 2624 675 dormitat,
2654 615 2711 662 et
2728 607 3027 665 divisiones
3055 610 3377 680 gratiarum,
3407 628 3551 683 quas
3573 614 3632 669 in
3656 617 3804 672 clave

2217 695 2363 753 Petri
2399 697 2678 764 adunavit,
2734 698 2852 768 ipse
2895 697 2953 754 in
3005 699 3163 756 vobis
3216 702 3401 758 unitas
3452 703 3805 777 integrasque

2216 795 2522 856 conservet,
2548 786 2644 858 qui
2679 787 2855 859 ipsam
2886 788 3092 847 clavem
3113 790 3270 847 vobis
3288 793 3588 849 commisit.

2944 876 3058 935 VII.

2676 966 2934 1040 Ejusdem
2965 971 3037 1024 ad
3069 973 3330 1030 eumdem.

2610 1056 2785 1114 Mansi
2815 1058 3021 1116 Goucil.
3045 1060 3165 1129 XX,
3192 1080 3247 1134 ι).
3287 1059 3414 1122 433.

2288 1150 2551 1221 Specialis
2585 1151 2903 1211 reverentiae
2939 1154 3084 1222 patri
3106 1153 3405 1224 Caesonio,
3428 1156 3625 1227 prima;
3652 1160 3795 1216 sedis

2216 1241 2444 1297 antistiti
2470 1239 2527 1295 S.
2558 1239 2910 1313 Moguntinus
2940 1244 2994 1300 id
3027 1244 3175 1315 quod
3200 1254 3287 1301 est
3305 1245 3403 1301 Dei
3427 1248 3631 1317 gratia,
3650 1250 3795 1319 quod

2216 1332 2357 1402 patri
2386 1332 2552 1399 titius,
2584 1333 2732 1403 quod
2776 1334 3001 1405 praelato
3043 1336 3343 1407 subjectus.

2284 1424 2542 1480 Adhibita
2566 1425 2789 1482 desidia:
2819 1436 3102 1497 pastorum
3149 1436 3204 1484 et
3242 1429 3585 1502 negligentia
3629 1448 3797 1489 sacrae

2215 1515 2611 1573 exhortationis
2642 1525 2698 1571 et
2714 1518 3124 1575 ammonitionis
3155 1519 3533 1587 incitamento,
3567 1521 3795 1592 vigilan-

2219 1607 2290 1663 tia
2314 1608 2604 1678 pastoralis
2632 1608 2800 1665 officii
2831 1610 3018 1677 vestri,
3055 1611 3129 1665 mi
3163 1611 3459 1667 reverende
3476 1610 3667 1679 Pater,
3697 1629 3797 1670 nos

532 1713 721 1760 nostra
755 1704 945 1760 sedulo
988 1702 1232 1774 vigilabit
1276 1699 1566 1767 industria,
1616 1707 1677 1761 ut
1698 1697 1753 1753 in
1788 1697 1893 1753 hac
1933 1711 2117 1767 perse—
2148 1702 2191 1757 B
2216 1700 2374 1771 quasi
2411 1700 2479 1755 de
2500 1714 2694 1756 somno
2716 1700 2993 1768 excitavit,
3017 1710 3073 1756 et
3112 1709 3173 1756 ut
3201 1716 3341 1774 opus
3378 1700 3686 1773 Evangelii,
3730 1701 3799 1757 ad

531 1809 722 1850 verarc
769 1802 951 1849 vestra
986 1792 1239 1863 dignetur
1277 1787 1676 1847 benevolentia.
1733 1785 1891 1854 Quod
1931 1794 2114 1841 autem

530 1891 586 1947 in
621 1888 1041 1948 commonitorio
1071 1895 1253 1942 vestro
1284 1884 1569 1958 posuistis,
1608 1898 1694 1938 me
1716 1891 1913 1937 vestrm
1935 1891 2117 1954 pater-

498 1969 506 1977 ’
530 1970 687 2036 nitati
712 1987 1074 2043 secretorum,
1102 1976 1214 2032 imo
1234 1975 1426 2033 salutis
1452 1988 1586 2030 meae
1615 1970 1957 2027 commisisse
1977 1985 2114 2025 con-

529 2070 746 2137 silium;
791 2068 938 2143 quod
988 2068 1095 2123 alia
1143 2067 1392 2138 quaedam
1437 2072 1492 2121 et
1537 2061 1893 2120 correctionis
1927 2061 2116 2116 limam

528 2158 815 2217 addidistis
877 2160 969 2217 ad.
998 2158 1411 2230 castigationem
1457 2156 1583 2212 vitae
1616 2164 1670 2211 et
1714 2169 1961 2222 morum;
2010 2153 2115 2208 hoc

528 2268 745 2323 semper
796 2251 901 2308 feci
952 2260 1007 2307 et
1043 2265 1258 2320 semper
1304 2249 1524 2318 faciam,
1571 2263 1673 2304 nec
1712 2247 1784 2302 ab
1816 2247 1923 2301 hoc
1954 2260 2116 2316 opere

530 2360 774 2415 unquam
822 2344 934 2401 vita
964 2343 1167 2400 comite
1206 2342 1502 2409 desistam;
1533 2349 1587 2397 et
1606 2339 1753 2410 quod
1787 2336 1861 2393 ibi
1891 2344 2113 2393 cautum

528 2445 633 2505 est,
662 2436 981 2493 cautissime
1003 2436 1228 2502 cavebo,
1261 2443 1316 2490 et
1352 2433 1500 2504 quod
1534 2432 1609 2488 ibi
1643 2437 1972 2502 prmceptum
2007 2437 2112 2496 est,

528 2534 694 2599 prout
726 2526 870 2583 vires
900 2525 1111 2583 dederit
1154 2524 1319 2593 Deus,
1346 2523 1577 2596 pleniter
1610 2520 1938 2592 adimplebo.
1978 2518 2043 2573 Et
2067 2517 2114 2574 si

527 2619 689 2676 aliter
713 2620 781 2675 de
816 2635 903 2675 me
943 2618 1179 2691 alicujus
1209 2617 1550 2674 adversantis
1574 2616 1728 2672 vobis
1748 2622 2001 2687 suggeret
2030 2630 2114 2669 re—

526 2710 680 2779 latio,
696 2713 908 2767 noverit
927 2712 1189 2769 sanctitas
1212 2719 1395 2766 vestra
1417 2710 1564 2781 quod
1581 2708 1846 2765 unitatem
1866 2706 2116 2763 scindere

526 2813 582 2860 et
614 2805 939 2861 charitatem
984 2818 1340 2875 corrumpere
1383 2819 1486 2860 suo
1535 2802 1819 2858 mendacio
1862 2808 2111 2866 conetur,

528 2895 635 2956 nisi
666 2895 806 2951 forte
840 2897 945 2951 hoc
970 2904 1193 2952 accuset
1213 2895 1361 2967 quod
1385 2894 1680 2965 aliquando
1703 2892 1855 2959 illud,
1885 2907 1996 2963 quo
2027 2907 2115 2948 me

525 2989 755 3060 castigo,
774 2986 988 3043 frenum
1004 2986 1307 3058 disciplinae
1319 2984 1660 3057 aliquantum
1680 2985 1865 3040 laxare
1883 2982 2114 3040 consilio

526 3076 759 3134 fratrum
796 3078 1094 3148 compellor
1117 3093 1288 3133 causa
1308 3076 1612 3132 medicinae.
1648 3074 1822 3131 Porro
1848 3074 2017 3145 quod,
2044 3073 2112 3128 de

524 3168 906 3235 examinandis
951 3167 1222 3239 episcopis
1252 3183 1394 3239 quos
1421 3167 1555 3221 mihi
1576 3165 1924 3232 nominastis,
1949 3173 2005 3220 ct
2028 3165 2112 3218 in-

528 3259 753 3315 troitum
810 3273 1001 3312 eorum
1054 3266 1111 3312 et
1165 3257 1641 3312 conversationem
1699 3254 2112 3326 diligentissime

527 3346 826 3417 inquirere,
874 3356 928 3401 et
969 3362 1066 3416 per
1111 3346 1335 3402 nuntios
1378 3353 1598 3401 nostros
1642 3345 1799 3400 vobis
1842 3342 2111 3398 insinuari

529 3436 853 3502 mandastis,
876 3437 1176 3507 perpendat
1201 3436 1434 3508 vigilans
1469 3436 1560 3490 ille
1598 3435 1792 3490 oculus
1829 3432 2112 3504 sapientiae

527 3536 721 3582 vestrae
752 3527 920 3598 quod,
959 3542 990 3581 a
1027 3528 1202 3582 reditu
1246 3528 1549 3600 legatorum
1591 3534 1907 3582 nostrorum
1939 3539 2113 3596 usque

527 3615 597 3671 ad
621 3614 763 3670 banc
785 3615 1035 3670 iteratam
1062 3616 1412 3688 legationem,
1439 3631 1550 3671 non
1584 3622 1797 3670 tantum
1828 3623 1945 3670 erat
1971 3622 2110 3669 tem-

528 3706 679 3779 poris
726 3702 1081 3761 iuterstitium
1128 3715 1187 3761 ut
1222 3706 1309 3762 vel
1351 3706 1547 3763 fratres
1577 3705 1830 3776 colligere
1868 3705 1951 3760 vel
1977 3719 2109 3760 exa-

528 3796 848 3853 minationis
868 3798 1032 3852 etiam
1054 3813 1271 3868 possem
1304 3797 1504 3852 habere
1523 3797 1811 3869 judicium,
1831 3810 1939 3850 non
1963 3785 2111 3853 aliud

533 3904 702 3960 super
752 3888 854 3944 hac
902 3903 962 3944 re
1012 3888 1191 3944 adhuc
1219 3887 1375 3945 vobis
1416 3890 1482 3944 de
1512 3889 1597 3944 his
1637 3888 1891 3944 intimare
1933 3887 2108 3958 valeo,

528 3995 695 4051 quam
717 3981 863 4050 quod
886 3981 968 4036 vel
990 3996 1088 4037 vos
1107 3981 1259 4037 scitis
1279 3980 1363 4036 vel
1383 3982 1692 4037 communis
1714 3982 1879 4037 habet
1901 3982 2106 4053 Opinio.

529 4067 729 4124 Verum
752 4070 960 4127 litteras
994 4070 1206 4127 vestras
1240 4070 1346 4128 illis
1380 4072 1710 4144 quantocius
1737 4073 1932 4141 direxi,
1962 4083 2016 4129 et
2051 4078 2111 4129 ut

529 4160 844 4217 mandatum
888 4172 1135 4218 vestrum
1168 4164 1425 4236 impleant
1452 4167 1617 4222 etiam
1662 4167 1869 4225 nostris
1914 4167 2110 4225 litteris

527 4252 812 4325 diligenter
836 4254 1147 4310 submonui.
1172 4254 1248 4311 De
1268 4256 1587 4326 paenitentia
1609 4266 1793 4315 autem
1825 4258 2110 4315 Strasbur-

528 4345 713 4425 gensis
741 4345 981 4416 episcopi
1013 4346 1151 4401 nihil
1176 4349 1308 4403 certi
1344 4365 1643 4419 possumus
1684 4351 1840 4409 vobis
1875 4367 2107 4422 respon-
2138 4386 2182 4441 Β

527 4436 673 4502 dere,
703 4435 851 4506 quod
887 4452 1007 4506 nec,
1044 4437 1089 4493 si
1113 4438 1164 4494 ei
1198 4439 1443 4509 iujuncta
1483 4449 1646 4509 esset,
1670 4443 1902 4498 antehac
1946 4443 2102 4512 scivi,

529 4541 648 4594 nec,
685 4527 874 4581 sicam
896 4528 1169 4595 oltservet,
1199 4537 1418 4600 propter
1439 4531 1698 4602 temporis
1722 4533 2105 4602 compendium

528 4616 804 4686 inquirere
843 4620 1014 4689 potui.
1051 4617 1126 4673 De
1157 4620 1406 4676 castitate
1437 4636 1567 4675 vero
1595 4622 1919 4678 clericorurn
1956 4631 2011 4679 et
2039 4624 2107 4679 de

532 4705 841 4763 Simoniaca
877 4709 1089 4777 haeresi,
1126 4711 1192 4765 ad
1239 4725 1513 4766 summam
1555 4712 1622 4767 de
1652 4712 1906 4769 omnibus
1939 4730 2105 4785 quam

530 4796 665 4849 mihi
688 4800 1007 4868 mandastis,
1045 4816 1279 4870 semper,
1309 4810 1471 4872 prout
1504 4801 1619 4873 ipse
1655 4802 1941 4873 adjuverit,
1971 4805 2105 4859 obc-

528 4885 676 4940 diam
697 4887 810 4942 Deo
848 4898 902 4944 et
926 4890 1100 4946 vobis.
1126 4889 1241 4945 Erit
1280 4900 1461 4947 autem
1495 4894 1805 4962 apostolica:
1846 4911 2105 4951 mansuc-

532 4974 737 5032 tudinis
759 4987 814 5032 et
846 4989 1084 5049 pateram
1108 4982 1436 5051 dilectionis,
1469 4983 1515 5039 si
1540 4985 1607 5040 ad
1631 4982 1829 5040 fratres
1850 4986 2104 5042 mandata

530 5066 767 5135 dirigere
784 5068 1169 5138 ecclesiastica,
1193 5080 1253 5127 ut
1275 5081 1330 5128 et
1342 5082 1649 5145 temporum
1670 5076 2106 5146 Opportunitates

529 5167 587 5214 et
639 5159 980 5230 singulorum
1026 5165 1442 5237 possibilitatem
1470 5145 1769 5239 dignemini
1813 5167 2101 5238 inspicere,

532 5256 594 5302 ut
630 5256 683 5302 et
704 5246 1047 5302 deviantibus
1079 5258 1133 5303 et
1175 5251 1410 5328 dyscolis
1467 5256 1788 5312 adhibeatur
1819 5256 2106 5328 disciplina

2215 1790 2360 1861 quod
2382 1790 2523 1846 servi
2548 1788 2965 1847 Patrisfamilias
2981 1793 3223 1862 deputati
3247 1802 3465 1861 sumus,
3484 1793 3796 1851 indesinen-

2214 1892 2298 1940 ter
2314 1898 2569 1941 curemus
2596 1883 2840 1955 implere,
2853 1901 3026 1955 quam
3042 1885 3284 1941 studiose
3308 1886 3524 1955 incitat,
3540 1895 3659 1941 tam
3672 1885 3797 1940 reii-

2215 1974 2365 2042 gios‘e
2387 1973 2599 2031 invitat.
2623 1973 2792 2031 Sacra
2815 1984 3142 2047 namqueest
3152 1976 3240 2046 pia
3254 1976 3571 2032 sollicitudo
3586 1976 3801 2048 providi

2214 2067 2468 2137 pastoris,
2485 2068 2641 2123 beata
2672 2075 2726 2124 et
2751 2067 3166 2123 renumerabilis
3200 2067 3483 2123 exsecutio
3523 2066 3698 2139 hujus
3718 2067 3800 2121 di.

2214 2157 2327 2212 vini
2340 2157 2541 2228 operis,
2554 2159 2650 2215 sed
2672 2157 2777 2216 heu
2793 2159 2806 2215 !
2824 2159 3059 2214 multum
3078 2159 3343 2213 reclamat
3356 2173 3545 2213 rerum
3569 2159 3798 2228 vertigo,

2213 2260 2269 2305 et
2281 2250 2539 2322 iniquitas
2561 2248 2842 2323 temporis.
2859 2248 2930 2306 At
2942 2265 3074 2315 vero
3101 2249 3148 2306 si
3174 2249 3291 2306 dies
3307 2249 3437 2305 mali
3453 2257 3609 2315 sunt,
3622 2257 3801 2304 tamen

2215 2341 2280 2397 ad
2287 2342 2494 2399 monita
2507 2350 2686 2399 vestra
2701 2342 2944 2414 vigilanti
2958 2343 3172 2399 cautela
3181 2351 3398 2413 tempus
3420 2342 3801 2398 redimendum

2213 2440 2319 2499 est,
2345 2449 2436 2500 ne,
2456 2433 2504 2490 si
2532 2441 2754 2505 propter
2773 2448 2924 2489 aurae
2938 2433 3314 2505 intemperiem
3333 2432 3556 2487 vineam
3586 2430 3802 2487 Domini

2213 2527 2489 2584 culturare
2516 2528 2766 2595 desistat,
2801 2529 2869 2584 de
2901 2527 3229 2600 negligentia
3252 2525 3657 2582 condemnetur
3681 2526 3801 2596 qui-

2214 2620 2344 2677 libet
2369 2621 2579 2677 inutilis
2598 2621 2905 2693 operarius,
2927 2628 3002 2687 et,
3017 2620 3064 2676 si
3083 2622 3383 2691 tempestas
3408 2618 3579 2674 hodie
3606 2619 3804 2689 ingruit

2212 2729 2337 2784 quze
2358 2729 2462 2770 nos
2491 2713 2562 2769 ab
2591 2727 2759 2784 opere
2792 2713 3038 2783 repellat,
3068 2724 3192 2768 cras
3221 2710 3441 2766 caelitus
3476 2710 3697 2765 reddita
3720 2724 3801 2765 se-

2213 2805 2447 2860 renitate
2477 2804 2720 2860 studium
2772 2803 3033 2858 nimirum
3076 2802 3134 2857 in
3184 2802 3239 2858 id
3293 2802 3475 2873 ipsum
3532 2809 3800 2857 recurrat.

2213 2894 2400 2967 itaque
2425 2895 2620 2963 indixit
2646 2894 2947 2951 auctoritas
2979 2902 3175 2950 vestrae
3213 2903 3418 2951 sanctae
3452 2894 3805 2964 pater-uitatis

2217 2996 2279 3042 ut
2302 2995 2501 3043 statuta
2536 2987 2645 3056 die,
2670 2987 2911 3045 collectis
2939 2985 3200 3042 fratribus
3225 3000 3291 3042 ex
3314 2986 3638 3056 apostolicae
3654 2987 3803 3058 lega-

2217 3076 2382 3133 tionis
2423 3078 2703 3145 mandato,
2726 3077 3020 3133 concilium
3060 3075 3359 3132 debeamus
3404 3076 3712 3143 celebrans,
3754 3086 3805 3131 et

2212 3165 2476 3236 quidquid
2502 3166 2560 3221 in
2593 3151 2870 3237 provincia
2913 3173 3008 3220 aut
3047 3165 3100 3219 iu
3132 3180 3300 3236 regno
3342 3172 3538 3221 nostro
3574 3166 3667 3222 vel
3710 3180 3805 3236 per

2214 3255 2581 3311 Simoniacam
2604 3255 2834 3311 haeresin
2859 3256 2942 3311 vel
2969 3255 3465 3326 quomodocunque
3491 3266 3693 3312 contra
3714 3271 3803 3311 re-

2212 3347 2395 3418 gulam
2439 3344 2820 3402 ecclesiastica:
2862 3344 3200 3401 rectitudinis
3241 3360 3529 3416 perperam
3586 3356 3803 3418 gestum

2212 3446 2308 3494 aut
2331 3438 2471 3493 male
2503 3444 2826 3507 usurpatum
2850 3436 2934 3491 vel
2962 3445 3162 3492 temere
3181 3446 3578 3507 praesumptum
3607 3454 3801 3496 occur-

2212 3530 2367 3596 rerit,
2390 3528 2599 3601 judicio
2642 3526 2874 3585 fratrum
2900 3527 3139 3583 recidere
3166 3544 3277 3583 non
3309 3528 3636 3586 differamus
3666 3530 3800 3588 falce

2207 3623 2450 3695 justititc.
2482 3621 2640 3690 Quod
2667 3622 2959 3692 praecipitis
2987 3622 3142 3688 mihi,
3168 3621 3350 3690 Pater,
3384 3640 3608 3694 aequum
3634 3633 3721 3680 est
3747 3633 3801 3682 et

2206 3713 2437 3784 justum,
2465 3721 2519 3770 et
2543 3714 2647 3768 hoc
2680 3728 2777 3783 per
2803 3713 3116 3785 provincias
3134 3714 3219 3770 bis
3247 3716 3301 3769 in
3322 3730 3469 3769 anno
3495 3715 3616 3770 ﬁeri
3643 3731 3796 3771 man-

2210 3807 2344 3862 dant
2375 3806 2592 3862 decreta
2632 3821 2918 3862 sacrorum
2954 3821 3258 3873 canonum;
3290 3807 3389 3862 sed
3429 3807 3500 3862 ad
3525 3806 3677 3877 quod
3705 3807 3795 3861 de-

2210 3905 2488 3952 cretorum
2540 3896 2839 3953 auctoritas
2880 3904 2936 3952 et
2988 3907 3171 3953 vestra
3204 3897 3505 3967 paternitas
3545 3897 3791 3968 impellit,

2210 3989 2281 4045 ab
2302 3989 2408 4045 hoc
2435 3997 2489 4044 et
2508 4004 2696 4044 rerum
2724 3988 3066 4059 inaequalitas
3095 3998 3150 4044 et
3180 3988 3344 4059 hujus
3383 3988 3612 4059 maligni
3653 3996 3792 4044 tem-

2209 4079 2359 4150 poris
2381 4078 2770 4149 importunitas
2816 4094 2919 4141 nos
2948 4079 3109 4150 longe
3150 4079 3376 4149 repellit.
3412 4078 3663 4149 Denique
3705 4095 3794 4135 au-

2209 4171 2384 4227 ditum
2416 4170 2692 4227 credimus
2716 4177 2909 4226 vestrae
2929 4169 3262 4240 paternitati,
3280 4178 3520 4240 quantus
3545 4169 3603 4224 in
3626 4185 3792 4241 regno

2208 4271 2399 4319 nostro
2428 4271 2632 4331 motus,
2670 4268 2877 4335 quanta
2904 4260 2979 4317 sit
2999 4260 3357 4331 perturbatio,
3383 4275 3553 4331 quam
3577 4260 3792 4331 pericu-

2209 4349 2325 4407 lose
2347 4352 2485 4415 bella
2515 4357 2836 4423 grassantur
2867 4356 2922 4405 ct
2957 4349 3271 4418 seditiones,
3312 4349 3453 4405 sicut
3479 4349 3790 4405 audivimus

2208 4443 2264 4498 in
2287 4443 2622 4515 evangelico.
2656 4442 2938 4509 Auditum,
2968 4442 3216 4512 inquam,
3245 4439 3520 4496 credimus
3544 4440 3707 4497 vobis
3727 4440 3791 4495 de

2209 4533 2371 4603 bello,
2396 4535 2545 4606 quod
2575 4551 2606 4589 a
2634 4533 2866 4589 Domino
2888 4541 3079 4589 nostro
3112 4547 3236 4602 rege
3262 4529 3466 4587 factum
3488 4539 3578 4586 est
3599 4540 3789 4587 contra

2211 4622 2458 4681 Saxones
2485 4633 2540 4681 et
2576 4623 2908 4696 Thuringos,
2939 4631 2995 4679 et
3023 4623 3299 4695 quomodo
3332 4621 3525 4677 dextra
3572 4620 3789 4676 Domini

2208 4718 2565 4789 prostraverit
2586 4725 2641 4772 et
2662 4714 2929 4787 fugaverit
2947 4713 3175 4772 rebelles
3202 4722 3256 4771 et
3276 4711 3505 4783 impios;
3528 4720 3587 4767 et
3607 4716 3788 4766 tamen

2208 4809 2387 4864 adhuc
2415 4808 2469 4862 in
2494 4808 2685 4864 eadem
2713 4807 3079 4862 obstinatione
3107 4805 3407 4876 perdurant
3438 4804 3611 4858 etiam
3636 4803 3784 4871 victi,

2206 4909 2261 4954 et
2292 4900 2487 4954 iterum
2515 4899 2755 4970 perfidiae
2776 4907 2940 4968 caput
2960 4898 3165 4965 levant,
3195 4913 3260 4953 ac
3295 4895 3467 4953 totius
3492 4897 3647 4968 regni
3676 4896 3786 4968 gla-

2206 4990 2327 5046 dios
2348 4999 2541 5047 contra
2565 5006 2625 5048 se
2646 4999 2902 5046 acuentes
2927 4990 3126 5044 iterum
3155 4988 3375 5044 recidua
3396 4988 3540 5043 bella
3569 4996 3779 5058 parant.

2206 5079 2387 5136 Unum
2400 5081 2677 5148 timemus,
2691 5081 2836 5151 quod
2847 5095 2947 5151 pro
2958 5089 3181 5150 peccato
3192 5081 3379 5151 populi
3391 5080 3459 5135 de
3473 5081 3674 5151 vagina
3688 5095 3782 5136 sua

2202 5172 2431 5228 eductus
2446 5173 2518 5227 sit
2532 5172 2740 5243 gladius
2752 5170 2987 5238 Domini,
3001 5179 3055 5226 et
3066 5180 3246 5226 tamen
3262 5169 3416 5243 [nisi]
3429 5179 3781 5242 pernostram

2206 5263 2547 5328 aliorumque
2587 5268 2906 5325 sanctorum
2946 5260 3271 5328 propitiatur
3308 5261 3781 5328 intercessionem,
