3988 5328
169 128 261 186 71f

1058 120 1421 179 msrom
1457 116 1689 177 mm
1734 114 2136 175 REGISTRUM
2183 84 2562 173 “crimes

3330 108 3436 172 τη

166 236 678 298 obmutescentibus
697 233 970 307 Evangelii
989 234 1275 301 tubis,nec
1294 249 1471 306 preco
1495 233 1750 290 clamoris
1779 240 1826 298 Α
1851 230 2294 302 scopus,tidclem
2325 231 2603 287 servitutis
2626 239 2681 286 et
2703 230 3024 287 obedientite
3047 224 3443 303 subiectionem

165 346 379 397 vocem,
407 346 513 385 nec
540 326 775 403 populus
804 327 968 383 habet
1004 326 1258 383 audiendi
1303 340 1511 381 aurem.
1558 318 1753 379 Hostili

165 423 348 493 prada
385 422 444 476 et
475 412 801 491 pervasione
824 434 1018 489 magna
1049 434 1118 473 ex
1150 426 1305 488 parte
1333 416 1561 487 disperit
1592 430 1681 472 res
1700 424 1757 471 et

166 513 378 569 reditus
422 510 665 582 episcopi
688 509 886 575 nostri,
915 517 971 564 et
1005 511 1112 565 hoc
1141 509 1281 565 idem
1316 508 1602 578 patiuntur
1633 507 1755 577 pitt-

166 605 292 671 rimi
317 602 523 659 fratres
560 600 755 667 nostri,
788 615 966 670 neque
993 591 1116 656 haec
1147 615 1332 655 rerum
1367 590 1617 670 angustia
1659 612 1756 653 eos

168 696 375 767 patitur
396 696 585 748 venire
610 686 679 748 ad
695 681 1009 748 concilium.
1032 680 1151 747 Huc
1173 690 1382 747 accedit
1401 690 1549 761 quod
1569 690 1756 760 plures

167 784 482 856 coepiscopi
512 783 707 848 nostri,
734 773 829 852 qui
863 782 932 836 ad
957 772 1250 836 concilium
1275 781 1453 836 vocati
1479 788 1628 847 sunt,
1645 795 1756 835 non

169 880 302 929 sunt
333 889 391 928 in
425 872 603 944 gratia
645 870 929 942 principis,
968 885 1069 927 nec
1107 886 1341 941 usquam
1378 869 1581 924 audent
1624 883 1757 938 pro-

169 965 324 1037 gredi
355 964 478 1020 sine
502 963 788 1034 dispendio
813 963 1008 1017 salutis
1028 978 1161 1020 sure.
1188 961 1255 1017 Et
1276 962 1325 1018 si
1348 962 1757 1018 consideremus

168 1070 267 1111 eos
313 1054 604 1126 episcOpos
663 1051 757 1124 qui
790 1063 1143 1119 accusantur,
1194 1061 1249 1107 et
1300 1055 1396 1108 eos
1440 1044 1533 1123 qui
1567 1052 1759 1107 adche

170 1161 283 1202 non
309 1147 533 1213 audent,
558 1145 606 1202 si
633 1144 928 1201 concilium
951 1153 1330 1217 congregetur,
1357 1145 1447 1201 vix
1478 1144 1759 1200 invenian-

173 1253 262 1299 tur
317 1236 416 1315 qui
443 1243 711 1314 judicent.
755 1235 981 1299 Accedit
1014 1232 1105 1299 hic
1146 1243 1314 1298 etiam
1360 1242 1431 1298 ad
1475 1232 1759 1297 cumulum

170 1336 349 1393 nostri
371 1325 588 1391 timoris
609 1345 663 1390 et
690 1344 982 1406 exaggerat
997 1334 1113 1389 'vim
1132 1335 1306 1392 nostri
1330 1335 1557 1403 doloris,
1584 1334 1756 1406 quod,

170 1429 217 1485 si
257 1428 329 1483 de
366 1422 599 1484 diversis
643 1427 755 1483 imo
792 1426 1038 1483 adversis
1076 1426 1395 1498 regionibus
1452 1426 1521 1481 ad
1575 1425 1761 1481 conci-

170 1520 307 1575 lium
333 1527 727 1586 convoeentur,
758 1518 853 1590 qui
877 1519 946 1574 ad
970 1518 1202 1574 invicem
1232 1517 1605 1584 inimicantur,
1629 1517 1760 1572 dum

172 1621 433 1681 putamus
461 1626 565 1667 nos
589 1611 845 1681 colligere
869 1610 945 1665 ad
970 1608 1265 1665 concilium
1289 1608 1511 1675 fratres,
1538 1616 1761 1678 paratas

171 1702 477 1758 habeamus
520 1702 669 1758 acies
720 1701 788 1758 ad
842 1701 1044 1756 bellum
1085 1710 1185 1756 :et
1236 1701 1372 1757 dum
1422 1698 1761 1771 corrigendis

169 1791 455 1849 erroribus
493 1801 551 1848 et
591 1784 873 1863 sopiendis
907 1792 1145 1863 querelis
1188 1792 1245 1846 in
1291 1804 1462 1846 unam
1486 1791 1762 1846 tendimus

171 1883 321 1953 pacis
385 1877 777 1941 ecclesiastica;
826 1876 1293 1949 communionem,
1355 1882 1609 1949 forsitan,
1654 1871 1763 1936 nisi

185 1988 316 2053 )eus
343 1975 666 2046 prospiciat,
692 1984 998 2031 conventus
1025 1983 1211 2030 noster
1247 1972 1559 2029 turbabitur
1588 1988 1764 2043 usque

182 2065 237 2119 id
269 2064 722 2121 internecionem.
738 2060 1075 2123 Recordetur
1094 2074 1277 2121 autem
1300 2073 1567 2121 sanctitas
1584 2073 1764 2120 vestra

171 2157 320 2227 quod
356 2152 941 2233 pmptequnltensem
973 2158 1227 2212 abbatem
1267 2157 1562 2227 aliquando
1589 2154 1766 2211 conri-

175 2248 314 2318 gerit
361 2247 649 2314 Goslariae,
694 2257 830 2318 quot
875 2248 1007 2304 boni
1037 2248 1239 2303 milites
1266 2248 1322 2302 in
1368 2248 1487 2318 ipsa
1538 2258 1763 2318 vespera

173 2337 528 2395 Pentecostes
552 2339 736 2411 gladio
749 2332 1012 2411 perempti
1024 2347 1154 2396 sunt
1167 2330 1313 2394 intra
1330 2346 1485 2409 septa
1500 2337 1763 2406 ecclesiae,

174 2428 396 2503 perfusa
420 2440 551 2487 sunt
572 2429 767 2486 altaria
783 2431 1050 2503 sanguine
1064 2421 1505 2497 interfectorum,
1530 2439 1586 2486 et
1610 2430 1767 2485 insti-

176 2531 340 2593 gante
365 2518 585 2579 diabolo
609 2529 784 2577 totum
809 2522 1158 2593 profanatum
1179 2528 1263 2577 est
1282 2521 1672 2578 sanctuarium.
1700 2514 1768 2577 Et

178 2621 308 2668 tunc
338 2625 488 2669 certe
520 2628 717 2669 omnes
737 2623 1103 2669 convenerant
1134 2615 1205 2671 ad
1232 2613 1442 2669 curiam
1463 2613 1565 2670 sub
1587 2613 1768 2683 specie

178 2704 350 2773 pacis,
380 2704 488 2759 nisi
510 2704 660 2774 quod
687 2704 830 2758 inter
854 2719 952 2760 eos
982 2704 1185 2760 latebat
1213 2704 1461 2776 quaedam
1492 2704 1765 2772 simultas,

178 2795 339 2864 quasi
369 2794 563 2850 doloso
593 2794 765 2850 cineri
800 2795 1113 2876 suppositus
1147 2795 1308 2867 ignis.
1343 2794 1411 2849 Et
1442 2794 1571 2865 quid
1594 2794 1769 2850 credi-

179 2900 304 2941 mus
326 2884 574 2941 futnrum
599 2886 646 2942 si
688 2885 767 2940 illi
805 2886 900 2957 qui
924 2895 1106 2956 aperte
1137 2885 1511 2952 inimicantur,
1536 2900 1765 2957 congre-

178 2986 383 3048 gentnr
414 2978 473 3032 in
505 2978 715 3033 unum?
737 2976 846 3033 Pro
894 2977 982 3035 bis
1000 2987 1055 3034 et
1076 2994 1175 3049 pro
1214 2977 1529 3048 hujusmodi
1567 2976 1767 3033 fratres

179 3069 381 3136 nostri,
413 3069 510 3140 qui
537 3076 669 3124 sunt
708 3068 945 3126 sanioris
975 3069 1281 3135 sententias,
1312 3069 1500 3124 dicunt
1531 3068 1634 3124 sibi
1663 3068 1765 3123 bo-

180 3175 314 3214 num
378 3159 552 3215 videri
590 3169 653 3215 ut
696 3160 875 3216 adhuc
908 3160 1203 3216 concilium
1245 3158 1548 3228 dilleratur,
1594 3160 1769 3216 donec

177 3251 468 3309 videamus
500 3252 546 3308 si
575 3250 852 3323 quomodo
878 3252 1087 3308 reddita
1119 3267 1253 3324 pace
1281 3251 1549 3308 Dominus
1581 3252 1769 3324 propi-

181 3344 366 3399 tictur.
417 3342 533 3400 Nos
586 3354 770 3399 autem
813 3345 1071 3400 omnibus
1120 3344 1363 3401 consiliis
1422 3352 1477 3400 et
1522 3343 1769 3401 conciliis

180 3445 424 3491 vestram
448 3435 796 3506 praeferimus
815 3436 1166 3505 sententiam,
1195 3436 1248 3492 id
1273 3436 1421 3506 quod
1444 3436 1601 3493 nobis
1630 3435 1769 3492 indi-

187 3526 314 3582 :itis
346 3528 503 3582 nullo
536 3529 701 3583 modo
729 3538 953 3599 propter
993 3537 1229 3584 vestram
1288 3531 1605 3585 omittemus
1637 3542 1770 3584 con—

181 3620 496 3675 scientiam.
545 3617 703 3676 Unde
747 3621 930 3675 statim
972 3629 1095 3691 post
1134 3621 1339 3693 regiam
1369 3620 1769 3691 expeditionem

180 3712 358 3766 multa
398 3728 527 3768 cum
561 3711 878 3768 festinantia
911 3721 1157 3768 nostram
1188 3713 1343 3768 vobis
1369 3711 1668 3784 dirigemus
1693 3712 1771 3767 le-

181 3803 486 3874 gationem,
527 3819 627 3860 nec
670 3803 742 3860 ad
784 3803 891 3859 hoc
932 3803 1309 3874 intemperiem
1353 3803 1772 3859 consideramus

181 3895 338 3962 anni,
373 3903 437 3949 ut
466 3894 763 3952 advertatis
808 3895 1001 3966 quanti
1043 3896 1202 3952 nobis
1237 3903 1450 3952 constet
1473 3896 1773 3951 auctoritas

182 3987 441 4058 prmeepti
465 3987 652 4043 vestri.
669 3985 815 4059 Ergo
839 3987 1104 4058 sapientia
1130 3996 1331 4054 vestra,
1349 4001 1473 4057 qua;
1495 3987 1553 4041 in
1576 4002 1633 4043 se
1656 3986 1773 4056 ipsa

183 4088 384 4135 cuncta
418 4079 663 4147 metitur,
703 4087 961 4136 retractet
1009 4079 1134 4151 quis
1164 4079 1329 4150 hujus
1350 4066 1774 4157 perturbationis

184 4171 478 4243 provenire
502 4178 690 4242 posset
710 4179 967 4237 eventus;
993 4179 1048 4226 et
1068 4170 1330 4241 pericula,
1349 4187 1471 4241 quas
1496 4169 1773 4238 timemus,

186 4262 425 4318 consilio
447 4270 501 4316 ct
521 4262 777 4317 oratione
806 4263 1145 4332 praaveniens
1169 4263 1425 4333 disponat
1458 4263 1515 4317 in
1557 4262 1775 4330 melius,

186 4362 241 4408 et
260 4351 531 4424 quidquid
558 4352 802 4408 dictante
825 4351 1032 4423 Spiritu
1063 4361 1256 4408 sancto
1280 4368 1445 4423 super
1458 4353 1775 4424 hujusmodi

189 4445 307 4501 ﬁeri
358 4442 678 4510 decernitis,
733 4444 895 4500 nobis
957 4445 1025 4500 de
1076 4446 1302 4502 oraculo
1350 4447 1491 4503 sacri
1538 4447 1776 4517 pectoris

190 4534 361 4591 vestri
396 4534 732 4606 respondere
757 4533 956 4592 velitis.
1000 4534 1157 4602 Quod
1192 4537 1238 4592 si
1264 4537 1529 4607 probatis,
1554 4543 1778 4613 prepter

192 4625 458 4696 pericula,
484 4640 610 4695 quae
654 4624 935 4693 timemus,
961 4626 1028 4681 ad
1060 4642 1308 4697 praesens
1351 4627 1614 4684 indictum
1644 4643 1778 4683 con—

194 4717 383 4773 cilium
433 4714 742 4782 difl'eratur,
785 4725 841 4771 et
891 4717 1151 4789 quidnam
1198 4719 1351 4776 vobis
1387 4720 1673 4790 placuerit,
1724 4727 1779 4777 et

189 4806 581 4879 Opportunitas
605 4806 868 4875 evenerit,
890 4809 1195 4865 celebretur
1223 4811 1278 4865 in
1311 4809 1366 4866 id
1395 4811 1597 4882 ipsum.

891 4925 985 4981 V11
1011 4926 1117 4984 bis.

197 5011 753 5098 Ερὶξεοιαπξιμπαεεεε
776 5015 1056 5098 {ternorum
1077 5019 1547 5098 archiepiscopi“
1582 5023 1783 5098 Grego-

262 5085 407 5163 rium
442 5083 576 5163 VI.
596 5114 671 5125 --
689 5084 895 5163 Scripta
913 5097 1030 5160 post
1055 5083 1338 5163 concilium
1358 5083 1647 5163 ﬁduciae,
1670 5083 1781 5151 sive

261 5154 882 5235 idygustodunfnscLied
913 5154 1049 5215 'ante
1082 5158 1393 5216 Pictaoense
1427 5161 1614 5235 ((ἶιεο.
1633 5154 1778 5233 ὟΠ,

261 5224 363 5280 lib.
388 5241 471 5292 v1,
492 5241 584 5295 ep.
618 5224 655 5279 2
677 5233 732 5280 et
755 5226 833 5298 5.)

1852 331 1909 379 et
1928 322 2194 378 orationis
2216 323 2581 378 devotionem.

1929 428 2143 497 Vestro,
2188 430 2429 499 domine,
2466 430 2774 487 interventu
2813 439 2869 487 et
2901 432 3281 487 onsecratione
3310 432 3437 487 red-

1853 520 1965 577 didi
1996 520 2231 576 dominae
2262 520 2334 576 Μ.
2369 522 2657 578 marchiszc
2683 522 2867 578 omnia
2911 538 3035 593 qua;
3070 521 3138 578 de
3182 538 3269 579 me
3303 536 3439 579 suus

1855 622 2171 669 antecessor
2207 613 2402 679 tenuit,
2445 620 2501 667 et
2542 613 2610 667 ad
2644 611 2979 669 defendenda
3021 614 3209 670 eadem
3256 614 3440 670 consi-

1856 704 1990 759 lium
2025 720 2209 760 mcum
2243 712 2297 759 et
2326 703 2589 760 auxilium
2612 719 2679 759 ac
2702 713 2953 775 receptus
2989 721 3142 762 meos
3179 707 3441 776 promitto

1856 796 2087 851 fideliter
2133 803 2188 851 et
2231 795 2501 866 promisi:
2547 803 2604 850 et
2650 797 2718 851 de
2765 797 3062 867 rejiciendo
3105 797 3170 853 ϐ.
3205 805 3260 853 ct
3302 799 3441 854 reci-
3483 847 3486 850 .

1856 887 2055 959 piendo
2072 887 2277 943 comite
2316 886 2381 941 A.
2414 886 2679 959 quidquid
2716 887 2834 958 ipsa
2875 889 3169 961 quaesierat
3218 898 3443 960 paratus

1858 995 1982 1035 sum
2023 979 2269 1050 exsequi.
2318 978 2400 1034 Ad
2443 994 2567 1050 qua:
2607 979 2793 1034 omnia
2837 980 3207 1036 confirmanda
3252 980 3444 1041 diebus

1859 1072 2032 1127 sacris
2068 1069 2417 1127 Pentecostes
2462 1086 2587 1126 cum
2632 1072 2801 1128 fratre
2844 1081 3055 1133 nostro.
3079 1072 3219 1128 fideli
3259 1082 3445 1129 vestro

1859 1161 2198 1217 Theoderico
2224 1158 2554 1217 Virduncnsi
2583 1164 2861 1235 episcopo,
2887 1171 3012 1219 sua:
3032 1164 3236 1219 civitati
3272 1164 3444 1220 inter-

1859 1253 1959 1321 fui,
1997 1252 2202 1308 relictis
2245 1270 2412 1309 causa
2452 1255 2799 1311 necessitatis
2837 1272 2951 1311 suae
2994 1257 3050 1311 in
3092 1266 3446 1313 sacrosancto

1861 1352 2102 1415 tempore
2122 1344 2259 1400 meis
2289 1345 2545 1400 omnibus
2584 1346 2930 1402 necessariis.
2968 1346 3075 1404 Sed
3109 1364 3232 1420 ego,
3271 1348 3446 1405 ﬁdelis

1859 1441 2039 1488 vester
2084 1440 2140 1487 ct
2179 1448 2278 1503 per
2320 1432 2505 1488 omnia
2543 1433 2803 1491 Ecclesia:
2846 1436 2975 1505 jura
3027 1437 3184 1493 vobis
3227 1428 3449 1497 obedire

1861 1529 2107 1592 paratus,
2133 1529 2379 1577 vestrum
2402 1521 2468 1577 de
2494 1516 2914 1594 archiepiscopo
2942 1523 3236 1583 Viennensi
3272 1525 3449 1582 Guar-

1794 1590 1836 1645 B
1861 1590 2067 1667 mundo
2119 1628 2469 1683 summopere
2523 1590 2748 1684 requiro
2791 1590 3083 1671 consilium
3128 1624 3183 1672 et
3223 1616 3450 1687 implere

1856 1702 2146 1774 judicium,
2183 1704 2279 1774 qui
2325 1704 2381 1757 in
2416 1702 2887 1779 archiepiscopatu
2931 1722 3054 1762 meo
3098 1708 3449 1781 presbyteros

1859 1790 2195 1865 degradavit,
2240 1803 2295 1873 et
2332 1795 2552 1851 eosdem
2597 1796 2797 1851 iterum
2827 1797 3153 1868 regradavit.
3186 1796 3450 1870 Legatum

1861 1900 1920 1940 se
1950 1876 2258 1941 Romanum
2293 1902 2419 1941 cum
2458 1902 2569 1942 non
2595 1896 2740 1943 esset
2770 1886 3070 1955 simulavit,
3107 1890 3455 1961 marsupium

1860 1990 2044 2043 suum,
2080 1992 2190 2030 non
2225 1968 2332 2033 sub
2365 1976 2728 2048 appellatione
2761 1979 3029 2047 veritatis,
3052 1962 3167 2037 sed
3204 1980 3450 2055 imitatus

1861 2079 1957 2120 eos
1977 2063 2093 2135 qui,
2128 2073 2190 2119 ut
2221 2066 2298 2121 ait
2330 2065 2644 2136 Apostolus,
2681 2076 2951 2139 quazstum
2984 2068 3256 2124 aestimant
3279 2070 3452 2139 picta-

1864 2166 1992 2225 tem,
2025 2174 2150 2213 cum
2181 2160 2401 2215 tandem
2423 2159 2725 2231 implesset,
2751 2175 2782 2215 a
2807 2160 3032 2216 dimccsi
3058 2177 3179 2216 mea
3202 2161 3269 2216 ad
3292 2177 3451 2217 suam

1866 2247 2043 2304 rediit.
2074 2248 2440 2320 Quapropter,
2464 2248 2532 2305 ad
2568 2249 2835 2305 honorem
2871 2249 2965 2306 Dei
2988 2259 3042 2306 et
3068 2248 3328 2307 Romana:
3351 2249 3453 2306 Ec-

1864 2338 2063 2405 clesia,
2090 2338 2407 2410 hujusmodi
2436 2341 2917 2412 praesumptionem
2960 2348 3014 2396 et
3048 2340 3453 2399 simulationem

1865 2433 2009 2489 sicut
2031 2432 2186 2488 decet
2208 2433 2485 2503 corrigite,
2513 2449 2582 2488 ne
2603 2433 2859 2505 deinceps
2881 2434 3174 2505 quisquam
3197 2435 3253 2490 in
3274 2436 3454 2492 alieno

1864 2533 2163 2597 prtesumat
2210 2526 2416 2596 aliquid
2458 2526 2584 2582 tale:
2643 2526 2845 2583 Notum
2897 2529 3063 2584 etiam
3108 2527 3252 2585 facio
3295 2531 3453 2586 vobis

1865 2615 2012 2686 quod
2037 2614 2148 2670 duo
2185 2615 2516 2687 suti‘raganei
2550 2618 2658 2672 mei
2691 2617 2954 2689 episcopi,
2989 2618 3369 2675 Laudunensis
3398 2627 3455 2675 et

1868 2705 2283 2787 suessioneusis
2306 2708 2523 2762 tertium
2546 2702 2971 2766 Ambianénsem
3001 2710 3055 2764 in
3079 2711 3450 2782 archiepisco-

1866 2807 1997 2869 patu
2030 2813 2176 2864 meo,
2209 2815 2298 2889 me
2331 2800 2626 2869 nesciente,
2652 2809 2839 2873 utpote
2879 2802 3067 2858 Romae
3093 2804 3293 2877 posito,
3336 2805 3455 2875 epi-

1868 2903 2097 2959 scopum
2135 2888 2618 2945 consecraverunt.
2661 2888 2906 2945 Primum
2948 2900 3140 2948 contra
3172 2893 3453 2951 decretum

1868 2985 2132 3043 vestrum,
2166 2992 2277 3047 quo
2313 2978 2630 3034 statueratis
2679 2993 2748 3035 ne
2777 2979 2902 3051 quis
2947 2980 3142 3035 saltem
3186 2983 3453 3053 archiepi-

1869 3078 2162 3135 scoporum
2197 3079 2325 3120 eum
2367 3074 2717 3121 consecraret
2747 3067 3067 3138 episcopum
3113 3069 3209 3139 qui
3245 3085 3276 3125 a
3310 3069 3452 3127 laica

1868 3171 2103 3227 persona
2145 3156 2444 3226 accepisset
2476 3156 2738 3227 episcopii
2784 3158 3024 3227 donum;
3062 3160 3300 3217 maxime
3325 3177 3453 3219 cum

1869 3244 2011 3301 idem
2035 3245 2139 3317 ipsi
2165 3244 2541 3302 interfuissent
2580 3248 2722 3318 apud
2748 3246 3243 3320 Augustodunense
3268 3254 3454 3309 conci-

1868 3335 2024 3405 lium,
2053 3337 2145 3392 ubi
2165 3337 2422 3393 dominus
2442 3335 2617 3410 llugo,
2646 3337 2857 3395 Dicnsis
2879 3341 3193 3412 episcopus,
3210 3346 3453 3414 promul-

1870 3429 2016 3501 gavit
2046 3437 2100 3484 et
2126 3428 2317 3485 statuit
2355 3445 2542 3485 coram
2580 3428 2836 3487 omnibus
2867 3431 2974 3488 hoc
3014 3442 3256 3489 vestrum
3280 3437 3454 3491 cccle-

1870 3521 2153 3577 siasticum
2179 3521 2479 3578 decretum.
2506 3517 2622 3577 Hoc
2648 3520 2813 3595 igitur
2842 3533 3037 3595 praeter
3068 3525 3120 3581 id
3146 3526 3290 3596 quod
3311 3527 3454 3583 dixi—

1871 3629 1995 3669 mus
2015 3621 2204 3669 contra
2228 3614 2608 3669 auctoritatem
2631 3622 2685 3669 et
2705 3629 2943 3672 canones
2967 3614 3189 3684 factum,
3210 3627 3264 3675 et
3286 3619 3454 3674 etiam

1872 3705 2199 3773 inauditum,
2243 3706 2566 3777 cunctisque
2595 3708 2690 3778 qui
2718 3704 2915 3765 sanum
2939 3692 3160 3781 sapiunt
3183 3713 3451 3785 mirabile,

1870 3804 1926 3852 et
1959 3797 2081 3866 plus
2117 3812 2282 3867 quam
2323 3797 2431 3852 dici
2462 3798 2637 3867 possit
2670 3800 3020 3870 stupendum,
3055 3802 3101 3857 si
3132 3803 3328 3873 placet,
3359 3805 3456 3860 de-

1860 3886 2094 3960 putetur
2131 3890 2369 3943 lrritum.
2409 3889 2552 3957 Quin
2583 3884 2787 3960 potius,
2820 3894 2947 3964 quia
2977 3896 3095 3951 sine
3139 3900 3455 3970 metropoli-

1874 3986 2004 4033 tano
2019 3977 2167 4048 juste
2187 3974 2391 4047 expleri
2419 3994 2527 4033 non
2551 3972 2731 4048 potest
2765 3996 2796 4035 a
2821 3978 3153 4051 quibuslibet
3177 3987 3456 4057 coepisco-

1858 4065 1960 4137 ‘pis
2001 4066 2343 4122 consecratio
2390 4067 2689 4137 pontiﬁcis,
2717 4070 2860 4125 sicut
2912 4064 3094 4140 Scitis,
3146 4083 3363 4129 oratum
3400 4084 3458 4132 et

1876 4165 2162 4214 exoratum
2181 4172 2280 4214 vos
2301 4173 2421 4215 esse
2442 4159 2586 4226 volo,
2611 4167 2671 4214 ut
2691 4159 2759 4215 ad
2780 4161 3046 4217 honorem
3070 4161 3164 4220 Dei
3187 4173 3457 4221 vestrum-

1878 4264 1985 4321 que
2026 4265 2091 4305 ac
2124 4258 2375 4305 nostrum
2421 4259 2532 4304 tam
2575 4253 2923 4307 temerariam
2968 4256 3323 4312 ecclesiastici
3367 4273 3450 4313 or-

1876 4341 2021 4398 dinis
2057 4339 2437 4397 confusionem
2479 4344 2594 4398 zelo
2626 4343 2854 4415 justitize
2880 4334 3189 4420 corrigatis,
3222 4357 3281 4404 ut
3321 4351 3464 4409 sciat

1877 4432 2255 4503 unusquisque
2298 4432 2352 4487 in
2379 4434 2548 4504 gradu
2583 4450 2686 4490 suo
2724 4434 2974 4511 etmodo
3006 4440 3314 4509 persistere,
3348 4457 3467 4501 non

1877 4522 2053 4578 aliena
2085 4523 2188 4578 sibi
2212 4532 2418 4579 temere
2457 4538 2736 4597 arrogare.
2761 4524 3002 4583 Obsecro
3029 4531 3197 4589 etiam
3226 4531 3477 4594 benevo-

1876 4614 2101 4669 lentiam
2144 4612 2375 4671 honoris
2415 4618 2582 4671 vestri
2648 4626 2710 4672 ut
2748 4616 3069 4690 dignitatem
3101 4636 3268 4692 quam
3313 4636 3493 4692 ante.

1879 4720 2128 4762 cessares
2169 4705 2337 4760 vestri
2385 4708 2825 4764 antecessoribus
2865 4709 3008 4766 meis
3045 4709 3520 4795 archiepiscoQ‘“,

1879 4806 2252 4865 servaverunt,
2276 4805 2331 4853 et
2353 4794 2648 4870 privilegiis
2690 4802 2924 4870 aliisque
2955 4803 3179 4875 scriptis
3203 4802 3272 4856 ad
3290 4794 3550 4884 poste,

1878 4905 2063 4945 rorum
2104 4889 2427 4944 memoriam
2463 4890 2826 4960 reliquerunt,
2878 4891 3029 4950 mihi
3075 4908 3393 4977 reservare.
3446 4918 3586 4980 (Ἰν

1878 4982 2138 5052 gnemini.
2174 4978 2254 5036 Ne
2293 4979 2509 5036 irritum
2538 4992 2634 5037 aut
2671 4986 2981 5040 infractum
3011 4978 3104 5042 fiat
3139 4978 3595 5071 privnlegil‘h;

1860 5075 2026 5157 .quod
2054 5077 2170 5146 ipse
2196 5072 2420 5164 dedistis
2454 5074 2612 5142 mihi,
2639 5078 2852 5134 scilicet
2887 5083 2952 5130 ut
2980 5080 3140 5137 vobis
3161 5076 3294 5147 ipsis
3320 5077 3612 5164 inter

1884 5166 2205 5256 pellatusdet
2244 5180 2352 5256 non
2392 5163 2769 5236 interpellatus
2805 5175 3185 5238 respondeam
3215 5176 3271 5247 et
3298 5168 3499 5244 leg;l
3524 5163 3622 5256 iis

1885 5259 2083 5315 vestris
2118 5254 2400 5321 Romanis,
2437 5271 2550 5312 non
2589 5261 3064 5328 ultramontanis.
3098 5262 3191 5328 qui
3216 5254 3635 5328 conjux;;.ri

1807 4306 1853 4363 D
