3988 5328
530 209 640 267 743

1447 200 1499 258 S.
1542 198 1868 258 GREGORII
1905 198 1998 254 Vl!
2031 191 2236 254 ΡΑΡιΕ
2269 194 2555 252 OPERUM
2591 196 2772 286 PA_RS
2807 197 2868 254 ll.

3693 204 3798 278 zu

526 322 809 398 pudendas
854 319 1304 391 reprehensiones
1350 327 1405 372 et
1443 317 1788 382 vocationes,
1837 315 1970 370 mibi
1995 315 2105 395 'qui
2137 317 2180 372 Α
2208 313 2312 367 hoc
2367 327 2498 383 ergo
2549 328 2580 366 a
2628 314 2783 368 vobis
2827 313 3075 368 veniente
3120 314 3400 371 missatico
3445 293 3734 377 remansit.
3759 336 3796 377 ι

527 415 700 472 totius
721 411 908 467 Gallim
934 412 1220 480 episcopos
1245 408 1417 463 debeo
1447 421 1770 471 convocare,
1796 405 1955 460 liceat
1977 420 2108 458 con-

527 505 696 566 ﬁdere
724 503 791 558 de
825 501 979 556 vobis
1002 499 1121 554 sine
1160 498 1462 567 legatorum
1495 495 1803 561 vocatione,
1840 494 2014 549 donec
2040 493 2108 548 ad

527 593 738 652 Pascha
768 591 982 648 veniam
1011 587 1078 643 ad
1123 603 1241 653 vos,
1264 585 1376 641 Deo
1410 586 1643 640 volente.
1683 584 1948 639 Prteterea
1983 584 2109 638 volo

527 687 728 744 obnixe
751 667 1057 753 supplicare
1083 687 1137 734 et
1170 677 1538 749 praenuntiare
1567 676 1722 732 vobis
1753 684 1831 741 ut,
1848 675 2108 746 Quoniam

527 771 854 843 iuabsentia
879 773 1006 840 mei,
1025 787 1197 842 nuper
1219 771 1362 841 apud
1383 786 1482 825 vas
1513 769 1926 834 commorantis,
1941 767 2110 823 multa

527 861 692 940 prave
713 876 767 922 et
796 865 1105 920 inordinate
1138 872 1260 918 acta
1295 871 1424 918 sunt
1450 861 1505 916 in
1539 861 1792 931 partibus
1817 876 1950 916 mea:
1972 859 2111 916 dioe-

523 955 690 1025 cesis,
715 974 816 1029 ego
839 973 970 1012 vero
991 971 1101 1010 non
1143 965 1335 1025 potero
1359 954 1612 1010 omittere
1639 954 1772 1024 quin
1803 953 2112 1008 ministerio

525 1060 709 1108 vestro
733 1058 858 1105 utar
883 1048 938 1102 in
962 1047 1050 1100 bis
1073 1045 1442 1102 ecclesiastice
1474 1044 1831 1117 corrigendis.
1879 1042 1937 1098 Si
1979 1041 2114 1112 quid

525 1157 626 1213 pro
654 1143 766 1198 boc
793 1141 859 1198 de
892 1151 981 1196 me
1019 1137 1386 1194 accusationis
1415 1137 1686 1208 perlatum
1728 1133 1894 1189 fuerit
1932 1133 2108 1200 vobis,

525 1251 596 1290 ne
620 1235 726 1290 hoc
764 1233 851 1289 vel
885 1232 997 1288 cito
1017 1229 1255 1286 credatis
1285 1229 1373 1283 vel
1411 1223 1640 1284 moleste
1677 1241 1804 1296 erga
1842 1241 1930 1282 me
1961 1225 2110 1280 acci-

525 1326 720 1397 piatis;
756 1327 853 1383 sed
895 1323 1030 1380 illud
1071 1324 1128 1378 in
1166 1322 1456 1394 praasentia
1500 1328 1686 1376 nostra
1732 1326 1858 1375 ante
1895 1333 1994 1372 vos
2027 1317 2112 1372 di-

524 1416 779 1482 mittatis,
819 1415 949 1484 quia
989 1429 1090 1485 ego
1130 1414 1442 1468 nullatenus
1481 1413 1608 1467 volo
1641 1409 1902 1466 excedere
1937 1419 2112 1465 metas

525 1505 894 1562 auctoritatis.
941 1503 1396 1574 Quanquuidem
1436 1503 1585 1558 enim
1627 1502 1738 1557 illis
1759 1501 1854 1572 qui
1903 1501 2111 1572 legatos

531 1607 740 1654 vestros
789 1612 848 1653 se
881 1595 1091 1652 faciunt
1127 1595 1302 1650 multo
1319 1594 1522 1665 justius
1551 1607 1652 1664 ego
1686 1593 1858 1648 debeo
1887 1608 1985 1662 per
2013 1607 2112 1647 vos

527 1705 594 1746 ea
635 1701 760 1758 quae
803 1697 933 1744 sunt
971 1659 1338 1756 providentia}.
1363 1693 1564 1740 nostra!
1587 1659 1905 1754 “corrigere,—
1945 1698 2112 1753 quam
2144 1659 2188 1715 Β

526 1778 820 1848 quisquam
869 1777 1048 1831 aliena
1096 1783 1350 1830 tractare.
1403 1773 1480 1830 De
1520 1774 1720 1829 comite
1753 1772 1980 1840 (Ebalo,
2016 1772 2113 1842 qui

529 1885 618 1926 me
660 1869 715 1924 in
758 1867 1050 1938 praesentia
1097 1876 1279 1923 vestra
1331 1881 1592 1922 accusare
1643 1865 1905 1930 tentabat,
1958 1873 2013 1919 et
2053 1881 2114 1921 se

525 1975 797 2032 suamque
820 1959 1130 2016 ﬁdelitatem
1155 1958 1315 2014 vobis
1343 1957 1527 2012 verbis
1551 1955 1940 2012 simulantibus
1962 1969 2115 2010 com-

527 2053 851 2118 mendabat,
897 2051 1034 2108 satis
1086 2050 1143 2105 in
1195 2058 1452 2120 promptu
1507 2047 1723 2104 habetis
1785 2061 2116 2119 cognoscere

442 2177 447 2180 -
527 2141 690 2216 igujus
719 2141 904 2214 potius
931 2141 1222 2198 sinceritas
1265 2139 1542 2195 ﬁdelitatis
1571 2153 1698 2208 erga
1739 2153 1838 2193 vos
1869 2137 2116 2192 videatur

532 2235 800 2292 existere:
833 2243 1018 2289 utrum
1040 2248 1182 2298 mea,
1199 2231 1294 2302 qui
1331 2231 1442 2286 Deo
1473 2239 1525 2285 et
1555 2230 1712 2285 vobis
1739 2237 1963 2299 paratus
1993 2243 2116 2284 sum

530 2335 630 2396 per
658 2324 845 2380 omnia
889 2323 1130 2390 obedire,
1175 2337 1246 2376 an
1269 2321 1439 2386 illius,
1465 2320 1561 2390 qui
1608 2327 1664 2374 et
1699 2319 1844 2390 apud
1881 2333 1980 2374 vos
2021 2333 2117 2388 per

532 2417 887 2485 semetipsum
913 2415 1194 2485 impugnat
1214 2413 1359 2468 beati
1384 2411 1529 2466 Petri
1553 2409 1872 2477 Ecclesiam,
1895 2418 1948 2464 et
1974 2408 2116 2478 apud

534 2521 644 2564 nos
672 2521 773 2576 per
803 2504 1110 2561 Manassem
1143 2513 1198 2560 et
1237 2519 1371 2560 suos
1400 2516 1662 2572 sequaces
1703 2500 1758 2554 in
1800 2509 1902 2555 suo
1935 2509 2118 2555 castro

535 2605 784 2668 receptos
849 2594 1192 2666 persequitur
1249 2594 1464 2650 beatam
1527 2591 1774 2647 Mariam.
1840 2590 2118 2648 Manasscs

531 2689 682 2744 enim
707 2688 774 2743 de
799 2702 909 2757 quo
932 2686 1194 2751 diximus,
1227 2685 1315 2740 cui
1349 2701 1452 2740 nos
1474 2685 1632 2755 jussu
1663 2693 1846 2739 vestro
1883 2683 2030 2754 quod
2062 2683 2117 2737 in

533 2793 638 2838 nos
661 2779 979 2844 admiserat,
991 2779 1039 2834 si
1059 2777 1126 2832 ad
1139 2777 1436 2843 Ecclesiam
1459 2786 1686 2832 matrem
1710 2791 1868 2832 suam
1893 2776 2114 2842 rediret,

535 2870 888 2934 indulsimus,
936 2867 1276 2924 conscientia
1309 2867 1534 2923 sceleris
1565 2868 1651 2924 sui
1695 2867 1988 2937 depressus
2017 2880 2118 2921 nec

533 2961 604 3018 ad
646 2957 751 3017 nos
779 2959 897 3016 vult
932 2958 1129 3024 redire,
1162 2972 1266 3012 nec
1307 2973 1430 3027 pacr
1460 2957 2114 3021 Ecclesiaaconcordare;

534 3053 669 3125 quin
706 3055 890 3125 potius
933 3069 1060 3110 cum
1101 3053 1210 3109 illis
1253 3053 1372 3110 suis
1405 3053 1758 3123 sequacibus,
1799 3053 1928 3123 quia
1959 3049 2118 3106 factis

537 3161 646 3202 non
677 3154 878 3216 potest,
914 3145 1098 3202 verbis
1139 3152 1196 3200 et
1239 3144 1543 3200 maledictis
1587 3142 1884 3198 Eeclesiam
1922 3156 2120 3213 meque

535 3234 782 3292 lacerare
800 3249 910 3288 non
937 3233 1158 3290 desinit.
1174 3232 1350 3299 Unde,
1365 3240 1427 3287 ut
1439 3232 1505 3286 de
1529 3231 1649 3301 ipso
1659 3229 1863 3286 (libalo
1887 3239 2117 3295 taceam,

537 3328 597 3384 in
623 3341 789 3398 quem
814 3341 913 3381 vos
942 3326 1107 3382 credo
1131 3323 1341 3394 justam
1386 3331 1441 3379 et
1477 3322 1835 3392 apostolicam
1869 3336 2121 3377 exercere

539 3417 890 3482 sententiam,
916 3431 1082 3486 super
1108 3415 1360 3472 Manasse
1387 3414 1658 3470 instanter
1695 3412 1958 3484 deprecor
1992 3429 2120 3468 san-

539 3508 784 3564 ctitatem
836 3517 1097 3573 vestram,
1131 3515 1194 3562 ut
1235 3515 1330 3562 aut
1363 3505 1602 3576 iubeatis
1637 3521 1764 3560 eum
1791 3503 1859 3560 ad
1903 3519 2000 3559 sua
2034 3521 2122 3560 re—

533 3597 696 3669 gredi
743 3605 800 3653 et
826 3597 1056 3654 ulterius
1080 3612 1192 3654 non
1225 3597 1548 3668 impugnare
1574 3595 1904 3662 'Ecclesiam,
1937 3605 2031 3650 aut
2064 3596 2120 3652 in

538 3705 671 3747 eum
703 3689 932 3762 ejusque
962 3689 1206 3746 fautores
1235 3699 1290 3745 et
1315 3697 1696 3759 cooperatores
1727 3687 2010 3758 apostolici
2035 3688 2120 3742 vi-

541 3783 694 3854 goris
729 3782 979 3854 dirigatis
1011 3780 1562 3838 animadversionem.
1605 3777 1914 3851 Dignemini
1958 3778 2124 3834 etiam

539 3875 613 3931 ad
644 3889 837 3930 eorum
871 3882 1179 3944 receptores
1215 3872 1453 3929 scribere
1490 3879 1674 3942 aptam
1721 3870 2028 3941 epistolam,
2065 3879 2127 3926 ut

533 3967 641 4022 aut
657 3979 755 4024 eos
775 3973 966 4022 contra
988 3965 1244 4022 Ecclesiae
1273 3965 1399 4036 jura
1424 3979 1536 4018 non
1560 3962 1850 4030 retineant,
1885 3971 1981 4018 aut
2008 3963 2127 4034 pari

543 4057 816 4114 sententia
870 4072 931 4112 se
972 4057 1234 4114 multatos
1281 4063 1601 4129 agnoscant.
1641 4053 1830 4111 Restat
1856 4055 1991 4112 mibi
2021 4055 2127 4112 hoc

542 4150 702 4206 vobis
727 4149 913 4206 dicere
946 4149 1076 4221 quia
1111 4149 1368 4206 dominus
1402 4147 1560 4220 Hugo
1595 4148 1812 4205 Diensis
1835 4147 2128 4218 episcopus

543 4241 828 4298 interdixit
860 4241 1179 4312 episcopum
1203 4251 1454 4298 nostrum
1479 4239 1786 4312 Drogonem
1819 4241 1967 4296 sedis
1993 4238 2129 4295 Tar-

541 4335 810 4401 vennicte,
835 4334 930 4405 qui
953 4343 1117 4389 tanta:
1145 4342 1229 4390 est
1257 4334 1575 4400 senectutis,
1601 4341 1662 4388 ut
1693 4347 1820 4388 cum
1850 4341 1977 4387 ante
2008 4332 2127 4402 epi—

542 4436 834 4500 scopatum
884 4425 978 4484 diu
1029 4424 1393 4496 permanserit
1442 4423 1500 4479 in
1541 4423 1733 4480 ordine
1772 4424 2124 4496 presbyterii,

513 4501 519 4508 ’
539 4520 656 4590 jam
680 4531 830 4574 nunc
849 4516 994 4572 ultra
1014 4525 1228 4586 tempus
1249 4531 1318 4570 ιχ
1337 4530 1612 4570 annorum
1637 4515 1866 4587 gradum
1890 4516 2128 4571 tenuerit

541 4608 812 4680 episcopi,
849 4617 905 4664 et
943 4623 1082 4678 pene
1107 4622 1204 4677 per
1229 4606 1443 4677 singula
1489 4615 1764 4662 momenta
1800 4607 2130 4678 propinquat

542 4701 738 4755 exitui.
783 4699 1124 4770 Quapropter
1166 4698 1418 4753 volumus
1454 4712 1554 4752 vos
1601 4697 1858 4753 obnixius
1900 4713 2128 4754 exorare

548 4797 610 4844 ut
630 4803 756 4843 eum
778 4790 938 4859 jussu
958 4798 1144 4846 vestro
1166 4788 1466 4862 dignemini
1498 4788 1780 4844 restituere
1820 4789 2126 4844 ministerio

547 4894 675 4944 suo,
703 4894 792 4946 ne,
823 4882 972 4951 quod
1013 4896 1344 4954 magnopere
1381 4880 1760 4948 formidamus,
1785 4881 1844 4934 in
1873 4880 1979 4936 bac
2008 4895 2128 4935 mo-

528 4968 730 5026 riatur
763 4971 1158 5028 interdictione.
1190 4973 1267 5028 De
1301 4973 1406 5028 hac
1425 4987 1557 5028 vero
1583 4973 1730 5042 quod
1761 4987 1847 5026 me
1875 4971 2129 5040 interpel-

547 5058 712 5114 lastis
741 5065 804 5112 ut
838 5059 896 5112 in
939 5061 1210 5116 conductu
1247 5062 1489 5134 episcopi
1531 5061 1880 5130 Parisiensis,
1916 5061 2128 5131 aliquos

549 5147 713 5203 vobis
747 5146 948 5203 milites
970 5158 1260 5218 mitterem,
1283 5159 1472 5208 notum
1499 5153 1658 5208 vobis
1692 5151 1836 5208 facio
1855 5152 1999 5221 quod
2026 5165 2127 5222 ego

539 5237 807 5294 'volebam
829 5235 1098 5306 dirigere;
1133 5241 1228 5295 sed
1266 5258 1449 5299 comes
1487 5243 1558 5298 de
1587 5243 1810 5301 Arlonis
1847 5243 2014 5299 Fulco
2044 5259 2130 5299 re-

2210 408 2395 454 nostra
2448 409 2603 470 parte
2669 401 2937 470 praedicta:
2999 402 3362 472 expeditionis
3418 408 3792 466 transmissio.

2212 487 2400 544 Valeat
2423 490 2686 546 sanctitas
2712 501 2890 546 vestra
2921 500 3074 561 pater
3096 493 3571 552 reverendissime.

2928 581 3062 637 VIII.

2320 669 2563 741 Epistola
2595 671 2836 744 Hugom's
2869 671 3082 728 Diensis
3110 675 3342 747 episcopi
3371 679 3444 732 ad
3470 696 3688 751 papam.

2591 762 2785 836 [Mmsr
2822 763 3052 833 Concil.,
3084 773 3218 822 tom.
3255 766 3402 846 XL}

2286 852 2761 910 Reverendissimo
2799 855 2941 925 patri
2976 865 3032 912 ct
3065 857 3288 913 domino
3320 875 3478 931 papae
3515 856 3796 921 GBEGORIO

2212 959 2326 998 suze
2377 945 2654 1001 sanctitati
2706 946 3091 1004 inutilissimus
3134 964 3343 1019 servus,
3371 949 3550 1023 Huco,
3574 954 3798 1010 humilis

2212 1035 2498 1108 presbyter
2523 1036 2759 1106 Diensis,
2792 1039 3058 1096 salutem.’

2283 1127 2552 1194 Quoniam
2591 1129 2882 1186 didicimus
2917 1129 2982 1203 Β,
3028 1139 3273 1188 vestrum
3307 1131 3682 1192 Parisiensem
3711 1153 3798 1192 re-

2211 1218 2398 1287 diisse,
2425 1219 2515 1275 cui
2546 1220 2958 1292 injunxeramus
2983 1231 3044 1278 ut
3069 1223 3318 1293 ﬁdeliter,
3354 1225 3502 1282 sicut
3529 1225 3679 1283 ﬁlius
3706 1243 3799 1284 ve-

2214 1317 2346 1378 ster,
2382 1311 2538 1368 vobis
2563 1312 2793 1368 referret
2819 1323 2968 1384 gesta
3004 1315 3523 1386 Augustodunensis
3553 1319 3795 1389 conciliiI

2211 1403 2304 1458 cui
2339 1402 2604 1471 interfuit,
2635 1405 2730 1475 qui
2765 1421 2944 1476 neque
2967 1421 3062 1476 per
3083 1421 3187 1462 nos
3219 1407 3400 1475 rediit,
3428 1425 3611 1484 neque
3640 1410 3799 1482 quid“-

2213 1507 2379 1565 quam
2405 1495 2471 1550 de
2495 1504 2639 1551 statu
2661 1504 2844 1552 vestro
2867 1496 3026 1552 nobis
3058 1497 3304 1568 scripsit;
3334 1515 3600 1570 rogamus
3619 1511 3800 1574 pater-

2214 1586 2441 1641 nitatem
2467 1597 2705 1644 vestram
2735 1597 2794 1643 ut
2816 1588 3140 1644 sententiam
3172 1605 3330 1644 suam
3356 1591 3518 1646 nobis
3546 1592 3800 1664 dignetur

2213 1678 2455 1734 scribere
2493 1694 2658 1750 super
2696 1679 3042 1734 ordinatione
3085 1669 3392 1749 Bernensis,
3436 1665 3798 1743 Bituricensil

2213 1778 2267 1823 et
2288 1769 2642 1825 Carnotensis
2666 1768 3051 1825 Ecclesiarum.
3081 1769 3233 1826 Sciat
3252 1787 3473 1844 quoque
3500 1775 3800 1845 paternitas

2215 1868 2395 1916 vestra
2431 1860 2562 1930 quia
2588 1861 2675 1916 ille
2705 1859 3086 1917 Noviomensis
3127 1862 3306 1919 dictus
3341 1864 3661 1936 episcopus,
3702 1867 3800 1922 sub

2214 1945 2638 2007 comminatione
2670 1952 2900 2022 publica:
2929 1953 3351 2011 examinationis
3380 1972 3413 2010 a
3443 1953 3610 2012 nobis
3646 1957 3804 2012 fami~

2216 2041 2422 2098 liariter
2443 2052 2689 2110 exactus,
2706 2041 2992 2100 confessus
3016 2052 3100 2099 est
3121 2045 3279 2101 nobis
3305 2047 3615 2102 Simoniam
3647 2065 3801 2104 suam

2215 2134 2574 2205 prmsentibus
2617 2134 2970 2190 Laudunensi
3015 2143 3070 2191 et
3119 2124 3459 2207 Lingonensi
3505 2139 3799 2210 episcopis,

2217 2241 2342 2283 cum
2375 2226 2497 2282 aliis
2525 2226 2874 2296 quibusdam.
2901 2225 3056 2282 Unde
3075 2228 3238 2282 etiam
3266 2239 3616 2284 sacramento
3636 2247 3802 2302 supra

2217 2333 2372 2375 sacra
2417 2316 2704 2388 Evangelia
2743 2318 2902 2374 nobis
2937 2318 3173 2374 firmavit
3204 2319 3383 2389 quod,
3429 2319 3565 2376 visis
3607 2323 3804 2380 litteris

2219 2411 2416 2466 vestris
2460 2410 2546 2464 vel
2581 2411 2854 2481 legatione
2888 2417 3088 2477 vestra,
3129 2409 3428 2468 Ecclesiam
3463 2427 3634 2484 quam
3663 2415 3803 2471 male

2220 2510 2580 2572 occupaverat
2619 2486 2761 2558 bene
2786 2501 3102 2568 dimitteret,
3143 2511 3197 2557 et
3241 2519 3341 2574 pro
3365 2519 3532 2574 posse
3571 2516 3630 2562 et
3664 2508 3804 2563 scire

2219 2609 2322 2650 suo
2345 2601 2406 2648 ut
2431 2593 2587 2665 juxta
2622 2593 2792 2650 Deum
2827 2595 3193 2662 ordinaretur,
3211 2595 3515 2666 adjuvaret.
3556 2597 3803 2654 Silvane-

2219 2686 2422 2742 ctcnsis
2443 2701 2572 2741 vero
2597 2686 2906 2757 episcopus,
2943 2696 3164 2758 accepta
3190 2686 3515 2744 investitura
3542 2689 3612 2744 de
3637 2705 3803 2746 manu

2219 2776 2382 2848 regis,
2427 2777 2712 2834 ordinatus
2756 2785 2841 2833 est
2879 2777 2948 2833 ab
2982 2777 3075 2834 illo
3110 2776 3366 2834 Remensi
3409 2779 3802 2848 baeresiarcba,

2219 2868 2308 2923 cui
2340 2868 2536 2924 litteris
2561 2869 2760 2926 vestris
2782 2869 3140 2925 interdixistis
3163 2885 3231 2926 nc
3263 2870 3584 2941 bujusmodi
3611 2872 3669 2928 in
3692 2871 3805 2944 epi-

2221 2975 2418 3030 scopos
2460 2961 2748 3031 acciperet.
2786 2960 3280 3017 Autissiodurensis
3320 2961 3462 3017 infra
3499 2978 3683 3020 annos
3716 2979 3808 3019 orh-

2220 3049 2472 3118 dinatus,
2511 3051 2889 3108 investituram
2931 3051 3150 3123 quidem
3183 3052 3252 3108 de
3289 3069 3458 3108 manu
3502 3054 3656 3126 regis
3697 3070 3806 3112 non

2221 3142 2448 3213 accepit,
2497 3158 2812 3214 quanquam
2866 3159 2962 3214 per
3018 3141 3313 3200 familiares
3376 3146 3522 3216 regis
3571 3145 3806 3217 gratiam

2221 3233 2340 3304 ejus
2379 3243 2710 3292 consecutus
2744 3234 2836 3314 sit.
2870 3233 2945 3290 De
2975 3231 3278 3290 Senonensi
3317 3245 3503 3309 autem

2222 3340 2409 3396 scopo,
2434 3333 2698 3396 quautam
2741 3326 3124 3382 contumeliam
3167 3335 3500 3398 quantamve
3545 3327 3807 3399 iniuriam

2221 3418 2531 3472 auctoritati
2579 3427 2775 3475 vestrae
2815 3419 2870 3474 in
2917 3425 3105 3474 nostra
3149 3418 3421 3489 legatione
3461 3419 3734 3488 intulerit,
3775 3435 3808 3476 a

2220 3509 2478 3579 praedicto
2516 3509 2608 3578 R.,
2645 3521 2706 3566 ut
2748 3527 2927 3582 spero,
2964 3509 3290 3566 sulllcienter
3331 3510 3588 3567 audistis.
3619 3509 3808 3585 Neque

2215 3592 2329 3656 boc
2353 3600 2560 3668 dicens,
2597 3600 2743 3659 Deus
2777 3603 2932 3658 testis
2951 3608 3058 3670 est,
3101 3601 3331 3673 gloriam
3375 3617 3560 3658 meam
3595 3619 3803 3675 quatro.

2215 3687 2642 3762 Burdegalensis
2683 3709 2920 3764 Quoque,
2953 3694 3214 3764 quoniam
3261 3705 3492 3751 vocatus
3525 3696 3807 3767 praeterito

2225 3795 2369 3837 anno
2404 3783 2475 3838 ad
2519 3784 2860 3840 Arvernense
2885 3785 3182 3841 concilium
3232 3801 3408 3856 neque
3436 3789 3590 3842 venit
3632 3804 3808 3860 neque

2225 3876 2486 3932 canonice
2507 3892 2566 3932 se
2589 3877 2886 3944 excusavit,
2919 3877 2974 3931 in
2999 3878 3192 3935 eodem
3217 3877 3452 3934 concilio
3483 3879 3556 3934 ab
3591 3879 3807 3949 episco—

2225 3967 2335 4037 pali
2359 3965 2536 4022 otlicio
2558 3982 2860 4038 suspensus
2887 3975 2992 4022 est.
3018 3965 3175 4034 Quod
3209 3967 3298 4023 ille
3321 3968 3693 4039 vilipendens,
3727 3968 3810 4023 in-

2227 4055 2513 4114 terdictum
2541 4055 2647 4112 sibi
2667 4056 2951 4127 usurpavit
2971 4055 3224 4112 ofﬁcium.
3249 4054 3464 4112 Rursus
3486 4066 3722 4113 vocatus
3745 4055 3810 4112 ad

2227 4146 2721 4217 Augustodunense
2749 4147 3065 4215 concilium,
3097 4146 3354 4218 quoniam
3379 4146 3592 4206 nullam
3623 4164 3810 4203 causa-

2212 4236 2434 4292 tionem
2456 4237 2616 4290 nobis
2643 4236 2811 4304 misit,
2833 4235 2998 4291 etiam
3029 4251 3060 4290 a
3091 4233 3396 4292 sacerdotio
3418 4237 3810 4307 suspendimus

2159 4348 2204 4404 ι)
2228 4341 2374 4381 eum.
2418 4324 2494 4381 De
2531 4326 2618 4382 bis
2653 4341 2784 4398 ergo
2819 4327 3074 4384 omnibus
3103 4327 3233 4398 quid
3275 4327 3600 4399 magnitudo
3634 4337 3808 4384 vestra

2225 4415 2568 4486 judicaverit,
2596 4415 2728 4486 quid
2759 4416 2883 4487 inde
2915 4431 3076 4487 agere
3106 4416 3394 4486 placuerit,
3426 4418 3690 4487 parvitati
3715 4433 3808 4473 no-

2230 4513 2378 4572 straa,
2406 4521 2685 4576 rogamus,
2719 4505 3018 4561 rescribite.
3043 4505 3310 4562 Praaterea
3333 4521 3693 4578 summOpere
3710 4523 3808 4580 po-

2229 4597 2437 4652 scimus
2458 4605 2520 4651 ut
2539 4611 2636 4666 per
2655 4596 2936 4651 dominum
2960 4593 3308 4652 Valentinum
3344 4596 3670 4668 episcopum
3698 4601 3808 4668 pal-

2229 4687 2363 4742 lium
2393 4687 2552 4742 nobis
2573 4687 2801 4742 mittatis
2825 4687 2893 4741 ad
2937 4685 3367 4742 conﬁrmandam
3402 4687 3806 4743 ordinationem

2229 4777 2625 4848 religiosissimi
2673 4773 3051 4847 Lugdunensis
3090 4774 3348 4832 Ecclesiae
3376 4769 3803 4846 archiepiscopi,

2230 4879 2420 4926 contra
2465 4869 2798 4924 oblatrantes
2837 4864 3145 4934 hereticos,
3183 4877 3240 4922 ct
3284 4867 3353 4922 de
3381 4867 3532 4937 regis
3559 4867 3804 4938 indigna-

2233 4961 2381 5015 tione
2436 4959 2696 5014 adversus
2749 4957 3148 5013 ordinationem
3203 4955 3300 5011 Dei
3349 4955 3648 5011 carnaliter
3695 4955 3806 5024 glo-

2231 5052 2458 5107 riantes.
2490 5050 2612 5122 lpse
2631 5049 2796 5114 enim,
2819 5048 3134 5118 postpositis
3160 5047 3418 5103 omnibus
3445 5044 3804 5100 incommodis

2231 5152 2288 5199 et
2321 5143 2576 5213 periculis
2621 5141 2864 5212 penuria:
2900 5147 3064 5210 atque
3111 5139 3343 5205 itineris,
3379 5135 3690 5194 sanctitatis
3711 5149 3804 5190 ve-

2231 5245 2360 5292 strae
2389 5233 2704 5306 conspectui
2748 5231 3096 5288 devotissime
3129 5246 3190 5287 se
3219 5237 3598 5301 praesentarct,
3631 5227 3680 5282 si
3704 5225 3806 5280 Ec-
