3988 5328
174 322 259 380 7i5
1026 313 1385 372 EPISTOLE
1417 313 1652 369 EXTRA
1688 311 2090 370 REGISTRUM
2132 309 2513 367 VAGANTES.

3305 315 3412 374 πθ

173 443 419 507 quatenus
446 430 589 487 circa
629 428 832 486 festum
880 428 939 484 S.
975 426 1207 509 Joannis
1240 426 1517 507 Baptistae,
1565 434 1730 498 prout
1760 436 1806 493 Α
1830 423 2072 480 Roberto
2102 424 2526 493 Bambergense,
2569 422 2683 493 qui
2710 421 2909 479 horum
2935 423 3185 482 omnium
3222 433 3419 485 auctor

175 504 259 582 nos
277 540 393 579 cum
430 536 498 578 eo
537 520 906 587 condiximus,
940 504 1183 576 Ecclesia
1217 535 1319 574 sua
1362 519 1431 574 ad
1454 504 1735 574 celebran-

176 620 283 674 dum
312 614 544 670 omcium
575 614 729 669 illum
759 612 1014 683 accipiat,
1041 612 1173 682 quia
1198 611 1355 667 valde
1389 618 1735 682 opportunus

176 710 360 763 videtur
377 705 442 760 ad
458 705 879 776 oppugnandam
901 703 1322 774 provincialium
1338 701 1732 773 arrogantiam.

178 799 451 855 liauassem
493 806 675 853 autem
705 796 944 853 amicum
987 803 1239 851 nostrum
1274 794 1330 849 in
1357 792 1604 858 Christo,
1637 792 1734 863 qui

179 893 224 953 in
249 890 661 946 Ciaromontauo
689 887 924 943 concilio
968 886 1260 943 Remensis
1294 883 1555 942 Ecclesiae
1589 885 1734 940 male

180 980 469 1054 acquisitam
500 979 928 1050 ,praaposituram
974 977 1031 1032 in
1073 993 1243 1033 manu
1286 984 1476 1033 nostra
1504 976 1735 1043 dimisit,

180 1070 595 1129 commendamus
620 1070 811 1141 gratiae
852 1068 1161 1125 sanctitatis
1204 1076 1420 1134 vestra,
1466 1067 1613 1123 siettt
1651 1082 1740 1123 ca-

181 1163 362 1220 tholicae
385 1160 512 1233 ﬁdei
537 1161 815 1219 sincerum
839 1159 1186 1217 defensorem
1211 1167 1268 1216 et
1287 1159 1573 1217 dominum
1595 1158 1737 1215 Bru-

183 1269 348 1311 nonem
387 1251 676 1308 Bernensis
718 1251 976 1308 Ecclesiae
1000 1252 1067 1323 {in
1110 1252 1263 1307 omni
1305 1252 1591 1307 honestate
1620 1265 1734 1307 ma-

183 1345 379 1415 gistrum
410 1341 583 1414 (426).
616 1341 776 1414 Digni
798 1351 928 1399 sunt
953 1342 1099 1398 enim
1124 1343 1289 1398 ainbo
1320 1357 1353 1398 a
1385 1340 1561 1409 vobis,
1595 1349 1652 1398 et
1678 1341 1738 1397 in

124 1481 129 1485 .
184 1432 253 1488 his
271 1447 382 1503 quae
408 1431 503 1487 Dei
531 1440 662 1488 sunt
685 1442 865 1489 vestra
892 1433 1218 1490 auctoritate
1242 1433 1582 1499 continuari,
1607 1449 1740 1505 quo-

184 1522 304 1578 niam
321 1520 462 1592 digni
483 1520 659 1576 habiti
680 1531 811 1578 sunt
829 1537 930 1593 pro
955 1521 1181 1578 nomine
1200 1521 1330 1579 Jesu
1350 1524 1737 1583 contumeliam

184 1618 291 1690 pati.
322 1618 386 1673 Et
425 1618 552 1674 ideo
589 1618 939 1674 consultores
974 1616 1300 1689 profuturos
1334 1632 1519 1674 causa
1554 1617 1651 1673 Dei
1685 1628 1740 1675 et

186 1716 530 1781 cooperatores
581 1708 637 1762 in
682 1708 935 1779 partibus
968 1707 1215 1764 Francia:
1256 1708 1581 1765 adhibentis.
1633 1707 1740 1769 Re-

1835 527 1891 577 et
1918 520 2167 576 incentor
2185 528 2290 576 est.
2316 518 2385 575 Et
2411 534 2446 573 ο
2471 519 2684 574 utinam
2705 519 2775 575 de
2794 535 2892 575 sua
2913 528 2969 576 et
2992 521 3271 578 sociorum
3293 522 3418 595 ejus

1836 608 2052 667 fallacia
2086 611 2222 667 satis
2263 609 2491 666 edoctus
2534 608 2816 667 fuissetis!
2860 610 3060 680 Nolite,
3092 615 3415 674 charissima

1836 701 2342 772 domine,amplius
2373 702 2441 757 ad
2484 700 2797 758 irrisionem
2842 706 3019 760 sancti
3044 706 3288 764 nominis
3320 724 3417 767 ve-

1837 796 1939 852 stri
1973 796 2293 867 huiusmodi
2316 795 2569 852 homines
2594 796 2854 865 mulcere,
2885 804 2941 854 et
2983 807 3111 870 post
3151 807 3263 856 tam
3307 800 3419 859 fres

1837 896 2067 958 quentes
2101 887 2353 959 repulsas
2389 887 2586 943 iterum
2628 888 2886 944 ducatum
2923 890 2998 945 ab
3035 890 3116 945 eis
3154 906 3418 963 qumrere.

1837 978 2117 1035 Adventus
2138 985 2318 1034 vester
2339 978 2408 1033 ad
2431 992 2534 1033 nos
2558 985 2771 1034 tantum
2794 980 2955 1037 nobis
2977 990 3123 1037 esset
3143 982 3424 1040 desidera-

1837 1067 1965 1124 bilis
1991 1080 2261 1139 quantum
2296 1076 2356 1146 et
2384 1069 2752 1137 necessarius,
2779 1071 2872 1125 sed
2903 1085 3032 1127 vere
3054 1071 3263 1129 scimus
3293 1074 3424 1145 quia

1840 1166 2033 1229 sponte
2060 1160 2281 1215 illorum
2307 1159 2376 1217 ad
2408 1169 2629 1216 nostras
2652 1170 2836 1231 partes
2862 1176 3145 1234 nunquam
3170 1165 3425 1233 venietis,

1839 1248 1947 1305 nisi
1973 1249 2109 1305 certi
2128 1250 2243 1306 sint
2270 1264 2370 1306 vos
2396 1250 2618 1306 illorum
2643 1251 2783 1322 parti
2820 1251 3022 1308 favere.
3050 1253 3123 1308 Et
3150 1265 3267 1326 post
3292 1270 3427 1326 pau-

1839 1352 1949 1393 ca:
1987 1336 2134 1411 Ergo
2162 1339 2213 1396 si
2254 1352 2366 1395 non
2400 1347 2626 1411 propter
2671 1356 2795 1407 nos,
2834 1350 3015 1398 tamen
3054 1353 3281 1416 propter
3322 1347 3428 1402 ho-

1840 1443 2031 1486 norem
2063 1430 2210 1486 sedis
2260 1431 2578 1501 apostolicae
2624 1432 2947 1490 coniirmate
2979 1436 3126 1506 quod
3171 1447 3433 1508 cperam:
3498 1500 3505 1507 κ

1840 1529 1924 1578 est
1944 1523 2190 1593 ejusdem
2233 1523 2379 1580 sedis
2418 1524 2651 1596 legatus,
2677 1524 2753 1581 ita
2798 1534 2862 1581 ut
2898 1525 3019 1583 sine
3068 1529 3432 1601 ambiguitate

1840 1613 2172 1671 denuntietis
2195 1614 2326 1685 quid
2350 1615 2405 1670 in
2428 1615 2533 1671 hac
2548 1615 2815 1673 Ecclesiae
2840 1618 3109 1675 divisione
3131 1621 3431 1679 tenendum

1842 1704 1934 1772 sit,
1972 1705 2105 1777 quid
2142 1707 2518 1778 sequendum;
2558 1709 2714 1781 quod
2763 1708 2813 1765 si
2854 1710 3179 1781 jamdudum
3220 1712 3428 1770 factum

185 1801 356 1857 mensis
380 1800 620 1873 haeretici
640 1800 1039 1872 depositionem
1062 1814 1283 1857 con.....
1310 1799 1609 1856 revelatam
1633 1800 1740 1855 ini-
1772 1781 1813 1836 Β
1840 1796 2055 1865 fuisset,
2092 1797 2237 1854 forte
2253 1815 2381 1871 pars
2404 1799 2591 1870 iniqua
2614 1800 2751 1856 adeo
2775 1801 2893 1871 jam
2914 1802 3059 1859 vires
3082 1805 3431 1876 perdidisset,

185 1892 408 1962 quitatem
438 1890 668 1965 sanguis
698 1889 822 1949 cadi
866 1898 1083 1946 et.......
1124 1891 1347 1958 clamat,
1395 1891 1739 1947 auctoritatis
1839 1900 1903 1947 ut
1945 1905 2048 1947 nec
2073 1892 2233 1948 nobis
2257 1908 2358 1948 nec
2382 1892 2539 1948 vobis
2570 1907 2770 1949 nocere
2791 1894 3127 1965 pmleret.
3153 1896 3434 1969 Rogamus

186 1992 349 2039 vestrae
388 1983 600 2053 scripto
639 1983 1002 2039 robora.......
1042 1982 1144 2040 hos
1183 1997 1445 2054 rogamus
1482 1982 1740 2039 Remensi
1839 1983 2005 2039 etiam
2037 1999 2105 2039 ne
2130 1984 2187 2039 in
2212 1984 2330 2040 haec
2348 1993 2554 2041 statuta
2580 1987 2847 2043 canonica
2870 1988 3103 2045 deiicere
3123 1991 3432 2062 patiamini,

188 2073 403 2131 Ecclesiae
451 2075 889 2135 destinate.......
940 2091 1097 2151 suam
1143 2074 1597 2143 satisfactionem,
1645 2081 1742 2133 aut
1840 2079 1905 2127 ut
1927 2074 2811 2143 corpora-exeommunicatorum,
2853 2077 2949 2148 qui
2969 2077 3027 2132 in
3054 2080 3435 2152 perseqmndo

189 2165 280 2236 ipse
318 2166 363 2222 si
402 2167 761 2238 placit........
800 2176 895 2222 aut
930 2167 1090 2224 nobis
1120 2166 1529 2238 suscipiendam
1549 2167 1743 2238 prmio
1841 2162 2147 2221 Ecclesiam
2178 2165 2351 2222 occisi
2380 2173 2513 2222 sunt
2543 2166 2601 2222 in
2643 2167 2804 2224 atriis
2833 2170 3189 2226 ecclesiarum
3218 2169 3437 2242 sepeliri

189 2256 291 2326 pits.
328 2256 728 2335 Quia...........
787 2258 1416 2316 excommunicatienem
1462 2267 1740 2326 vestram,
1843 2268 1953 2311 non
1979 2254 2343 2325 permittatis;
2379 2257 2475 2312 ubi
2499 2268 2681 2313 autem
2722 2259 2935 2329 sepulta
2965 2267 3116 2328 sunt,
3141 2262 3323 2317 divina
3346 2261 3437 2316 of-

192 2349 319 2405 nobis
368 2349 728 2417 inconsultis,
789 2351 1035 2423 episcopi
1093 2351 1422 2407 electionem
1471 2349 1738 2407 fecerunt.

194 2436 325 2494 'l'iezo
348 2442 483 2497 iilius
505 2451 692 2499 vester
714 2443 833 2514 jam
867 2444 1104 2503 redisset
1129 2443 1201 2499 ad
1222 2458 1345 2510 vos,
1369 2442 1477 2499 nisi
1512 2443 1580 2497 ad
1610 2457 1744 2498 con-

194 2534 454 2607 vocandum
497 2535 797 2591 concilium
839 2551 976 2592 xvm
1008 2534 1282 2592 Kalendas
1312 2534 1618 2601 Februarii,
1650 2531 1745 2589 Pi-

196 2623 353 2691 clavis,
376 2614 494 2683 Deo
524 2636 828 2694 annuente,
861 2627 1248 2685 celebrandum
1291 2626 1654 2692 detineretur;
1687 2625 1745 2681 in

195 2729 281 2784 quo
291 2717 504 2774 concilio
515 2719 841 2775 meritorum
854 2727 1161 2795 vestrorum
1179 2718 1542 2790 patrocinium
1554 2718 1747 2774 adesse

197 2807 325 2862 nobis
360 2811 675 2880 suppliciter
714 2825 1029 2867 exoramus.
1067 2808 1232 2867 Orate
1265 2824 1367 2882 pro
1403 2808 1583 2878 nobis,
1617 2825 1747 2865 san-

198 2898 401 2956 Ctissime
426 2901 611 2957 Pater.

220 2989 348 3070 .(Eo
381 3003 639 3077 spectant,
666 2995 917 3077 arbitror,
942 3008 1058 3067 qua:
1107 2994 1262 3077 habet
1288 2992 1572 3077 Gregorius
1613 3009 1747 3118 pon-

220 3061 304 3118 Ifex
328 3078 476 3118 supra
505 3074 663 3118 enisi.
701 3064 767 3118 l7
809 3064 935 3118 libri
966 3081 1019 3118 v.
1054 3065 1244 3118 indici.
1288 3079 1327 3118 ι.
1359 3074 1580 3118 septimo
1646 3062 1746 3118 dus

200 3064 476 3204 ﬂgléupra
505 3067 663 3137 epist.
701 3064 767 3119 l7
809 3064 935 3120 libri
954 3064 1019 3132 'v,
1054 3065 1244 3119 indici.
1288 3079 1327 3133 ι,
1359 3064 1580 3135 septimo

909 3222 1002 3283 1X.

201 3311 407 3389 Epistula
428 3292 707 3373 Saxonum
733 3332 801 3372 ao
828 3316 1138 3388 Gregorium
1169 3315 1248 3389 Vl
1253 3316 1284 3371 I
1290 3316 1533 3389 .e—Quidr
1546 3320 1749 3389 egerint

255 3396 314 3460 at
342 3388 555 3442 decretis
593 3388 711 3460 ejus
752 3387 1031 3458 parerem;
1076 3388 1215 3459 quod
1260 3388 1436 3443 minus
1464 3387 1591 3457 sibi,
1626 3387 1746 3460 plus

255 3457 547 3514 adwrsariis
572 3457 773 3529 faveat,
804 3457 1118 3529 queruntur.

567 3546 791 3623 [κλαδί.
816 3548 1022 3605 Concil.
1049 3547 1169 3616 XX,
1194 3547 1347 3622 385.]

256 3636 395 3697 Novit
417 3642 682 3699 sanctitas
711 3649 894 3697 vestra
929 3648 987 3697 et
1022 3642 1282 3696 omnibus
1322 3641 1753 3712 circumquaque

203 3739 361 3791 notum
400 3742 483 3791 est
527 3749 701 3805 quam
753 3733 1043 3789 ditiicuiter
1079 3740 1399 3805 quantoque
1442 3733 1753 3804 baiulorum

203 3820 476 3881 discrimine
519 3826 824 3898 legationes
869 3826 939 3881 ad
984 3840 1082 3881 vos
1124 3826 1581 3892 transmittimus,
1622 3825 1753 3897 quia

206 3911 304 3981 iter,
329 3916 466 3986 quod
503 3916 768 3972 omnibus
814 3915 1176 3987 temporibus,
1207 3914 1445 3985 populis,
1478 3914 1752 3981 tribubus,

205 4002 373 4074 linguis
406 4007 509 4062 fuit
551 4009 827 4080 pervium,
875 4023 1021 4063 nunc
1063 4007 1337 4063 clauditur
1380 4005 1489 4061 illis
1517 4005 1758 4060 maxime

205 4096 280 4166 qui
306 4112 405 4152 non
446 4100 740 4156 minimum
774 4114 874 4169 pro
918 4100 1131 4155 honore
1153 4098 1300 4153 illius
1343 4097 1756 4162 laboraverunt,

205 4188 260 4242 ad
291 4191 434 4261 cujus
457 4205 662 4263 corpus
694 4192 884 4247 eadem
922 4191 1008 4246 via
1039 4189 1210 4247 ducit.
1261 4187 1332 4242 Et
1371 4196 1490 4259 post
1530 4186 1712 4257 aliqua
1737 4200 1757 4240 :

206 4274 315 4334 Post
334 4280 545 4354 longam
570 4281 1039 4353 exspectationem
1064 4295 1286 4336 reverso
1312 4278 1506 4334 nuntio
1536 4274 1756 4344 nostro,

208 4367 321 4423 nihil
347 4373 488 4428 aliud
517 4373 682 4429 nobis
705 4371 1103 4427 consolationis
1132 4370 1363 4426 relatum
1402 4374 1507 4434 est,
1545 4366 1654 4422 nisi
1700 4372 1763 4421 ut

1646 3062 1746 3118 dus

1774 3123 1818 3182 C

1843 2343 1965 2400 ﬁcia
1999 2346 2264 2402 celebrari
2286 2347 2645 2417 prohibeatis.
2686 2347 2841 2405 Multi
2870 2364 2937 2405 ex
2965 2354 3049 2408 eis
3092 2352 3148 2407 in
3190 2352 3440 2424 Augusta

1843 2433 2065 2490 civitate
2086 2436 2284 2507 sepulti
2308 2444 2438 2492 sunt
2466 2455 2479 2491 :
2506 2437 2756 2510 ejusdem
2781 2438 2888 2495 ioci
2919 2443 3439 2513 congregationibus

1844 2523 2058 2581 litteras
2079 2533 2290 2583 vestras
2308 2542 2409 2598 per
2426 2527 2798 2586 discurrentes
2818 2531 3135 2603 peregrinos
3157 2533 3292 2591 satis
3313 2533 3441 2589 mit-

1845 2624 1962 2674 tere
1983 2618 2231 2689 pOwSIlS‘.

2602 2720 2670 2776 Χ.

1850 2805 2127 2864 Saxonum
2155 2808 2433 2882 Rodulphe
2453 2810 2745 2880 faventium
2762 2812 2833 2866 ad
2853 2810 3163 2886 Gregorium
3185 2815 3433 2887 epistola.

2342 2901 2523 2976 [Apud
2560 2902 2753 2970 lixasr,
2783 2903 2944 2979 ibid.]
3348 2896 3351 2901 ’

1922 2991 2103 3049 Testis
2125 3002 2213 3050 est
2232 2993 2552 3050 excellentia
2578 3003 2755 3050 vestra
2778 3003 2834 3050 et
2854 2995 3047 3053 littera:
3070 3005 3283 3064 vestrm,
3300 3013 3442 3071 quas

1851 3084 1908 3139 in
1934 3083 2314 3139 testimonium
2340 3085 2625 3150 habemus,
2654 3084 2783 3155 quia
2814 3100 2916 3141 nec
2940 3100 3038 3157 pro
3064 3086 3298 3143 consilio
3333 3078 3437 3142 noi-

1851 3184 1966 3232 stro
1989 3189 2090 3231 nec
2117 3188 2215 3246 pro
2243 3188 2409 3230 causa
2434 3182 2645 3241 nostra,
2680 3175 2911 3246 sed'pro
2953 3175 3119 3233 illatis
3155 3176 3270 3233 sedi
3294 3191 3437 3253 apo:

1850 3265 2058 3323 stolicm
2076 3264 2293 3336 injuriis
2324 3276 2506 3336 regem
2539 3272 2791 3319 nostrum
2818 3265 2963 3336 regia
3007 3266 3273 3338 dignitate
3317 3264 3437 3338 pri-4

1852 3358 2041 3425 vastis,
2069 3357 2338 3428 nobisque
2367 3356 2591 3412 terribili
2619 3355 3080 3422 interminatione,
3114 3372 3182 3413 ne
3211 3357 3262 3412 ei
3301 3356 3445 3414 sicut

1850 3449 1968 3521 regi
2000 3448 2326 3516 serviamus,
2343 3449 2726 3516 interdixistis,
2750 3456 2804 3505 et
2829 3463 3023 3505 omnes
3041 3447 3390 3506 Christianos
3412 3464 3446 3527 a

1851 3540 2074 3598 vinculo
2098 3539 2398 3612 jurameuti
2427 3540 2576 3611 quod
2606 3540 2657 3597 ei
2691 3539 2940 3597 fecerunt
2972 3541 3057 3597 vel
3093 3540 3316 3609 facient,
3343 3540 3445 3597 ab-

1853 3631 2118 3698 solvistis,
2139 3645 2380 3701 eumque
2400 3630 2619 3685 vinculo
2643 3629 3013 3686 anathematis'
3051 3630 3338 3703 aliigastis.
3381 3627 3444 3686 in

1854 3724 1941 3781 his
1963 3723 2221 3779 omnibus
2241 3721 2559 3794 paternitati
2577 3729 2776 3777 vestrae
2801 3736 2926 3777 cum
2966 3736 3169 3793 magno
3198 3722 3446 3793 periculo

1855 3823 2068 3883 nostro,
2104 3815 2251 3871 sicut
2270 3828 2419 3870 nunc
2446 3820 2615 3885 patet,
2647 3813 3010 3880 obedivimus,
3035 3820 3091 3869 et
3112 3814 3241 3885 quia
3265 3813 3444 3869 eidem

1855 3908 2104 3978 deposito
2128 3907 2197 3962 ad
2224 3905 2622 3976 depositionem
2657 3913 2899 3961 vestram
2926 3920 3056 3961 cum
3077 3905 3289 3962 caeteris
3304 3920 3449 3961 con-

1857 4000 2085 4056 cordare
2107 3997 2407 4063 noluimus,
2444 4004 2653 4050 tantam
2684 3995 2739 4050 in
2767 4010 2871 4052 nos
2896 3995 3274 4051 crudelitatem
3295 4011 3453 4052 exer-

1858 4091 1991 4158 cuit,
2022 4096 2084 4144 ut
2109 4088 2295 4159 plures
2338 4102 2408 4142 ex
2443 4086 2671 4153 nostris,
2696 4087 2900 4143 amissa
2921 4084 3076 4141 omni
3118 4084 3447 4151 substantia,

1860 4181 2100 4238 animam
2124 4179 2179 4235 in
2205 4180 2311 4235 hoc
2331 4178 2631 4235 certamine
2654 4187 2924 4250 ponerent
2954 4185 3011 4233 et
3033 4176 3179 4233 ﬁlios
3208 4177 3454 4234 exhaare—

1860 4274 1957 4329 des
1983 4281 2039 4328 et
2079 4287 2146 4328 ex
2189 4270 2455 4326 divitibus
2497 4284 2768 4340 pauperes
2793 4269 3139 4341 reliquerunt
3167 4288 3180 4325 :
3211 4269 3306 4341 qui
3347 4284 3452 4325 au-

1861 4365 1972 4421 tem
1996 4362 2202 4421 residui
2225 4371 2375 4428 sunt,
2402 4361 2469 4417 de
2487 4362 2599 4416 vita
2621 4360 2869 4433 quotidie
2901 4360 3150 4426 solliciti,
3178 4360 3305 4416 vitae
3326 4360 3456 4416 sub-‘-

209 4458 407 4521 decretis
420 4465 506 4522 his
523 4481 649 4538 qua:
673 4466 1058 4522 mandavimus
1073 4463 1233 4519 fidem
1245 4476 1344 4517 vos
1358 4474 1469 4515 non
1480 4458 1763 4514 habuisse.
1797 4457 2009 4520 Desidia
2030 4470 2168 4527 pene
2188 4450 2374 4510 omnia
2396 4452 2719 4508 amiserunt.
2748 4451 2862 4509 Sed
2883 4466 3009 4508 cum
3032 4450 3183 4507 nulla
3208 4458 3312 4507 nos
3330 4464 3459 4521 per-

211 4546 275 4603 Ex
293 4567 389 4622 qua
421 4569 500 4621 re,
526 4555 855 4615 charissime
885 4553 1127 4617 domine,
1162 4549 1487 4607 incredibile
1500 4548 1656 4603 vobis
1679 4548 1761 4603 vi-
1865 4547 2147 4604 scontione
2190 4552 2495 4615 superaret,
2534 4552 2825 4615 superatus
2845 4552 2931 4600 est
2961 4543 3071 4609 ille,
3098 4550 3161 4598 ut
3187 4543 3317 4597 licet
3356 4555 3460 4596 no-

212 4652 312 4693 sum
330 4651 408 4696 est
433 4644 582 4714 quod
610 4643 810 4698 fratres
834 4642 1013 4698 nostri
1046 4649 1103 4696 et
1125 4638 1438 4710 coepiscopi
1468 4636 1761 4693 Wioebur-
1867 4638 1989 4695 iens
2017 4654 2176 4694 suam
2208 4637 2372 4693 nobis
2400 4637 2749 4707 praesentiam
2783 4636 3085 4702 exhiberet,
3112 4643 3170 4691 et
3199 4634 3254 4691 ei
3293 4647 3467 4719 quem,

214 4731 367 4798 densis
394 4743 448 4788 et
481 4734 827 4789 Pataviensis
863 4749 990 4790 cum
1033 4731 1156 4787 aliis
1197 4729 1469 4801 religiosis
1509 4729 1667 4783 vobis
1706 4728 1765 4783 iu
1870 4731 2223 4787 inhonoravit
2243 4745 2369 4785 cum
2392 4744 2496 4785 suo
2517 4729 2784 4784 dedecore
2807 4727 3075 4783 honorem
3096 4725 3467 4798 impenderet

212 4824 406 4881 veritate
435 4828 846 4893 nuntiaverunt,
874 4829 1131 4898 quodque
1153 4841 1213 4881 se
1242 4824 1445 4881 vidisse
1472 4830 1528 4877 et
1546 4822 1766 4877 audisse
1871 4834 1972 4893 pro
1988 4838 2104 4892 quo
2132 4821 2318 4876 labore
2352 4820 2504 4873 hunc
2536 4816 2776 4873 fructum
2810 4816 3143 4887 recepimus,
3179 4813 3331 4887 quod
3375 4813 3467 4872 bis
3548 4851 3557 4857 -

215 4918 367 4972 testati
396 4928 556 4987 sunt;
597 4929 745 4975 certe
773 4935 884 4973 non
926 4920 982 4973 in
1016 4918 1199 4973 verbis
1234 4915 1504 4971 mendacii
1531 4913 1766 4970 confidi-
1873 4912 1968 4983 qui
1997 4927 2122 4968 cum
2146 4909 2392 4981 periculo
2425 4909 2738 4963 animarum
2768 4913 3086 4960 nostrarum
3109 4903 3340 4975 vestigia
3366 4908 3460 4974 pe.

216 5016 319 5060 mus
356 5009 593 5077 liberari,
642 5011 737 5066 sed
782 5010 1061 5066 credimus
1107 5009 1237 5080 quia
1264 5006 1480 5061 Veritas
1522 5003 1775 5062 liberabit
1875 5002 2007 5057 dum
2034 5010 2344 5058 vestrorum
2376 4997 2607 5053 adorare
2638 5004 2864 5051 coactus
2888 5004 2994 5063 est,
3025 4995 3235 5068 absque
3275 5002 3482 5069 nostri;

217 5108 328 5163 nos;
362 5097 500 5155 Dens
542 5116 656 5156 non
692 5100 941 5156 deseruit
975 5107 1258 5170 sperantes
1298 5096 1353 5150 in
1389 5110 1477 5160 se;
1514 5111 1641 5151 nam
1678 5107 1776 5148 rex
1878 5093 2112 5148 consilio
2129 5099 2184 5146 et
2204 5089 2323 5144 sine
2347 5087 2688 5143 correctione
2720 5084 3026 5154 absolutus,
3058 5087 3127 5143 ad
3158 5082 3489 5144 nocendum

219 5192 377 5220 nnciam
399 5186 663 5220 αΑΑΑΙε-τη
737 5189 891 5220 θαι-»οἷο

919 5190 971 5220 ς..
1000 5205 1067 5220 nn
1111 5190 1202 5220 nm:
1230 5188 1319 5220 AM
1365 5185 1597 5220 cal-unm
1646 5183 1782 5220 mni-
1881 5184 2039 5220 ..Αιιςα
2083 5178 2391 5220 “honestam
2438 5179 2661 5220 munit
2732 5173 2798 5220 ΕΙ
2856 5179 3043 5220 nnun’a
3092 5174 3436 5220 infamati“:
3476 5194 3491 5208 ο
