  <div class='ocr_page' id='page_1' title='image "/cluster/home/n/w/nwhite01/storage/ocr_20150623/148/hvd.32044015471840/373.png"; bbox 0 0 3988 5328; ppageno 0'>
   <div class='ocr_carea' id='block_1_1' title="bbox 484 359 598 416">
    <p class='ocr_par' dir='ltr' id='par_1_1' title="bbox 484 359 598 416">
     <span class='ocr_line' id='line_1_1' title="bbox 484 359 598 416; baseline 0 -3"><span class='ocrx_word' id='word_1_1' title='bbox 484 359 598 416; x_wconf 64' lang='lat' dir='ltr'>’M&#39;l</span> 
     </span>
    </p>
   </div>
   <div class='ocr_carea' id='block_1_2' title="bbox 496 448 2157 548">
    <p class='ocr_par' dir='ltr' id='par_1_2' title="bbox 496 448 2157 548">
     <span class='ocr_line' id='line_1_2' title="bbox 496 448 2157 548; baseline -0.017 -15"><span class='ocrx_word' id='word_1_2' title='bbox 496 472 915 548; x_wconf 63' lang='lat' dir='ltr'>refocﬁiandmn</span> <span class='ocrx_word' id='word_1_3' title='bbox 946 466 1245 538; x_wconf 81' lang='lat' dir='ltr'>imperium</span> <span class='ocrx_word' id='word_1_4' title='bbox 1288 466 1680 524; x_wconf 83' lang='lat' dir='ltr'>succresceret,</span> <span class='ocrx_word' id='word_1_5' title='bbox 1710 470 1839 511; x_wconf 85' lang='lat' dir='ltr'>ecce</span> <span class='ocrx_word' id='word_1_6' title='bbox 1879 467 1948 507; x_wconf 79' lang='lat' dir='ltr'>ex</span> <span class='ocrx_word' id='word_1_7' title='bbox 1986 449 2082 503; x_wconf 86' lang='lat' dir='ltr'>in-</span> <span class='ocrx_word' id='word_1_8' title='bbox 2112 448 2157 505; x_wconf 79' lang='grc' dir='ltr'>Α</span> 
     </span>
    </p>
   </div>
   <div class='ocr_carea' id='block_1_3' title="bbox 497 548 2084 642">
    <p class='ocr_par' dir='ltr' id='par_1_3' title="bbox 497 548 2084 642">
     <span class='ocr_line' id='line_1_3' title="bbox 497 548 2084 642; baseline -0.02 -17"><span class='ocrx_word' id='word_1_9' title='bbox 497 575 718 639; x_wconf 86' lang='lat' dir='ltr'>sperato</span> <span class='ocrx_word' id='word_1_10' title='bbox 747 564 941 620; x_wconf 71' lang='lat' dir='ltr'>littera:</span> <span class='ocrx_word' id='word_1_11' title='bbox 963 567 1157 614; x_wconf 62' lang='lat' dir='ltr'>vestrae</span> <span class='ocrx_word' id='word_1_12' title='bbox 1178 557 1319 611; x_wconf 90' lang='lat' dir='ltr'>duos</span> <span class='ocrx_word' id='word_1_13' title='bbox 1352 555 1410 609; x_wconf 91' lang='lat' dir='ltr'>in</span> <span class='ocrx_word' id='word_1_14' title='bbox 1436 566 1549 608; x_wconf 91' lang='lat' dir='ltr'>uno</span> <span class='ocrx_word' id='word_1_15' title='bbox 1571 562 1745 619; x_wconf 87' lang='lat' dir='ltr'>regno</span> <span class='ocrx_word' id='word_1_16' title='bbox 1774 559 1929 615; x_wconf 88' lang='lat' dir='ltr'>reges</span> <span class='ocrx_word' id='word_1_17' title='bbox 1956 548 2084 642; x_wconf 56' lang='lat' dir='ltr'>pro:</span> 
     </span>
    </p>
   </div>
   <div class='ocr_carea' id='block_1_4' title="bbox 498 641 2084 723">
    <p class='ocr_par' dir='ltr' id='par_1_4' title="bbox 498 641 2084 723">
     <span class='ocr_line' id='line_1_4' title="bbox 498 641 2084 723; baseline -0.02 -8"><span class='ocrx_word' id='word_1_18' title='bbox 498 656 775 723; x_wconf 88' lang='lat' dir='ltr'>nuntiant,</span> <span class='ocrx_word' id='word_1_19' title='bbox 805 651 1022 709; x_wconf 90' lang='lat' dir='ltr'>duobus</span> <span class='ocrx_word' id='word_1_20' title='bbox 1050 648 1381 718; x_wconf 76' lang='lat' dir='ltr'>legationem</span> <span class='ocrx_word' id='word_1_21' title='bbox 1409 641 1732 703; x_wconf 89' lang='lat' dir='ltr'>decernunt,</span> <span class='ocrx_word' id='word_1_22' title='bbox 1757 649 1925 707; x_wconf 90' lang='lat' dir='ltr'>quam</span> <span class='ocrx_word' id='word_1_23' title='bbox 1948 641 2084 723; x_wconf 87' lang='lat' dir='ltr'>regu</span> 
     </span>
    </p>
   </div>
   <div class='ocr_carea' id='block_1_5' title="bbox 498 722 2086 815">
    <p class='ocr_par' dir='ltr' id='par_1_5' title="bbox 498 722 2086 815">
     <span class='ocr_line' id='line_1_5' title="bbox 498 722 2086 815; baseline -0.018 -10"><span class='ocrx_word' id='word_1_24' title='bbox 498 722 765 804; x_wconf 87' lang='lat' dir='ltr'>nominis</span> <span class='ocrx_word' id='word_1_25' title='bbox 794 741 1164 815; x_wconf 84' lang='lat' dir='ltr'>pluralitatem</span> <span class='ocrx_word' id='word_1_26' title='bbox 1205 752 1271 793; x_wconf 91' lang='lat' dir='ltr'>ac</span> <span class='ocrx_word' id='word_1_27' title='bbox 1313 734 1469 806; x_wconf 89' lang='lat' dir='ltr'>regni</span> <span class='ocrx_word' id='word_1_28' title='bbox 1512 730 1839 789; x_wconf 81' lang='lat' dir='ltr'>divisionem</span> <span class='ocrx_word' id='word_1_29' title='bbox 1885 722 2086 781; x_wconf 81' lang='lat' dir='ltr'>divisio</span> 
     </span>
    </p>
   </div>
   <div class='ocr_carea' id='block_1_6' title="bbox 499 822 2085 910">
    <p class='ocr_par' dir='ltr' id='par_1_6' title="bbox 499 822 2085 910">
     <span class='ocr_line' id='line_1_6' title="bbox 499 822 2085 910; baseline -0.017 -15"><span class='ocrx_word' id='word_1_30' title='bbox 499 851 722 910; x_wconf 89' lang='lat' dir='ltr'>quoque</span> <span class='ocrx_word' id='word_1_31' title='bbox 753 832 942 906; x_wconf 87' lang='lat' dir='ltr'>populi</span> <span class='ocrx_word' id='word_1_32' title='bbox 971 847 1037 887; x_wconf 91' lang='lat' dir='ltr'>ac</span> <span class='ocrx_word' id='word_1_33' title='bbox 1071 828 1251 887; x_wconf 90' lang='lat' dir='ltr'>studia</span> <span class='ocrx_word' id='word_1_34' title='bbox 1294 825 1535 898; x_wconf 91' lang='lat' dir='ltr'>partium</span> <span class='ocrx_word' id='word_1_35' title='bbox 1574 822 1886 910; x_wconf 76' lang='lat' dir='ltr'>subsecuta</span> <span class='ocrx_word' id='word_1_36' title='bbox 1914 823 2085 881; x_wconf 86' lang='lat' dir='ltr'>sunt;</span> 
     </span>
    </p>
   </div>
   <div class='ocr_carea' id='block_1_7' title="bbox 501 908 2089 1001">
    <p class='ocr_par' dir='ltr' id='par_1_7' title="bbox 501 908 2089 1001">
     <span class='ocr_line' id='line_1_7' title="bbox 501 908 2089 1001; baseline -0.016 -16"><span class='ocrx_word' id='word_1_37' title='bbox 501 908 707 1001; x_wconf 78' lang='lat' dir='ltr'>quippe</span> <span class='ocrx_word' id='word_1_38' title='bbox 728 940 855 982; x_wconf 89' lang='lat' dir='ltr'>cum</span> <span class='ocrx_word' id='word_1_39' title='bbox 880 925 938 979; x_wconf 90' lang='lat' dir='ltr'>in</span> <span class='ocrx_word' id='word_1_40' title='bbox 975 920 1227 993; x_wconf 90' lang='lat' dir='ltr'>epistolis</span> <span class='ocrx_word' id='word_1_41' title='bbox 1252 917 1454 974; x_wconf 86' lang='lat' dir='ltr'>vestris</span> <span class='ocrx_word' id='word_1_42' title='bbox 1482 908 1924 1001; x_wconf 65' lang='lat' dir='ltr'>praevaricatoris</span> <span class='ocrx_word' id='word_1_43' title='bbox 1960 921 2089 978; x_wconf 82' lang='lat' dir='ltr'>per-</span> 
     </span>
    </p>
   </div>
   <div class='ocr_carea' id='block_1_8' title="bbox 502 999 2091 1087">
    <p class='ocr_par' dir='ltr' id='par_1_8' title="bbox 502 999 2091 1087">
     <span class='ocr_line' id='line_1_8' title="bbox 502 999 2091 1087; baseline -0.016 -12"><span class='ocrx_word' id='word_1_44' title='bbox 502 999 695 1076; x_wconf 80' lang='lat' dir='ltr'>sonam</span> <span class='ocrx_word' id='word_1_45' title='bbox 725 1031 942 1087; x_wconf 82' lang='lat' dir='ltr'>semper</span> <span class='ocrx_word' id='word_1_46' title='bbox 970 1011 1212 1086; x_wconf 85' lang='lat' dir='ltr'>praeponi</span> <span class='ocrx_word' id='word_1_47' title='bbox 1240 1016 1550 1074; x_wconf 78' lang='lat' dir='ltr'>cernerent,</span> <span class='ocrx_word' id='word_1_48' title='bbox 1592 1013 1648 1061; x_wconf 90' lang='lat' dir='ltr'>et</span> <span class='ocrx_word' id='word_1_49' title='bbox 1689 1004 1759 1059; x_wconf 88' lang='lat' dir='ltr'>ab</span> <span class='ocrx_word' id='word_1_50' title='bbox 1781 1018 1849 1058; x_wconf 92' lang='lat' dir='ltr'>eo</span> <span class='ocrx_word' id='word_1_51' title='bbox 1874 999 2020 1055; x_wconf 85' lang='lat' dir='ltr'>sicut</span> <span class='ocrx_word' id='word_1_52' title='bbox 2057 1010 2091 1051; x_wconf 92' lang='lat' dir='ltr'>a</span> 
     </span>
    </p>
   </div>
   <div class='ocr_carea' id='block_1_9' title="bbox 502 1095 2092 1180">
    <p class='ocr_par' dir='ltr' id='par_1_9' title="bbox 502 1095 2092 1180">
     <span class='ocr_line' id='line_1_9' title="bbox 502 1095 2092 1180; baseline -0.013 -13"><span class='ocrx_word' id='word_1_53' title='bbox 502 1117 722 1180; x_wconf 85' lang='lat' dir='ltr'>potente</span> <span class='ocrx_word' id='word_1_54' title='bbox 753 1107 923 1178; x_wconf 77' lang='lat' dir='ltr'>exigi,</span> <span class='ocrx_word' id='word_1_55' title='bbox 943 1114 1214 1176; x_wconf 77' lang='lat' dir='ltr'>quatenus</span> <span class='ocrx_word' id='word_1_56' title='bbox 1235 1102 1498 1158; x_wconf 77' lang='lat' dir='ltr'>ducatum</span> <span class='ocrx_word' id='word_1_57' title='bbox 1527 1097 1686 1155; x_wconf 85' lang='lat' dir='ltr'>vobis</span> <span class='ocrx_word' id='word_1_58' title='bbox 1711 1096 1771 1150; x_wconf 90' lang='lat' dir='ltr'>in</span> <span class='ocrx_word' id='word_1_59' title='bbox 1790 1095 1894 1150; x_wconf 88' lang='lat' dir='ltr'>has</span> <span class='ocrx_word' id='word_1_60' title='bbox 1906 1098 2092 1163; x_wconf 87' lang='lat' dir='ltr'>partes</span> 
     </span>
    </p>
   </div>
   <div class='ocr_carea' id='block_1_10' title="bbox 504 1188 2092 1265">
    <p class='ocr_par' dir='ltr' id='par_1_10' title="bbox 504 1188 2092 1265">
     <span class='ocr_line' id='line_1_10' title="bbox 504 1188 2092 1265; baseline -0.014 -6"><span class='ocrx_word' id='word_1_61' title='bbox 504 1201 572 1259; x_wconf 81' lang='lat' dir='ltr'>ad</span> <span class='ocrx_word' id='word_1_62' title='bbox 598 1199 1004 1257; x_wconf 71' lang='lat' dir='ltr'>discutiendam</span> <span class='ocrx_word' id='word_1_63' title='bbox 1045 1210 1273 1254; x_wconf 83' lang='lat' dir='ltr'>causam</span> <span class='ocrx_word' id='word_1_64' title='bbox 1310 1192 1595 1265; x_wconf 68' lang='lat' dir='ltr'>praberet.</span> <span class='ocrx_word' id='word_1_65' title='bbox 1633 1188 1705 1243; x_wconf 88' lang='lat' dir='ltr'>Et</span> <span class='ocrx_word' id='word_1_66' title='bbox 1739 1194 1856 1258; x_wconf 75' lang='lat' dir='ltr'>post</span> <span class='ocrx_word' id='word_1_67' title='bbox 1880 1200 2052 1257; x_wconf 86' lang='lat' dir='ltr'>pauca</span> <span class='ocrx_word' id='word_1_68' title='bbox 2073 1197 2092 1236; x_wconf 90' lang='lat'><strong><em>:</em></strong></span> 
     </span>
    </p>
   </div>
   <div class='ocr_carea' id='block_1_11' title="bbox 503 1275 2097 1363">
    <p class='ocr_par' dir='ltr' id='par_1_11' title="bbox 503 1275 2097 1363">
     <span class='ocr_line' id='line_1_11' title="bbox 503 1275 2097 1363; baseline -0.013 -14"><span class='ocrx_word' id='word_1_69' title='bbox 503 1289 621 1349; x_wconf 80' lang='lat' dir='ltr'>Hoc</span> <span class='ocrx_word' id='word_1_70' title='bbox 632 1305 855 1363; x_wconf 91' lang='lat' dir='ltr'>quoque</span> <span class='ocrx_word' id='word_1_71' title='bbox 876 1288 1250 1359; x_wconf 88' lang='lat' dir='ltr'>inﬁrmitatem</span> <span class='ocrx_word' id='word_1_72' title='bbox 1278 1291 1526 1340; x_wconf 88' lang='lat' dir='ltr'>nostram</span> <span class='ocrx_word' id='word_1_73' title='bbox 1556 1287 1758 1346; x_wconf 82' lang='lat' dir='ltr'>movet,</span> <span class='ocrx_word' id='word_1_74' title='bbox 1774 1276 1923 1348; x_wconf 77' lang='lat' dir='ltr'>quod</span> <span class='ocrx_word' id='word_1_75' title='bbox 1952 1275 2097 1331; x_wconf 88' lang='lat' dir='ltr'>sicut</span> 
     </span>
    </p>
   </div>
   <div class='ocr_carea' id='block_1_12' title="bbox 504 1369 2094 1455">
    <p class='ocr_par' dir='ltr' id='par_1_12' title="bbox 504 1369 2094 1455">
     <span class='ocr_line' id='line_1_12' title="bbox 504 1369 2094 1455; baseline -0.016 -9"><span class='ocrx_word' id='word_1_76' title='bbox 504 1384 671 1445; x_wconf 74' lang='lat' dir='ltr'>nobis</span> <span class='ocrx_word' id='word_1_77' title='bbox 682 1382 1043 1455; x_wconf 82' lang='lat' dir='ltr'>persuadetur</span> <span class='ocrx_word' id='word_1_78' title='bbox 1058 1388 1119 1437; x_wconf 92' lang='lat' dir='ltr'>ut</span> <span class='ocrx_word' id='word_1_79' title='bbox 1138 1379 1194 1434; x_wconf 92' lang='lat' dir='ltr'>in</span> <span class='ocrx_word' id='word_1_80' title='bbox 1212 1377 1451 1447; x_wconf 68' lang='lat' dir='ltr'>increpto</span> <span class='ocrx_word' id='word_1_81' title='bbox 1460 1372 1693 1429; x_wconf 90' lang='lat' dir='ltr'>ﬁrmiter</span> <span class='ocrx_word' id='word_1_82' title='bbox 1711 1369 2094 1441; x_wconf 82' lang='lat' dir='ltr'>perduremus,</span> 
     </span>
    </p>
   </div>
   <div class='ocr_carea' id='block_1_13' title="bbox 504 1455 2098 1540">
    <p class='ocr_par' dir='ltr' id='par_1_13' title="bbox 504 1455 2098 1540">
     <span class='ocr_line' id='line_1_13' title="bbox 504 1455 2098 1540; baseline -0.013 -8"><span class='ocrx_word' id='word_1_83' title='bbox 504 1475 591 1538; x_wconf 85' lang='lat' dir='ltr'>sic</span> <span class='ocrx_word' id='word_1_84' title='bbox 610 1474 779 1535; x_wconf 89' lang='lat' dir='ltr'>etiam</span> <span class='ocrx_word' id='word_1_85' title='bbox 807 1472 1103 1531; x_wconf 65' lang='lat' dir='ltr'>contraria:</span> <span class='ocrx_word' id='word_1_86' title='bbox 1130 1468 1276 1540; x_wconf 84' lang='lat' dir='ltr'>parti</span> <span class='ocrx_word' id='word_1_87' title='bbox 1301 1466 1485 1522; x_wconf 84' lang='lat' dir='ltr'>verbis</span> <span class='ocrx_word' id='word_1_88' title='bbox 1507 1473 1561 1520; x_wconf 89' lang='lat' dir='ltr'>et</span> <span class='ocrx_word' id='word_1_89' title='bbox 1582 1463 1748 1520; x_wconf 86' lang='lat' dir='ltr'>rebus</span> <span class='ocrx_word' id='word_1_90' title='bbox 1771 1475 1897 1531; x_wconf 86' lang='lat' dir='ltr'>spes</span> <span class='ocrx_word' id='word_1_91' title='bbox 1918 1455 2098 1513; x_wconf 87' lang='lat' dir='ltr'>innui-</span> 
     </span>
    </p>
   </div>
   <div class='ocr_carea' id='block_1_14' title="bbox 510 1549 2097 1634">
    <p class='ocr_par' dir='ltr' id='par_1_14' title="bbox 510 1549 2097 1634">
     <span class='ocr_line' id='line_1_14' title="bbox 510 1549 2097 1634; baseline -0.009 -12"><span class='ocrx_word' id='word_1_92' title='bbox 510 1578 619 1626; x_wconf 89' lang='lat' dir='ltr'>tur.</span> <span class='ocrx_word' id='word_1_93' title='bbox 652 1566 789 1624; x_wconf 87' lang='lat' dir='ltr'>Nam</span> <span class='ocrx_word' id='word_1_94' title='bbox 814 1565 1117 1622; x_wconf 81' lang='lat' dir='ltr'>familiares</span> <span class='ocrx_word' id='word_1_95' title='bbox 1157 1561 1404 1634; x_wconf 65' lang='lat' dir='ltr'>praedicti</span> <span class='ocrx_word' id='word_1_96' title='bbox 1438 1558 1702 1625; x_wconf 82' lang='lat' dir='ltr'>Heinrici,</span> <span class='ocrx_word' id='word_1_97' title='bbox 1730 1555 1825 1627; x_wconf 91' lang='lat' dir='ltr'>qui</span> <span class='ocrx_word' id='word_1_98' title='bbox 1849 1554 1918 1609; x_wconf 90' lang='lat' dir='ltr'>ab</span> <span class='ocrx_word' id='word_1_99' title='bbox 1945 1549 2097 1608; x_wconf 83' lang='lat' dir='ltr'>omni</span> 
     </span>
    </p>
   </div>
   <div class='ocr_carea' id='block_1_15' title="bbox 510 1642 2098 1728">
    <p class='ocr_par' dir='ltr' id='par_1_15' title="bbox 510 1642 2098 1728">
     <span class='ocr_line' id='line_1_15' title="bbox 510 1642 2098 1728; baseline -0.009 -17"><span class='ocrx_word' id='word_1_100' title='bbox 510 1671 681 1728; x_wconf 85' lang='lat' dir='ltr'>regno</span> <span class='ocrx_word' id='word_1_101' title='bbox 702 1654 932 1711; x_wconf 78' lang='lat' dir='ltr'>infamia</span> <span class='ocrx_word' id='word_1_102' title='bbox 955 1663 1237 1720; x_wconf 87' lang='lat' dir='ltr'>notantur,</span> <span class='ocrx_word' id='word_1_103' title='bbox 1261 1650 1466 1725; x_wconf 84' lang='lat' dir='ltr'>quique</span> <span class='ocrx_word' id='word_1_104' title='bbox 1488 1648 1566 1703; x_wconf 82' lang='lat' dir='ltr'>illi</span> <span class='ocrx_word' id='word_1_105' title='bbox 1590 1656 1651 1702; x_wconf 91' lang='lat' dir='ltr'>ut</span> <span class='ocrx_word' id='word_1_106' title='bbox 1670 1645 1784 1717; x_wconf 90' lang='lat' dir='ltr'>regi</span> <span class='ocrx_word' id='word_1_107' title='bbox 1808 1642 2098 1701; x_wconf 79' lang='lat' dir='ltr'>serviendo</span> 
     </span>
    </p>
   </div>
   <div class='ocr_carea' id='block_1_16' title="bbox 515 1738 2094 1820">
    <p class='ocr_par' dir='ltr' id='par_1_16' title="bbox 515 1738 2094 1820">
     <span class='ocr_line' id='line_1_16' title="bbox 515 1738 2094 1820; baseline -0.009 -16"><span class='ocrx_word' id='word_1_108' title='bbox 515 1747 874 1820; x_wconf 84' lang='lat' dir='ltr'>synodalibus</span> <span class='ocrx_word' id='word_1_109' title='bbox 898 1744 1186 1818; x_wconf 66' lang='lat' dir='ltr'>praeceptis</span> <span class='ocrx_word' id='word_1_110' title='bbox 1220 1741 1511 1800; x_wconf 78' lang='lat' dir='ltr'>manifeste</span> <span class='ocrx_word' id='word_1_111' title='bbox 1536 1738 1916 1796; x_wconf 86' lang='lat' dir='ltr'>inobedientes</span> <span class='ocrx_word' id='word_1_112' title='bbox 1945 1743 2094 1803; x_wconf 89' lang='lat' dir='ltr'>sunt,</span> 
     </span>
    </p>
   </div>
   <div class='ocr_carea' id='block_1_17' title="bbox 511 1799 2174 1908">
    <p class='ocr_par' dir='ltr' id='par_1_17' title="bbox 511 1799 2174 1908">
     <span class='ocr_line' id='line_1_17' title="bbox 511 1799 2174 1908; baseline -0.007 -15"><span class='ocrx_word' id='word_1_113' title='bbox 511 1799 568 1894; x_wconf 58' lang='lat' dir='ltr'>ei</span> <span class='ocrx_word' id='word_1_114' title='bbox 588 1854 697 1894; x_wconf 90' lang='lat' dir='ltr'>una</span> <span class='ocrx_word' id='word_1_115' title='bbox 718 1854 850 1894; x_wconf 87' lang='lat' dir='ltr'>cum</span> <span class='ocrx_word' id='word_1_116' title='bbox 888 1799 1198 1908; x_wconf 47' lang='lat' dir='ltr'>capite‘suo</span> <span class='ocrx_word' id='word_1_117' title='bbox 1216 1849 1317 1905; x_wconf 89' lang='lat' dir='ltr'>per</span> <span class='ocrx_word' id='word_1_118' title='bbox 1343 1834 1586 1906; x_wconf 88' lang='lat' dir='ltr'>legatum</span> <span class='ocrx_word' id='word_1_119' title='bbox 1620 1829 1990 1902; x_wconf 81' lang='lat' dir='ltr'>apostolicum</span> <span class='ocrx_word' id='word_1_120' title='bbox 2028 1826 2098 1882; x_wconf 90' lang='lat' dir='ltr'>ab</span> <span class='ocrx_word' id='word_1_121' title='bbox 2131 1799 2174 1854; x_wconf 78' lang='grc' dir='ltr'>Β</span> 
     </span>
    </p>
   </div>
   <div class='ocr_carea' id='block_1_18' title="bbox 482 1920 2100 2005">
    <p class='ocr_par' dir='ltr' id='par_1_18' title="bbox 482 1920 2100 2005">
     <span class='ocr_line' id='line_1_18' title="bbox 482 1920 2100 2005; baseline -0.006 -20"><span class='ocrx_word' id='word_1_122' title='bbox 482 1988 495 2005; x_wconf 38' lang='grc' dir='ltr'><strong>ι</strong></span> <span class='ocrx_word' id='word_1_123' title='bbox 514 1929 759 1986; x_wconf 88' lang='lat' dir='ltr'>Ecclesia</span> <span class='ocrx_word' id='word_1_124' title='bbox 782 1929 1046 2001; x_wconf 88' lang='lat' dir='ltr'>separati,</span> <span class='ocrx_word' id='word_1_125' title='bbox 1082 1928 1151 1983; x_wconf 90' lang='lat' dir='ltr'>ad</span> <span class='ocrx_word' id='word_1_126' title='bbox 1175 1928 1321 1983; x_wconf 92' lang='lat' dir='ltr'>hanc</span> <span class='ocrx_word' id='word_1_127' title='bbox 1349 1926 1536 1982; x_wconf 85' lang='lat' dir='ltr'>sedem</span> <span class='ocrx_word' id='word_1_128' title='bbox 1562 1923 1844 1980; x_wconf 75' lang='lat' dir='ltr'>venientes</span> <span class='ocrx_word' id='word_1_129' title='bbox 1864 1920 2100 1992; x_wconf 91' lang='lat' dir='ltr'>benigne</span> 
     </span>
    </p>
   </div>
   <div class='ocr_carea' id='block_1_19' title="bbox 515 2012 2102 2094">
    <p class='ocr_par' dir='ltr' id='par_1_19' title="bbox 515 2012 2102 2094">
     <span class='ocr_line' id='line_1_19' title="bbox 515 2012 2102 2094; baseline -0.008 -14"><span class='ocrx_word' id='word_1_130' title='bbox 515 2023 911 2094; x_wconf 89' lang='lat' dir='ltr'>suscipiuntur,</span> <span class='ocrx_word' id='word_1_131' title='bbox 946 2032 1133 2078; x_wconf 87' lang='lat' dir='ltr'>etnon</span> <span class='ocrx_word' id='word_1_132' title='bbox 1187 2021 1368 2078; x_wconf 89' lang='lat' dir='ltr'>solum</span> <span class='ocrx_word' id='word_1_133' title='bbox 1407 2018 1664 2089; x_wconf 90' lang='lat' dir='ltr'>impuniti</span> <span class='ocrx_word' id='word_1_134' title='bbox 1705 2015 1953 2082; x_wconf 91' lang='lat' dir='ltr'>redeunt,</span> <span class='ocrx_word' id='word_1_135' title='bbox 2006 2012 2102 2069; x_wconf 88' lang='lat' dir='ltr'>sed</span> 
     </span>
    </p>
   </div>
   <div class='ocr_carea' id='block_1_20' title="bbox 514 2104 2101 2184">
    <p class='ocr_par' dir='ltr' id='par_1_20' title="bbox 514 2104 2101 2184">
     <span class='ocr_line' id='line_1_20' title="bbox 514 2104 2101 2184; baseline -0.007 -15"><span class='ocrx_word' id='word_1_136' title='bbox 514 2115 742 2184; x_wconf 84' lang='lat' dir='ltr'>insuper</span> <span class='ocrx_word' id='word_1_137' title='bbox 765 2112 939 2184; x_wconf 78' lang='lat' dir='ltr'>gloria</span> <span class='ocrx_word' id='word_1_138' title='bbox 980 2119 1036 2168; x_wconf 90' lang='lat' dir='ltr'>et</span> <span class='ocrx_word' id='word_1_139' title='bbox 1062 2111 1278 2166; x_wconf 91' lang='lat' dir='ltr'>honore</span> <span class='ocrx_word' id='word_1_140' title='bbox 1315 2116 1674 2174; x_wconf 85' lang='lat' dir='ltr'>coronantur,</span> <span class='ocrx_word' id='word_1_141' title='bbox 1696 2115 1752 2163; x_wconf 91' lang='lat' dir='ltr'>et</span> <span class='ocrx_word' id='word_1_142' title='bbox 1770 2106 1839 2162; x_wconf 86' lang='lat' dir='ltr'>ad</span> <span class='ocrx_word' id='word_1_143' title='bbox 1862 2104 2101 2176; x_wconf 85' lang='lat' dir='ltr'>priorem</span> 
     </span>
    </p>
   </div>
   <div class='ocr_carea' id='block_1_21' title="bbox 515 2196 2105 2273">
    <p class='ocr_par' dir='ltr' id='par_1_21' title="bbox 515 2196 2105 2273">
     <span class='ocr_line' id='line_1_21' title="bbox 515 2196 2105 2273; baseline -0.008 -10"><span class='ocrx_word' id='word_1_144' title='bbox 515 2205 940 2263; x_wconf 89' lang='lat' dir='ltr'>inobedientiam</span> <span class='ocrx_word' id='word_1_145' title='bbox 971 2202 1338 2273; x_wconf 85' lang='lat' dir='ltr'>superbiendo</span> <span class='ocrx_word' id='word_1_146' title='bbox 1372 2210 1707 2258; x_wconf 80' lang='lat' dir='ltr'>revertentes</span> <span class='ocrx_word' id='word_1_147' title='bbox 1756 2206 1960 2255; x_wconf 67' lang='lat' dir='ltr'>nostrae</span> <span class='ocrx_word' id='word_1_148' title='bbox 1998 2196 2105 2251; x_wconf 82' lang='lat' dir='ltr'>mi-</span> 
     </span>
    </p>
   </div>
   <div class='ocr_carea' id='block_1_22' title="bbox 517 2284 2106 2362">
    <p class='ocr_par' dir='ltr' id='par_1_22' title="bbox 517 2284 2106 2362">
     <span class='ocr_line' id='line_1_22' title="bbox 517 2284 2106 2362; baseline -0.007 -10"><span class='ocrx_word' id='word_1_149' title='bbox 517 2295 676 2352; x_wconf 67' lang='lat' dir='ltr'>seriae</span> <span class='ocrx_word' id='word_1_150' title='bbox 698 2294 986 2350; x_wconf 88' lang='lat' dir='ltr'>insultant.</span> <span class='ocrx_word' id='word_1_151' title='bbox 1018 2292 1190 2349; x_wconf 87' lang='lat' dir='ltr'>Nobis</span> <span class='ocrx_word' id='word_1_152' title='bbox 1210 2300 1396 2349; x_wconf 88' lang='lat' dir='ltr'>autem</span> <span class='ocrx_word' id='word_1_153' title='bbox 1421 2291 1583 2362; x_wconf 89' lang='lat' dir='ltr'>quasi</span> <span class='ocrx_word' id='word_1_154' title='bbox 1609 2288 1860 2346; x_wconf 89' lang='lat' dir='ltr'>ridiculis</span> <span class='ocrx_word' id='word_1_155' title='bbox 1880 2284 2106 2344; x_wconf 80' lang='lat' dir='ltr'>adinsi-</span> 
     </span>
    </p>
   </div>
   <div class='ocr_carea' id='block_1_23' title="bbox 515 2379 2105 2459">
    <p class='ocr_par' dir='ltr' id='par_1_23' title="bbox 515 2379 2105 2459">
     <span class='ocr_line' id='line_1_23' title="bbox 515 2379 2105 2459; baseline -0.005 -17"><span class='ocrx_word' id='word_1_156' title='bbox 515 2388 780 2459; x_wconf 90' lang='lat' dir='ltr'>pientiam</span> <span class='ocrx_word' id='word_1_157' title='bbox 804 2392 1094 2457; x_wconf 84' lang='lat' dir='ltr'>reputatur</span> <span class='ocrx_word' id='word_1_158' title='bbox 1117 2384 1266 2456; x_wconf 85' lang='lat' dir='ltr'>quod</span> <span class='ocrx_word' id='word_1_159' title='bbox 1296 2384 1369 2439; x_wconf 87' lang='lat' dir='ltr'>ab</span> <span class='ocrx_word' id='word_1_160' title='bbox 1400 2384 1622 2438; x_wconf 90' lang='lat' dir='ltr'>illorum</span> <span class='ocrx_word' id='word_1_161' title='bbox 1651 2381 1935 2438; x_wconf 83' lang='lat' dir='ltr'>consortio</span> <span class='ocrx_word' id='word_1_162' title='bbox 1974 2379 2105 2434; x_wconf 91' lang='lat' dir='ltr'>abs-</span> 
     </span>
    </p>
   </div>
   <div class='ocr_carea' id='block_1_24' title="bbox 516 2466 2113 2546">
    <p class='ocr_par' dir='ltr' id='par_1_24' title="bbox 516 2466 2113 2546">
     <span class='ocr_line' id='line_1_24' title="bbox 516 2466 2113 2546; baseline -0.006 -15"><span class='ocrx_word' id='word_1_163' title='bbox 516 2476 779 2543; x_wconf 89' lang='lat' dir='ltr'>tinemus,</span> <span class='ocrx_word' id='word_1_164' title='bbox 823 2474 921 2546; x_wconf 87' lang='lat' dir='ltr'>qui</span> <span class='ocrx_word' id='word_1_165' title='bbox 962 2473 1033 2529; x_wconf 91' lang='lat' dir='ltr'>ab</span> <span class='ocrx_word' id='word_1_166' title='bbox 1065 2472 1187 2542; x_wconf 91' lang='lat' dir='ltr'>ipso</span> <span class='ocrx_word' id='word_1_167' title='bbox 1218 2471 1396 2542; x_wconf 87' lang='lat' dir='ltr'>capite</span> <span class='ocrx_word' id='word_1_168' title='bbox 1434 2477 1626 2525; x_wconf 93' lang='lat' dir='ltr'>nostro</span> <span class='ocrx_word' id='word_1_169' title='bbox 1648 2476 1762 2524; x_wconf 91' lang='lat' dir='ltr'>tam</span> <span class='ocrx_word' id='word_1_170' title='bbox 1781 2466 2113 2525; x_wconf 87' lang='lat' dir='ltr'>charitative</span> 
     </span>
    </p>
   </div>
   <div class='ocr_carea' id='block_1_25' title="bbox 517 2558 2107 2639">
    <p class='ocr_par' dir='ltr' id='par_1_25' title="bbox 517 2558 2107 2639">
     <span class='ocr_line' id='line_1_25' title="bbox 517 2558 2107 2639; baseline -0.008 -15"><span class='ocrx_word' id='word_1_171' title='bbox 517 2567 578 2639; x_wconf 88' lang='lat' dir='ltr'>in</span> <span class='ocrx_word' id='word_1_172' title='bbox 607 2566 1053 2624; x_wconf 90' lang='lat' dir='ltr'>communionem</span> <span class='ocrx_word' id='word_1_173' title='bbox 1077 2563 1438 2633; x_wconf 88' lang='lat' dir='ltr'>recipiuntur.</span> <span class='ocrx_word' id='word_1_174' title='bbox 1471 2560 1694 2616; x_wconf 81' lang='lat' dir='ltr'>Accedit</span> <span class='ocrx_word' id='word_1_175' title='bbox 1713 2569 1765 2615; x_wconf 89' lang='lat' dir='ltr'>et</span> <span class='ocrx_word' id='word_1_176' title='bbox 1786 2560 1891 2614; x_wconf 92' lang='lat' dir='ltr'>hoc</span> <span class='ocrx_word' id='word_1_177' title='bbox 1910 2558 1985 2613; x_wconf 88' lang='lat' dir='ltr'>ad</span> <span class='ocrx_word' id='word_1_178' title='bbox 2004 2573 2107 2614; x_wconf 92' lang='lat' dir='ltr'>cu-</span> 
     </span>
    </p>
   </div>
   <div class='ocr_carea' id='block_1_26' title="bbox 518 2642 2109 2723">
    <p class='ocr_par' dir='ltr' id='par_1_26' title="bbox 518 2642 2109 2723">
     <span class='ocr_line' id='line_1_26' title="bbox 518 2642 2109 2723; baseline -0.004 -11"><span class='ocrx_word' id='word_1_179' title='bbox 518 2657 735 2713; x_wconf 85' lang='lat' dir='ltr'>mulum</span> <span class='ocrx_word' id='word_1_180' title='bbox 759 2642 1051 2712; x_wconf 81' lang='lat' dir='ltr'>infortunii</span> <span class='ocrx_word' id='word_1_181' title='bbox 1082 2652 1259 2709; x_wconf 86' lang='lat' dir='ltr'>nostri</span> <span class='ocrx_word' id='word_1_182' title='bbox 1294 2651 1443 2723; x_wconf 85' lang='lat' dir='ltr'>quod</span> <span class='ocrx_word' id='word_1_183' title='bbox 1484 2659 1681 2721; x_wconf 84' lang='lat' dir='ltr'>praeter</span> <span class='ocrx_word' id='word_1_184' title='bbox 1721 2648 1813 2704; x_wconf 90' lang='lat' dir='ltr'>illa</span> <span class='ocrx_word' id='word_1_185' title='bbox 1847 2663 1970 2720; x_wconf 65' lang='lat' dir='ltr'>qua:</span> <span class='ocrx_word' id='word_1_186' title='bbox 2005 2661 2109 2705; x_wconf 71' lang='lat' dir='ltr'>nos</span> 
     </span>
    </p>
   </div>
   <div class='ocr_carea' id='block_1_27' title="bbox 520 2739 2112 2817">
    <p class='ocr_par' dir='ltr' id='par_1_27' title="bbox 520 2739 2112 2817">
     <span class='ocr_line' id='line_1_27' title="bbox 520 2739 2112 2817; baseline -0.005 -17"><span class='ocrx_word' id='word_1_187' title='bbox 520 2745 627 2817; x_wconf 90' lang='lat' dir='ltr'>ipsi</span> <span class='ocrx_word' id='word_1_188' title='bbox 660 2744 1054 2816; x_wconf 86' lang='lat' dir='ltr'>delinquimus,</span> <span class='ocrx_word' id='word_1_189' title='bbox 1084 2743 1250 2799; x_wconf 90' lang='lat' dir='ltr'>etiam</span> <span class='ocrx_word' id='word_1_190' title='bbox 1273 2740 1720 2797; x_wconf 72' lang='lat' dir='ltr'>adversariorum</span> <span class='ocrx_word' id='word_1_191' title='bbox 1751 2739 1911 2809; x_wconf 89' lang='lat' dir='ltr'>culpa</span> <span class='ocrx_word' id='word_1_192' title='bbox 1934 2739 1989 2793; x_wconf 90' lang='lat' dir='ltr'>in</span> <span class='ocrx_word' id='word_1_193' title='bbox 2009 2752 2112 2793; x_wconf 92' lang='lat' dir='ltr'>no-</span> 
     </span>
    </p>
   </div>
   <div class='ocr_carea' id='block_1_28' title="bbox 519 2830 2111 2905">
    <p class='ocr_par' dir='ltr' id='par_1_28' title="bbox 519 2830 2111 2905">
     <span class='ocr_line' id='line_1_28' title="bbox 519 2830 2111 2905; baseline -0.005 -11"><span class='ocrx_word' id='word_1_194' title='bbox 519 2838 608 2897; x_wconf 86' lang='lat' dir='ltr'>bis</span> <span class='ocrx_word' id='word_1_195' title='bbox 636 2837 876 2905; x_wconf 90' lang='lat' dir='ltr'>cuditur,</span> <span class='ocrx_word' id='word_1_196' title='bbox 898 2836 1031 2893; x_wconf 91' lang='lat' dir='ltr'>dum</span> <span class='ocrx_word' id='word_1_197' title='bbox 1059 2843 1261 2892; x_wconf 64' lang='lat' dir='ltr'>nostra:</span> <span class='ocrx_word' id='word_1_198' title='bbox 1281 2833 1623 2905; x_wconf 68' lang='lat' dir='ltr'>negligentiae</span> <span class='ocrx_word' id='word_1_199' title='bbox 1632 2832 1950 2888; x_wconf 89' lang='lat' dir='ltr'>attribuitur</span> <span class='ocrx_word' id='word_1_200' title='bbox 1962 2830 2111 2903; x_wconf 77' lang='lat' dir='ltr'>quod</span> 
     </span>
    </p>
   </div>
   <div class='ocr_carea' id='block_1_29' title="bbox 522 2922 2109 3000">
    <p class='ocr_par' dir='ltr' id='par_1_29' title="bbox 522 2922 2109 3000">
     <span class='ocr_line' id='line_1_29' title="bbox 522 2922 2109 3000; baseline -0.005 -15"><span class='ocrx_word' id='word_1_201' title='bbox 522 2929 753 2985; x_wconf 91' lang='lat' dir='ltr'>idoneos</span> <span class='ocrx_word' id='word_1_202' title='bbox 798 2937 854 2985; x_wconf 93' lang='lat' dir='ltr'>et</span> <span class='ocrx_word' id='word_1_203' title='bbox 896 2926 1211 3000; x_wconf 87' lang='lat' dir='ltr'>frequentes</span> <span class='ocrx_word' id='word_1_204' title='bbox 1259 2926 1470 2999; x_wconf 80' lang='lat' dir='ltr'>legatos</span> <span class='ocrx_word' id='word_1_205' title='bbox 1518 2925 1627 2981; x_wconf 89' lang='lat' dir='ltr'>huc</span> <span class='ocrx_word' id='word_1_206' title='bbox 1648 2940 1761 2980; x_wconf 91' lang='lat' dir='ltr'>non</span> <span class='ocrx_word' id='word_1_207' title='bbox 1805 2922 2109 2990; x_wconf 81' lang='lat' dir='ltr'>mittimus;</span> 
     </span>
    </p>
   </div>
   <div class='ocr_carea' id='block_1_30' title="bbox 520 3010 2114 3089">
    <p class='ocr_par' dir='ltr' id='par_1_30' title="bbox 520 3010 2114 3089">
     <span class='ocr_line' id='line_1_30' title="bbox 520 3010 2114 3089; baseline -0.006 -14"><span class='ocrx_word' id='word_1_208' title='bbox 520 3019 647 3075; x_wconf 88' lang='lat' dir='ltr'>luce</span> <span class='ocrx_word' id='word_1_209' title='bbox 674 3018 824 3075; x_wconf 87' lang='lat' dir='ltr'>enim</span> <span class='ocrx_word' id='word_1_210' title='bbox 855 3017 1062 3074; x_wconf 90' lang='lat' dir='ltr'>clarius</span> <span class='ocrx_word' id='word_1_211' title='bbox 1106 3025 1257 3089; x_wconf 91' lang='lat' dir='ltr'>patet</span> <span class='ocrx_word' id='word_1_212' title='bbox 1317 3016 1467 3087; x_wconf 92' lang='lat' dir='ltr'>quod</span> <span class='ocrx_word' id='word_1_213' title='bbox 1498 3015 1577 3070; x_wconf 83' lang='lat' dir='ltr'>illi</span> <span class='ocrx_word' id='word_1_214' title='bbox 1607 3014 1713 3071; x_wconf 88' lang='lat' dir='ltr'>hoc</span> <span class='ocrx_word' id='word_1_215' title='bbox 1757 3013 1885 3069; x_wconf 79' lang='lat' dir='ltr'>ﬁeri</span> <span class='ocrx_word' id='word_1_216' title='bbox 1922 3010 2114 3085; x_wconf 83' lang='lat' dir='ltr'>prohi-</span> 
     </span>
    </p>
   </div>
   <div class='ocr_carea' id='block_1_31' title="bbox 523 3104 2113 3181">
    <p class='ocr_par' dir='ltr' id='par_1_31' title="bbox 523 3104 2113 3181">
     <span class='ocr_line' id='line_1_31' title="bbox 523 3104 2113 3181; baseline -0.004 -14"><span class='ocrx_word' id='word_1_217' title='bbox 523 3109 677 3177; x_wconf 84' lang='lat' dir='ltr'>bent,</span> <span class='ocrx_word' id='word_1_218' title='bbox 705 3108 802 3181; x_wconf 90' lang='lat' dir='ltr'>qui</span> <span class='ocrx_word' id='word_1_219' title='bbox 847 3123 917 3164; x_wconf 90' lang='lat' dir='ltr'>ne</span> <span class='ocrx_word' id='word_1_220' title='bbox 947 3107 1305 3180; x_wconf 89' lang='lat' dir='ltr'>prohiberent</span> <span class='ocrx_word' id='word_1_221' title='bbox 1326 3106 1688 3178; x_wconf 87' lang='lat' dir='ltr'>jurejurando</span> <span class='ocrx_word' id='word_1_222' title='bbox 1718 3106 1872 3162; x_wconf 89' lang='lat' dir='ltr'>vobis</span> <span class='ocrx_word' id='word_1_223' title='bbox 1906 3104 2113 3176; x_wconf 89' lang='lat' dir='ltr'>promi-</span> 
     </span>
    </p>
   </div>
   <div class='ocr_carea' id='block_1_32' title="bbox 524 3194 2114 3256">
    <p class='ocr_par' dir='ltr' id='par_1_32' title="bbox 524 3194 2114 3256">
     <span class='ocr_line' id='line_1_32' title="bbox 524 3194 2114 3256; baseline -0.005 0"><span class='ocrx_word' id='word_1_224' title='bbox 524 3208 735 3256; x_wconf 87' lang='lat' dir='ltr'>serunt.</span> <span class='ocrx_word' id='word_1_225' title='bbox 784 3198 853 3253; x_wconf 89' lang='lat' dir='ltr'>Et</span> <span class='ocrx_word' id='word_1_226' title='bbox 879 3212 1029 3254; x_wconf 92' lang='lat' dir='ltr'>nunc</span> <span class='ocrx_word' id='word_1_227' title='bbox 1054 3198 1123 3254; x_wconf 91' lang='lat' dir='ltr'>de</span> <span class='ocrx_word' id='word_1_228' title='bbox 1155 3197 1416 3253; x_wconf 87' lang='lat' dir='ltr'>violentia</span> <span class='ocrx_word' id='word_1_229' title='bbox 1438 3197 1583 3252; x_wconf 90' lang='lat' dir='ltr'>sacri</span> <span class='ocrx_word' id='word_1_230' title='bbox 1610 3196 1826 3251; x_wconf 89' lang='lat' dir='ltr'>itineris</span> <span class='ocrx_word' id='word_1_231' title='bbox 1855 3194 2114 3250; x_wconf 90' lang='lat' dir='ltr'>interclu-</span> 
     </span>
    </p>
   </div>
   <div class='ocr_carea' id='block_1_33' title="bbox 523 3273 2118 3360">
    <p class='ocr_par' dir='ltr' id='par_1_33' title="bbox 523 3273 2118 3360">
     <span class='ocr_line' id='line_1_33' title="bbox 523 3273 2118 3360; baseline -0.004 -12"><span class='ocrx_word' id='word_1_232' title='bbox 523 3291 702 3348; x_wconf 82' lang='lat' dir='ltr'>sionis</span> <span class='ocrx_word' id='word_1_233' title='bbox 731 3298 787 3347; x_wconf 92' lang='lat' dir='ltr'>et</span> <span class='ocrx_word' id='word_1_234' title='bbox 830 3291 898 3347; x_wconf 92' lang='lat' dir='ltr'>de</span> <span class='ocrx_word' id='word_1_235' title='bbox 943 3288 1235 3346; x_wconf 90' lang='lat' dir='ltr'>manifesto</span> <span class='ocrx_word' id='word_1_236' title='bbox 1269 3289 1491 3345; x_wconf 89' lang='lat' dir='ltr'>illorum</span> <span class='ocrx_word' id='word_1_237' title='bbox 1520 3273 1763 3360; x_wconf 84' lang='lat' dir='ltr'>perjurio</span> <span class='ocrx_word' id='word_1_238' title='bbox 1781 3297 2022 3355; x_wconf 78' lang='lat' dir='ltr'>tacetur,</span> <span class='ocrx_word' id='word_1_239' title='bbox 2062 3295 2118 3343; x_wconf 92' lang='lat' dir='ltr'>et</span> 
     </span>
    </p>
   </div>
   <div class='ocr_carea' id='block_1_34' title="bbox 524 3374 2117 3450">
    <p class='ocr_par' dir='ltr' id='par_1_34' title="bbox 524 3374 2117 3450">
     <span class='ocr_line' id='line_1_34' title="bbox 524 3374 2117 3450; baseline -0.004 -13"><span class='ocrx_word' id='word_1_240' title='bbox 524 3374 688 3448; x_wconf 80' lang='lat' dir='ltr'>nobis</span> <span class='ocrx_word' id='word_1_241' title='bbox 712 3380 1038 3450; x_wconf 87' lang='lat' dir='ltr'>imputatur,</span> <span class='ocrx_word' id='word_1_242' title='bbox 1071 3378 1220 3450; x_wconf 88' lang='lat' dir='ltr'>quod</span> <span class='ocrx_word' id='word_1_243' title='bbox 1249 3378 1474 3433; x_wconf 89' lang='lat' dir='ltr'>nuntios</span> <span class='ocrx_word' id='word_1_244' title='bbox 1502 3392 1615 3433; x_wconf 91' lang='lat' dir='ltr'>non</span> <span class='ocrx_word' id='word_1_245' title='bbox 1652 3377 1945 3432; x_wconf 87' lang='lat' dir='ltr'>mittimus.</span> <span class='ocrx_word' id='word_1_246' title='bbox 1995 3375 2117 3431; x_wconf 86' lang='lat' dir='ltr'>Sci-</span> 
     </span>
    </p>
   </div>
   <div class='ocr_carea' id='block_1_35' title="bbox 526 3468 2117 3538">
    <p class='ocr_par' dir='ltr' id='par_1_35' title="bbox 526 3468 2117 3538">
     <span class='ocr_line' id='line_1_35' title="bbox 526 3468 2117 3538; baseline -0.002 -12"><span class='ocrx_word' id='word_1_247' title='bbox 526 3485 653 3526; x_wconf 87' lang='lat' dir='ltr'>mus</span> <span class='ocrx_word' id='word_1_248' title='bbox 685 3478 741 3526; x_wconf 92' lang='lat' dir='ltr'>et</span> <span class='ocrx_word' id='word_1_249' title='bbox 774 3486 842 3525; x_wconf 81' lang='lat' dir='ltr'>ex</span> <span class='ocrx_word' id='word_1_250' title='bbox 872 3469 1316 3526; x_wconf 87' lang='lat' dir='ltr'>consideratione</span> <span class='ocrx_word' id='word_1_251' title='bbox 1342 3476 1540 3525; x_wconf 70' lang='lat' dir='ltr'>vestra:</span> <span class='ocrx_word' id='word_1_252' title='bbox 1578 3468 1799 3538; x_wconf 87' lang='lat' dir='ltr'>pietatis</span> <span class='ocrx_word' id='word_1_253' title='bbox 1827 3482 2117 3537; x_wconf 88' lang='lat' dir='ltr'>speramus</span> 
     </span>
    </p>
   </div>
   <div class='ocr_carea' id='block_1_36' title="bbox 525 3558 2118 3634">
    <p class='ocr_par' dir='ltr' id='par_1_36' title="bbox 525 3558 2118 3634">
     <span class='ocr_line' id='line_1_36' title="bbox 525 3558 2118 3634; baseline -0.002 -18"><span class='ocrx_word' id='word_1_254' title='bbox 525 3561 657 3634; x_wconf 83' lang='lat' dir='ltr'>quia</span> <span class='ocrx_word' id='word_1_255' title='bbox 687 3561 806 3625; x_wconf 81' lang='lat' dir='ltr'>haec</span> <span class='ocrx_word' id='word_1_256' title='bbox 840 3561 1028 3616; x_wconf 87' lang='lat' dir='ltr'>omnia</span> <span class='ocrx_word' id='word_1_257' title='bbox 1075 3560 1220 3616; x_wconf 90' lang='lat' dir='ltr'>bona</span> <span class='ocrx_word' id='word_1_258' title='bbox 1267 3560 1572 3616; x_wconf 87' lang='lat' dir='ltr'>intentione</span> <span class='ocrx_word' id='word_1_259' title='bbox 1611 3567 1668 3615; x_wconf 90' lang='lat' dir='ltr'>et</span> <span class='ocrx_word' id='word_1_260' title='bbox 1696 3558 1884 3615; x_wconf 88' lang='lat' dir='ltr'>subtili</span> <span class='ocrx_word' id='word_1_261' title='bbox 1932 3558 2118 3630; x_wconf 89' lang='lat' dir='ltr'>aliqua</span> 
     </span>
    </p>
   </div>
   <div class='ocr_carea' id='block_1_37' title="bbox 526 3651 2116 3726">
    <p class='ocr_par' dir='ltr' id='par_1_37' title="bbox 526 3651 2116 3726">
     <span class='ocr_line' id='line_1_37' title="bbox 526 3651 2116 3726; baseline -0.003 -15"><span class='ocrx_word' id='word_1_262' title='bbox 526 3656 919 3712; x_wconf 87' lang='lat' dir='ltr'>deliberatione</span> <span class='ocrx_word' id='word_1_263' title='bbox 953 3654 1139 3726; x_wconf 80' lang='lat' dir='ltr'>agitis,</span> <span class='ocrx_word' id='word_1_264' title='bbox 1182 3653 1278 3709; x_wconf 90' lang='lat' dir='ltr'>sed</span> <span class='ocrx_word' id='word_1_265' title='bbox 1321 3669 1424 3709; x_wconf 91' lang='lat' dir='ltr'>nos</span> <span class='ocrx_word' id='word_1_266' title='bbox 1458 3652 1713 3710; x_wconf 88' lang='lat' dir='ltr'>homines</span> <span class='ocrx_word' id='word_1_267' title='bbox 1748 3651 1986 3722; x_wconf 81' lang='lat' dir='ltr'>imperiti</span> <span class='ocrx_word' id='word_1_268' title='bbox 2018 3666 2116 3707; x_wconf 89' lang='lat' dir='ltr'>oc-</span> 
     </span>
    </p>
   </div>
   <div class='ocr_carea' id='block_1_38' title="bbox 528 3742 2119 3817">
    <p class='ocr_par' dir='ltr' id='par_1_38' title="bbox 528 3742 2119 3817">
     <span class='ocr_line' id='line_1_38' title="bbox 528 3742 2119 3817; baseline -0.003 -14"><span class='ocrx_word' id='word_1_269' title='bbox 528 3748 734 3817; x_wconf 85' lang='lat' dir='ltr'>cultam</span> <span class='ocrx_word' id='word_1_270' title='bbox 786 3747 939 3802; x_wconf 87' lang='lat' dir='ltr'>illam</span> <span class='ocrx_word' id='word_1_271' title='bbox 991 3745 1462 3817; x_wconf 85' lang='lat' dir='ltr'>dispensationem</span> <span class='ocrx_word' id='word_1_272' title='bbox 1501 3752 1787 3815; x_wconf 89' lang='lat' dir='ltr'>penetrare</span> <span class='ocrx_word' id='word_1_273' title='bbox 1823 3758 1932 3799; x_wconf 89' lang='lat' dir='ltr'>non</span> <span class='ocrx_word' id='word_1_274' title='bbox 1969 3742 2119 3799; x_wconf 82' lang='lat' dir='ltr'>sufﬁ-</span> 
     </span>
    </p>
   </div>
   <div class='ocr_carea' id='block_1_39' title="bbox 529 3834 2119 3911">
    <p class='ocr_par' dir='ltr' id='par_1_39' title="bbox 529 3834 2119 3911">
     <span class='ocr_line' id='line_1_39' title="bbox 529 3834 2119 3911; baseline -0.004 -16"><span class='ocrx_word' id='word_1_275' title='bbox 529 3839 757 3908; x_wconf 86' lang='lat' dir='ltr'>cientes,</span> <span class='ocrx_word' id='word_1_276' title='bbox 803 3838 952 3911; x_wconf 90' lang='lat' dir='ltr'>quod</span> <span class='ocrx_word' id='word_1_277' title='bbox 1002 3835 1295 3893; x_wconf 88' lang='lat' dir='ltr'>manifeste</span> <span class='ocrx_word' id='word_1_278' title='bbox 1330 3836 1648 3892; x_wconf 87' lang='lat' dir='ltr'>audivimus</span> <span class='ocrx_word' id='word_1_279' title='bbox 1680 3844 1735 3891; x_wconf 91' lang='lat' dir='ltr'>et</span> <span class='ocrx_word' id='word_1_280' title='bbox 1765 3834 2005 3901; x_wconf 87' lang='lat' dir='ltr'>vidimus</span> <span class='ocrx_word' id='word_1_281' title='bbox 2049 3834 2119 3899; x_wconf 86' lang='lat' dir='ltr'>de</span> 
     </span>
    </p>
   </div>
   <div class='ocr_carea' id='block_1_40' title="bbox 530 3925 2119 4001">
    <p class='ocr_par' dir='ltr' id='par_1_40' title="bbox 530 3925 2119 4001">
     <span class='ocr_line' id='line_1_40' title="bbox 530 3925 2119 4001; baseline -0.003 -15"><span class='ocrx_word' id='word_1_282' title='bbox 530 3930 624 3987; x_wconf 88' lang='lat' dir='ltr'>illa</span> <span class='ocrx_word' id='word_1_283' title='bbox 648 3930 941 4001; x_wconf 90' lang='lat' dir='ltr'>utriusque</span> <span class='ocrx_word' id='word_1_284' title='bbox 974 3927 1148 4000; x_wconf 88' lang='lat' dir='ltr'>partis</span> <span class='ocrx_word' id='word_1_285' title='bbox 1172 3925 1595 3994; x_wconf 89' lang='lat' dir='ltr'>confortatione,</span> <span class='ocrx_word' id='word_1_286' title='bbox 1638 3935 1692 3981; x_wconf 91' lang='lat' dir='ltr'>et</span> <span class='ocrx_word' id='word_1_287' title='bbox 1727 3942 1917 3982; x_wconf 91' lang='lat' dir='ltr'>rerum</span> <span class='ocrx_word' id='word_1_288' title='bbox 1940 3934 2119 3982; x_wconf 88' lang='lat' dir='ltr'>certa-</span> 
     </span>
    </p>
   </div>
   <div class='ocr_carea' id='block_1_41' title="bbox 530 4008 2119 4090">
    <p class='ocr_par' dir='ltr' id='par_1_41' title="bbox 530 4008 2119 4090">
     <span class='ocr_line' id='line_1_41' title="bbox 530 4008 2119 4090; baseline -0.002 -12"><span class='ocrx_word' id='word_1_289' title='bbox 530 4008 657 4078; x_wconf 84' lang='lat' dir='ltr'>rum</span> <span class='ocrx_word' id='word_1_290' title='bbox 691 4022 901 4076; x_wconf 88' lang='lat' dir='ltr'>incerta</span> <span class='ocrx_word' id='word_1_291' title='bbox 950 4020 1209 4075; x_wconf 85' lang='lat' dir='ltr'>dilatione</span> <span class='ocrx_word' id='word_1_292' title='bbox 1240 4027 1425 4075; x_wconf 91' lang='lat' dir='ltr'>ortum</span> <span class='ocrx_word' id='word_1_293' title='bbox 1451 4034 1574 4075; x_wconf 88' lang='lat' dir='ltr'>esse</span> <span class='ocrx_word' id='word_1_294' title='bbox 1603 4027 1659 4075; x_wconf 92' lang='lat' dir='ltr'>et</span> <span class='ocrx_word' id='word_1_295' title='bbox 1697 4019 1943 4090; x_wconf 79' lang='lat' dir='ltr'>quotidie</span> <span class='ocrx_word' id='word_1_296' title='bbox 1983 4019 2119 4075; x_wconf 89' lang='lat' dir='ltr'>oriri</span> 
     </span>
    </p>
   </div>
   <div class='ocr_carea' id='block_1_42' title="bbox 530 4100 2120 4184">
    <p class='ocr_par' dir='ltr' id='par_1_42' title="bbox 530 4100 2120 4184">
     <span class='ocr_line' id='line_1_42' title="bbox 530 4100 2120 4184; baseline 0 -16"><span class='ocrx_word' id='word_1_297' title='bbox 530 4100 687 4171; x_wconf 74' lang='lat' dir='ltr'>vobis</span> <span class='ocrx_word' id='word_1_298' title='bbox 706 4113 1053 4184; x_wconf 80' lang='lat' dir='ltr'>exponimus,</span> <span class='ocrx_word' id='word_1_299' title='bbox 1081 4111 1187 4167; x_wconf 89' lang='lat' dir='ltr'>hoc</span> <span class='ocrx_word' id='word_1_300' title='bbox 1212 4120 1296 4166; x_wconf 85' lang='lat' dir='ltr'>est</span> <span class='ocrx_word' id='word_1_301' title='bbox 1327 4110 1468 4167; x_wconf 90' lang='lat' dir='ltr'>bella</span> <span class='ocrx_word' id='word_1_302' title='bbox 1504 4111 1784 4179; x_wconf 89' lang='lat' dir='ltr'>intestina,</span> <span class='ocrx_word' id='word_1_303' title='bbox 1824 4111 2120 4168; x_wconf 84' lang='lat' dir='ltr'>homicidia</span> 
     </span>
    </p>
   </div>
   <div class='ocr_carea' id='block_1_43' title="bbox 531 4202 2122 4271">
    <p class='ocr_par' dir='ltr' id='par_1_43' title="bbox 531 4202 2122 4271">
     <span class='ocr_line' id='line_1_43' title="bbox 531 4202 2122 4271; baseline -0.001 -11"><span class='ocrx_word' id='word_1_304' title='bbox 531 4203 971 4271; x_wconf 88' lang='lat' dir='ltr'>innumerabilia,</span> <span class='ocrx_word' id='word_1_305' title='bbox 997 4205 1333 4261; x_wconf 88' lang='lat' dir='ltr'>vastationes</span> <span class='ocrx_word' id='word_1_306' title='bbox 1361 4212 1417 4259; x_wconf 91' lang='lat' dir='ltr'>et</span> <span class='ocrx_word' id='word_1_307' title='bbox 1454 4202 1707 4259; x_wconf 87' lang='lat' dir='ltr'>incendia</span> <span class='ocrx_word' id='word_1_308' title='bbox 1733 4205 2025 4259; x_wconf 91' lang='lat' dir='ltr'>domorum</span> <span class='ocrx_word' id='word_1_309' title='bbox 2066 4212 2122 4259; x_wconf 92' lang='lat' dir='ltr'>et</span> 
     </span>
    </p>
   </div>
   <div class='ocr_carea' id='block_1_44' title="bbox 531 4296 2120 4368">
    <p class='ocr_par' dir='ltr' id='par_1_44' title="bbox 531 4296 2120 4368">
     <span class='ocr_line' id='line_1_44' title="bbox 531 4296 2120 4368; baseline -0.001 -15"><span class='ocrx_word' id='word_1_310' title='bbox 531 4298 891 4355; x_wconf 88' lang='lat' dir='ltr'>ecclesiarum</span> <span class='ocrx_word' id='word_1_311' title='bbox 933 4298 1054 4354; x_wconf 92' lang='lat' dir='ltr'>sine</span> <span class='ocrx_word' id='word_1_312' title='bbox 1106 4296 1445 4365; x_wconf 73' lang='lat' dir='ltr'>differentia,</span> <span class='ocrx_word' id='word_1_313' title='bbox 1491 4297 1878 4368; x_wconf 90' lang='lat' dir='ltr'>oppressiones</span> <span class='ocrx_word' id='word_1_314' title='bbox 1918 4312 2120 4367; x_wconf 90' lang='lat' dir='ltr'>paupe-</span> 
     </span>
    </p>
   </div>
   <div class='ocr_carea' id='block_1_45' title="bbox 533 4389 2121 4463">
    <p class='ocr_par' dir='ltr' id='par_1_45' title="bbox 533 4389 2121 4463">
     <span class='ocr_line' id='line_1_45' title="bbox 533 4389 2121 4463; baseline -0.001 -18"><span class='ocrx_word' id='word_1_315' title='bbox 533 4406 655 4461; x_wconf 88' lang='lat' dir='ltr'>rum</span> <span class='ocrx_word' id='word_1_316' title='bbox 676 4433 693 4459; x_wconf 97' lang='lat'>,</span> <span class='ocrx_word' id='word_1_317' title='bbox 736 4390 1073 4463; x_wconf 90' lang='lat' dir='ltr'>direptiones</span> <span class='ocrx_word' id='word_1_318' title='bbox 1119 4405 1305 4449; x_wconf 84' lang='lat' dir='ltr'>rerum</span> <span class='ocrx_word' id='word_1_319' title='bbox 1358 4389 1881 4456; x_wconf 87' lang='lat' dir='ltr'>ecclesiasticarum,</span> <span class='ocrx_word' id='word_1_320' title='bbox 1932 4389 2121 4460; x_wconf 88' lang='lat' dir='ltr'>quales</span> 
     </span>
    </p>
   </div>
   <div class='ocr_carea' id='block_1_46' title="bbox 533 4480 2199 4558">
    <p class='ocr_par' dir='ltr' id='par_1_46' title="bbox 533 4480 2199 4558">
     <span class='ocr_line' id='line_1_46' title="bbox 533 4480 2199 4558; baseline -0.002 -21"><span class='ocrx_word' id='word_1_321' title='bbox 533 4497 818 4552; x_wconf 89' lang='lat' dir='ltr'>nunquam</span> <span class='ocrx_word' id='word_1_322' title='bbox 851 4482 1186 4548; x_wconf 83' lang='lat' dir='ltr'>audivimus,</span> <span class='ocrx_word' id='word_1_323' title='bbox 1226 4480 1410 4551; x_wconf 89' lang='lat' dir='ltr'>legum</span> <span class='ocrx_word' id='word_1_324' title='bbox 1446 4496 1669 4552; x_wconf 88' lang='lat' dir='ltr'>quoque</span> <span class='ocrx_word' id='word_1_325' title='bbox 1711 4481 2023 4536; x_wconf 90' lang='lat' dir='ltr'>divinarum</span> <span class='ocrx_word' id='word_1_326' title='bbox 2067 4488 2123 4536; x_wconf 90' lang='lat' dir='ltr'>et</span> <span class='ocrx_word' id='word_1_327' title='bbox 2154 4503 2199 4558; x_wconf 74' lang='grc' dir='ltr'>ι)</span> 
     </span>
    </p>
   </div>
   <div class='ocr_carea' id='block_1_47' title="bbox 534 4570 2120 4642">
    <p class='ocr_par' dir='ltr' id='par_1_47' title="bbox 534 4570 2120 4642">
     <span class='ocr_line' id='line_1_47' title="bbox 534 4570 2120 4642; baseline -0.001 -15"><span class='ocrx_word' id='word_1_328' title='bbox 534 4570 885 4627; x_wconf 68' lang='lat' dir='ltr'>suacularium</span> <span class='ocrx_word' id='word_1_329' title='bbox 920 4570 1165 4627; x_wconf 87' lang='lat' dir='ltr'>defectus</span> <span class='ocrx_word' id='word_1_330' title='bbox 1195 4572 1315 4626; x_wconf 91' lang='lat' dir='ltr'>sine</span> <span class='ocrx_word' id='word_1_331' title='bbox 1340 4586 1437 4642; x_wconf 83' lang='lat' dir='ltr'>spe</span> <span class='ocrx_word' id='word_1_332' title='bbox 1474 4571 1870 4641; x_wconf 86' lang='lat' dir='ltr'>reparationis;</span> <span class='ocrx_word' id='word_1_333' title='bbox 1906 4580 2120 4642; x_wconf 80' lang='lat' dir='ltr'>postre—</span> 
     </span>
    </p>
   </div>
   <div class='ocr_carea' id='block_1_48' title="bbox 535 4656 2121 4733">
    <p class='ocr_par' dir='ltr' id='par_1_48' title="bbox 535 4656 2121 4733">
     <span class='ocr_line' id='line_1_48' title="bbox 535 4656 2121 4733; baseline 0.001 -18"><span class='ocrx_word' id='word_1_334' title='bbox 535 4656 626 4716; x_wconf 71' lang='lat' dir='ltr'>tuo</span> <span class='ocrx_word' id='word_1_335' title='bbox 650 4660 706 4723; x_wconf 87' lang='lat' dir='ltr'>in</span> <span class='ocrx_word' id='word_1_336' title='bbox 729 4661 1081 4718; x_wconf 83' lang='lat' dir='ltr'>dimicatione</span> <span class='ocrx_word' id='word_1_337' title='bbox 1107 4661 1345 4717; x_wconf 90' lang='lat' dir='ltr'>duorum</span> <span class='ocrx_word' id='word_1_338' title='bbox 1381 4677 1593 4733; x_wconf 85' lang='lat' dir='ltr'>regum,</span> <span class='ocrx_word' id='word_1_339' title='bbox 1619 4677 1857 4732; x_wconf 86' lang='lat' dir='ltr'>quorum</span> <span class='ocrx_word' id='word_1_340' title='bbox 1893 4671 2121 4733; x_wconf 90' lang='lat' dir='ltr'>uterque</span> 
     </span>
    </p>
   </div>
   <div class='ocr_carea' id='block_1_49' title="bbox 536 4752 2121 4825">
    <p class='ocr_par' dir='ltr' id='par_1_49' title="bbox 536 4752 2121 4825">
     <span class='ocr_line' id='line_1_49' title="bbox 536 4752 2121 4825; baseline 0.002 -20"><span class='ocrx_word' id='word_1_341' title='bbox 536 4752 603 4806; x_wconf 88' lang='lat' dir='ltr'>ad</span> <span class='ocrx_word' id='word_1_342' title='bbox 632 4752 916 4808; x_wconf 89' lang='lat' dir='ltr'>obtentum</span> <span class='ocrx_word' id='word_1_343' title='bbox 942 4752 1099 4823; x_wconf 87' lang='lat' dir='ltr'>regni</span> <span class='ocrx_word' id='word_1_344' title='bbox 1135 4768 1287 4822; x_wconf 87' lang='lat' dir='ltr'>spem</span> <span class='ocrx_word' id='word_1_345' title='bbox 1317 4767 1348 4807; x_wconf 91' lang='lat' dir='ltr'>a</span> <span class='ocrx_word' id='word_1_346' title='bbox 1381 4753 1539 4808; x_wconf 81' lang='lat' dir='ltr'>vobis</span> <span class='ocrx_word' id='word_1_347' title='bbox 1564 4753 1783 4823; x_wconf 90' lang='lat' dir='ltr'>accipit,</span> <span class='ocrx_word' id='word_1_348' title='bbox 1821 4761 1973 4809; x_wconf 88' lang='lat' dir='ltr'>tanta</span> <span class='ocrx_word' id='word_1_349' title='bbox 1992 4769 2121 4825; x_wconf 64' lang='grc' dir='ltr'>ριόι</span> 
     </span>
    </p>
   </div>
   <div class='ocr_carea' id='block_1_50' title="bbox 537 4840 2119 4915">
    <p class='ocr_par' dir='ltr' id='par_1_50' title="bbox 537 4840 2119 4915">
     <span class='ocr_line' id='line_1_50' title="bbox 537 4840 2119 4915; baseline 0.001 -19"><span class='ocrx_word' id='word_1_350' title='bbox 537 4840 742 4913; x_wconf 85' lang='lat' dir='ltr'>tligatio</span> <span class='ocrx_word' id='word_1_351' title='bbox 774 4843 1060 4915; x_wconf 81' lang='lat' dir='ltr'>regalium,</span> <span class='ocrx_word' id='word_1_352' title='bbox 1090 4851 1150 4896; x_wconf 93' lang='lat' dir='ltr'>ut</span> <span class='ocrx_word' id='word_1_353' title='bbox 1182 4843 1413 4913; x_wconf 86' lang='lat' dir='ltr'>posthac</span> <span class='ocrx_word' id='word_1_354' title='bbox 1448 4859 1600 4915; x_wconf 82' lang='lat' dir='ltr'>reges</span> <span class='ocrx_word' id='word_1_355' title='bbox 1629 4852 1947 4899; x_wconf 84' lang='lat' dir='ltr'>nostrarum</span> <span class='ocrx_word' id='word_1_356' title='bbox 1989 4859 2119 4914; x_wconf 91' lang='lat' dir='ltr'>par-</span> 
     </span>
    </p>
   </div>
   <div class='ocr_carea' id='block_1_51' title="bbox 537 4934 2122 5006">
    <p class='ocr_par' dir='ltr' id='par_1_51' title="bbox 537 4934 2122 5006">
     <span class='ocr_line' id='line_1_51' title="bbox 537 4934 2122 5006; baseline 0 -17"><span class='ocrx_word' id='word_1_357' title='bbox 537 4934 677 4990; x_wconf 91' lang='lat' dir='ltr'>tium</span> <span class='ocrx_word' id='word_1_358' title='bbox 708 4936 915 5006; x_wconf 87' lang='lat' dir='ltr'>rapinis</span> <span class='ocrx_word' id='word_1_359' title='bbox 947 4937 1058 4992; x_wconf 88' lang='lat' dir='ltr'>sint</span> <span class='ocrx_word' id='word_1_360' title='bbox 1085 4935 1447 4992; x_wconf 86' lang='lat' dir='ltr'>sustentandi.</span> <span class='ocrx_word' id='word_1_361' title='bbox 1488 4934 1615 4991; x_wconf 76' lang='lat' dir='ltr'>llaec</span> <span class='ocrx_word' id='word_1_362' title='bbox 1652 4936 1997 5005; x_wconf 88' lang='lat' dir='ltr'>incommoda</span> <span class='ocrx_word' id='word_1_363' title='bbox 2026 4942 2122 4990; x_wconf 90' lang='lat' dir='ltr'>aut</span> 
     </span>
    </p>
   </div>
   <div class='ocr_carea' id='block_1_52' title="bbox 539 5014 2122 5095">
    <p class='ocr_par' dir='ltr' id='par_1_52' title="bbox 539 5014 2122 5095">
     <span class='ocr_line' id='line_1_52' title="bbox 539 5014 2122 5095; baseline 0.001 -18"><span class='ocrx_word' id='word_1_364' title='bbox 539 5023 689 5078; x_wconf 89' lang='lat' dir='ltr'>nulla</span> <span class='ocrx_word' id='word_1_365' title='bbox 733 5014 917 5080; x_wconf 82' lang='lat' dir='ltr'>essent</span> <span class='ocrx_word' id='word_1_366' title='bbox 960 5024 1097 5095; x_wconf 89' lang='lat' dir='ltr'>jam,</span> <span class='ocrx_word' id='word_1_367' title='bbox 1123 5032 1217 5079; x_wconf 91' lang='lat' dir='ltr'>aut</span> <span class='ocrx_word' id='word_1_368' title='bbox 1260 5025 1434 5083; x_wconf 89' lang='lat' dir='ltr'>multo</span> <span class='ocrx_word' id='word_1_369' title='bbox 1483 5025 1720 5091; x_wconf 87' lang='lat' dir='ltr'>minora,</span> <span class='ocrx_word' id='word_1_370' title='bbox 1754 5025 1802 5080; x_wconf 89' lang='lat' dir='ltr'>si</span> <span class='ocrx_word' id='word_1_371' title='bbox 1835 5040 2012 5095; x_wconf 90' lang='lat' dir='ltr'>neque</span> <span class='ocrx_word' id='word_1_372' title='bbox 2054 5024 2122 5079; x_wconf 88' lang='lat' dir='ltr'>ad</span> 
     </span>
    </p>
   </div>
   <div class='ocr_carea' id='block_1_53' title="bbox 538 5108 2121 5180">
    <p class='ocr_par' dir='ltr' id='par_1_53' title="bbox 538 5108 2121 5180">
     <span class='ocr_line' id='line_1_53' title="bbox 538 5108 2121 5180; baseline 0 -11"><span class='ocrx_word' id='word_1_373' title='bbox 538 5108 844 5180; x_wconf 80' lang='lat' dir='ltr'>dexteram,</span> <span class='ocrx_word' id='word_1_374' title='bbox 872 5129 973 5168; x_wconf 92' lang='lat' dir='ltr'>nec</span> <span class='ocrx_word' id='word_1_375' title='bbox 1000 5115 1069 5169; x_wconf 91' lang='lat' dir='ltr'>ad</span> <span class='ocrx_word' id='word_1_376' title='bbox 1098 5115 1380 5173; x_wconf 84' lang='lat' dir='ltr'>sinistram</span> <span class='ocrx_word' id='word_1_377' title='bbox 1421 5124 1605 5172; x_wconf 89' lang='lat' dir='ltr'>vestra</span> <span class='ocrx_word' id='word_1_378' title='bbox 1634 5115 1901 5173; x_wconf 87' lang='lat' dir='ltr'>sententia</span> <span class='ocrx_word' id='word_1_379' title='bbox 1938 5114 2121 5170; x_wconf 90' lang='lat' dir='ltr'>diver-</span> 
     </span>
    </p>
   </div>
   <div class='ocr_carea' id='block_1_54' title="bbox 540 5203 2123 5278">
    <p class='ocr_par' dir='ltr' id='par_1_54' title="bbox 540 5203 2123 5278">
     <span class='ocr_line' id='line_1_54' title="bbox 540 5203 2123 5278; baseline 0.002 -18"><span class='ocrx_word' id='word_1_380' title='bbox 540 5205 717 5267; x_wconf 88' lang='lat' dir='ltr'>tisset.</span> <span class='ocrx_word' id='word_1_381' title='bbox 762 5203 832 5257; x_wconf 89' lang='lat' dir='ltr'>Et</span> <span class='ocrx_word' id='word_1_382' title='bbox 862 5204 1177 5275; x_wconf 80' lang='lat' dir='ltr'>quibusdam</span> <span class='ocrx_word' id='word_1_383' title='bbox 1210 5208 1537 5278; x_wconf 80' lang='lat' dir='ltr'>interpositis</span> <span class='ocrx_word' id='word_1_384' title='bbox 1560 5224 1579 5262; x_wconf 86' lang='lat'><strong><em>:</em></strong></span> <span class='ocrx_word' id='word_1_385' title='bbox 1610 5205 1748 5263; x_wconf 84' lang='lat' dir='ltr'>Nam</span> <span class='ocrx_word' id='word_1_386' title='bbox 1769 5208 1815 5263; x_wconf 90' lang='lat' dir='ltr'>si</span> <span class='ocrx_word' id='word_1_387' title='bbox 1850 5208 1955 5264; x_wconf 64' lang='lat' dir='ltr'>hac</span> <span class='ocrx_word' id='word_1_388' title='bbox 1974 5207 2123 5278; x_wconf 90' lang='lat' dir='ltr'>quod</span> 
     </span>
    </p>
   </div>
   <div class='ocr_carea' id='block_1_55' title="bbox 543 5294 2121 5328">
    <p class='ocr_par' dir='ltr' id='par_1_55' title="bbox 543 5294 2121 5328">
     <span class='ocr_line' id='line_1_55' title="bbox 543 5294 2121 5328; baseline 0 0"><span class='ocrx_word' id='word_1_389' title='bbox 543 5296 598 5328; x_wconf 58' lang='grc' dir='ltr'>δη</span> <span class='ocrx_word' id='word_1_390' title='bbox 624 5295 835 5328; x_wconf 62' lang='lat' dir='ltr'>cunt-An</span> <span class='ocrx_word' id='word_1_391' title='bbox 863 5294 1103 5328; x_wconf 52' lang='lat' dir='ltr'>“Inmunis</span> <span class='ocrx_word' id='word_1_392' title='bbox 1128 5297 1406 5328; x_wconf 56' lang='grc' dir='ltr'>ληηηῖοιιινι</span> <span class='ocrx_word' id='word_1_393' title='bbox 1464 5307 1516 5328; x_wconf 67' lang='lat' dir='ltr'>nl</span> <span class='ocrx_word' id='word_1_394' title='bbox 1554 5308 1673 5328; x_wconf 70' lang='grc' dir='ltr'>ηΛηΙ</span> <span class='ocrx_word' id='word_1_395' title='bbox 1705 5315 1731 5328; x_wconf 74' lang='lat' dir='ltr'><strong>n</strong></span> <span class='ocrx_word' id='word_1_396' title='bbox 1759 5299 1936 5328; x_wconf 72' lang='lat' dir='ltr'>Innnln</span> <span class='ocrx_word' id='word_1_397' title='bbox 1977 5299 2121 5328; x_wconf 58' lang='grc' dir='ltr'>(τηλία</span> 
     </span>
    </p>
   </div>
   <div class='ocr_carea' id='block_1_56' title="bbox 1028 321 3214 409">
    <p class='ocr_par' dir='ltr' id='par_1_56' title="bbox 1028 321 3214 409">
     <span class='ocr_line' id='line_1_56' title="bbox 1028 321 3214 409; baseline -0.015 0"><span class='ocrx_word' id='word_1_398' title='bbox 1028 351 1091 409; x_wconf 84' lang='lat' dir='ltr'>S.‘</span> <span class='ocrx_word' id='word_1_399' title='bbox 1120 347 1325 408; x_wconf 79' lang='lat' dir='ltr'>GREG.</span> <span class='ocrx_word' id='word_1_400' title='bbox 1360 345 1453 400; x_wconf 70' lang='grc' dir='ltr'>Ἧι</span> <span class='ocrx_word' id='word_1_401' title='bbox 1477 343 1582 400; x_wconf 85' lang='lat' dir='ltr'>PP.</span> <span class='ocrx_word' id='word_1_402' title='bbox 1622 340 1773 400; x_wconf 84' lang='lat' dir='ltr'><strong>OPP.</strong></span> <span class='ocrx_word' id='word_1_403' title='bbox 1804 333 2082 393; x_wconf 71' lang='lat' dir='ltr'>PARS“.</span> <span class='ocrx_word' id='word_1_404' title='bbox 2113 360 2181 372; x_wconf 59' lang='grc' dir='ltr'><strong><em>-α</em></strong></span> <span class='ocrx_word' id='word_1_405' title='bbox 2205 328 2422 384; x_wconf 78' lang='lat' dir='ltr'>EPIST.</span> <span class='ocrx_word' id='word_1_406' title='bbox 2457 328 2713 385; x_wconf 14' lang='lat' dir='ltr'>EXTKA‘</span> <span class='ocrx_word' id='word_1_407' title='bbox 2740 321 3015 383; x_wconf 70' lang='lat' dir='ltr'>REGIST.</span> <span class='ocrx_word' id='word_1_408' title='bbox 3057 321 3214 379; x_wconf 80' lang='lat' dir='ltr'>VAG.</span> 
     </span>
    </p>
   </div>
   <div class='ocr_carea' id='block_1_57' title="bbox 3661 322 3763 379">
    <p class='ocr_par' dir='ltr' id='par_1_57' title="bbox 3661 322 3763 379">
     <span class='ocr_line' id='line_1_57' title="bbox 3661 322 3763 379; baseline 0 -3"><span class='ocrx_word' id='word_1_409' title='bbox 3661 322 3763 379; x_wconf 68' lang='grc'>’148</span> 
     </span>
    </p>
   </div>
   <div class='ocr_carea' id='block_1_58' title="bbox 2933 439 3074 510">
    <p class='ocr_par' dir='ltr' id='par_1_58' title="bbox 2933 439 3074 510">
     <span class='ocr_line' id='line_1_58' title="bbox 2933 439 3074 510; baseline 0.007 -16"><span class='ocrx_word' id='word_1_410' title='bbox 2933 439 3024 495; x_wconf 83' lang='lat' dir='ltr'>x1.</span> <span class='ocrx_word' id='word_1_411' title='bbox 3068 504 3074 510; x_wconf 47' lang='grc'>,</span> 
     </span>
    </p>
   </div>
   <div class='ocr_carea' id='block_1_59' title="bbox 2190 528 3773 606">
    <p class='ocr_par' dir='ltr' id='par_1_59' title="bbox 2190 528 3773 606">
     <span class='ocr_line' id='line_1_59' title="bbox 2190 528 3773 606; baseline -0.004 -17"><span class='ocrx_word' id='word_1_412' title='bbox 2190 533 2448 590; x_wconf 74' lang='lat' dir='ltr'>WiUelmi</span> <span class='ocrx_word' id='word_1_413' title='bbox 2472 536 2608 606; x_wconf 80' lang='lat' dir='ltr'>regis</span> <span class='ocrx_word' id='word_1_414' title='bbox 2641 533 2933 606; x_wconf 70' lang='lat' dir='ltr'>Anglorum</span> <span class='ocrx_word' id='word_1_415' title='bbox 2963 531 3033 606; x_wconf 76' lang='lat' dir='ltr'>ad</span> <span class='ocrx_word' id='word_1_416' title='bbox 3056 528 3367 606; x_wconf 62' lang='lat' dir='ltr'>Gregorium</span> <span class='ocrx_word' id='word_1_417' title='bbox 3409 528 3545 606; x_wconf 71' lang='lat'>1.</span> <span class='ocrx_word' id='word_1_418' title='bbox 3571 558 3632 568; x_wconf 89' lang='grc'><strong>-</strong></span> <span class='ocrx_word' id='word_1_419' title='bbox 3656 528 3773 606; x_wconf 57' lang='lat' dir='ltr'>Ad:-</span> 
     </span>
    </p>
   </div>
   <div class='ocr_carea' id='block_1_60' title="bbox 2258 600 3778 675">
    <p class='ocr_par' dir='ltr' id='par_1_60' title="bbox 2258 600 3778 675">
     <span class='ocr_line' id='line_1_60' title="bbox 2258 600 3778 675; baseline -0.007 -14"><span class='ocrx_word' id='word_1_420' title='bbox 2258 607 2488 675; x_wconf 77' lang='lat' dir='ltr'>monitus</span> <span class='ocrx_word' id='word_1_421' title='bbox 2519 600 2611 659; x_wconf 68' lang='lat' dir='ltr'>rex</span> <span class='ocrx_word' id='word_1_422' title='bbox 2641 622 2673 657; x_wconf 91' lang='lat' dir='ltr'>a</span> <span class='ocrx_word' id='word_1_423' title='bbox 2703 600 2903 675; x_wconf 76' lang='lat' dir='ltr'>tegato_,</span> <span class='ocrx_word' id='word_1_424' title='bbox 2944 603 3009 657; x_wconf 84' lang='lat' dir='ltr'>de</span> <span class='ocrx_word' id='word_1_425' title='bbox 3039 600 3299 675; x_wconf 68' lang='lat' dir='ltr'>ﬁdeiitate</span> <span class='ocrx_word' id='word_1_426' title='bbox 3323 600 3582 675; x_wconf 66' lang='lat' dir='ltr'>facienda</span> <span class='ocrx_word' id='word_1_427' title='bbox 3611 600 3778 675; x_wconf 75' lang='lat' dir='ltr'>ponti-</span> 
     </span>
    </p>
   </div>
   <div class='ocr_carea' id='block_1_61' title="bbox 2258 670 3775 746">
    <p class='ocr_par' dir='ltr' id='par_1_61' title="bbox 2258 670 3775 746">
     <span class='ocr_line' id='line_1_61' title="bbox 2258 670 3775 746; baseline -0.004 -18"><span class='ocrx_word' id='word_1_428' title='bbox 2258 670 2353 746; x_wconf 79' lang='lat' dir='ltr'>ﬁci</span> <span class='ocrx_word' id='word_1_429' title='bbox 2394 684 2445 730; x_wconf 84' lang='lat' dir='ltr'>et</span> <span class='ocrx_word' id='word_1_430' title='bbox 2489 675 2553 729; x_wconf 89' lang='lat' dir='ltr'>de</span> <span class='ocrx_word' id='word_1_431' title='bbox 2593 670 2815 746; x_wconf 75' lang='lat' dir='ltr'>pecunia</span> <span class='ocrx_word' id='word_1_432' title='bbox 2857 670 3078 746; x_wconf 70' lang='lat' dir='ltr'>Romam</span> <span class='ocrx_word' id='word_1_433' title='bbox 3109 670 3398 746; x_wconf 83' lang='lat' dir='ltr'>mittenda,</span> <span class='ocrx_word' id='word_1_434' title='bbox 3440 671 3506 725; x_wconf 84' lang='lat' dir='ltr'>de</span> <span class='ocrx_word' id='word_1_435' title='bbox 3553 671 3775 746; x_wconf 68' lang='lat' dir='ltr'>pecunia</span> 
     </span>
    </p>
   </div>
   <div class='ocr_carea' id='block_1_62' title="bbox 2260 740 3699 815">
    <p class='ocr_par' dir='ltr' id='par_1_62' title="bbox 2260 740 3699 815">
     <span class='ocr_line' id='line_1_62' title="bbox 2260 740 3699 815; baseline -0.005 -14"><span class='ocrx_word' id='word_1_436' title='bbox 2260 740 2468 812; x_wconf 79' lang='lat' dir='ltr'>annuit,</span> <span class='ocrx_word' id='word_1_437' title='bbox 2493 746 2558 799; x_wconf 85' lang='lat' dir='ltr'>de</span> <span class='ocrx_word' id='word_1_438' title='bbox 2582 740 2861 815; x_wconf 69' lang='lat' dir='ltr'>ﬁdelitate,</span> <span class='ocrx_word' id='word_1_439' title='bbox 2889 743 3014 814; x_wconf 85' lang='lat' dir='ltr'>quia</span> <span class='ocrx_word' id='word_1_440' title='bbox 3038 742 3386 808; x_wconf 83' lang='lat' dir='ltr'>inusitatum,</span> <span class='ocrx_word' id='word_1_441' title='bbox 3419 740 3699 795; x_wconf 75' lang='lat' dir='ltr'>recusavit.</span> 
     </span>
    </p>
   </div>
   <div class='ocr_carea' id='block_1_63' title="bbox 2408 829 3387 908">
    <p class='ocr_par' dir='ltr' id='par_1_63' title="bbox 2408 829 3387 908">
     <span class='ocr_line' id='line_1_63' title="bbox 2408 829 3387 908; baseline -0.001 -21"><span class='ocrx_word' id='word_1_442' title='bbox 2408 896 2421 903; x_wconf 32' lang='grc' dir='ltr'><em>η</em></span> <span class='ocrx_word' id='word_1_443' title='bbox 2561 834 2890 908; x_wconf 64' lang='lat' dir='ltr'>[Lssrnmm</span> <span class='ocrx_word' id='word_1_444' title='bbox 2914 830 3049 903; x_wconf 77' lang='lat' dir='ltr'>Opp.</span> <span class='ocrx_word' id='word_1_445' title='bbox 3075 847 3199 902; x_wconf 90' lang='lat' dir='ltr'>pag.</span> <span class='ocrx_word' id='word_1_446' title='bbox 3232 829 3387 906; x_wconf 67' lang='lat'>504.}</span> 
     </span>
    </p>
   </div>
   <div class='ocr_carea' id='block_1_64' title="bbox 2260 923 3776 996">
    <p class='ocr_par' dir='ltr' id='par_1_64' title="bbox 2260 923 3776 996">
     <span class='ocr_line' id='line_1_64' title="bbox 2260 923 3776 996; baseline -0.002 -14"><span class='ocrx_word' id='word_1_447' title='bbox 2260 926 2736 984; x_wconf 81' lang='lat' dir='ltr'>Excellentissimo</span> <span class='ocrx_word' id='word_1_448' title='bbox 2770 933 2974 982; x_wconf 72' lang='lat' dir='ltr'>sancta:</span> <span class='ocrx_word' id='word_1_449' title='bbox 3014 923 3270 980; x_wconf 68' lang='lat' dir='ltr'>Ecclesia:</span> <span class='ocrx_word' id='word_1_450' title='bbox 3307 923 3517 996; x_wconf 86' lang='lat' dir='ltr'>pastori</span> <span class='ocrx_word' id='word_1_451' title='bbox 3567 923 3776 980; x_wconf 69' lang='lat' dir='ltr'>Gnaeo-</span> 
     </span>
    </p>
   </div>
   <div class='ocr_carea' id='block_1_65' title="bbox 2191 1016 3774 1091">
    <p class='ocr_par' dir='ltr' id='par_1_65' title="bbox 2191 1016 3774 1091">
     <span class='ocr_line' id='line_1_65' title="bbox 2191 1016 3774 1091; baseline -0.002 -16"><span class='ocrx_word' id='word_1_452' title='bbox 2191 1035 2283 1075; x_wconf 80' lang='lat' dir='ltr'>aro</span> <span class='ocrx_word' id='word_1_453' title='bbox 2343 1020 2618 1091; x_wconf 90' lang='lat' dir='ltr'>gloriosus</span> <span class='ocrx_word' id='word_1_454' title='bbox 2672 1018 2848 1089; x_wconf 90' lang='lat' dir='ltr'>gratia</span> <span class='ocrx_word' id='word_1_455' title='bbox 2902 1016 2998 1072; x_wconf 88' lang='lat' dir='ltr'>Dei</span> <span class='ocrx_word' id='word_1_456' title='bbox 3062 1016 3365 1088; x_wconf 81' lang='lat' dir='ltr'>Anglorum</span> <span class='ocrx_word' id='word_1_457' title='bbox 3411 1032 3507 1071; x_wconf 82' lang='lat' dir='ltr'>rex</span> <span class='ocrx_word' id='word_1_458' title='bbox 3559 1025 3617 1071; x_wconf 89' lang='lat' dir='ltr'>et</span> <span class='ocrx_word' id='word_1_459' title='bbox 3665 1017 3774 1072; x_wconf 76' lang='lat' dir='ltr'>dux</span> 
     </span>
    </p>
   </div>
   <div class='ocr_carea' id='block_1_66' title="bbox 2192 1108 3772 1167">
    <p class='ocr_par' dir='ltr' id='par_1_66' title="bbox 2192 1108 3772 1167">
     <span class='ocr_line' id='line_1_66' title="bbox 2192 1108 3772 1167; baseline -0.002 0"><span class='ocrx_word' id='word_1_460' title='bbox 2192 1111 2700 1167; x_wconf 82' lang='lat' dir='ltr'>Northmannorum</span> <span class='ocrx_word' id='word_1_461' title='bbox 2743 1108 3077 1165; x_wconf 76' lang='lat' dir='ltr'>thtetuns</span> <span class='ocrx_word' id='word_1_462' title='bbox 3106 1109 3337 1165; x_wconf 86' lang='lat' dir='ltr'>salutem</span> <span class='ocrx_word' id='word_1_463' title='bbox 3358 1124 3488 1164; x_wconf 70' lang='lat' dir='ltr'>cum</span> <span class='ocrx_word' id='word_1_464' title='bbox 3514 1109 3772 1164; x_wconf 73' lang='lat' dir='ltr'>amicitia.</span> 
     </span>
    </p>
   </div>
   <div class='ocr_carea' id='block_1_67' title="bbox 2264 1200 3778 1275">
    <p class='ocr_par' dir='ltr' id='par_1_67' title="bbox 2264 1200 3778 1275">
     <span class='ocr_line' id='line_1_67' title="bbox 2264 1200 3778 1275; baseline -0.001 -16"><span class='ocrx_word' id='word_1_465' title='bbox 2264 1202 2542 1261; x_wconf 83' lang='lat' dir='ltr'>Hubertus</span> <span class='ocrx_word' id='word_1_466' title='bbox 2591 1203 2805 1275; x_wconf 89' lang='lat' dir='ltr'>legatus</span> <span class='ocrx_word' id='word_1_467' title='bbox 2859 1211 3010 1269; x_wconf 90' lang='lat' dir='ltr'>tuus,</span> <span class='ocrx_word' id='word_1_468' title='bbox 3046 1201 3298 1274; x_wconf 86' lang='lat' dir='ltr'>religiose</span> <span class='ocrx_word' id='word_1_469' title='bbox 3349 1200 3531 1268; x_wconf 86' lang='lat' dir='ltr'>Pater,</span> <span class='ocrx_word' id='word_1_470' title='bbox 3580 1203 3650 1257; x_wconf 81' lang='lat' dir='ltr'>ad</span> <span class='ocrx_word' id='word_1_471' title='bbox 3690 1218 3778 1258; x_wconf 83' lang='lat' dir='ltr'>Ine</span> 
     </span>
    </p>
   </div>
   <div class='ocr_carea' id='block_1_68' title="bbox 2195 1293 3779 1366">
    <p class='ocr_par' dir='ltr' id='par_1_68' title="bbox 2195 1293 3779 1366">
     <span class='ocr_line' id='line_1_68' title="bbox 2195 1293 3779 1366; baseline -0.001 -15"><span class='ocrx_word' id='word_1_472' title='bbox 2195 1296 2424 1352; x_wconf 88' lang='lat' dir='ltr'>veniens</span> <span class='ocrx_word' id='word_1_473' title='bbox 2454 1311 2525 1351; x_wconf 78' lang='lat' dir='ltr'>ex</span> <span class='ocrx_word' id='word_1_474' title='bbox 2548 1303 2644 1351; x_wconf 86' lang='lat' dir='ltr'>tua</span> <span class='ocrx_word' id='word_1_475' title='bbox 2678 1303 2854 1366; x_wconf 87' lang='lat' dir='ltr'>parte,</span> <span class='ocrx_word' id='word_1_476' title='bbox 2881 1310 2971 1350; x_wconf 91' lang='lat' dir='ltr'>me</span> <span class='ocrx_word' id='word_1_477' title='bbox 2995 1294 3281 1350; x_wconf 89' lang='lat' dir='ltr'>admonuit</span> <span class='ocrx_word' id='word_1_478' title='bbox 3303 1302 3580 1364; x_wconf 87' lang='lat' dir='ltr'>quatenus</span> <span class='ocrx_word' id='word_1_479' title='bbox 3608 1293 3709 1349; x_wconf 86' lang='lat' dir='ltr'>tibi</span> <span class='ocrx_word' id='word_1_480' title='bbox 3726 1303 3779 1350; x_wconf 77' lang='lat' dir='ltr'>et</span> 
     </span>
    </p>
   </div>
   <div class='ocr_carea' id='block_1_69' title="bbox 2195 1385 3779 1457">
    <p class='ocr_par' dir='ltr' id='par_1_69' title="bbox 2195 1385 3779 1457">
     <span class='ocr_line' id='line_1_69' title="bbox 2195 1385 3779 1457; baseline -0.003 -11"><span class='ocrx_word' id='word_1_481' title='bbox 2195 1389 2610 1446; x_wconf 71' lang='lat' dir='ltr'>successoribus</span> <span class='ocrx_word' id='word_1_482' title='bbox 2634 1388 2745 1443; x_wconf 86' lang='lat' dir='ltr'>tuis</span> <span class='ocrx_word' id='word_1_483' title='bbox 2766 1387 3081 1443; x_wconf 79' lang='lat' dir='ltr'>ﬁdelitatem</span> <span class='ocrx_word' id='word_1_484' title='bbox 3109 1385 3342 1442; x_wconf 88' lang='lat' dir='ltr'>facerem</span> <span class='ocrx_word' id='word_1_485' title='bbox 3360 1394 3417 1442; x_wconf 90' lang='lat' dir='ltr'>et</span> <span class='ocrx_word' id='word_1_486' title='bbox 3429 1387 3498 1442; x_wconf 91' lang='lat' dir='ltr'>de</span> <span class='ocrx_word' id='word_1_487' title='bbox 3526 1387 3779 1457; x_wconf 82' lang='lat' dir='ltr'>pecunia,</span> 
     </span>
    </p>
   </div>
   <div class='ocr_carea' id='block_1_70' title="bbox 2196 1474 3780 1550">
    <p class='ocr_par' dir='ltr' id='par_1_70' title="bbox 2196 1474 3780 1550">
     <span class='ocr_line' id='line_1_70' title="bbox 2196 1474 3780 1550; baseline -0.001 -17"><span class='ocrx_word' id='word_1_488' title='bbox 2196 1494 2363 1550; x_wconf 89' lang='lat' dir='ltr'>quam</span> <span class='ocrx_word' id='word_1_489' title='bbox 2412 1486 2794 1535; x_wconf 85' lang='lat' dir='ltr'>antecessores</span> <span class='ocrx_word' id='word_1_490' title='bbox 2852 1477 2958 1532; x_wconf 89' lang='lat' dir='ltr'>mei</span> <span class='ocrx_word' id='word_1_491' title='bbox 3002 1477 3073 1532; x_wconf 87' lang='lat' dir='ltr'>ad</span> <span class='ocrx_word' id='word_1_492' title='bbox 3119 1476 3425 1532; x_wconf 81' lang='lat' dir='ltr'>Romanam</span> <span class='ocrx_word' id='word_1_493' title='bbox 3479 1474 3780 1532; x_wconf 83' lang='lat' dir='ltr'>Ecclesiam</span> 
     </span>
    </p>
   </div>
   <div class='ocr_carea' id='block_1_71' title="bbox 2196 1568 3782 1641">
    <p class='ocr_par' dir='ltr' id='par_1_71' title="bbox 2196 1568 3782 1641">
     <span class='ocr_line' id='line_1_71' title="bbox 2196 1568 3782 1641; baseline -0.002 -15"><span class='ocrx_word' id='word_1_494' title='bbox 2196 1571 2413 1627; x_wconf 82' lang='lat' dir='ltr'>mittere</span> <span class='ocrx_word' id='word_1_495' title='bbox 2445 1570 2717 1638; x_wconf 87' lang='lat' dir='ltr'>solebant,</span> <span class='ocrx_word' id='word_1_496' title='bbox 2746 1569 2942 1625; x_wconf 90' lang='lat' dir='ltr'>melius</span> <span class='ocrx_word' id='word_1_497' title='bbox 2966 1568 3265 1641; x_wconf 86' lang='lat' dir='ltr'>cogitarem</span> <span class='ocrx_word' id='word_1_498' title='bbox 3302 1587 3319 1623; x_wconf 87' lang='lat'><strong>:</strong></span> <span class='ocrx_word' id='word_1_499' title='bbox 3356 1584 3531 1623; x_wconf 91' lang='lat' dir='ltr'>unum</span> <span class='ocrx_word' id='word_1_500' title='bbox 3562 1568 3782 1636; x_wconf 81' lang='lat' dir='ltr'>admisi,</span> 
     </span>
    </p>
   </div>
   <div class='ocr_carea' id='block_1_72' title="bbox 2198 1658 3785 1727">
    <p class='ocr_par' dir='ltr' id='par_1_72' title="bbox 2198 1658 3785 1727">
     <span class='ocr_line' id='line_1_72' title="bbox 2198 1658 3785 1727; baseline -0.002 -10"><span class='ocrx_word' id='word_1_501' title='bbox 2198 1663 2433 1718; x_wconf 87' lang='lat' dir='ltr'>alterum</span> <span class='ocrx_word' id='word_1_502' title='bbox 2466 1676 2578 1717; x_wconf 93' lang='lat' dir='ltr'>non</span> <span class='ocrx_word' id='word_1_503' title='bbox 2608 1660 2826 1717; x_wconf 87' lang='lat' dir='ltr'>admisi.</span> <span class='ocrx_word' id='word_1_504' title='bbox 2870 1660 3214 1716; x_wconf 87' lang='lat' dir='ltr'>Fidelitatem</span> <span class='ocrx_word' id='word_1_505' title='bbox 3259 1658 3439 1716; x_wconf 90' lang='lat' dir='ltr'>facere</span> <span class='ocrx_word' id='word_1_506' title='bbox 3466 1660 3648 1727; x_wconf 83' lang='lat' dir='ltr'>nolui,</span> <span class='ocrx_word' id='word_1_507' title='bbox 3688 1675 3785 1714; x_wconf 88' lang='lat' dir='ltr'>nec</span> 
     </span>
    </p>
   </div>
   <div class='ocr_carea' id='block_1_73' title="bbox 2198 1752 3784 1825">
    <p class='ocr_par' dir='ltr' id='par_1_73' title="bbox 2198 1752 3784 1825">
     <span class='ocr_line' id='line_1_73' title="bbox 2198 1752 3784 1825; baseline -0.002 -17"><span class='ocrx_word' id='word_1_508' title='bbox 2198 1753 2346 1821; x_wconf 89' lang='lat' dir='ltr'>volo,</span> <span class='ocrx_word' id='word_1_509' title='bbox 2362 1752 2508 1823; x_wconf 74' lang='lat' dir='ltr'>quia</span> <span class='ocrx_word' id='word_1_510' title='bbox 2541 1768 2644 1809; x_wconf 91' lang='lat' dir='ltr'>nec</span> <span class='ocrx_word' id='word_1_511' title='bbox 2658 1768 2770 1825; x_wconf 84' lang='lat' dir='ltr'>ego</span> <span class='ocrx_word' id='word_1_512' title='bbox 2812 1752 3059 1823; x_wconf 88' lang='lat' dir='ltr'>promisi,</span> <span class='ocrx_word' id='word_1_513' title='bbox 3093 1767 3195 1808; x_wconf 89' lang='lat' dir='ltr'>nec</span> <span class='ocrx_word' id='word_1_514' title='bbox 3232 1761 3613 1807; x_wconf 82' lang='lat' dir='ltr'>antecessores</span> <span class='ocrx_word' id='word_1_515' title='bbox 3636 1765 3784 1805; x_wconf 86' lang='lat' dir='ltr'>meos</span> 
     </span>
    </p>
   </div>
   <div class='ocr_carea' id='block_1_74' title="bbox 2200 1841 3785 1913">
    <p class='ocr_par' dir='ltr' id='par_1_74' title="bbox 2200 1841 3785 1913">
     <span class='ocr_line' id='line_1_74' title="bbox 2200 1841 3785 1913; baseline -0.003 -14"><span class='ocrx_word' id='word_1_516' title='bbox 2200 1845 2642 1900; x_wconf 84' lang='lat' dir='ltr'>antecessoribus</span> <span class='ocrx_word' id='word_1_517' title='bbox 2685 1844 2804 1898; x_wconf 74' lang='lat' dir='ltr'>tuis</span> <span class='ocrx_word' id='word_1_518' title='bbox 2849 1843 2903 1898; x_wconf 93' lang='lat' dir='ltr'>id</span> <span class='ocrx_word' id='word_1_519' title='bbox 2955 1841 3152 1898; x_wconf 88' lang='lat' dir='ltr'>fecisse</span> <span class='ocrx_word' id='word_1_520' title='bbox 3207 1842 3508 1913; x_wconf 89' lang='lat' dir='ltr'>comperio.</span> <span class='ocrx_word' id='word_1_521' title='bbox 3547 1841 3785 1897; x_wconf 86' lang='lat' dir='ltr'>Pecunia</span> 
     </span>
    </p>
   </div>
   <div class='ocr_carea' id='block_1_75' title="bbox 2201 1930 3789 2002">
    <p class='ocr_par' dir='ltr' id='par_1_75' title="bbox 2201 1930 3789 2002">
     <span class='ocr_line' id='line_1_75' title="bbox 2201 1930 3789 2002; baseline -0.003 -14"><span class='ocrx_word' id='word_1_522' title='bbox 2201 1934 2381 1989; x_wconf 89' lang='lat' dir='ltr'>tribus</span> <span class='ocrx_word' id='word_1_523' title='bbox 2430 1933 2545 1988; x_wconf 90' lang='lat' dir='ltr'>fere</span> <span class='ocrx_word' id='word_1_524' title='bbox 2580 1932 2762 1998; x_wconf 89' lang='lat' dir='ltr'>annis,</span> <span class='ocrx_word' id='word_1_525' title='bbox 2791 1932 2846 1986; x_wconf 88' lang='lat' dir='ltr'>in</span> <span class='ocrx_word' id='word_1_526' title='bbox 2865 1930 3068 1987; x_wconf 79' lang='lat' dir='ltr'>Galliis</span> <span class='ocrx_word' id='word_1_527' title='bbox 3096 1946 3183 1986; x_wconf 92' lang='lat' dir='ltr'>me</span> <span class='ocrx_word' id='word_1_528' title='bbox 3214 1939 3429 2001; x_wconf 83' lang='lat' dir='ltr'>agente,</span> <span class='ocrx_word' id='word_1_529' title='bbox 3455 1930 3789 2002; x_wconf 78' lang='lat' dir='ltr'>negligenter</span> 
     </span>
    </p>
   </div>
   <div class='ocr_carea' id='block_1_76' title="bbox 2202 2019 3786 2090">
    <p class='ocr_par' dir='ltr' id='par_1_76' title="bbox 2202 2019 3786 2090">
     <span class='ocr_line' id='line_1_76' title="bbox 2202 2019 3786 2090; baseline -0.004 -10"><span class='ocrx_word' id='word_1_530' title='bbox 2202 2025 2429 2081; x_wconf 89' lang='lat' dir='ltr'>collecta</span> <span class='ocrx_word' id='word_1_531' title='bbox 2453 2032 2569 2090; x_wconf 88' lang='lat' dir='ltr'>est;</span> <span class='ocrx_word' id='word_1_532' title='bbox 2613 2036 2763 2077; x_wconf 92' lang='lat' dir='ltr'>nunc</span> <span class='ocrx_word' id='word_1_533' title='bbox 2796 2037 2929 2078; x_wconf 88' lang='lat' dir='ltr'>vero</span> <span class='ocrx_word' id='word_1_534' title='bbox 2971 2021 3155 2076; x_wconf 87' lang='lat' dir='ltr'>divina</span> <span class='ocrx_word' id='word_1_535' title='bbox 3187 2020 3565 2076; x_wconf 83' lang='lat' dir='ltr'>misericordia</span> <span class='ocrx_word' id='word_1_536' title='bbox 3602 2036 3691 2075; x_wconf 89' lang='lat' dir='ltr'>me</span> <span class='ocrx_word' id='word_1_537' title='bbox 3732 2019 3786 2074; x_wconf 90' lang='lat' dir='ltr'>in</span> 
     </span>
    </p>
   </div>
   <div class='ocr_carea' id='block_1_77' title="bbox 2201 2111 3788 2186">
    <p class='ocr_par' dir='ltr' id='par_1_77' title="bbox 2201 2111 3788 2186">
     <span class='ocr_line' id='line_1_77' title="bbox 2201 2111 3788 2186; baseline -0.003 -16"><span class='ocrx_word' id='word_1_538' title='bbox 2201 2131 2431 2186; x_wconf 83' lang='lat' dir='ltr'>regnum</span> <span class='ocrx_word' id='word_1_539' title='bbox 2464 2128 2914 2180; x_wconf 61' lang='lat' dir='ltr'>meum‘reverso,</span> <span class='ocrx_word' id='word_1_540' title='bbox 2937 2112 3083 2183; x_wconf 92' lang='lat' dir='ltr'>quod</span> <span class='ocrx_word' id='word_1_541' title='bbox 3108 2111 3399 2168; x_wconf 88' lang='lat' dir='ltr'>collectum</span> <span class='ocrx_word' id='word_1_542' title='bbox 3431 2119 3517 2166; x_wconf 90' lang='lat' dir='ltr'>est</span> <span class='ocrx_word' id='word_1_543' title='bbox 3530 2126 3629 2181; x_wconf 88' lang='lat' dir='ltr'>per</span> <span class='ocrx_word' id='word_1_544' title='bbox 3650 2125 3788 2180; x_wconf 63' lang='lat' dir='ltr'>prae-</span> 
     </span>
    </p>
   </div>
   <div class='ocr_carea' id='block_1_78' title="bbox 2204 2201 3793 2275">
    <p class='ocr_par' dir='ltr' id='par_1_78' title="bbox 2204 2201 3793 2275">
     <span class='ocr_line' id='line_1_78' title="bbox 2204 2201 3793 2275; baseline -0.004 -15"><span class='ocrx_word' id='word_1_545' title='bbox 2204 2203 2378 2261; x_wconf 89' lang='lat' dir='ltr'>fatum</span> <span class='ocrx_word' id='word_1_546' title='bbox 2409 2205 2648 2275; x_wconf 87' lang='lat' dir='ltr'>legatum</span> <span class='ocrx_word' id='word_1_547' title='bbox 2683 2201 2946 2270; x_wconf 87' lang='lat' dir='ltr'>mittitur;</span> <span class='ocrx_word' id='word_1_548' title='bbox 2983 2210 3039 2256; x_wconf 89' lang='lat' dir='ltr'>et</span> <span class='ocrx_word' id='word_1_549' title='bbox 3072 2201 3219 2272; x_wconf 91' lang='lat' dir='ltr'>quod</span> <span class='ocrx_word' id='word_1_550' title='bbox 3253 2201 3529 2271; x_wconf 89' lang='lat' dir='ltr'>reliquum</span> <span class='ocrx_word' id='word_1_551' title='bbox 3566 2209 3673 2266; x_wconf 87' lang='lat' dir='ltr'>est,</span> <span class='ocrx_word' id='word_1_552' title='bbox 3698 2216 3793 2271; x_wconf 83' lang='lat' dir='ltr'>per</span> 
     </span>
    </p>
   </div>
   <div class='ocr_carea' id='block_1_79' title="bbox 2203 2293 3790 2369">
    <p class='ocr_par' dir='ltr' id='par_1_79' title="bbox 2203 2293 3790 2369">
     <span class='ocr_line' id='line_1_79' title="bbox 2203 2293 3790 2369; baseline -0.003 -16"><span class='ocrx_word' id='word_1_553' title='bbox 2203 2298 2413 2369; x_wconf 86' lang='lat' dir='ltr'>legatos</span> <span class='ocrx_word' id='word_1_554' title='bbox 2463 2293 2760 2351; x_wconf 87' lang='lat' dir='ltr'>Lanfranci</span> <span class='ocrx_word' id='word_1_555' title='bbox 2800 2294 3197 2365; x_wconf 84' lang='lat' dir='ltr'>archiepiscopi</span> <span class='ocrx_word' id='word_1_556' title='bbox 3223 2293 3401 2349; x_wconf 87' lang='lat' dir='ltr'>ﬁdelis</span> <span class='ocrx_word' id='word_1_557' title='bbox 3433 2293 3633 2361; x_wconf 91' lang='lat' dir='ltr'>nostri,</span> <span class='ocrx_word' id='word_1_558' title='bbox 3667 2309 3790 2348; x_wconf 90' lang='lat' dir='ltr'>cum</span> 
     </span>
    </p>
   </div>
   <div class='ocr_carea' id='block_1_80' title="bbox 2206 2382 3794 2459">
    <p class='ocr_par' dir='ltr' id='par_1_80' title="bbox 2206 2382 3794 2459">
     <span class='ocr_line' id='line_1_80' title="bbox 2206 2382 3794 2459; baseline -0.001 -18"><span class='ocrx_word' id='word_1_559' title='bbox 2206 2395 2579 2459; x_wconf 89' lang='lat' dir='ltr'>opportunum</span> <span class='ocrx_word' id='word_1_560' title='bbox 2605 2384 2793 2453; x_wconf 81' lang='lat' dir='ltr'>fuerit,</span> <span class='ocrx_word' id='word_1_561' title='bbox 2814 2384 3237 2441; x_wconf 66' lang='lat' dir='ltr'>transm’ittetur.</span> <span class='ocrx_word' id='word_1_562' title='bbox 3261 2382 3427 2439; x_wconf 88' lang='lat' dir='ltr'>Orate</span> <span class='ocrx_word' id='word_1_563' title='bbox 3449 2400 3551 2455; x_wconf 90' lang='lat' dir='ltr'>pro</span> <span class='ocrx_word' id='word_1_564' title='bbox 3572 2385 3729 2439; x_wconf 85' lang='lat' dir='ltr'>nobis</span> <span class='ocrx_word' id='word_1_565' title='bbox 3742 2394 3794 2439; x_wconf 86' lang='lat' dir='ltr'>ct</span> 
     </span>
    </p>
   </div>
   <div class='ocr_carea' id='block_1_81' title="bbox 2206 2478 3792 2552">
    <p class='ocr_par' dir='ltr' id='par_1_81' title="bbox 2206 2478 3792 2552">
     <span class='ocr_line' id='line_1_81' title="bbox 2206 2478 3792 2552; baseline -0.003 -17"><span class='ocrx_word' id='word_1_566' title='bbox 2206 2497 2307 2552; x_wconf 89' lang='lat' dir='ltr'>pro</span> <span class='ocrx_word' id='word_1_567' title='bbox 2332 2488 2477 2536; x_wconf 89' lang='lat' dir='ltr'>statu</span> <span class='ocrx_word' id='word_1_568' title='bbox 2500 2480 2654 2552; x_wconf 87' lang='lat' dir='ltr'>regni</span> <span class='ocrx_word' id='word_1_569' title='bbox 2686 2478 2886 2546; x_wconf 90' lang='lat' dir='ltr'>nostri,</span> <span class='ocrx_word' id='word_1_570' title='bbox 2910 2478 3038 2550; x_wconf 85' lang='lat' dir='ltr'>quia</span> <span class='ocrx_word' id='word_1_571' title='bbox 3066 2486 3442 2534; x_wconf 87' lang='lat' dir='ltr'>antecessores</span> <span class='ocrx_word' id='word_1_572' title='bbox 3466 2486 3683 2533; x_wconf 87' lang='lat' dir='ltr'>vestros</span> <span class='ocrx_word' id='word_1_573' title='bbox 3708 2478 3792 2533; x_wconf 81' lang='lat' dir='ltr'>di—</span> 
     </span>
    </p>
   </div>
   <div class='ocr_carea' id='block_1_82' title="bbox 2208 2568 3794 2642">
    <p class='ocr_par' dir='ltr' id='par_1_82' title="bbox 2208 2568 3794 2642">
     <span class='ocr_line' id='line_1_82' title="bbox 2208 2568 3794 2642; baseline -0.003 -15"><span class='ocrx_word' id='word_1_574' title='bbox 2208 2573 2443 2629; x_wconf 79' lang='lat' dir='ltr'>leximus</span> <span class='ocrx_word' id='word_1_575' title='bbox 2489 2580 2546 2627; x_wconf 91' lang='lat' dir='ltr'>et</span> <span class='ocrx_word' id='word_1_576' title='bbox 2587 2586 2687 2627; x_wconf 88' lang='lat' dir='ltr'>vos</span> <span class='ocrx_word' id='word_1_577' title='bbox 2729 2586 2842 2642; x_wconf 73' lang='lat' dir='ltr'>prae</span> <span class='ocrx_word' id='word_1_578' title='bbox 2891 2570 3147 2626; x_wconf 91' lang='lat' dir='ltr'>omnibus</span> <span class='ocrx_word' id='word_1_579' title='bbox 3201 2570 3415 2626; x_wconf 90' lang='lat' dir='ltr'>sincere</span> <span class='ocrx_word' id='word_1_580' title='bbox 3469 2568 3697 2642; x_wconf 87' lang='lat' dir='ltr'>diligere</span> <span class='ocrx_word' id='word_1_581' title='bbox 3740 2577 3794 2623; x_wconf 86' lang='lat' dir='ltr'>et</span> 
     </span>
    </p>
   </div>
   <div class='ocr_carea' id='block_1_83' title="bbox 2208 2654 3174 2725">
    <p class='ocr_par' dir='ltr' id='par_1_83' title="bbox 2208 2654 3174 2725">
     <span class='ocr_line' id='line_1_83' title="bbox 2208 2654 3174 2725; baseline -0.005 -2"><span class='ocrx_word' id='word_1_582' title='bbox 2208 2666 2526 2725; x_wconf 86' lang='lat' dir='ltr'>obedienter</span> <span class='ocrx_word' id='word_1_583' title='bbox 2557 2665 2747 2721; x_wconf 88' lang='lat' dir='ltr'>audire</span> <span class='ocrx_word' id='word_1_584' title='bbox 2778 2654 3174 2721; x_wconf 86' lang='lat' dir='ltr'>desideramus.</span> 
     </span>
    </p>
   </div>
   <div class='ocr_carea' id='block_1_84' title="bbox 2935 2809 3054 2867">
    <p class='ocr_par' dir='ltr' id='par_1_84' title="bbox 2935 2809 3054 2867">
     <span class='ocr_line' id='line_1_84' title="bbox 2935 2809 3054 2867; baseline 0.017 -2"><span class='ocrx_word' id='word_1_585' title='bbox 2935 2809 3054 2867; x_wconf 82' lang='lat' dir='ltr'>XII.</span> 
     </span>
    </p>
   </div>
   <div class='ocr_carea' id='block_1_85' title="bbox 2210 2922 3795 2995">
    <p class='ocr_par' dir='ltr' id='par_1_85' title="bbox 2210 2922 3795 2995">
     <span class='ocr_line' id='line_1_85' title="bbox 2210 2922 3795 2995; baseline -0.001 -16"><span class='ocrx_word' id='word_1_586' title='bbox 2210 2924 2604 2995; x_wconf 72' lang='lat' dir='ltr'>Jusjurandum</span> <span class='ocrx_word' id='word_1_587' title='bbox 2654 2923 2908 2992; x_wconf 83' lang='lat' dir='ltr'>Roberti,</span> <span class='ocrx_word' id='word_1_588' title='bbox 2959 2922 3092 2978; x_wconf 85' lang='lat' dir='ltr'>dicti</span> <span class='ocrx_word' id='word_1_589' title='bbox 3118 2923 3488 2995; x_wconf 53' lang='lat' dir='ltr'>Garuoteusis</span> <span class='ocrx_word' id='word_1_590' title='bbox 3538 2926 3795 2995; x_wconf 63' lang='lat' dir='ltr'>episcopi,</span> 
     </span>
    </p>
   </div>
   <div class='ocr_carea' id='block_1_86' title="bbox 2281 2994 3797 3137">
    <p class='ocr_par' dir='ltr' id='par_1_86' title="bbox 2281 2994 3797 3137">
     <span class='ocr_line' id='line_1_86' title="bbox 2284 2994 3797 3121; baseline -0.001 -71"><span class='ocrx_word' id='word_1_591' title='bbox 2284 2996 2435 3120; x_wconf 46' lang='lat' dir='ltr'>cuiuis</span> <span class='ocrx_word' id='word_1_592' title='bbox 2464 2996 2716 3121; x_wconf 34' lang='lat' dir='ltr'>1nitentiuit</span> <span class='ocrx_word' id='word_1_593' title='bbox 2767 2994 3052 3066; x_wconf 77' lang='lat' dir='ltr'>Gregorius</span> <span class='ocrx_word' id='word_1_594' title='bbox 3114 2994 3221 3057; x_wconf 76' lang='grc' dir='ltr'>γιι</span> <span class='ocrx_word' id='word_1_595' title='bbox 3274 2995 3509 3067; x_wconf 72' lang='lat' dir='ltr'>Registii</span> <span class='ocrx_word' id='word_1_596' title='bbox 3587 2995 3681 3048; x_wconf 66' lang='lat' dir='ltr'>lib.</span> <span class='ocrx_word' id='word_1_597' title='bbox 3714 2994 3797 3059; x_wconf 73' lang='lat' dir='ltr'>tv,</span> 
     </span>
     <span class='ocr_line' id='line_1_87' title="bbox 2281 3083 2550 3137; baseline 0.004 -17"><span class='ocrx_word' id='word_1_598' title='bbox 2281 3083 2390 3137; x_wconf 76' lang='lat' dir='ltr'>epis</span> <span class='ocrx_word' id='word_1_599' title='bbox 2423 3108 2437 3121; x_wconf 97' lang='lat'>.</span> <span class='ocrx_word' id='word_1_600' title='bbox 2534 3107 2550 3121; x_wconf 92' lang='lat'>.</span> 
     </span>
    </p>
   </div>
   <div class='ocr_carea' id='block_1_87' title="bbox 2599 3177 3377 3252">
    <p class='ocr_par' dir='ltr' id='par_1_87' title="bbox 2599 3177 3377 3252">
     <span class='ocr_line' id='line_1_88' title="bbox 2599 3177 3377 3252; baseline 0 -20"><span class='ocrx_word' id='word_1_601' title='bbox 2599 3177 2821 3252; x_wconf 75' lang='lat' dir='ltr'>[M.\NSI,</span> <span class='ocrx_word' id='word_1_602' title='bbox 2841 3177 3049 3234; x_wconf 82' lang='lat' dir='ltr'>Concil.</span> <span class='ocrx_word' id='word_1_603' title='bbox 3077 3177 3198 3245; x_wconf 80' lang='lat' dir='ltr'>XX,</span> <span class='ocrx_word' id='word_1_604' title='bbox 3223 3178 3377 3251; x_wconf 66' lang='lat' dir='ltr'>46L]</span> 
     </span>
    </p>
   </div>
   <div class='ocr_carea' id='block_1_88' title="bbox 2290 3282 3798 3366">
    <p class='ocr_par' dir='ltr' id='par_1_88' title="bbox 2290 3282 3798 3366">
     <span class='ocr_line' id='line_1_89' title="bbox 2290 3282 3798 3366; baseline -0.002 -17"><span class='ocrx_word' id='word_1_605' title='bbox 2290 3293 2402 3366; x_wconf 89' lang='lat' dir='ltr'>Ego</span> <span class='ocrx_word' id='word_1_606' title='bbox 2438 3293 2712 3349; x_wconf 80' lang='lat' dir='ltr'>Robertus</span> <span class='ocrx_word' id='word_1_607' title='bbox 2749 3291 3016 3363; x_wconf 89' lang='lat' dir='ltr'>promitto</span> <span class='ocrx_word' id='word_1_608' title='bbox 3050 3282 3412 3363; x_wconf 84' lang='lat' dir='ltr'>omnipotenti</span> <span class='ocrx_word' id='word_1_609' title='bbox 3460 3291 3601 3357; x_wconf 88' lang='lat' dir='ltr'>Deo,</span> <span class='ocrx_word' id='word_1_610' title='bbox 3643 3302 3701 3348; x_wconf 89' lang='lat' dir='ltr'>et</span> <span class='ocrx_word' id='word_1_611' title='bbox 3740 3292 3798 3346; x_wconf 82' lang='grc' dir='ltr'><strong>Β.</strong></span> 
     </span>
    </p>
   </div>
   <div class='ocr_carea' id='block_1_89' title="bbox 2216 3383 3803 3456">
    <p class='ocr_par' dir='ltr' id='par_1_89' title="bbox 2216 3383 3803 3456">
     <span class='ocr_line' id='line_1_90' title="bbox 2216 3383 3803 3456; baseline -0.003 -15"><span class='ocrx_word' id='word_1_612' title='bbox 2216 3385 2381 3441; x_wconf 90' lang='lat' dir='ltr'>Petro</span> <span class='ocrx_word' id='word_1_613' title='bbox 2428 3384 2804 3456; x_wconf 81' lang='lat' dir='ltr'>apostolorum</span> <span class='ocrx_word' id='word_1_614' title='bbox 2850 3383 3104 3455; x_wconf 89' lang='lat' dir='ltr'>principi,</span> <span class='ocrx_word' id='word_1_615' title='bbox 3138 3383 3301 3453; x_wconf 87' lang='lat' dir='ltr'>cujus</span> <span class='ocrx_word' id='word_1_616' title='bbox 3330 3398 3534 3453; x_wconf 87' lang='lat' dir='ltr'>corpus</span> <span class='ocrx_word' id='word_1_617' title='bbox 3586 3383 3678 3439; x_wconf 87' lang='lat' dir='ltr'>hic</span> <span class='ocrx_word' id='word_1_618' title='bbox 3719 3398 3803 3437; x_wconf 86' lang='lat' dir='ltr'>re-</span> 
     </span>
    </p>
   </div>
   <div class='ocr_carea' id='block_1_90' title="bbox 2216 3474 3803 3548">
    <p class='ocr_par' dir='ltr' id='par_1_90' title="bbox 2216 3474 3803 3548">
     <span class='ocr_line' id='line_1_91' title="bbox 2216 3474 3803 3548; baseline 0 -18"><span class='ocrx_word' id='word_1_619' title='bbox 2216 3476 2471 3548; x_wconf 90' lang='lat' dir='ltr'>quiescit,</span> <span class='ocrx_word' id='word_1_620' title='bbox 2496 3475 2645 3546; x_wconf 85' lang='lat' dir='ltr'>quod</span> <span class='ocrx_word' id='word_1_621' title='bbox 2686 3474 2743 3528; x_wconf 88' lang='lat' dir='ltr'>in</span> <span class='ocrx_word' id='word_1_622' title='bbox 2777 3488 3108 3545; x_wconf 90' lang='lat' dir='ltr'>quocunque</span> <span class='ocrx_word' id='word_1_623' title='bbox 3146 3481 3395 3545; x_wconf 88' lang='lat' dir='ltr'>tempore</span> <span class='ocrx_word' id='word_1_624' title='bbox 3423 3475 3643 3546; x_wconf 82' lang='lat' dir='ltr'>legatus</span> <span class='ocrx_word' id='word_1_625' title='bbox 3673 3490 3803 3546; x_wconf 79' lang='lat' dir='ltr'>apo-</span> 
     </span>
    </p>
   </div>
   <div class='ocr_carea' id='block_1_91' title="bbox 2219 3561 3800 3635">
    <p class='ocr_par' dir='ltr' id='par_1_91' title="bbox 2219 3561 3800 3635">
     <span class='ocr_line' id='line_1_92' title="bbox 2219 3561 3800 3635; baseline -0.002 -14"><span class='ocrx_word' id='word_1_626' title='bbox 2219 3565 2425 3621; x_wconf 66' lang='lat' dir='ltr'>stolicae</span> <span class='ocrx_word' id='word_1_627' title='bbox 2460 3564 2606 3619; x_wconf 89' lang='lat' dir='ltr'>sedis</span> <span class='ocrx_word' id='word_1_628' title='bbox 2634 3563 2878 3633; x_wconf 83' lang='lat' dir='ltr'>directus</span> <span class='ocrx_word' id='word_1_629' title='bbox 2920 3578 2953 3618; x_wconf 91' lang='lat' dir='ltr'>a</span> <span class='ocrx_word' id='word_1_630' title='bbox 2987 3561 3213 3618; x_wconf 90' lang='lat' dir='ltr'>domino</span> <span class='ocrx_word' id='word_1_631' title='bbox 3259 3572 3454 3618; x_wconf 90' lang='lat' dir='ltr'>nostro</span> <span class='ocrx_word' id='word_1_632' title='bbox 3498 3562 3800 3635; x_wconf 83' lang='lat' dir='ltr'>Gregorio,</span> 
     </span>
    </p>
   </div>
   <div class='ocr_carea' id='block_1_92' title="bbox 2218 3641 3803 3728">
    <p class='ocr_par' dir='ltr' id='par_1_92' title="bbox 2218 3641 3803 3728">
     <span class='ocr_line' id='line_1_93' title="bbox 2218 3641 3803 3728; baseline -0.001 -17"><span class='ocrx_word' id='word_1_633' title='bbox 2218 3656 2313 3728; x_wconf 89' lang='lat' dir='ltr'>qui</span> <span class='ocrx_word' id='word_1_634' title='bbox 2336 3670 2484 3711; x_wconf 93' lang='lat' dir='ltr'>nunc</span> <span class='ocrx_word' id='word_1_635' title='bbox 2504 3662 2590 3711; x_wconf 90' lang='lat' dir='ltr'>est</span> <span class='ocrx_word' id='word_1_636' title='bbox 2610 3652 2895 3710; x_wconf 76' lang='lat' dir='ltr'>Romanus</span> <span class='ocrx_word' id='word_1_637' title='bbox 2936 3650 3203 3724; x_wconf 79' lang='lat' dir='ltr'>pontifex,</span> <span class='ocrx_word' id='word_1_638' title='bbox 3242 3652 3331 3707; x_wconf 89' lang='lat' dir='ltr'>vel</span> <span class='ocrx_word' id='word_1_639' title='bbox 3358 3652 3429 3708; x_wconf 92' lang='lat' dir='ltr'>ab</span> <span class='ocrx_word' id='word_1_640' title='bbox 3457 3641 3649 3724; x_wconf 80' lang='lat' dir='ltr'>aliquo</span> <span class='ocrx_word' id='word_1_641' title='bbox 3678 3670 3803 3710; x_wconf 87' lang='lat' dir='ltr'>suc-</span> 
     </span>
    </p>
   </div>
   <div class='ocr_carea' id='block_1_93' title="bbox 2219 3743 3806 3817">
    <p class='ocr_par' dir='ltr' id='par_1_93' title="bbox 2219 3743 3806 3817">
     <span class='ocr_line' id='line_1_94' title="bbox 2219 3743 3806 3817; baseline -0.001 -12"><span class='ocrx_word' id='word_1_642' title='bbox 2219 3762 2503 3805; x_wconf 87' lang='lat' dir='ltr'>cessorum</span> <span class='ocrx_word' id='word_1_643' title='bbox 2527 3761 2754 3801; x_wconf 88' lang='lat' dir='ltr'>suorum</span> <span class='ocrx_word' id='word_1_644' title='bbox 2789 3744 2917 3802; x_wconf 90' lang='lat' dir='ltr'>item</span> <span class='ocrx_word' id='word_1_645' title='bbox 2954 3743 3328 3801; x_wconf 76' lang='lat' dir='ltr'>Romanorum</span> <span class='ocrx_word' id='word_1_646' title='bbox 3358 3746 3709 3817; x_wconf 85' lang='lat' dir='ltr'>pontiﬁcum,</span> <span class='ocrx_word' id='word_1_647' title='bbox 3738 3747 3806 3804; x_wconf 85' lang='lat' dir='ltr'>ad</span> 
     </span>
    </p>
   </div>
   <div class='ocr_carea' id='block_1_94' title="bbox 2219 3819 3805 3914">
    <p class='ocr_par' dir='ltr' id='par_1_94' title="bbox 2219 3819 3805 3914">
     <span class='ocr_line' id='line_1_95' title="bbox 2219 3819 3805 3914; baseline -0.001 -18"><span class='ocrx_word' id='word_1_648' title='bbox 2219 3854 2309 3896; x_wconf 90' lang='lat' dir='ltr'>me</span> <span class='ocrx_word' id='word_1_649' title='bbox 2349 3837 2579 3914; x_wconf 87' lang='lat' dir='ltr'>venerit,</span> <span class='ocrx_word' id='word_1_650' title='bbox 2610 3819 2753 3892; x_wconf 62' lang='lat' dir='ltr'>infr‘a</span> <span class='ocrx_word' id='word_1_651' title='bbox 2776 3836 3077 3892; x_wconf 87' lang='lat' dir='ltr'>terminum</span> <span class='ocrx_word' id='word_1_652' title='bbox 3138 3851 3302 3909; x_wconf 89' lang='lat' dir='ltr'>quem</span> <span class='ocrx_word' id='word_1_653' title='bbox 3333 3838 3457 3894; x_wconf 92' lang='lat' dir='ltr'>ideo</span> <span class='ocrx_word' id='word_1_654' title='bbox 3492 3838 3707 3909; x_wconf 82' lang='lat' dir='ltr'>legatus</span> <span class='ocrx_word' id='word_1_655' title='bbox 3739 3838 3805 3913; x_wconf 80' lang='lat'>[{.</span> 
     </span>
    </p>
   </div>
   <div class='ocr_carea' id='block_1_95' title="bbox 2219 3926 3807 4002">
    <p class='ocr_par' dir='ltr' id='par_1_95' title="bbox 2219 3926 3807 4002">
     <span class='ocr_line' id='line_1_96' title="bbox 2219 3926 3807 4002; baseline -0.001 -16"><span class='ocrx_word' id='word_1_656' title='bbox 2219 3929 2366 3986; x_wconf 90' lang='lat' dir='ltr'>idem</span> <span class='ocrx_word' id='word_1_657' title='bbox 2390 3930 2616 4002; x_wconf 87' lang='lat' dir='ltr'>legatus.</span> <span class='ocrx_word' id='word_1_658' title='bbox 2641 3926 2843 4000; x_wconf 64' lang='lat' dir='ltr'>Hum]</span> <span class='ocrx_word' id='word_1_659' title='bbox 2866 3928 3001 3983; x_wconf 90' lang='lat' dir='ltr'>mihi</span> <span class='ocrx_word' id='word_1_660' title='bbox 3020 3927 3385 3996; x_wconf 91' lang='lat' dir='ltr'>constituerit,</span> <span class='ocrx_word' id='word_1_661' title='bbox 3405 3927 3807 3986; x_wconf 84' lang='lat' dir='ltr'>Carnotensem</span> 
     </span>
    </p>
   </div>
   <div class='ocr_carea' id='block_1_96' title="bbox 2220 4018 3810 4091">
    <p class='ocr_par' dir='ltr' id='par_1_96' title="bbox 2220 4018 3810 4091">
     <span class='ocr_line' id='line_1_97' title="bbox 2220 4018 3810 4091; baseline 0.001 -17"><span class='ocrx_word' id='word_1_662' title='bbox 2220 4019 2619 4091; x_wconf 87' lang='lat' dir='ltr'>episcopatum,</span> <span class='ocrx_word' id='word_1_663' title='bbox 2644 4018 2797 4074; x_wconf 90' lang='lat' dir='ltr'>omni</span> <span class='ocrx_word' id='word_1_664' title='bbox 2824 4019 3117 4075; x_wconf 86' lang='lat' dir='ltr'>occasione</span> <span class='ocrx_word' id='word_1_665' title='bbox 3142 4019 3354 4074; x_wconf 85' lang='lat' dir='ltr'>sublata</span> <span class='ocrx_word' id='word_1_666' title='bbox 3378 4020 3463 4075; x_wconf 91' lang='lat' dir='ltr'>vel</span> <span class='ocrx_word' id='word_1_667' title='bbox 3491 4018 3708 4087; x_wconf 89' lang='lat' dir='ltr'>fraude,</span> <span class='ocrx_word' id='word_1_668' title='bbox 3735 4021 3810 4076; x_wconf 86' lang='lat' dir='ltr'>di-</span> 
     </span>
    </p>
   </div>
   <div class='ocr_carea' id='block_1_97' title="bbox 2222 4110 3809 4182">
    <p class='ocr_par' dir='ltr' id='par_1_97' title="bbox 2222 4110 3809 4182">
     <span class='ocr_line' id='line_1_98' title="bbox 2222 4110 3809 4182; baseline -0.001 -13"><span class='ocrx_word' id='word_1_669' title='bbox 2222 4112 2460 4179; x_wconf 89' lang='lat' dir='ltr'>mittam,</span> <span class='ocrx_word' id='word_1_670' title='bbox 2494 4120 2705 4168; x_wconf 91' lang='lat' dir='ltr'>etcum</span> <span class='ocrx_word' id='word_1_671' title='bbox 2738 4111 2884 4167; x_wconf 92' lang='lat' dir='ltr'>bona</span> <span class='ocrx_word' id='word_1_672' title='bbox 2912 4110 3019 4167; x_wconf 89' lang='lat' dir='ltr'>ﬁde</span> <span class='ocrx_word' id='word_1_673' title='bbox 3052 4111 3281 4167; x_wconf 90' lang='lat' dir='ltr'>studebo</span> <span class='ocrx_word' id='word_1_674' title='bbox 3310 4122 3589 4182; x_wconf 89' lang='lat' dir='ltr'>quatenus</span> <span class='ocrx_word' id='word_1_675' title='bbox 3624 4111 3809 4169; x_wconf 84' lang='lat' dir='ltr'>Eccle-</span> 
     </span>
    </p>
   </div>
   <div class='ocr_carea' id='block_1_98' title="bbox 2223 4199 3809 4281">
    <p class='ocr_par' dir='ltr' id='par_1_98' title="bbox 2223 4199 3809 4281">
     <span class='ocr_line' id='line_1_99' title="bbox 2223 4199 3809 4281; baseline -0.003 -23"><span class='ocrx_word' id='word_1_676' title='bbox 2223 4202 2311 4281; x_wconf 55' lang='lat' dir='ltr'>sia,</span> <span class='ocrx_word' id='word_1_677' title='bbox 2329 4201 2421 4275; x_wconf 89' lang='lat' dir='ltr'>illa</span> <span class='ocrx_word' id='word_1_678' title='bbox 2451 4200 2754 4258; x_wconf 90' lang='lat' dir='ltr'>secundum</span> <span class='ocrx_word' id='word_1_679' title='bbox 2770 4199 2940 4255; x_wconf 90' lang='lat' dir='ltr'>Deum</span> <span class='ocrx_word' id='word_1_680' title='bbox 2962 4199 3265 4267; x_wconf 91' lang='lat' dir='ltr'>ordinetur,</span> <span class='ocrx_word' id='word_1_681' title='bbox 3291 4199 3426 4256; x_wconf 89' lang='lat' dir='ltr'>nihil</span> <span class='ocrx_word' id='word_1_682' title='bbox 3447 4208 3702 4267; x_wconf 88' lang='lat' dir='ltr'>acturus,</span> <span class='ocrx_word' id='word_1_683' title='bbox 3726 4216 3809 4254; x_wconf 87' lang='lat' dir='ltr'>me</span> 
     </span>
    </p>
   </div>
   <div class='ocr_carea' id='block_1_99' title="bbox 2223 4292 3809 4364">
    <p class='ocr_par' dir='ltr' id='par_1_99' title="bbox 2223 4292 3809 4364">
     <span class='ocr_line' id='line_1_100' title="bbox 2223 4292 3809 4364; baseline -0.001 -14"><span class='ocrx_word' id='word_1_684' title='bbox 2223 4294 2451 4361; x_wconf 85' lang='lat' dir='ltr'>sciente,</span> <span class='ocrx_word' id='word_1_685' title='bbox 2487 4308 2585 4363; x_wconf 92' lang='lat' dir='ltr'>per</span> <span class='ocrx_word' id='word_1_686' title='bbox 2624 4308 2712 4348; x_wconf 91' lang='lat' dir='ltr'>me</span> <span class='ocrx_word' id='word_1_687' title='bbox 2759 4292 2845 4348; x_wconf 89' lang='lat' dir='ltr'>vel</span> <span class='ocrx_word' id='word_1_688' title='bbox 2885 4308 2983 4364; x_wconf 89' lang='lat' dir='ltr'>per</span> <span class='ocrx_word' id='word_1_689' title='bbox 3017 4292 3255 4364; x_wconf 91' lang='lat' dir='ltr'>aliquam</span> <span class='ocrx_word' id='word_1_690' title='bbox 3287 4309 3319 4350; x_wconf 93' lang='lat' dir='ltr'>a</span> <span class='ocrx_word' id='word_1_691' title='bbox 3352 4307 3443 4348; x_wconf 91' lang='lat' dir='ltr'>me</span> <span class='ocrx_word' id='word_1_692' title='bbox 3472 4294 3809 4349; x_wconf 87' lang='lat' dir='ltr'>submissam</span> 
     </span>
    </p>
   </div>
   <div class='ocr_carea' id='block_1_100' title="bbox 2221 4383 3809 4457">
    <p class='ocr_par' dir='ltr' id='par_1_100' title="bbox 2221 4383 3809 4457">
     <span class='ocr_line' id='line_1_101' title="bbox 2221 4383 3809 4457; baseline 0 -17"><span class='ocrx_word' id='word_1_693' title='bbox 2221 4399 2539 4457; x_wconf 89' lang='lat' dir='ltr'>personam,</span> <span class='ocrx_word' id='word_1_694' title='bbox 2591 4384 2736 4439; x_wconf 90' lang='lat' dir='ltr'>unde</span> <span class='ocrx_word' id='word_1_695' title='bbox 2770 4383 2958 4439; x_wconf 91' lang='lat' dir='ltr'>eadem</span> <span class='ocrx_word' id='word_1_696' title='bbox 2995 4383 3258 4451; x_wconf 89' lang='lat' dir='ltr'>Ecclesia,</span> <span class='ocrx_word' id='word_1_697' title='bbox 3314 4384 3397 4439; x_wconf 86' lang='lat' dir='ltr'>vel</span> <span class='ocrx_word' id='word_1_698' title='bbox 3450 4384 3644 4441; x_wconf 87' lang='lat' dir='ltr'>clerici</span> <span class='ocrx_word' id='word_1_699' title='bbox 3694 4385 3809 4455; x_wconf 90' lang='lat' dir='ltr'>ejus</span> 
     </span>
    </p>
   </div>
   <div class='ocr_carea' id='block_1_101' title="bbox 2223 4474 3808 4533">
    <p class='ocr_par' dir='ltr' id='par_1_101' title="bbox 2223 4474 3808 4533">
     <span class='ocr_line' id='line_1_102' title="bbox 2223 4474 3808 4533; baseline 0.001 -3"><span class='ocrx_word' id='word_1_700' title='bbox 2223 4491 2347 4532; x_wconf 89' lang='lat' dir='ltr'>meo</span> <span class='ocrx_word' id='word_1_701' title='bbox 2379 4475 2561 4531; x_wconf 89' lang='lat' dir='ltr'>studio</span> <span class='ocrx_word' id='word_1_702' title='bbox 2602 4476 2687 4530; x_wconf 82' lang='lat' dir='ltr'>vel</span> <span class='ocrx_word' id='word_1_703' title='bbox 2728 4474 2939 4531; x_wconf 88' lang='lat' dir='ltr'>malitia</span> <span class='ocrx_word' id='word_1_704' title='bbox 2967 4474 3247 4531; x_wconf 85' lang='lat' dir='ltr'>laesionem</span> <span class='ocrx_word' id='word_1_705' title='bbox 3278 4484 3375 4530; x_wconf 90' lang='lat' dir='ltr'>aut</span> <span class='ocrx_word' id='word_1_706' title='bbox 3416 4475 3808 4533; x_wconf 86' lang='lat' dir='ltr'>detrimentum</span> 
     </span>
    </p>
   </div>
   <div class='ocr_carea' id='block_1_102' title="bbox 2225 4564 3811 4639">
    <p class='ocr_par' dir='ltr' id='par_1_102' title="bbox 2225 4564 3811 4639">
     <span class='ocr_line' id='line_1_103' title="bbox 2225 4564 3811 4639; baseline 0.001 -18"><span class='ocrx_word' id='word_1_707' title='bbox 2225 4566 2514 4636; x_wconf 87' lang='lat' dir='ltr'>accipiant.</span> <span class='ocrx_word' id='word_1_708' title='bbox 2564 4564 2678 4621; x_wconf 87' lang='lat' dir='ltr'>Hoc</span> <span class='ocrx_word' id='word_1_709' title='bbox 2709 4573 3111 4621; x_wconf 88' lang='lat' dir='ltr'>sacramentum</span> <span class='ocrx_word' id='word_1_710' title='bbox 3134 4564 3406 4639; x_wconf 89' lang='lat' dir='ltr'>[jubente]</span> <span class='ocrx_word' id='word_1_711' title='bbox 3447 4567 3681 4623; x_wconf 83' lang='lat' dir='ltr'>domino</span> <span class='ocrx_word' id='word_1_712' title='bbox 3718 4584 3811 4623; x_wconf 86' lang='lat' dir='ltr'>no—</span> 
     </span>
    </p>
   </div>
   <div class='ocr_carea' id='block_1_103' title="bbox 2226 4656 3812 4732">
    <p class='ocr_par' dir='ltr' id='par_1_103' title="bbox 2226 4656 3812 4732">
     <span class='ocr_line' id='line_1_104' title="bbox 2226 4656 3812 4732; baseline -0.001 -17"><span class='ocrx_word' id='word_1_713' title='bbox 2226 4668 2340 4716; x_wconf 88' lang='lat' dir='ltr'>stro</span> <span class='ocrx_word' id='word_1_714' title='bbox 2367 4657 2631 4728; x_wconf 88' lang='lat' dir='ltr'>Gregorio</span> <span class='ocrx_word' id='word_1_715' title='bbox 2658 4656 2750 4713; x_wconf 82' lang='lat' dir='ltr'>Vll</span> <span class='ocrx_word' id='word_1_716' title='bbox 2774 4673 2934 4729; x_wconf 91' lang='lat' dir='ltr'>papa,</span> <span class='ocrx_word' id='word_1_717' title='bbox 2958 4673 3060 4730; x_wconf 86' lang='lat' dir='ltr'>ego</span> <span class='ocrx_word' id='word_1_718' title='bbox 3081 4658 3235 4713; x_wconf 85' lang='lat' dir='ltr'>Cono</span> <span class='ocrx_word' id='word_1_719' title='bbox 3274 4658 3501 4714; x_wconf 89' lang='lat' dir='ltr'>humilis</span> <span class='ocrx_word' id='word_1_720' title='bbox 3530 4662 3812 4732; x_wconf 73' lang='lat' dir='ltr'>presbyter</span> 
     </span>
    </p>
   </div>
   <div class='ocr_carea' id='block_1_104' title="bbox 2228 4748 3814 4821">
    <p class='ocr_par' dir='ltr' id='par_1_104' title="bbox 2228 4748 3814 4821">
     <span class='ocr_line' id='line_1_105' title="bbox 2228 4748 3814 4821; baseline 0.002 -17"><span class='ocrx_word' id='word_1_721' title='bbox 2228 4749 2371 4804; x_wconf 88' lang='lat' dir='ltr'>tituli</span> <span class='ocrx_word' id='word_1_722' title='bbox 2410 4748 2618 4805; x_wconf 85' lang='lat' dir='ltr'>Christi</span> <span class='ocrx_word' id='word_1_723' title='bbox 2649 4749 2906 4820; x_wconf 81' lang='lat' dir='ltr'>martyris</span> <span class='ocrx_word' id='word_1_724' title='bbox 2927 4758 2981 4805; x_wconf 91' lang='lat' dir='ltr'>et</span> <span class='ocrx_word' id='word_1_725' title='bbox 3010 4749 3237 4821; x_wconf 88' lang='lat' dir='ltr'>virginis</span> <span class='ocrx_word' id='word_1_726' title='bbox 3267 4749 3484 4806; x_wconf 73' lang='lat' dir='ltr'>Sancta:</span> <span class='ocrx_word' id='word_1_727' title='bbox 3506 4750 3814 4808; x_wconf 51' lang='lat' dir='ltr'>Anastasis</span> 
     </span>
    </p>
   </div>
   <div class='ocr_carea' id='block_1_105' title="bbox 2228 4838 3813 4909">
    <p class='ocr_par' dir='ltr' id='par_1_105' title="bbox 2228 4838 3813 4909">
     <span class='ocr_line' id='line_1_106' title="bbox 2228 4838 3813 4909; baseline -0.001 -14"><span class='ocrx_word' id='word_1_728' title='bbox 2228 4838 2444 4909; x_wconf 87' lang='lat' dir='ltr'>scripsi,</span> <span class='ocrx_word' id='word_1_729' title='bbox 2469 4846 2525 4892; x_wconf 93' lang='lat' dir='ltr'>et</span> <span class='ocrx_word' id='word_1_730' title='bbox 2557 4839 2614 4892; x_wconf 91' lang='lat' dir='ltr'>in</span> <span class='ocrx_word' id='word_1_731' title='bbox 2639 4839 2871 4894; x_wconf 86' lang='lat' dir='ltr'>ecclesia</span> <span class='ocrx_word' id='word_1_732' title='bbox 2902 4839 3053 4894; x_wconf 86' lang='lat' dir='ltr'>Beati</span> <span class='ocrx_word' id='word_1_733' title='bbox 3090 4839 3236 4894; x_wconf 86' lang='lat' dir='ltr'>Petri</span> <span class='ocrx_word' id='word_1_734' title='bbox 3277 4841 3332 4893; x_wconf 90' lang='lat' dir='ltr'>in</span> <span class='ocrx_word' id='word_1_735' title='bbox 3362 4839 3717 4896; x_wconf 87' lang='lat' dir='ltr'>confessione</span> <span class='ocrx_word' id='word_1_736' title='bbox 3749 4843 3813 4896; x_wconf 81' lang='lat' dir='ltr'>a.|</span> 
     </span>
    </p>
   </div>
   <div class='ocr_carea' id='block_1_106' title="bbox 2227 4929 3815 5000">
    <p class='ocr_par' dir='ltr' id='par_1_106' title="bbox 2227 4929 3815 5000">
     <span class='ocr_line' id='line_1_107' title="bbox 2227 4929 3815 5000; baseline -0.001 -13"><span class='ocrx_word' id='word_1_737' title='bbox 2227 4945 2428 5000; x_wconf 89' lang='lat' dir='ltr'>corpus</span> <span class='ocrx_word' id='word_1_738' title='bbox 2462 4929 2583 5000; x_wconf 89' lang='lat' dir='ltr'>ejus</span> <span class='ocrx_word' id='word_1_739' title='bbox 2630 4931 2722 4985; x_wconf 90' lang='lat' dir='ltr'>ubi</span> <span class='ocrx_word' id='word_1_740' title='bbox 2768 4929 2971 4987; x_wconf 85' lang='lat' dir='ltr'>factum</span> <span class='ocrx_word' id='word_1_741' title='bbox 3017 4941 3102 4988; x_wconf 85' lang='lat' dir='ltr'>est</span> <span class='ocrx_word' id='word_1_742' title='bbox 3145 4930 3386 4987; x_wconf 86' lang='lat' dir='ltr'>interfui.</span> <span class='ocrx_word' id='word_1_743' title='bbox 3443 4930 3815 4987; x_wconf 85' lang='lat' dir='ltr'>lnterfuerunt</span> 
     </span>
    </p>
   </div>
   <div class='ocr_carea' id='block_1_107' title="bbox 2226 5018 3814 5093">
    <p class='ocr_par' dir='ltr' id='par_1_107' title="bbox 2226 5018 3814 5093">
     <span class='ocr_line' id='line_1_108' title="bbox 2226 5018 3814 5093; baseline 0 -18"><span class='ocrx_word' id='word_1_744' title='bbox 2226 5021 2392 5091; x_wconf 87' lang='lat' dir='ltr'>etiam</span> <span class='ocrx_word' id='word_1_745' title='bbox 2422 5018 2662 5076; x_wconf 84' lang='lat' dir='ltr'>Joannes</span> <span class='ocrx_word' id='word_1_746' title='bbox 2687 5019 3011 5079; x_wconf 87' lang='lat' dir='ltr'>Portuensis</span> <span class='ocrx_word' id='word_1_747' title='bbox 3037 5023 3349 5093; x_wconf 82' lang='lat' dir='ltr'>episcopus,</span> <span class='ocrx_word' id='word_1_748' title='bbox 3377 5019 3704 5079; x_wconf 86' lang='lat' dir='ltr'>Theodinus</span> <span class='ocrx_word' id='word_1_749' title='bbox 3732 5037 3814 5075; x_wconf 87' lang='lat' dir='ltr'>ar-</span> 
     </span>
    </p>
   </div>
   <div class='ocr_carea' id='block_1_108' title="bbox 2228 5110 3817 5186">
    <p class='ocr_par' dir='ltr' id='par_1_108' title="bbox 2228 5110 3817 5186">
     <span class='ocr_line' id='line_1_109' title="bbox 2228 5110 3817 5186; baseline -0.003 -17"><span class='ocrx_word' id='word_1_750' title='bbox 2228 5113 2609 5182; x_wconf 87' lang='lat' dir='ltr'>chidiaconus,</span> <span class='ocrx_word' id='word_1_751' title='bbox 2653 5113 2971 5186; x_wconf 84' lang='lat' dir='ltr'>Gregorius,</span> <span class='ocrx_word' id='word_1_752' title='bbox 3020 5113 3355 5180; x_wconf 86' lang='lat' dir='ltr'>Bernardus,</span> <span class='ocrx_word' id='word_1_753' title='bbox 3400 5111 3625 5168; x_wconf 90' lang='lat' dir='ltr'>diaconi</span> <span class='ocrx_word' id='word_1_754' title='bbox 3680 5110 3817 5184; x_wconf 52' lang='lat' dir='ltr'>[dir</span> 
     </span>
    </p>
   </div>
   <div class='ocr_carea' id='block_1_109' title="bbox 2227 5204 3816 5279">
    <p class='ocr_par' dir='ltr' id='par_1_109' title="bbox 2227 5204 3816 5279">
     <span class='ocr_line' id='line_1_110' title="bbox 2227 5204 3816 5279; baseline -0.002 -18"><span class='ocrx_word' id='word_1_755' title='bbox 2227 5204 2429 5279; x_wconf 89' lang='lat' dir='ltr'>conus]</span> <span class='ocrx_word' id='word_1_756' title='bbox 2458 5214 2662 5265; x_wconf 63' lang='lat' dir='ltr'>sancta:</span> <span class='ocrx_word' id='word_1_757' title='bbox 2696 5205 2957 5265; x_wconf 64' lang='lat' dir='ltr'>Romanae</span> <span class='ocrx_word' id='word_1_758' title='bbox 2990 5204 3266 5272; x_wconf 58' lang='lat' dir='ltr'>Ecclesia,</span> <span class='ocrx_word' id='word_1_759' title='bbox 3298 5214 3351 5261; x_wconf 86' lang='lat' dir='ltr'>et</span> <span class='ocrx_word' id='word_1_760' title='bbox 3380 5204 3473 5261; x_wconf 89' lang='lat' dir='ltr'>alii</span> <span class='ocrx_word' id='word_1_761' title='bbox 3498 5204 3636 5271; x_wconf 86' lang='lat' dir='ltr'>duo,</span> <span class='ocrx_word' id='word_1_762' title='bbox 3672 5204 3816 5258; x_wconf 84' lang='lat' dir='ltr'>vide-</span> 
     </span>
    </p>
   </div>
   <div class='ocr_carea' id='block_1_110' title="bbox 2231 5296 3811 5328">
    <p class='ocr_par' dir='ltr' id='par_1_110' title="bbox 2231 5296 3811 5328">
     <span class='ocr_line' id='line_1_111' title="bbox 2231 5296 3811 5328; baseline 0 0"><span class='ocrx_word' id='word_1_763' title='bbox 2231 5297 2355 5328; x_wconf 71' lang='grc' dir='ltr'>Ιῖηηο</span> <span class='ocrx_word' id='word_1_764' title='bbox 2387 5296 2742 5328; x_wconf 66' lang='grc' dir='ltr'>Ιηι-ηιιιιι-ηιηο</span> <span class='ocrx_word' id='word_1_765' title='bbox 2759 5296 3167 5328; x_wconf 62' lang='grc' dir='ltr'>ΙἸῖιιυ-ΑΙ-ιηιιηοῖ</span> <span class='ocrx_word' id='word_1_766' title='bbox 3194 5297 3432 5328; x_wconf 65' lang='lat' dir='ltr'>Anna-nu.-</span> <span class='ocrx_word' id='word_1_767' title='bbox 3453 5296 3811 5328; x_wconf 55' lang='lat' dir='ltr'>l‘n—nnlnnﬁc</span> 
     </span>
    </p>
   </div>
  </div>
