3988 5328
229 342 338 398 749

749 343 808 400 S.
841 343 1170 403 GBEGORH
1202 346 1293 403 VII
1325 349 1534 406 PAPE
1573 350 1861 410 OPERUM
1899 355 2079 413 PARS
2113 357 2176 412 ll.
2207 387 2274 397 —
2304 357 2623 416 CONCILIA
2663 360 2968 420 ROMANA.

838 639 1420 732 GREGORII
1503 644 1840 733 PAPE
1914 650 2092 738 νη
2172 605 2854 745 DECRETUM.

1466 830 1678 908 (Massr,
1695 833 1898 892 Concil.
1928 834 2045 903 XX,
2064 837 2213 908 385.)

271 1122 576 1198 Gregorius
606 1144 745 1200 papa
783 1128 874 1184 νη
909 1141 961 1187 et
1000 1130 1255 1189 Urbanus
1301 1150 1440 1206 papa
1475 1137 1520 1192 ll
1573 1138 1783 1194 consti-
1811 1119 1858 1178 Α
1883 1139 2087 1210 tyrium
2112 1141 2294 1198 verbis
2319 1151 2371 1198 et
2387 1143 2651 1214 exemplis
2673 1143 2959 1201 instituere
2979 1159 3091 1201 non
3123 1145 3471 1204 destiterunt.

201 1230 429 1275 tnemnt
465 1233 526 1276 ut
560 1221 887 1280 festivitates
928 1226 1301 1283 Romanorum
1343 1231 1663 1299 pontiﬁcum
1695 1248 1789 1288 ce-

198 1311 382 1366 lebres
441 1313 764 1369 habeantur.
826 1316 1126 1389 Martyrum
1188 1320 1244 1374 in
1299 1320 1366 1374 IX
1418 1323 1786 1390 lectionibus,

198 1399 587 1456 confessorum
644 1404 702 1458 in
759 1405 937 1462 tribus
992 1409 1185 1464 saltem
1232 1411 1560 1468 lectionibus
1593 1423 1789 1484 praeter

196 1493 608 1560 quorumdam,
647 1495 740 1565 qui
788 1512 886 1565 pro
937 1515 1033 1553 sua
1071 1502 1389 1557 excellentia
1446 1505 1786 1560 celeberrimi

195 1580 558 1647 haberentur,
584 1584 728 1638 sicut
753 1593 808 1640 et
841 1586 896 1641 S.
944 1587 1223 1657 Sitvestcr,
1249 1591 1545 1662 Gregorius
1579 1602 1633 1648 et
1671 1595 1783 1648 alii.

192 1667 332 1723 Nam
371 1686 500 1725 cum
532 1673 790 1740 quaelibet
821 1673 1065 1731 Ecclesia
1095 1679 1181 1732 sui
1217 1681 1457 1749 patroni,
1492 1688 1548 1736 et
1573 1681 1621 1737 si
1655 1697 1789 1736 con-

193 1756 378 1812 fessor
418 1757 622 1822 fuerit,
666 1759 864 1816 festum
911 1765 1230 1820 solemnitcr
1267 1768 1549 1835 observet,
1579 1780 1787 1840 quanto

191 1850 373 1920 magis
416 1867 610 1907 eorum
657 1855 753 1923 qui
791 1855 964 1911 totius
991 1857 1248 1915 Ecclesiae
1277 1876 1387 1915 non
1422 1870 1534 1916 tam
1566 1863 1785 1932 patroni

190 1953 360 2008 quam
389 1939 582 1996 Patres
609 1944 968 2013 exstiterunt,
1012 1963 1176 2018 quam
1213 1959 1267 2004 et
1313 1966 1487 2020 usque
1534 1953 1602 2006 ad
1639 1968 1787 2007 mar-

1895 1231 1971 1288 De
2002 1234 2090 1288 his
2144 1235 2366 1304 quidem
2421 1238 2629 1292 sanctis
2685 1239 3017 1310 martyribus
3070 1239 3470 1304 invitatorium,

1895 1324 2153 1395 hymnus,
2180 1328 2551 1398 responsoria,
2576 1330 2773 1400 psalmi
2795 1338 2851 1385 et
2882 1346 3096 1396 versus,
3131 1341 3195 1385 ut
3233 1333 3300 1385 de
3324 1347 3475 1386 mar-

1894 1416 2136 1486 tyribus,
2189 1417 2567 1473 decantantur.
2630 1418 2769 1475 Nota
2817 1428 2997 1476 autem
3047 1419 3103 1474 S.
3151 1420 3474 1490 Gregorium

1892 1518 2087 1573 papam
2123 1505 2143 1557 l
2176 1506 2229 1560 in
2255 1508 2499 1577 graduali
2535 1508 2676 1563 libro
2726 1510 2794 1563 de
2830 1510 2916 1564 his
2951 1510 3304 1580 martyribus,
3329 1510 3476 1565 sicut

1889 1600 1945 1646 ct
1977 1592 2044 1646 de
2087 1593 2324 1648 confess.
2371 1595 2702 1665 pontificalia
2749 1597 3265 1653 administrantibus
3312 1598 3473 1652 instié-

1887 1681 2061 1737 tuisse
2091 1683 2286 1750 ollicia,
2329 1693 2389 1738 ut
2418 1685 2485 1739 de
2521 1684 2578 1738 S.
2619 1684 2876 1740 Marcello
2896 1685 2958 1740 P.
2986 1697 3040 1741 et
3078 1687 3148 1741 Μ.
3186 1685 3392 1742 Statuit
3420 1687 3472 1740 ei

1888 1772 2178 1837 Dominus;
2209 1785 2263 1829 et
2290 1775 2358 1830 de
2402 1775 2460 1829 S.
2506 1775 2682 1831 Felice
2725 1775 2786 1830 P.
2819 1786 2875 1832 et
2917 1777 2987 1832 M.
3032 1777 3363 1834 Sacerdotes.
3403 1776 3472 1832 Et

1889 1861 1993 1918 hoc
2032 1863 2221 1932 utique
2248 1863 2383 1918 satis
2416 1877 2655 1935 congrue
2689 1876 2912 1936 propter
2953 1866 3330 1922 excellentiam
3372 1865 3464 1920 di-

1887 1953 2113 2023 gnitatis
2141 1954 2473 2023 apostolicae.

195 2123 3427 2172 Ἢ

866 2273 1540 2387 SANCTI
1600 2274 2510 2390 GREGOBII
2567 2279 2858 2390 νιι

1429 2481 1813 2539 PONTlFlClS
1849 2481 2114 2538 ROMANI

485 2653 901 2780 0PEllllM
981 2651 1248 2780 PARS
1333 2653 1763 2780 TERTIA.
1856 2700 1982 2731 --
2073 2650 2529 2782 CONGILIA
2605 2655 3068 2784 B0llANA.

1121 2983 1788 3077 CONCILIUM
1869 2983 2461 3076 BOMANUM
2551 2987 2588 3073 Ι

1157 3175 1296 3234 PRO
1356 3173 1829 3234 REFORMANDO
1890 3173 2248 3230 ECCLESIIE

2315 3173 2564 3230 STATU.

1297 3331 1705 3396 Celebratum
1742 3346 1914 3394 anno
1965 3333 2229 3394 Domini
2265 3333 2441 3393 1οη.

995 3499 1174 3570 (Apud
1202 3497 1394 3567 MANSI,
1436 3497 1796 3554 Conciliorum
1825 3495 2043 3553 Collect.
2069 3507 2202 3552 tom.
2235 3497 2355 3565 XX,
2395 3497 2500 3554 col.
2522 3496 2665 3552 40H

1578 3651 2021 3667 ﬂ

236 3811 564 3884 Gregorius,
588 3807 1055 3880 praedecessorum
1106 3823 1334 3862 suorum
1380 3804 1627 3876 vestigiis
1667 3805 1756 3860 in-
1793 3787 1835 3842 Β
1863 3803 2025 3859 vivere
2074 3814 2279 3876 cogeret
2325 3805 2433 3859 ritu
2483 3805 2824 3878 angelorum,
2864 3816 2914 3863 et
2962 3808 3092 3864 dum
3134 3820 3441 3867 consuetum

176 3906 391 3972 sistens,
429 3919 533 3974 per
576 3901 871 3972 epistolam
915 3900 983 3955 ad
1021 3899 1308 3969 episcopos
1360 3897 1756 3967 Longobardia:

174 3997 352 4052 datam
389 3993 596 4049 indixit
621 3991 890 4063 synodum
921 3989 1096 4060 prima
1138 3987 1476 4043 bebdomada
1510 3985 1756 4053 Quadra-

175 4091 391 4160 gesima:
440 4085 866 4142 celebrandam.
931 4082 1145 4136 Statuto
1201 4081 1290 4134 die
1354 4079 1594 4148 cpisc0pi
1659 4078 1754 4148 qui

174 4179 460 4235 convocati
509 4177 732 4232 fuerant
775 4189 974 4246 magno
1023 4188 1252 4228 numero
1310 4170 1620 4226 adfuerunt.
1672 4171 1754 4224 Ad

171 4271 585 4342 expurgandam
624 4266 928 4322 Ecclesiam
971 4281 1002 4320 a
1041 4262 1451 4320 concubinariis
1495 4260 1753 4316 sacerdo-

172 4362 317 4416 tibus
365 4360 638 4431 principio
681 4364 1008 4419 statuerunt,
1051 4363 1131 4420 ut,
1179 4352 1466 4408 secundum
1507 4352 1752 4405 instituta

172 4454 515 4522 antiquorum
548 4464 843 4513 canonum,
868 4445 1044 4516 inquit
1069 4443 1420 4507 Lambertus,
1466 4442 1753 4512 presbyteri

172 4559 360 4597 uxores
383 4557 489 4594 non
527 4539 775 4603 habeant,
814 4537 1058 4589 habentes
1091 4543 1184 4588 aut
1215 4535 1488 4587 dimittant
1525 4540 1618 4584 aut
1657 4533 1752 4584 de-

171 4643 456 4702 ponantur.
515 4629 628 4684 Nec
679 4629 959 4699 quisquam
1001 4627 1211 4678 omnino
1272 4624 1340 4676 ad
1395 4622 1752 4677 sacerdotium

171 4725 510 4788 admittatur,
557 4722 648 4793 qui
678 4737 782 4774 non
818 4721 873 4772 in
910 4728 1214 4788 perpetuum
1255 4715 1633 4768 continentiam
1669 4713 1753 4766 vi-

172 4826 380 4886 tamque
424 4813 665 4868 cwlibem
713 4812 1044 4881 proﬁteatur.
1084 4807 1258 4875 Quam
1305 4805 1750 4861 constitutionem

169 4907 296 4962 dum
326 4907 492 4977 jussu
521 4903 803 4976 pontiﬁcis
832 4900 1073 4971 episcopi
1102 4899 1156 4952 in
1192 4897 1483 4953 Germania
1505 4895 1752 4966 promul-

170 5008 408 5071 gassent,
458 4997 785 5053 acciderunt
825 5007 949 5064 quae
993 5006 1026 5047 a
1082 4990 1376 5046 Lamberto
1409 5001 1554 5043 anno
1613 4987 1750 5041 1074

1858 3915 2072 3952 cursum
2103 3907 2310 3954 natura:
2338 3908 2580 3970 negaret,
2616 3901 2960 3970 fornicationi
2998 3910 3048 3956 et
3087 3903 3445 3960 immunditici

1858 3988 2008 4057 frena
2042 3988 2271 4043 laxaret.
2322 3989 2476 4054 Quod
2522 3991 2571 4043 si
2611 4001 2843 4062 pergeret
2884 3996 3198 4048 sententiam
3243 3995 3442 4066 conﬁr-

1856 4096 2022 4146 mare,
2058 4080 2216 4134 malle
2261 4097 2315 4134 se
2358 4083 2712 4136 sacerdotium
2744 4100 2905 4152 quam
2947 4086 3250 4156 conjugium
3290 4087 3442 4140 dese-

1858 4185 1988 4234 rere,
2019 4177 2070 4222 et
2116 4179 2238 4222 tunc
2293 4169 2527 4223 visurum
2569 4187 2720 4236 eum,
2748 4173 2832 4224 cui
2863 4171 3098 4227 homines
3144 4174 3437 4242 sorderent,

1855 4260 1993 4314 unde
2019 4260 2370 4330 gubernandis
2393 4278 2484 4331 per
2515 4260 2810 4316 Ecclesium
2840 4262 2940 4317 Dei
2961 4263 3199 4334 plebibus
3226 4267 3438 4338 angelos

1855 4360 2261 4420 comparaturus
2297 4360 2450 4405 esset.

1927 4439 2291 4514 Nihilominus
2357 4441 2625 4507 instabat,
2667 4450 2719 4496 et
2788 4437 3018 4499 assiduis
3079 4445 3435 4518 legationibus

1853 4534 2118 4602 episcopos
2170 4549 2346 4587 omnes
2401 4533 2656 4588 socordia:
2689 4553 2752 4590 ac
2791 4535 3011 4591 desidia:
3065 4539 3353 4610 arguebat,
3386 4548 3437 4593 et

1854 4624 1959 4677 nisi
2003 4625 2147 4678 ocius
2204 4625 2502 4694 injunctum
2545 4617 2648 4681 sibi
2685 4627 2948 4697 negotium
3005 4640 3433 4700 exsequerentur,

1853 4713 2145 4782 apostolica
2191 4731 2245 4767 se
2291 4730 2511 4769 censura
2544 4716 2601 4769 in
2644 4732 2729 4768 eos
2773 4716 3263 4771 animadversurum
3285 4733 3435 4770 com-

1854 4805 2176 4858 minabatur.
2227 4805 2663 4876 Archiepiscopus
2719 4806 3061 4877 Moguntinus
3113 4809 3281 4862 sciens
3330 4825 3435 4862 non

1852 4914 2010 4966 parvo
2040 4906 2282 4951 constare
2320 4913 2533 4966 operam
2567 4899 2724 4962 hanc,
2770 4907 2826 4950 ut
2873 4905 3022 4951 tanto
3083 4907 3310 4969 tempore
3350 4900 3436 4953 in-

1853 4988 2039 5042 olitam
2062 4989 2492 5044 consuetudinem
2529 4987 2817 5055 recelleret,
2842 4997 3000 5061 atque
3032 4991 3101 5044 ad
3133 4991 3439 5048 rudimenta

171 5092 560 5163 describuntur
608 5089 700 5143 his
753 5086 982 5142 verbis:
1028 5083 1290 5137 Adversus
1341 5081 1436 5134 hoc
1485 5079 1751 5134 decretum
1779 5121 1820 5176 Ο
1854 5084 2117 5136 nascentis
2152 5079 2406 5134 Ecclesia:
2447 5087 2795 5135 senescentem
2809 5080 2929 5148 jam
2969 5081 3227 5149 mundum
3268 5083 3442 5153 refor-

735 5193 761 5204 ..
782 5173 1056 5204 ἓκΓ-Αοοηιῖι
1086 5180 1192 5204 οηοη
1231 5171 1390 5204 fni-lin
1415 5169 1726 5204 rlnva‘nnvum

287 5197 407 5204 ια.---
434 5194 612 5204 ..ρ-Α...
623 5194 676 5204 Α..

1854 5180 2021 5204 mne-nl
2072 5169 2392 5204 mndavnh'uc
2422 5169 2611 5204 nnn‘nn!
2663 5182 2780 5204 tum
2827 5169 2900 5204 ιε.
2974 5168 3039 5204 Po
3079 5173 3251 5204 κσέιιυι
3277 5175 3349 5204 Αἰ-
3388 5179 3463 5204 2..-
