3988 5328
1251 238 1311 310 δέ
1348 242 1675 307 cneconn
1711 232 1991 312 myope.
2029 233 2090 290 Pl

2196 232 2217 318 ξ
2246 228 2337 285 ιιι.
2361 257 2434 271 -
2466 222 2787 283 CONCILIA
2823 216 3132 279 unusne.

3654 208 3754 267 752

477 389 557 448 ut,
596 378 830 450 relegata
891 372 1037 428 omni
1100 362 1529 438 tergiversatione
1581 353 2064 427 impracentiarum
2094 362 2140 419 Α
2163 320 2267 401 cur
2295 341 2561 398 adversus
2589 336 2913 394 Anselmum
2960 331 3282 405 episcopum
3325 337 3492 382 suum
3535 320 3753 378 Lucen-

1639 449 1644 450 ⁷
1746 448 1755 450 4
1880 445 1892 450 ’
1939 444 1951 450 ’
2264 449 2270 450 ί
2329 430 2728 450 ⁴““““²--”-⁴-·
2780 424 2882 450 nn:
2921 424 2984 450 ’³η-
3022 416 3432 450 ιυι-ἰι-ηἶ-ισιίῖηηο
3461 422 3515 450 ne
3539 412 3753 450 ἰῃοίιιίἰε

478 444 575 529 aut
597 444 905 541 conjugium
930 463 1260 533 abjurarent,
1295 460 1388 509 aut
1423 452 1568 508 sacri
1591 448 1785 504 altaris
1818 444 2063 500 ministe-

478 562 561 618 rio
583 577 637 616 se
670 532 1001 613 dbdicarent.
1030 546 1233 603 Multas
1258 551 1475 600 econtra
1497 539 1583 594 illi
1620 537 1853 592 rationes
1878 532 2064 602 aﬂ‘ere-

482 660 642 722 ban.,
680 650 868 724 quibus
907 643 1164 700 instantis
1202 636 1633 711 perurgentisque
1675 627 2068 701 improbitatem

482 720 1196 820 [lortcpimportunitatem]
1230 727 1459 793 eludere,
1498 720 1915 789 sententiamque
1949 729 2070 769 cas-

480 804 599 893 sure
646 804 958 887 niterentur.
1005 824 1240 895 Cumque
1283 819 1533 874 adversus
1579 809 1899 887 apostolicis
1929 804 2069 861 sedis

481 921 875 987 auctoritatem,
898 931 1005 989 qua
1036 929 1090 969 se
1123 884 1221 965 ille"
1249 908 1318 963 ad
1349 907 1484 960 hanc
1513 901 1844 958 exactionem
1877 884 2073 967 prieter

481 1004 804 1074 voluntatem
824 985 1099 1081 propriam
1118 999 1447 1072 compulsum
1468 992 1802 1059 obtendebat,
1829 985 1965 1043 nihil
1983 1001 2074 1041 ar-

482 1116 753 1183 gumenta,
799 1079 937 1157 nihil
978 1094 1392 1170 supplicationes
1426 1098 1706 1160 precesque
1737 1079 2071 1153 proﬁcerent,

481 1170 674 1274 egressi
698 1170 952 1268 tanquam
991 1190 1062 1245 ad
1088 1182 1518 1247 consultandum,
1571 1174 1855 1232 consilium
1891 1170 2081 1225 ineunt.

483 1260 544 1350 ut
569 1293 626 1347 in
658 1260 919 1362 synodum
953 1298 1059 1337 non
1089 1278 1327 1343 redeant,
1356 1272 1447 1328 sed
1473 1269 1666 1341 injussi
1689 1280 1867 1322 omnes
1894 1263 1953 1317 in
1978 1260 2077 1315 do-

485 1402 599 1442 mos
619 1352 747 1441 suas
770 1375 1067 1434 discedant.
1109 1365 1371 1424 Nonnulli
1404 1365 1570 1419 etiam
1594 1358 1831 1429 confusis
1861 1352 2077 1409 vocibus

488 1473 861 1538 clamitabant,
891 1465 1080 1522 melius
1101 1461 1202 1518 sibi
1227 1457 1397 1515 videri
1428 1454 1564 1509 utin
1587 1449 1849 1523 synodum
1876 1459 2080 1517 regres-

490 1573 538 1626 si
563 1572 737 1640 ipsum
772 1563 1095 1634 episcopum,
1132 1553 1440 1625 priusquam
1482 1540 1860 1601 exsecrabilem
1894 1539 2081 1640 adver-

489 1624 597 1715 sus.
621 1673 708 1713 eos
745 1624 1063 1708 sententiam
1108 1639 1489 1717 promulgaret,
1519 1632 1772 1690 cathedra
1791 1624 2080 1701 episcopali

488 1748 853 1812 deturbarent,
877 1750 927 1797 et
963 1738 1156 1793 merita
1181 1741 1348 1788 morte
1377 1727 1607 1784 multato
1643 1724 1851 1794 insigne
1894 1734 2083 1774 monu-

432 1844 439 1851 ’
489 1850 723 1899 mentum
747 1835 816 1891 ad
848 1841 1081 1906 posteros
1118 1824 1560 1885 transmitterent,
1594 1832 1657 1872 ne
1692 1815 1810 1886 quis
1837 1812 2080 1881 deinceps

489 1904 857 1988 successorum
876 1924 989 1995 ejus
1005 1920 1163 1975 talem
1188 1911 1509 1972 sacerdotali
1535 1908 1734 1965 nomini
1759 1904 2084 1961 calumniam

490 2033 691 2078 struere
738 2021 983 2073 tentaret.
1030 2009 1165 2067 Cum
1216 2006 1286 2062 ad
1324 2005 1628 2076 episcopum
1671 1997 1905 2055 relatum
1948 2000 2083 2050 esset

491 2118 589 2169 hoc
630 2126 719 2166 eos
759 2102 1080 2169 machinari,
1119 2096 1471 2155 commonitus
1494 2110 1527 2147 a
1551 2091 1663 2148 suis
1713 2097 1771 2143 ut
1799 2084 2085 2141 tumultum

493 2207 586 2278 qui
610 2201 883 2258 oriebatur
912 2203 1136 2255 matura,
1176 2186 1535 2257 moderatione
1559 2187 1909 2255 prreverteret,
1939 2174 2087 2229 misit

494 2267 564 2351 (id
591 2310 675 2350 eos
699 2292 865 2362 foras,
891 2285 1196 2358 rogavitque
1224 2288 1283 2335 ut
1310 2276 1494 2334 sedato
1514 2282 1723 2347 pectore
1746 2272 1805 2325 in
1826 2267 2086 2340 synodum

496 2383 913 2457 regrederentur,
940 2392 1014 2442 se,
1053 2387 1174 2428 cum
1204 2370 1439 2440 primum
1476 2361 1847 2435 opportunitas
1874 2355 2089 2411 arrisis-

497 2486 596 2545 set,
626 2474 849 2530 Romam
890 2468 1197 2529 missurum,
1237 2468 1289 2516 et
1328 2456 1601 2512 dominum
1642 2448 2013 2540 apostolicum,
2039 2445 2087 2499 si

497 2534 601 2638 qud
624 2571 796 2636 posset
826 2559 1052 2637 ratione,
1084 2552 1148 2607 ab
1171 2550 1270 2604 hac
1297 2538 1574 2601 sententia:
1596 2534 1907 2597 austeritate
1931 2534 2119 2591 dedu-.

500 2634 728 2714 cturum.
763 2634 984 2708 Postero
1014 2646 1100 2701 die
1125 2640 1376 2698 admissis
1414 2639 1481 2694 in‘
1500 2634 1829 2691 auditorium
1854 2638 2090 2683 commu-

499 2754 640 2807 niter
686 2746 842 2802 laicis
880 2751 932 2798 et
969 2738 1201 2803 clericis,
1240 2741 1461 2789 veterem
1504 2728 1659 2784 illam
1708 2724 1774 2779 de
1809 2719 2089 2778 reddendis

500 2839 720 2898 decimis
751 2832 1021 2908 querelam
1051 2827 1295 2899 replicat,
1323 2832 1429 2879 etc.

573 2931 635 2987 In
661 2902 776 2985 hac
786 2926 977 2983 eadem
1000 2918 1209 2993 synodo
1243 2909 1754 2972 excommunicatus
1776 2914 1861 2962 est
1884 2902 2093 2959 Robor-

501 3032 593 3080 tus
624 3016 961 3077 Guiscardus
991 3010 1463 3067 Nortmannorum
1487 3002 1767 3073 princeps,
1792 2996 1862 3053 de
1899 2992 2091 3075 quoin

502 3072 614 3171 ll—n—e
796 3105 961 3180 primi
995 3104 1157 3173 epist.
1203 3094 1646 3168 Gregorii'supra
1690 3090 1807 3144 haec
1847 3072 2095 3141 referun-

504 3213 597 3261 tur
623 3222 636 3258 :
672 3178 967 3257 Celebravit
987 3193 1168 3248 Romae
1189 3184 1471 3258 synodum,
1501 3182 1558 3267 in
1582 3196 1709 3251 qua,
1742 3178 1882 3232 inter
1902 3181 2097 3229 castera

504 3309 625 3368 quae
651 3291 725 3347 ibi
747 3295 892 3362 gesta
914 3290 1059 3350 sunt,
1100 3264 1575 3334 excommunicauit
1601 3277 1762 3339 atque
1782 3264 2095 3321 anathema-

507 3352 697 3442 tizauit
720 3352 1005 3434 liabertum
1033 3367 1387 3426 Guiscardum
1417 3363 1603 3418 ducem
1626 3358 1837 3431 Apulia:
1859 3365 1910 3410 et
1936 3352 2099 3409 Cala-

511 3475 646 3532 bria:
692 3480 849 3542 atque
897 3462 1123 3529 Siciliw,
1159 3474 1279 3514 cum
1322 3454 1563 3511 omnibus
1616 3447 1920 3521 fautoribus
1964 3443 2097 3508 suis,

509 3531 780 3638 quousque
823 3556 1167 3627 resipisceret.
1201 3548 1335 3604 Post
1368 3547 1487 3601 haec
1537 3542 1886 3599 diversorum
1926 3531 2098 3591 abba-

511 3624 635 3711 tum
660 3624 715 3708 et
756 3624 1144 3721 episcoporum
1180 3652 1362 3695 causa:
1386 3633 1621 3706 cognitae
1650 3637 1781 3686 sunt
1808 3637 1864 3683 et
1899 3624 2101 3697 dijudig

511 3755 668 3802 caue.
724 3717 1143 3797 Pictavensibus
1204 3725 1487 3787 canonicis
1538 3722 1809 3779 indultum
1871 3717 1994 3785 fuit,
2040 3724 2102 3770 ut

512 3853 705 3897 eorum
742 3835 1057 3906 episcopus,
1092 3826 1355 3889 decanus,
1389 3819 1473 3875 vel
1513 3816 1656 3872 alius
1678 3812 1879 3883 aliquis
1904 3807 2099 3880 praela-

511 3942 624 4000 tus,
644 3929 737 4000 jus
776 3898 1008 3981 retineat
1050 3917 1216 3973 certis
1271 3910 1468 3969 diebus
1498 3905 1755 3964 cantandi
1787 3902 2016 3958 missam
2043 3898 2101 3953 in

515 3995 697 4079 aliena
743 4027 798 4074 et
845 4020 1096 4083 exempta
1149 4003 1381 4063 ecclesia
1410 4044 1426 4070 ,
1485 4000 1631 4056 sicut
1687 3995 1876 4050 Romae
1938 3999 2102 4060 atque

515 4115 647 4171 alibi
674 4112 733 4168 in
754 4105 1084 4167 stationibus
1124 4095 1407 4156 observari
1446 4097 1828 4149 consueverat.
1873 4084 2101 4141 Decreto

516 4207 684 4278 hujus
718 4200 911 4276 synodi
933 4194 1252 4253 mandatum
1283 4197 1368 4245 est
1389 4184 1781 4256 Hispaniarum
1818 4175 2098 4241 Ecclesiis,

516 4269 934 4357 ut'Ronianum
987 4287 1236 4345 ordinem
1303 4289 1469 4349 atque
1521 4273 1762 4331 oﬂicium
1809 4269 2098 4339 recipiant,

518 4396 683 4462 prout
709 4370 1101 4454 Hispaniarum
1135 4370 1381 4444 episcopi
1406 4367 1503 4438 qui
1534 4370 1833 4436 praesentes
1861 4368 2018 4415 erant
2043 4372 2102 4413 se
2134 4384 2180 4438 ι)

2167 449 2282 492 sem
2320 430 2751 501 conspirassent.
2780 424 2886 493 Qui
2916 424 2987 480 de
3020 416 3432 490 conspiratione
3461 422 3521 469 et
3539 412 3757 468 insidiis

2152 539 2271 603 suo
2312 522 2574 601 episcopo
2607 516 2894 577 instructis
2934 511 3192 576 convicti,
3223 508 3384 579 juxta
3426 517 3679 561 canones
3705 510 3760 557 et

2168 598 2470 685 capitulum
2492 610 2670 667 sancti
2700 600 2958 679 martyris
2978 612 3032 660 et
3051 599 3328 674 pontiﬁcis
3358 594 3619 663 Fabiani,
3654 609 3759 665 quo

2169 702 2578 779 eonspiratores
2620 709 2676 755 et
2708 696 3062 753 insidiatores
3100 704 3332 748 suorum
3371 688 3761 758 episcoporum

2150 794 2341 867 ,curias
2360 776 2658 849 tradendos
2681 802 2806 845 esse
2836 783 3173 848 decernitur,
3192 779 3407 850 judicio
3439 776 3620 833 totius
3638 790 3766 830 san-

2172 895 2275 943 ctu:
2317 877 2510 957 synodi
2539 881 2708 937 etiam
2739 877 2845 950 ipsi
2879 875 3049 933 curiae
3096 871 3285 928 traditi
3340 868 3591 925 fuerunt.
3640 864 3764 921 Haec

2173 994 2243 1036 ex
2265 976 2518 1049 Gregorii
2542 974 2704 1045 epist.
2752 971 2816 1027 51
2848 978 2905 1026 et
2936 966 3296 1040 sequentibus
3338 963 3555 1030 decem,
3598 959 3767 1015 Baro-

2174 1067 2303 1124 nius
2326 1081 2473 1122 anno
2496 1062 2656 1130 1074,
2682 1076 2837 1117 num.
2874 1056 2943 1113 56
2980 1065 3037 1112 et
3063 1052 3443 1128 sequentibus.

2204 1246 2205 1251 η
2248 1177 2385 1234 Vide
2403 1175 2694 1249 epistolam
2731 1169 2982 1243 Gregorii
3003 1168 3073 1225 ad
3104 1164 3360 1224 Ottonem
3381 1159 3775 1220 Constantior:-

2177 1284 2295 1327 sem
2320 1267 2663 1339 episcopum,
2688 1261 2832 1319 infra
2855 1259 3100 1331 capitulo
3122 1257 3303 1329 primo
3324 1251 3615 1326 sequean
3640 1265 3775 1321 apo-

2177 1357 2417 1431 logetici,
2455 1372 2567 1427 qua
2600 1370 2730 1411 eum
2769 1353 2839 1409 de
2862 1351 3029 1409 rebus
3081 1348 3139 1403 in
3191 1347 3299 1402 hac
3341 1343 3559 1419 synodo
3607 1340 3776 1413 gestis

2180 1448 2501 1506 summatim
2544 1461 2613 1502 ac
2642 1444 2882 1501 breviter
2909 1439 3195 1507 informat,
3229 1449 3462 1507 qumque
3482 1433 3543 1488 in
3575 1447 3647 1487 ea
3684 1447 3776 1487 sa-

2179 1541 2413 1599 lubriter
2436 1549 2629 1596 contra
2651 1534 2999 1591 Simoniacos
3021 1538 3076 1587 et
3099 1524 3529 1587 concubinarios
3557 1521 3777 1579 decreta

2182 1642 2312 1690 sunt
2343 1647 2441 1703 per
2479 1628 2735 1686 eumdem
2766 1622 3104 1698 promulgari
3142 1618 3420 1692 praecepit.
3452 1613 3776 1686 Apologeti-

2112 1705 2157 1762 Β
2181 1739 2310 1787 cum
2344 1736 2654 1780 sermonem
2679 1724 2781 1791 pro
2811 1719 2918 1774 hac
2939 1714 3151 1788 synodo
3174 1711 3402 1782 scripsit
3427 1717 3629 1764 auctor
3657 1706 3781 1776 qui-

2182 1816 2308 1872 dam
2334 1876 2337 1877 ν
2365 1814 2533 1885 hujus
2581 1809 2868 1881 temporis,
2910 1807 3008 1880 qui
3048 1813 3228 1863 exstat
3275 1803 3332 1858 in
3386 1798 3778 1871 antiquissimo

2183 1904 2568 1975 manuscripto
2632 1901 2824 1958 codice
2896 1896 3218 1954 monasterii
3296 1888 3775 1963 Weingartensis,

2183 2013 2350 2071 quem
2370 1997 2498 2053 inde
2526 1995 2864 2066 descriptum
2891 1992 2984 2047 hic
3012 1986 3418 2060 subiungimus.

2680 2149 2842 2189 lNDBX
2878 2140 3273 2187 CAPITULORUI.

2189 2249 2241 2305 Ι.
2278 2247 2573 2304 Decretalis
2602 2243 2832 2316 epistola
2854 2237 3170 2297 venerabilis
3200 2252 3353 2308 papa
3380 2229 3653 2303 Gregorii,
3677 2237 3776 2283 etc.

2188 2341 2276 2397 II.
2318 2340 2397 2396 De
2428 2340 2749 2395 auctoritate
2774 2344 3004 2407 quatuor
3022 2328 3404 2403 principalium
3432 2322 3782 2379 conciliorum

2263 2431 2721 2486 aecumenicorum.

2192 2521 2311 2578 III.
2353 2521 2432 2576 De
2457 2519 2778 2574 auctoritate
2803 2512 3218 2586 apostolicarum
3245 2505 3713 2563 constitutionum.

2194 2612 2300 2670 ιν.
2345 2613 2422 2668 De
2449 2612 2772 2667 auctoritate
2802 2607 3127 2678 reliquorum
3154 2599 3535 2656 conciliorum.

2201 2704 2265 2762 V.
2304 2705 2489 2759 Brevis
2548 2699 2877 2757 enumeratio
2946 2696 3276 2750 decretorum
3339 2686 3636 2760 superioris
3679 2683 3785 2753 epi4

2262 2796 2436 2871 stolis.

2204 2887 2302 2945 VI.
2343 2888 2422 2942 De
2450 2885 2621 2957 primo
2648 2890 2877 2948 statuto,
2902 2878 2959 2933 id
2986 2887 3065 2932 est
3090 2876 3154 2931 de
3185 2872 3534 2929 Simoniacis.

2205 2979 2337 3035 VII.
2379 2979 2457 3034 De
2490 2976 2718 3033 secundo
2741 2981 2966 3040 statuto,
2996 2970 3052 3024 id
3078 2976 3155 3024 est
3183 2966 3249 3021 de
3274 2962 3603 3035 emptoribus
3626 2957 3788 3015 eccle-

2270 3072 2494 3126 siarum.

2211 3161 2378 3218 VIII.
2422 3159 2577 3226 Quod
2620 3166 2672 3213 et
2715 3171 2873 3210 sacra
2918 3150 3203 3222 Scriptura
3247 3148 3464 3201 damnet
3492 3142 3792 3197 venditores

2268 3249 2635 3322 spiritualium
2668 3246 2977 3316 officiorum.

2202 3321 2309 3401 IX
2348 3342 2424 3398 Χ.
2463 3340 2601 3396 Item
2638 3337 2777 3410 quod
2805 3344 3062 3406 emptores
3089 3346 3272 3386 eorum
3298 3327 3540 3393 damnet,
3574 3334 3629 3380 et
3654 3321 3793 3394 quod

2271 3434 2584 3488 mediatores
2614 3429 2771 3500 hujus
2805 3425 3001 3498 negotii
3029 3423 3264 3478 damnet.

2201 3524 2308 3581 XI.
2352 3524 2427 3579 De
2450 3524 2607 3579 tertio
2620 3528 2821 3576 statuto
2839 3519 2997 3572 dicta:
3020 3511 3303 3569 decretalis
3317 3506 3585 3581 epistola,
3606 3506 3667 3560 id
3693 3512 3791 3571 est,

2275 3626 2332 3671 ut
2364 3615 2745 3671 incontinentes
2771 3610 2937 3665 altari
2961 3606 3263 3663 nullatenus
3287 3602 3617 3656 ministrent.

2203 3707 2345 3764 XII.
2389 3707 2467 3762 De
2504 3706 2843 3761 anathemate
2882 3716 3066 3756 eorum
3102 3698 3191 3769 qui
3225 3692 3516 3765 defendunt
3563 3690 3795 3747 inconti-

2274 3800 2509 3855 nentiam
2539 3795 2872 3852 sacerdotum
2895 3809 2987 3864 per
3014 3788 3293 3846 Sozomeni
3321 3801 3440 3855 cap.
3471 3798 3542 3839 ea:
3574 3781 3797 3853 Τάραν-

2276 3893 2377 3945 tita
2410 3889 2640 3944 historia
2670 3886 3057 3956 depromptum.

2203 3981 2381 4039 XIII.
2424 3981 2577 4048 Quod
2606 3996 2710 4034 non
2739 3991 3013 4041 sacrorum
3038 3972 3322 4037 ministris,
3345 3967 3435 4023 sed
3461 3966 3649 4030 laicis,
3673 3980 3795 4036 per-

2276 4077 2497 4129 missum
2531 4073 2600 4127 sit
2633 4080 2691 4125 ut
2736 4068 3090 4139 unusquisque
3132 4079 3288 4119 suam
3330 4060 3522 4115 habeat
3550 4072 3791 4113 mrem.

2204 4160 2365 4219 XIV.
2409 4159 2551 4227 Quid
2596 4156 2881 4229 Apostolus
2915 4153 3205 4209 constituat
3251 4150 3319 4204 de
3362 4147 3536 4202 sacris
3593 4143 3799 4200 ordini-

2279 4255 2393 4309 bus.

2206 4346 2332 4401 XV.
2378 4344 2538 4401 Utilis
2577 4341 2933 4397 consideratio
2966 4336 3201 4408 ejusdem
3238 4331 3622 4388 institutionis.

585 4419 683 4443 υυ.
711 4419 806 4439 ...ο
847 4419 1101 4437 ωημηη..
1137 4419 1166 4429 ν
1208 4419 1381 4441 ----,_
1536 4419 1554 4436 ι
1609 4419 1612 4420 ,

518 4419 765 4537 acturos
789 4419 1201 4547 plromiserant.r
1218 4463 1448 4532 insuper
1472 4459 1626 4515 lectae
1664 4455 1885 4511 fuerunt
1909 4453 2103 4507 litterae
2136 4419 2178 4438 υ
2206 4438 2257 4493 Χ
2272 4437 2367 4492 VI.
2411 4434 2690 4507 Expositio
2733 4433 2873 4487 beati
2916 4427 3225 4497 Hieronymi
3256 4440 3415 4495 super
3450 4422 3695 4477 eamdem
3718 4419 3795 4472 in—

521 4571 698 4628 Geisaz
728 4561 1022 4636 ﬂungariae
1058 4557 1224 4627 regis,
1245 4550 1451 4624 quibus
1480 4548 1623 4606 idem
1649 4563 1745 4602 rex
1777 4560 1938 4601 suum
1974 4557 2102 4615 erga

523 4664 711 4719 sedem
734 4655 1091 4731 apostolicam
1112 4641 1542 4716 incomparabile
1568 4638 1811 4695 studium
1833 4646 1888 4692 et
1910 4638 2104 4691 obser-

524 4727 1084 4809 vantiam'indicabat,
1116 4747 1306 4811 petens
1333 4749 1404 4789 ne
1434 4730 1839 4787 adversantium
1864 4727 2104 4782 hostium

527 4856 757 4900 suorum
779 4835 1015 4910 querelis
1040 4842 1095 4888 et
1127 4824 1489 4885 calumniosis
1520 4817 1965 4876 accusationibus
1998 4816 2109 4871 ulla

528 4933 663 4989 ﬁdes
697 4926 1036 4985 adhibeatur.

600 5023 663 5077 In
693 5017 883 5076 eadem
929 5012 1137 5086 synodo
1173 5006 1500 5065 Guilielmus
1526 5002 1821 5073 episcopus
1869 4997 2115 5053 Bellova-

531 5112 717 5172 censis
744 5108 970 5179 dignum
1011 5094 1260 5158 exhibuit
1303 5097 1581 5168 specimen
1614 5089 1943 5149 Christiana:
1984 5088 2111 5143 cha-

534 5202 715 5261 ritatis
735 5204 792 5254 et
813 5192 1138 5266 episcopalis
1170 5188 1469 5254 modestiae,
1496 5195 1556 5241 ut
1591 5183 1687 5254 qui
1721 5179 2046 5254 gravissima
2084 5193 2116 5233 a

586 5300 653 5328 ,ιο
692 5304 804 5328 Mm
829 5285 1043 5328 Morini:
1067 5298 1230 5328 (illam
1262 5281 1419 5328 lainis
1450 5290 1767 5328 hermssus.
1796 5289 1895 5328 nro
1921 5273 2117 5328 iisdem

2277 4529 2625 4583 stitutionent.

2208 4619 2258 4674 X
2274 4617 2406 4674 VII.
2445 4616 2525 4672 De
2551 4623 2742 4688 quarto
2767 4619 2972 4668 statuto
2997 4607 3267 4681 praedicta:
3291 4602 3581 4659 aecretalis
3608 4602 3798 4672 episto—

2279 4712 2367 4777 lae,
2408 4726 2472 4765 ne
2524 4707 2748 4780 populus
2797 4704 2964 4775 oﬁicia
3016 4701 3331 4756 clericorum
3375 4695 3632 4766 recipiat,
3674 4707 3797 4763 quos

2281 4792 2574 4874 apostolica
2606 4806 2816 4855 statuta
2853 4802 3176 4851 contemnere
3208 4788 3406 4844 videat.

2211 4894 2444 4953 XVIII.
2486 4892 2597 4950 Cur
2616 4907 2797 4947 eorum
2818 4889 2991 4960 officia
3023 4882 3214 4956 populo
3241 4881 3351 4935 sint
3378 4877 3676 4949 prohibita.

2213 4987 2375 5044 XIX.
2418 4980 2745 5056 Explanatio
2783 4979 3065 5051 cujusdam
3117 4972 3339 5045 capituli
3382 4970 3528 5042 quod
3558 4965 3798 5041 pruenti

2236 5154 2241 5161 .
2284 5088 2487 5135 statuto
2523 5077 2796 5133 videbatur
2829 5068 3102 5126 adversari

2216 5154 2342 5229 XX.
2386 5170 2527 5237 Quid
2559 5167 2832 5222 dominum
2874 5159 3221 5233 apostolicum
3262 5154 3585 5224 compulerit
3613 5162 3672 5206 ut
3699 5152 3801 5205 hcc

2287 5271 2493 5319 statuta
2527 5260 2874 5328 depromeret.
