3988 5328
265 243 370 300 753

1489 248 1866 308 CONCILIUM
1909 249 2245 308 ROMANUM
2288 251 2327 306 1.

3443 259 3551 316 754

266 357 307 412 Χ
317 354 410 413 XI
411 355 500 412 11.
545 357 699 424 Quod
721 358 947 415 domnus
977 362 1302 431 apostolicus
1333 379 1438 419 non
1464 364 1638 419 solum
1659 366 1859 434 episco—
1887 369 1932 426 Α
1960 365 2384 436 tinopolitanum
2429 379 2670 438 quoque,
2714 379 2826 438 quo
2860 366 3113 424 Eunomii
3161 380 3216 426 et
3248 370 3552 430 Macedonii

331 465 426 518 pos
453 451 546 505 sed
585 459 637 506 et
677 452 916 507 subditos
946 469 1128 508 eorum
1163 454 1421 510 damnare
1450 457 1638 525 possit.

270 539 402 593 XXI
421 539 479 594 ν.
525 540 681 608 Quod
715 543 997 612 cujuslibet
1022 545 1255 615 episcopi
1285 547 1640 616 parocbionus
1661 548 1853 604 domno

328 633 625 699 apostolico
653 635 817 688 etiam
840 633 960 704 plus
996 636 1180 691 debeat
1223 637 1434 693 obedire
1456 655 1618 708 quam
1638 642 1852 709 proprio

327 739 596 794 episcopo.

456 853 991 913 APOLOGETICUS
1031 857 1258 914 SUPER
1297 858 1619 917 DECRETA

257 949 390 1012 (iure
427 950 766 1022 reiterabilis_
797 968 937 1020 papa
990 949 1274 1022 Gregorius
1328 953 1564 1022 ejusdem
1623 955 1850 1008 nominis

324 1021 586 1106 septimus
630 1021 685 1073 in
729 1020 973 1106 Romano
1015 1020 1618 1106 synodo‘promulgqvit
1666 1036 1852 1079 contra

325 1088 666 1145 Simoniacos
690 1101 741 1145 et
765 1088 1152 1147 incontinentes
1188 1088 1380 1148 altaris
1415 1088 1704 1150 ministros.

917 1199 1206 1240 ιιιιοιοῦυε.

323 1271 382 1328 In
411 1275 795 1344 superioribus
817 1277 1065 1347 epistolis
1097 1279 1176 1332 illi
1203 1289 1416 1347 nostro,
1441 1281 1580 1336 nolit
1611 1280 1754 1338 Deus
1788 1292 1850 1338 ut

250 1361 515 1433 deinceps
537 1363 743 1432 dicam,
779 1367 1000 1433 amulo,
1029 1367 1124 1423 sed
1150 1369 1495 1425 amicissimo
1527 1372 1848 1428 satislacere

249 1455 458 1522 studui,
491 1458 871 1526 etcapitulum
906 1460 1128 1516 statutis
1163 1461 1341 1516 nostri
1382 1463 1672 1532 apostolici
1709 1479 1845 1519 eon-

249 1548 485 1602 trarium
527 1549 844 1606 nullatenus
873 1551 1286 1618 attendendum,
1321 1561 1382 1608 ut
1411 1563 1538 1624 puta
1566 1554 1672 1609 sub
1706 1570 1844 1609 ana-

249 1637 493 1692 themate
547 1639 888 1708 prohibitum
960 1641 1241 1700 evidenter
1300 1645 1641 1711 monstravi,
1705 1646 1842 1701 adeo

247 1729 507 1784 videiicet
535 1738 596 1784 ut
618 1731 736 1800 ipse
771 1731 986 1789 amicus
1019 1743 1208 1789 noster
1236 1749 1295 1790 se
1313 1733 1430 1803 jam
1456 1750 1567 1790 non
1614 1735 1845 1793 ulterius

244 1819 630 1888 contentioni,
682 1822 782 1878 sed
823 1823 1084 1881 amicitiae
1126 1839 1352 1893 operam
1392 1825 1651 1880 daturum
1706 1827 1843 1882 mihi

245 1911 602 1968 rescriberet.
641 1913 750 1970 Sed
794 1916 980 1985 plures
1025 1916 1208 1976 adhuc
1236 1925 1466 1984 restant,
1494 1919 1587 1989 qui
1635 1919 1842 1974 eisdem

241 2003 472 2058 statutis
519 2005 805 2062 obstinato
845 2009 1034 2064 animo
1080 2009 1313 2064 nimium
1363 2011 1692 2080 periculose,
1731 2013 1843 2067 imo

245 2093 566 2161 perniciose
614 2097 915 2166 resistunt,
968 2101 1064 2171 qui
1117 2112 1172 2158 et
1232 2104 1372 2160 alios
1433 2106 1840 2175 simpliciores,

241 2183 449 2252 quippe
497 2201 611 2240 non
652 2189 886 2244 multum
945 2193 1223 2250 studiosos
1287 2195 1356 2250 ad
1412 2196 1842 2252 considerandos

243 2288 492 2329 canones
512 2276 650 2331 adeo
676 2280 968 2348 seducunt,
1000 2292 1059 2337 ut
1088 2293 1143 2338 et
1173 2284 1274 2354 ipsi
1303 2287 1591 2356 praedictas
1610 2289 1842 2342 authen-

245 2361 383 2418 ticas
415 2367 739 2424 sanctiones
779 2379 1164 2441 contemnant,
1199 2385 1254 2430 et
1290 2391 1446 2432 suam
1483 2361 1839 2433 consuetudi-

237 2468 368 2509 nem
395 2456 861 2525 jucundissimam
886 2464 1129 2533 quidem,
1165 2468 1258 2522 sed
1291 2469 1838 2538 perniciosissimam,

241 2547 485 2603 retinere
529 2552 884 2608 contendant.
931 2552 1088 2622 Quod
1119 2572 1228 2612 non
1277 2560 1462 2629 plures
1507 2575 1700 2615 eorum
1754 2561 1837 2617 fe-

230 2638 478 2707 cissent,
506 2650 568 2696 ut
611 2642 750 2698 mihi
798 2645 1034 2713 videtur,
1083 2648 1128 2701 si
1165 2648 1302 2718 ipsis
1326 2662 1669 2721 compertum
1703 2652 1840 2708 bene

241 2739 392 2786 esset
434 2749 606 2802 quam
661 2751 858 2806 parum
913 2747 968 2793 et
1019 2739 1204 2808 potius
1249 2757 1414 2812 quam
1465 2743 1603 2797 nihil
1653 2751 1840 2798 noster

242 2825 588 2892 apostolicus
643 2828 699 2882 in
754 2830 1030 2900 praedictis
1061 2833 1282 2888 statutis
1325 2834 1506 2889 dcviet
1552 2852 1583 2890 a
1631 2836 1838 2891 sanctis

239 2912 526 2973 Patribus.
556 2917 903 2991 Quapropter
933 2923 1068 2977 mihi
1101 2924 1348 2994 meisque
1375 2926 1652 2982 similibus
1686 2942 1839 2983 com-

238 3006 470 3060 modum
518 3006 637 3065 fore
684 3012 905 3078 censui,
954 3014 1000 3067 si
1055 3014 1245 3069 eadem
1294 3025 1500 3071 statuta
1554 3018 1838 3073 canonicis

239 3097 542 3166 scripturis
584 3099 928 3170 conferrem,
968 3113 1023 3158 et
1061 3116 1309 3160 mutuam
1360 3121 1551 3162 eorum
1601 3123 1836 3163 concor—

237 3186 392 3243 diam
424 3192 837 3264 qualiscunque
868 3195 992 3266 styli
1030 3195 1210 3253 oﬁicio
1244 3198 1484 3254 breviter
1508 3216 1573 3256 ac
1610 3200 1839 3255 ﬁdeliter

238 3283 724 3351 commendarem,
771 3287 968 3342 ethoc
1012 3303 1076 3342 ea
1130 3289 1471 3346 intentione:
1517 3300 1578 3346 ut
1613 3292 1658 3348 si
1711 3291 1837 3362 quis

236 3369 477 3428 forsitan
529 3390 598 3430 ex
644 3376 833 3432 idiotis
880 3378 983 3434 hoc
1037 3380 1311 3450 inspicere
1345 3383 1630 3454 dignetur,
1684 3393 1836 3438 tanto

235 3463 492 3521 vivacius
530 3466 600 3521 ad
633 3467 1002 3524 obediendum
1027 3472 1348 3541 apostolicis
1384 3474 1657 3529 institutis
1691 3478 1833 3532 resi-

235 3553 438 3623 piscat,
461 3565 674 3628 quanto
713 3560 1021 3618 evidentius
1061 3563 1243 3618 videat
1283 3565 1399 3620 haec
1431 3566 1620 3621 eadem
1655 3569 1833 3623 nulla-

235 3655 401 3705 tenus
437 3665 470 3705 a
513 3653 914 3709 sacratissimis
961 3655 1268 3711 canonibus
1294 3657 1546 3724 deviare,
1576 3659 1668 3713 sed
1705 3676 1832 3715 cum

231 3735 448 3794 eisdem
474 3755 542 3796 ex
575 3741 696 3812 ipsa
722 3758 880 3800 sacra
914 3743 1200 3814 Scriptura
1231 3747 1587 3818 processisse.

855 3834 1222 3893 CAPITULA.

311 3921 353 3977 1.
409 3937 469 3979 ιιι
501 3926 698 3995 primis
744 3927 912 3998 igitur
945 3927 1272 3984 decretalem
1318 3930 1604 3999 epistolam
1656 3933 1829 3986 nostri

233 4016 528 4085 apostolici
569 4017 882 4076 describere
920 4019 1113 4089 juvat,
1165 4028 1226 4075 ut
1275 4028 1427 4076 tanto
1461 4022 1705 4090 apertius
1740 4037 1828 4078 se-

233 4108 465 4177 quentia
490 4108 805 4165 elucescere
827 4111 1062 4168 valeant.

307 4218 328 4252 t
377 4198 694 4258 Gnscoaws
736 4201 1064 4273 episcopus,
1112 4217 1304 4258 servus
1359 4217 1646 4258 servorum
1698 4202 1823 4271 Dei,

233 4287 440 4344 dilecto
475 4289 532 4343 in
561 4290 789 4347 Christo
827 4290 986 4346 fratri
1010 4291 1223 4347 0110s:
1261 4293 1672 4348 Constantiensi
1707 4295 1826 4363 epi-

233 4394 430 4450 δευρί),
457 4383 694 4436 salutem
715 4391 770 4437 et
792 4385 1150 4453 apostolicam
1177 4385 1630 4441 benedictionem.

310 4491 328 4521 ι
379 4470 650 4528 lnstantia
700 4475 1022 4530 nuntiorum
1077 4483 1333 4540 tuorum,
1399 4496 1416 4527 ι
1473 4485 1577 4531 etc.
1634 4476 1826 4533 Exstat

233 4579 397 4632 supra
427 4565 567 4618 inter
592 4565 866 4635 epistolas.

303 4653 367 4709 ll.
411 4654 519 4710 Sed
566 4657 889 4727 priusquam
933 4665 1137 4713 statuta
1173 4659 1487 4730 singulatim
1523 4661 1828 4716 considere-

237 4763 377 4812 mus,
403 4749 682 4821 quiddam.
699 4750 766 4806 de
789 4750 1033 4821 ipsorum
1068 4767 1341 4807 canonum
1368 4753 1694 4808 auctoritate
1716 4768 1824 4807 non

238 4839 652 4896 incommodum
703 4842 914 4898 aestimo
950 4842 1252 4912 praelibare,
1305 4851 1365 4896 ut
1417 4853 1568 4899 tanto
1614 4844 1825 4898 ﬁrmius

236 4939 489 4989 teneatur
513 4932 778 5004 quidquid
807 4950 874 4990 ex
909 4935 990 4990 eis
1011 4933 1077 4989 ad
1108 4934 1514 4992 observandum
1550 4935 1708 4990 nobis
1731 4933 1825 4989 de-

234 5027 542 5082 nuntiatur.

295 5116 704 5174 Sanctissimus
739 5135 875 5188 papa
908 5117 1216 5187 Gregorius,
1275 5131 1438 5185 quem
1473 5129 1657 5176 noster
1688 5134 1821 5188 apo-

232 5209 463 5264 stolicus
517 5209 736 5264 nomine
777 5219 833 5264 et
885 5209 1092 5264 actione
1144 5206 1356 5265 nostris
1412 5209 1823 5278 repraesentavit

233 5299 580 5328 'Amnnlo:lallb
648 5299 696 5328 :n
742 5317 836 5328 Anon
885 5301 1130 5328 nlr-1l\tl:l\n
1188 5299 1246 5328 :1.
1284 5306 1362 5328 nol
1416 5301 1661 5328 (vol-\n.|n|:
1708 5301 1789 5328 an“:

1954 472 2113 513 error
2148 459 2532 524 convincitur;
2585 457 2922 529 Ephesinum
2967 460 3134 516 etiam
3185 461 3446 532 primum,
3493 465 3551 518 in

1957 559 2069 616 quo
2126 545 2362 604 Nestorii
2414 548 2666 618 impietas
2729 548 3040 618 judicatur;
3104 549 3556 609 Chalcedonense

1955 650 2110 702 vero,
2135 636 2190 690 in
2213 652 2324 707 quo
2356 635 2672 708 Eutychetis
2695 637 3054 711 Dioscorique
3075 642 3316 711 pravitas
3351 659 3548 715 τριπο-

1953 724 2134 791 batur,
2172 733 2284 781 tota
2334 725 2623 782 devotione
2664 727 2986 798 amplector,
3011 727 3394 800 intergarrima
3451 748 3548 804 ap-

1953 815 2277 885 probatione
2298 817 2578 884 custodio;
2605 817 2735 889 quia
2770 819 2826 875 in
2859 819 2948 876 his
2973 821 3123 877 velut
3170 822 3226 876 in
3273 824 3565 894 quadrato

1954 907 2132 978 lapide
2158 917 2360 964 sanctae
2383 909 2507 964 ﬁdei
2535 918 2812 966 structura
2834 912 3142 984 consurgit,
3174 922 3230 968 et
3254 914 3549 985 cujuslibet

1952 999 2080 1055 vitae
2111 1009 2276 1071 atque
2323 1001 2560 1057 actionis
2589 1016 2785 1058 norma
2827 1003 3101 1060 consistit.
3153 1003 3419 1077 Quisquis
3451 1020 3547 1060 eo-

1953 1107 2074 1146 rum
2114 1093 2454 1149 soliditatem
2469 1108 2579 1149 non
2603 1101 2772 1160 tenet,
2798 1095 3016 1153 etiamsi
3036 1096 3176 1168 lapis
3201 1112 3326 1154 esse
3353 1097 3543 1153 videa-

1953 1193 2062 1250 tur,
2101 1192 2285 1241 tamen
2307 1193 2462 1240 extra
2485 1185 2775 1242 aediﬁcium
2797 1186 2964 1258 jacet.
2993 1185 3233 1243 Cunctas
3259 1203 3390 1244 vero
3414 1203 3543 1260 per-

1951 1290 2120 1332 sonas
2175 1291 2316 1346 quas
2368 1275 2593 1348 praefata
2639 1278 2951 1334 veneranda
3001 1279 3234 1335 concilia
3276 1290 3548 1351 respuunt

1925 1382 2174 1438 respuo,
2200 1384 2339 1440 quas
2372 1377 2702 1425 venerantur
2736 1369 3068 1441 amplector;
3102 1371 3230 1442 quia
3258 1371 3388 1427 dum
3415 1372 3542 1427 uni-

1949 1460 2147 1515 versali
2198 1475 2472 1516 consensu
2521 1469 2652 1518 sunt
2696 1461 3030 1528 constituta,
3087 1478 3148 1518 se
3180 1472 3236 1518 ct
3285 1478 3396 1518 non
3447 1463 3540 1518 illa

1947 1551 2204 1619 destruit,
2251 1553 2506 1624 quisquis
2534 1554 2821 1623 praesumit
2853 1563 2949 1612 aut
2994 1555 3207 1611 solvere
3233 1569 3376 1625 quos
3412 1555 3540 1610 reli-

1948 1651 2099 1712 gant,
2133 1650 2227 1697 aut
2261 1642 2435 1714 ligare
2458 1657 2601 1713 quos
2623 1643 2865 1698 solvunt.
2914 1643 3177 1714 Quisquis
3219 1659 3350 1714 ergo
3390 1643 3540 1698 aliud

1947 1733 2109 1802 sapit,
2137 1733 2428 1789 anathema
2452 1734 2541 1789 sit.
2570 1733 2856 1804 [lucusque
2877 1733 3180 1805 Gregorius.

2021 1822 2173 1879 lianc
2203 1834 2387 1880 autem
2419 1825 2736 1896 synodalem
2775 1825 3064 1896 epistolam
3099 1826 3243 1882 idem
3268 1826 3548 1895 apostoli--

1944 1929 2045 1972 cus
2079 1916 2266 1971 statim
2311 1925 2436 1988 post
2475 1917 2881 1974 ordinationem
2929 1933 3087 1974 suam
3125 1917 3456 1988 composuit,
3481 1929 3536 1974 et

1946 2007 2175 2078 reliquis
2230 2009 2584 2078 patriarchis,
2631 2009 2833 2080 quippe
2884 2008 3533 2080 Constantinopolitano,

1942 2098 2335 2167 Alexandrino,
2352 2101 2719 2168 Antiocheno,
2749 2099 3247 2174 Hierosolymitano
3275 2103 3534 2158 transmi-

1943 2190 2036 2244 sit.
2067 2189 2421 2250 Consuetudo
2456 2193 2604 2250 enim
2627 2201 2745 2250 erat
2763 2208 2830 2248 eo
2850 2203 3098 2263 tempore
3135 2203 3193 2248 ut
3220 2193 3451 2263 quilibet
3477 2193 3554 2248 in.

1943 2281 2128 2351 aliqua
2159 2283 2612 2351 patriarcbalium
2645 2284 2860 2338 sedium
2883 2285 3098 2340 noviter
3137 2285 3443 2349 ordinatus,
3475 2299 3534 2339 se

1942 2372 2232 2442 praedictas
2259 2383 2496 2443 quatuor
2524 2374 2764 2446 synodos
2793 2375 3092 2442 custodire,
3117 2376 3345 2446 reliquis
3386 2375 3503 2432 sedi
3528 2404 3536 2417 ι

1942 2463 2047 2520 bus
2078 2465 2404 2522 transmissa
2441 2465 2671 2537 epistola
2700 2465 3067 2536 proﬁteretur,
3091 2475 3384 2537 antequam
3428 2479 3532 2523 no-

1943 2569 2066 2611 men
2096 2557 2219 2626 ejus
2258 2557 2403 2628 apud
2435 2558 2678 2628 reliquas
2715 2557 2874 2614 sedes
2908 2558 2965 2613 in
2986 2558 3258 2630 diptychis
3292 2557 3536 2614 describi

1939 2656 2243 2702 mereretur
2273 2666 2284 2699 :
2322 2664 2520 2706 nomen
2552 2649 2802 2705 videlicet
2839 2649 3257 2718 praedecessoris
3290 2649 3431 2718 ejus,
3459 2648 3534 2705 li-

1939 2738 2310 2804 cetdel‘uncti,
2354 2739 2580 2808 reliquae
2630 2741 2787 2794 sedes
2838 2739 3232 2810 computabant
3265 2739 3406 2798 inter
3445 2736 3532 2793 vi-

1940 2839 2151 2896 ventes,
2179 2831 2355 2886 donec
2397 2831 2572 2901 ipsius
2631 2831 2844 2885 noviter
2877 2828 3231 2886 inthronizati
3280 2828 3532 2898 praesulis

1939 2922 2262 2992 synodieam
2289 2922 2598 2992 reciperent
2627 2921 2916 2990 epistolam
2943 2937 2954 2972 :
2982 2934 3105 2990 qua!
3126 2919 3255 2989 quia
3275 2918 3532 2976 eumdem

1939 3012 2258 3083 episcopum
2313 3022 2550 3082 quatuor
2593 3011 2834 3083 synodos
2889 3011 3159 3080 recepisse
3207 3009 3534 3076 denotavit,

1943 3103 2047 3158 hoc
2089 3104 2193 3164 sibi
2223 3119 2420 3158 nomen
2459 3102 2768 3174 synodicam
2814 3103 2884 3158 ab
2909 3101 3120 3157 eisdem
3159 3101 3384 3172 synodis
3415 3115 3536 3156 non.

1940 3194 2240 3266 incongrue
2271 3194 2483 3252 videtur
2513 3203 2814 3250 mutuasse.
2851 3191 3000 3248 lianc
3022 3200 3206 3248 autem
3229 3198 3527 3246 consuetu-

1939 3285 2123 3342 dinem
2157 3286 2304 3340 illius
2329 3284 2591 3355 temporis
2619 3283 2788 3340 fuisse
2808 3284 2951 3338 idem
2976 3280 3362 3338 sanctissimus
3385 3293 3531 3351 papa

1939 3386 2170 3434 testatur
2202 3378 2255 3432 in
2283 3376 2512 3446 epistola
2544 3376 2613 3432 ad
2649 3375 3025 3432 Secundinum
3051 3389 3272 3430 servum
3313 3373 3410 3429 Dei
3440 3374 3528 3432 in-

1937 3469 2174 3531 clusum,
2197 3483 2362 3538 quam
2390 3477 2445 3523 et
2470 3482 2644 3536 usque
2680 3467 2748 3521 ad
2785 3466 2929 3521 beati
2966 3480 3120 3536 papa:
3140 3464 3366 3527 Adriani
3389 3473 3527 3522 tem-

1937 3574 2090 3628 pora,
2133 3559 2332 3629 quippe
2369 3559 2434 3612 ad
2470 3556 2729 3612 Caroluin
2764 3572 2967 3627 regem,
2997 3556 3324 3626 perdurasse
3353 3554 3524 3612 Joan—

1937 3666 2034 3706 nes
2059 3650 2318 3705 Romanae
2355 3649 2612 3706 Ecclesia:
2653 3649 2918 3705 diaconus
2949 3648 3168 3714 asserit,
3197 3648 3294 3717 qui
3339 3645 3524 3702 Vitam

1937 3739 1995 3795 S.
2054 3741 2302 3811 Gregorii
2353 3756 2420 3795 ex
2482 3750 2751 3810 praecepto
2807 3739 3037 3795 Joannis
3084 3754 3238 3809 papae
3288 3738 3523 3794 ﬁdeliter

1932 3832 2242 3901 descripsit.
2301 3831 2408 3887 Sed
2467 3841 2651 3887 utrum
2700 3831 2881 3887 adhuc
2934 3831 3123 3886 eadem
3182 3831 3558 3886 consuetudo.

1933 3923 2192 3992 perduret
2231 3924 2443 3993 ignoro,
2490 3939 2655 3992 quam
2685 3931 2867 3977 tamen
2915 3921 3156 3991 prmiatis
3184 3922 3523 3992 temporibus

1933 4012 2103 4068 fuisse
2131 4029 2242 4068 non
2274 4014 2484 4069 dubito.
2526 4013 2682 4070 Patet
2729 4029 2862 4082 ergo
2910 4012 3322 4068 evidentissime
3352 4027 3520 4081 quam

1909 4121 2143 4175 magna:
2173 4106 2286 4160 sint
2326 4105 2672 4160 auctoritatis
2703 4105 2793 4157 illa
2839 4111 3076 4172 quatuor
3109 4101 3362 4168 concilia,
3398 4117 3522 4171 qua:

1907 4207 2155 4252 -sanctus
2189 4197 2511 4265 Gregorius,
2549 4196 2660 4250 imo
2682 4210 2778 4264 per
2805 4195 2982 4264 ipsum
3010 4191 3247 4262 Spiritus
3272 4200 3518 4258 sanctus,

1931 4305 2042 4344 non
2073 4288 2263 4354 semel,
2289 4296 2348 4342 ut
2379 4288 2700 4356 pratdictum
2723 4297 2826 4353 est,
2863 4285 2957 4340 sed
2979 4284 3180 4356 sazpius
3201 4293 3255 4340 et
3282 4283 3522 4354 Evange-

1862 4391 1905 4444 D
1933 4383 2019 4437 liis
2055 4390 2360 4451 comparat,
2406 4389 2462 4436 et
2506 4395 2701 4439 omnes
2748 4379 2818 4436 ab
2869 4377 3076 4433 eisdem
3133 4376 3518 4433 dissentientes

1929 4475 2376 4540 anathematizat,
2415 4489 2539 4544 quae
2578 4481 2635 4528 et
2676 4472 2907 4542 quilibet
2934 4471 3176 4527 novitius
3205 4467 3544 4538 patriarcha.

1929 4582 1988 4621 se
2009 4567 2428 4622 observaturum
2462 4582 2556 4636 per
2590 4564 2880 4635 epistolam
2904 4579 3063 4619 suam
3105 4559 3333 4630 reliquis
3369 4558 3515 4614 sedi-

1900 4659 2033 4714 .bus
2079 4658 2321 4728 proﬁteri
2375 4659 2626 4723 debebat,
2680 4658 2727 4711 si
2779 4672 2838 4713 se
2874 4655 3017 4710 inter
3069 4652 3369 4709 catholicos
3423 4665 3522 4719 pa-

1901 4751 2199 4806 .triarchas
2233 4751 2287 4805 in
2315 4750 2590 4822 diptychis
2625 4748 2860 4805 describi
2887 4747 3125 4804 volebat.

1999 4842 2084 4897 Ill.
2141 4841 2367 4899 Decreta
2417 4858 2550 4898 vero
2603 4839 3086 4897 sanctissimorum
3149 4833 3526 4890 Romanorum

1927 4935 2270 5006 pontiﬁcum,
2310 4933 2354 4988 si
2393 4947 2714 5004 possemus,
2770 4931 2937 4987 etiam
3002 4925 3306 4988 studiosius
3360 4937 3529 4995 quam

1928 5026 2019 5082 illa
2048 5034 2286 5096 quatuor
2316 5025 2556 5080 concilia
2576 5022 2828 5078 venerari
2860 5029 2916 5076 et
2961 5025 3263 5080 observare
3301 5014 3595 5078 debere-ti

1926 5134 2069 5183 mus,
2098 5132 2224 5174 cum
2245 5126 2301 5170 et
2323 5115 2445 5184 ipsa
2467 5114 2696 5180 concilia
2719 5113 2872 5171 omni
2898 5113 3166 5172 ﬁrmitate
3187 5117 3460 5173 (tererent.
3489 5103 3537 5158 Si

1925 5225 2035 5265 non
2071 5207 2382 5278 apostolica:
2420 5209 2568 5264 sedis
2599 5209 2886 5277 pontiﬁces
2913 5211 3112 5270 eadem
3144 5217 3248 5274 per
3271 5196 3538 5270 apostoli-

1927 5315 2042 5328 nnm
2077 5298 2458 5328 ηιιΛΙΛιιῖΙηΩιι-ιι
2505 5313 2837 5328 ΛιιηινειΛι-Λ-ιη
2873 5307 2924 5328 nl
2956 5298 3322 5328 ,ιλ-ι-Λὶιηιυιιιιι
3347 5291 3538 5328 ιΙοονρι-
