3988 5328
215 343 319 401 757-

1418 351 1788 412 CO‘NCILIUM
1829 348 2171 410 ROMANUM
2214 355 2235 411 l

3385 348 3486 405 738

215 456 467 515 conciliis
494 457 660 530 legati
682 457 830 516 sedis
861 461 1194 534 apostolica,
1224 463 1541 537 Faustinus,
1567 467 1814 524 Honora-
1840 471 1893 529 Α
1989 464 2052 522 ν.
2079 467 2285 524 Horum
2319 467 2448 524 illud
2473 475 2591 522 erat
2618 466 2878 537 primum,
2927 472 2986 519 ut
3025 463 3208 520 clerici
3251 461 3490 533 aliquem

217 560 330 614 tus,
355 546 638 614 Urbanus,
662 547 928 620 episcopi;
970 559 1194 608 sanctus
1222 553 1390 609 etiam
1406 555 1660 611 Aurelius
1679 554 1814 610 Car-'-

217 641 563 713 tbaginensis
611 641 1085 714 archiepiscopus;
1122 643 1257 701 item
1292 645 1408 716 ipse
1445 646 1528 701 vir
1565 646 1812 702 omnium

218 738 489 790 virtutum
535 734 878 808 Augustinus
923 737 1364 810 Hipporegiensis
1404 736 1813 812 [Hipponensis]

217 825 536 896 episcopus,
563 839 733 897 quem
756 836 813 881 et
833 826 1162 884 leestinus
1185 827 1271 882 vir
1290 829 1624 898 apostolicus
1646 828 1701 882 in
1721 828 1817 883 de-

219 918 388 974 cretis
417 918 540 976 suis
581 920 656 974 ita
696 920 858 975 nobis
887 920 1234 976 commendat
1259 938 1272 974 :
1295 921 1688 992 Augustinum,
1732 919 1817 973 in-

219 1012 362 1082 quit,
385 1022 595 1068 sanctaa
622 1011 1013 1068 recordationis
1034 1012 1236 1078 virum,
1267 1027 1368 1083 pro
1402 1013 1510 1067 vita
1531 1028 1631 1067 sua
1653 1019 1817 1080 atque

221 1105 444 1160 meritis
457 1105 515 1160 in
543 1111 731 1160 nostra
755 1103 1142 1160 communione
1157 1119 1371 1174 semper
1385 1103 1696 1169 habuimus,
1717 1117 1818 1157 nec

221 1212 472 1267 unquam
531 1197 680 1253 hunc
728 1196 964 1252 sinistra:
1006 1197 1338 1266 suspicionis
1389 1197 1580 1252 saltem
1627 1210 1819 1251 rumor

223 1289 483 1358 aspersit,
514 1303 677 1358 quem
713 1295 874 1342 tantae
896 1287 1136 1342 scientia:
1169 1287 1298 1341 olim
1345 1285 1516 1342 fuisse
1561 1286 1816 1341 memini-

225 1396 369 1445 mus,
395 1389 457 1434 ut
476 1381 619 1435 inter
636 1379 928 1451 magistros
946 1379 1108 1434 etiam
1125 1379 1305 1433 amcis
1327 1377 1818 1449 pnedecessoribus

224 1475 542 1531 haberetur.
572 1473 717 1527 Bene
740 1487 870 1543 ergo
891 1471 958 1526 dc
977 1485 1044 1526 eo
1073 1486 1265 1526 omnes
1294 1471 1352 1524 in
1381 1486 1672 1526 commune
1693 1484 1818 1524 sen-

225 1573 438 1631 serunt,
464 1572 657 1635 utpote
677 1564 773 1634 qui
795 1563 997 1633 ubique
1025 1561 1238 1618 cunctis
1265 1569 1322 1616 et
1350 1560 1525 1616 amori
1559 1559 1728 1614 fuerit
1764 1567 1820 1613 et

226 1655 448 1710 honori.
514 1653 654 1710 Huic
705 1654 870 1709 etiam
925 1651 1256 1724 Augustino,
1299 1659 1361 1705 ut
1405 1651 1543 1705 liber
1580 1648 1818 1704 Liberati

228 1755 466 1804 testatur
491 1788 506 1814 ,
545 1745 890 1801 Theodosius
922 1744 1219 1814 imperator
1260 1757 1359 1812 per
1396 1756 1610 1796 sacram
1661 1755 1816 1796 suam

1913 575 2199 617 sacrorum
2235 561 2490 616 ordinum
2515 560 2744 631 gradum
2773 567 2832 613 et
2861 556 3096 613 olilcium
3128 572 3226 628 per
3256 555 3498 628 pretium

1914 653 2094 722 adepti
2117 652 2430 707 nullatenus
2470 653 2728 722 deinceps
2772 652 2828 707 in
2869 650 3111 708 Ecclesia
3145 652 3488 718 ministrent;

1915 745 2237 810 secundum,
2288 753 2348 799 ut
2397 743 2696 799 Ecclesiam
2726 744 2904 814 pretio
2936 743 3262 814 acquisitam
3307 741 3492 797 nullus

1914 833 2174 900 retineat,
2208 849 2307 888 nec
2343 833 2506 888 alicui
2537 833 2792 904 deinceps
2829 832 3231 902 Ecclesia‘ejura
3260 832 3495 886 vendere

1913 928 1997 982 vel
2024 943 2204 983 emere
2239 927 2427 994 liceat;
2457 925 2698 992 tertium,
2740 933 2802 979 ut
2839 941 2870 980 a
2904 925 3146 980 clericali
3168 923 3346 979 olIicio
3377 939 3496 977 ces-

1917 1029 2037 1075 sent
2062 1019 2378 1089 quicunque
2425 1033 2482 1073 se
2507 1017 3017 1088 proincontinentia
3039 1015 3496 1086 reprehensibiles

1915 1111 2207 1176 exhibent;
2251 1117 2509 1180 quartum
2532 1149 2548 1173 ,
2595 1115 2658 1162 ut
2700 1107 2934 1177 populus
2968 1106 3292 1162 clericorum
3321 1102 3494 1159 cilicia

1916 1201 2231 1256 nullatenus
2265 1199 2512 1268 recipiat,
2561 1212 2701 1268 quos
2748 1196 3092 1266 apostolicas'
3124 1193 3497 1249 institutiones

1916 1300 2269 1363 contemnere
2315 1290 2512 1344 videat.
2546 1287 2849 1342 Curramus
2889 1301 3020 1356 ergo
3061 1300 3160 1355 per
3197 1283 3410 1354 singula
3443 1289 3498 1336 et

1915 1382 2129 1447 eadem,
2177 1397 2342 1452 quam
2395 1380 2732 1443 authentica,
2779 1392 2946 1449 quam
2990 1376 3338 1440 attendenda,
3387 1375 3498 1428 imo

1916 1487 2084 1543 quam
2112 1471 2445 1526 inevitabilia
2483 1470 2622 1535 sint,
2655 1483 2766 1523 non
2801 1483 2868 1524 ex
2903 1466 3109 1522 nostris
3144 1464 3497 1536 conjecturis,

1917 1562 2016 1618 scd
2063 1577 2130 1617 ex
2186 1571 2504 1617 sanctorum
2555 1558 2800 1615 Patrum-
2843 1557 3073 1613 statutis
3117 1555 3502 1628 compendiose

1920 1660 2310 1708 monstremus.

1993 1754 2080 1809 Vl.
2138 1753 2384 1809 Primum
2433 1753 2630 1823 itaque
2663 1759 2930 1807 statutum
2975 1749 3029 1804 in
3069 1746 3503 1804 Chalcedonensi

227 1839 537 1906 mandavit,
566 1846 627 1892 ut
647 1853 707 1894 se
728 1836 1004 1907 Ephesino
1031 1833 1268 1890 concilio
1287 1841 1643 1906 praesentaret
1677 1850 1690 1887 :
1724 1831 1820 1888 sed

1930 1844 2156 1900 concilio
2221 1843 2536 1914 plenissime
2609 1848 2665 1896 et
2726 1837 3133 1895 evidentissime
3200 1837 3505 1907 reperitur,

229 1934 373 1989 heu!
414 1941 530 1988 tam
565 1932 822 2004 egregius
854 1931 1047 1987 doctor
1077 1939 1205 1986 ante
1246 1929 1452 1984 mundo
1475 1928 1822 1983 substractus

229 2031 348 2090 est,
397 2038 568 2094 quam
619 2022 688 2077 ad
723 2021 876 2076 illum
911 2020 1226 2076 invitatoria
1271 2016 1508 2074 Romani
1556 2015 1822 2088 principis

232 2112 468 2186 epistola
510 2110 868 2182 pervenisset.
908 2109 975 2164 Hi
1024 2124 1156 2181 ergo
1195 2124 1336 2180 quos
1364 2107 1612 2180 praedixi,
1643 2115 1698 2162 et
1730 2107 1822 2162 alii

233 2199 669 2256 innumerabiles
731 2197 907 2254 sancti
959 2196 1171 2264 Patres,
1235 2195 1511 2254 Africanis
1573 2195 1824 2250 conciliis

234 2288 557 2354 interfuere,
597 2287 712 2342 imo
745 2285 1030 2358 praefuere.
1063 2286 1154 2340 Sic
1183 2285 1349 2340 etiam
1380 2292 1604 2341 sanctus
1627 2283 1824 2337 Maria-

235 2393 340 2434 nus
371 2376 666 2450 [Marinus]
691 2376 999 2432 Arelatensi
1035 2375 1272 2432 concilio
1298 2390 1396 2446 per
1439 2384 1688 2432 sanctum
1719 2373 1824 2428 Sil-

233 2480 482 2526 vestrum
516 2485 718 2540 papam
777 2469 1106 2539 approbato;
1159 2468 1241 2523 sic
1284 2476 1508 2524 sanctus
1551 2466 1826 2522 Cazsarius

234 2561 571 2634 Agatbensi;
618 2562 699 2619 sic
740 2570 965 2618 sanctus
1007 2560 1247 2616 Hilarius
1281 2559 1653 2626 Arausicensi,
1694 2573 1824 2614 san-

235 2663 357 2707 ctus
379 2653 616 2708 Albinus
651 2652 800 2723 (427)
832 2652 1234 2718 Aurelianensi,
1261 2662 1483 2708 sanctus
1511 2651 1826 2707 Bonifacius

235 2742 606 2814 Moguntiensi
632 2744 888 2799 concilio.
937 2743 1029 2800 Sic
1070 2753 1127 2799 et
1153 2744 1246 2799 alii
1290 2744 1413 2800 aliis
1439 2743 1688 2800 conciliis
1715 2757 1826 2798 non

235 2836 360 2901 soli,
389 2835 487 2892 sed
523 2851 652 2893 cum
686 2836 936 2906 pluribus
961 2837 1087 2892 aliis
1115 2837 1320 2893 sanctis
1347 2835 1622 2903 Patribus,
1651 2837 1826 2892 inter-

236 2925 409 2986 fuisse
445 2927 744 2998 leguntur,
773 2928 866 2998 qui
897 2928 952 2982 in
978 2928 1294 2984 Christiana
1338 2927 1598 2998 religione
1635 2937 1690 2982 et
1736 2927 1830 2982 do-

236 3020 413 3074 ctrina
451 3028 570 3074 tam
593 3019 853 3090 insignes.
881 3018 1052 3075 fuisse
1097 3019 1415 3084 creduntur,
1452 3028 1516 3072 ut
1538 3019 1620 3073 vel
1663 3018 1827 3073 unius

237 3110 737 3182 eorumsingulari
780 3111 994 3180 judicio
1023 3111 1248 3166 obviare
1281 3110 1514 3165 nimium
1549 3120 1822 3166 esset.te-

240 3201 565 3257 merarium.
612 3199 759 3272 Ergo
793 3201 1089 3255 multorum
1134 3200 1462 3270 sapientium
1488 3200 1695 3270 judicio
1719 3215 1829 3254 non

241 3294 594 3363 acquiescere
653 3294 828 3348 multo
873 3293 1047 3363 magis
1098 3301 1184 3347 est
1231 3292 1592 3357 intolerabile,
1641 3293 1695 3346 in
1745 3292 1831 3347 his

242 3383 512 3439 duntaxat
547 3384 805 3455 capitulis
839 3399 961 3454 quae
998 3384 1271 3453 praedictis
1301 3383 1634 3438 authenticis
1661 3391 1834 3439 statu-

243 3475 313 3533 tis
338 3489 454 3529 non
483 3474 878 3539 adversantur;
908 3475 1002 3530 sed
1027 3473 1359 3530 institutioni
1381 3473 1710 3529 Christianae
1743 3489 1832 3528 re-

242 3563 458 3636 ligiosis
500 3565 694 3634 procul
723 3564 892 3623 dubio
916 3564 1301 3634 suffragantur.
1336 3561 1473 3617 Nam
1509 3563 1666 3633 juxta
1691 3561 1833 3617 beati

244 3656 549 3728 Augustini
575 3655 866 3726 judicium,
891 3672 990 3726 pro
1013 3656 1216 3711 nullius
1245 3671 1496 3726 personae
1532 3655 1835 3710 reverentia

243 3755 330 3802 est
359 3747 766 3816 recipiendum,
791 3747 837 3802 si
861 3747 990 3818 quid
1026 3747 1305 3802 canonica
1323 3746 1542 3801 veritati
1571 3745 1626 3801 in
1651 3745 1837 3815 aliquo

245 3837 486 3895 concilio
525 3839 612 3893 vel
651 3837 853 3896 alicubi
908 3838 1178 3908 reperitur
1223 3837 1532 3892 adversum.
1565 3835 1836 3891 Praeterea

247 3939 438 3986 sancta
472 3936 530 3984 et
551 3927 864 3984 veneranda
888 3927 1132 3998 synodus
1168 3925 1634 3982 Chalcedonensis
1671 3923 1838 3978 etiam

248 4019 609 4089 provincialia
644 4018 878 4076 concilia
920 4025 1044 4073 ante
1076 4017 1252 4088 ipsam
1291 4023 1567 4072 transacta
1604 4012 1839 4069 canoni-

249 4126 404 4167 zasse
435 4127 548 4167 non
571 4111 875 4177 dubitatur,
908 4111 984 4166 ita
1013 4109 1312 4164 decernens
1343 4122 1462 4177 cap.
1506 4105 1531 4160 l
1563 4123 1575 4158 :
1604 4102 1840 4173 Regulas

249 4214 568 4260 sanctorum
606 4203 833 4260 Patrum
859 4218 955 4273 per
989 4200 1202 4273 singula
1227 4215 1376 4255 nunc
1406 4211 1582 4266 usque
1609 4193 1839 4250 concilia

251 4295 584 4350 constitutas
608 4293 892 4364 proprium
915 4292 1085 4348 robur
1099 4291 1301 4345 habere
1325 4285 1686 4344 decrevimus.
1714 4281 1841 4337 Haec

250 4393 433 4440 autem
458 4385 696 4442 concilia
727 4392 857 4440 ante
892 4383 1072 4453 ipsum
1112 4379 1559 4436 Chalcedonense
1589 4375 1843 4444 leguntur

1922 1937 2069 2010 quod
2127 1952 2299 1992 unum
2353 1951 2420 1991 ex
2472 1942 2710 2005 quatuor
2757 1931 3030 2002 praedictis
3079 1928 3326 1985 conciliis
3360 1935 3506 1982 tem:

1915 2044 2056 2099 pore
2102 2027 2344 2098 quidem,
2392 2040 2504 2081 non
2547 2023 2814 2095 dignitate
2853 2021 3130 2086 ultimum,
3174 2019 3349 2074 sancti
3397 2017 3505 2072 Pad-

1921 2132 2034 2179 tres
2081 2122 2252 2178 Leoni
2298 2121 2547 2191 Augusto
2574 2133 2752 2189 usque
2777 2117 2844 2174 ad
2873 2115 3195 2186 sanguinem
3223 2113 3507 2168 vindican-

1922 2218 2053 2272 dum
2076 2230 2200 2272 esse
2229 2213 2583 2279 mandarunt,
2619 2219 2682 2268 ut
2701 2209 2988 2265 Liberatus
3019 2207 3074 2262 in
3103 2205 3242 2261 libro
3281 2219 3384 2260 suo
3428 2212 3512 2258 tea

1924 2321 2142 2369 statur:
2177 2310 2231 2365 in
2259 2310 2399 2380 ipso,
2440 2308 2685 2378 inquam,
2729 2303 2964 2360 concilio
2995 2301 3261 2370 scriptum
3293 2305 3377 2354 est
3415 2312 3508 2351 ca-

1924 2403 2034 2474 pite
2049 2402 2085 2456 2
2111 2421 2123 2456 :
2143 2400 2201 2457 Si
2218 2400 2344 2471 quis
2366 2399 2660 2470 episcopus
2685 2411 2782 2467 per
2800 2393 3060 2465 pecunias
3083 2390 3271 2447 fecerit
3291 2388 3512 2444 ordinat-

1927 2503 2152 2559 uonem,
2185 2499 2238 2548 et
2271 2491 2376 2547 sub
2425 2487 2602 2560 pretio
2649 2484 2923 2556 redegerit
2967 2481 3199 2554 gratiam
3243 2495 3367 2551 qua:
3400 2491 3512 2532 non

1925 2592 2105 2654 potest
2136 2583 2332 2649 vendi,
2359 2579 2801 2648 ordinaveritque
2836 2589 2936 2647 per
2985 2572 3251 2644 pecunias
3297 2569 3511 2641 episco-

1925 2690 2080 2745 pum,
2111 2683 2205 2728 aut
2233 2673 2630 2744 presbyterum,
2667 2676 2770 2723 aut
2792 2667 3108 2730 diaconum,
3139 2670 3235 2717 aut.
3274 2657 3509 2730 quemli-

1929 2766 2020 2820 bet
2042 2781 2109 2820 ex
2148 2764 2234 2819 his
2253 2763 2349 2834 qui
2383 2768 2744 2816 numerantur
2764 2759 2818 2812 in
2859 2757 3026 2821 clero,
3057 2747 3515 2822 aut-promoverit

1928 2871 2027 2927 per
2069 2855 2333 2926 pecunias
2377 2853 2832 2923 dispensatorem,
2875 2855 2971 2902 aut
3013 2843 3376 2908 defensorem,
3426 2841 3514 2896 vel

1929 2945 2316 3018 quemquc‘qui
2343 2944 2622 3014 subjectus
2636 2949 2721 2996 est
2737 2939 2938 3009 regulae
2965 2951 3066 3006 pro
3090 2935 3176 2990 sui
3200 2931 3519 3003 turpissimi
3536 2967 3550 2976 -.

1929 3039 2067 3095 lucri
2089 3036 2398 3102 commodo,
2438 3035 2506 3102 is,
2532 3034 2624 3090 cui
2647 3031 2752 3087 hoc
2779 3027 3065 3085 attentanti
3086 3025 3372 3096 probatum
3395 3023 3514 3078 fue-

1929 3131 2023 3196 rit;
2053 3128 2259 3201 proprii
2282 3127 2482 3200 gradus
2516 3123 2762 3196 periculo
2807 3119 3109 3190 subjacebit
3137 3136 3150 3171 :
3176 3115 3342 3186 etqui
3362 3114 3514 3170 ordi~

1932 3229 2094 3276 natus
2121 3227 2225 3286 est,
2265 3218 2488 3273 nihilex
2524 3217 2627 3271 hac
2667 3211 3012 3269 ordinatione
3040 3207 3123 3263 vel
3152 3207 3512 3278 promotione,

1931 3328 2054 3383 qua:
2075 3319 2160 3366 est
2181 3326 2276 3381 per
2304 3307 2730 3380 negotiationem
2777 3302 2942 3368 facta,
2973 3299 3223 3370 proﬁciat
3243 3340 3256 3365 ,
3307 3296 3400 3352 sed
3447 3297 3520 3350 it

1934 3405 2196 3460 alienusa
2219 3400 2482 3472 dignitate
2521 3399 2607 3454 vel
2657 3393 3021 3454 sollicitudine
3063 3405 3228 3461 quam
3271 3386 3518 3459 pecuniis

1933 3495 2201 3566 quaesivit.
2237 3492 2294 3547 Si
2321 3491 2447 3562 quis
2465 3505 2597 3548 vero
2626 3489 2894 3545 mediator
2915 3492 3028 3539 tam
3057 3480 3308 3552 turpibus
3327 3488 3382 3534 et
3419 3487 3518 3532 ne-

1935 3587 2114 3642 fandis
2139 3585 2283 3641 datis
2304 3585 2387 3638 vel
2411 3581 2646 3653 acceptis
2667 3577 2958 3642 exstiterit,
2983 3583 3037 3630 et
3061 3571 3196 3643 ipse,
3230 3572 3277 3626 si
3297 3570 3518 3641 quidem

1936 3679 2166 3733 clericus
2188 3675 2372 3741 fuerit,
2402 3675 2626 3746 proprio
2654 3672 2825 3744 gradu
2847 3667 3098 3732 decidat;
3124 3665 3171 3720 si
3194 3677 3324 3718 vero
3346 3662 3520 3716 laicus

1936 3778 2030 3825 aut
2061 3767 2388 3834 monachus,
2416 3764 2931 3822 anathematizetur.
2948 3755 3328 3813 Etnotandum
3353 3767 3520 3824 quam

1935 3868 2094 3917 caute
2145 3859 2291 3916 istud
2338 3866 2504 3929 caput
2557 3869 2751 3912 omnes
2792 3849 3233 3909 Simoniacorum
3292 3845 3524 3901 astutias

1939 3951 2211 4018 excludat,
2235 3965 2362 4007 cum
2388 3949 2633 4020 quolibet
2657 3945 2824 4001 modo
2851 3959 2950 4015 per
2986 3940 3274 4012 pecuniam
3298 3951 3522 4008 promo‘

1939 4051 2025 4097 tos
2051 4043 2260 4110 absque
2287 4040 2440 4096 omni
2461 4055 2556 4109 spe
2578 4034 3013 4107 rchperationis
3039 4033 3295 4102 deponat.
3335 4028 3526 4084 Solent

1937 4135 2082 4188 enim
2115 4131 2416 4187 Simoniaci
2449 4129 2680 4185 diversis
2706 4126 2909 4192 modis,
2958 4123 3052 4180 sed
3078 4128 3396 4184 uno-reatu,
3428 4131 3520 4172 sa-

1939 4241 2064 4282 cras
2090 4224 2383 4296 dignitates
2409 4220 2662 4286 mercari;
2690 4232 2885 4287 nempe
2919 4211 3221 4282 nunc-ipsi,
3251 4223 3524 4278 nuncpro

1941 4317 2288 4389 ipsisjeorum
2317 4313 2530 4379 amicis,
2553 4308 2789 4381 pretium
2830 4320 2930 4377 pro
2964 4317 3122 4359 sacra
3154 4301 3416 4371 dignitate
3439 4299 3523 4352 vel

1942 4418 2068 4465 ante
2119 4406 2520 4462 ordinationem
2565 4416 2722 4458 suam
2748 4398 3035 4463 dederunt,
3057 4402 3112 4449 et
3133 4394 3188 4448 in
3222 4391 3340 4462 ipsa
3367 4390 3522 4452 dant,
3548 4441 3551 4444 .

249 4470 830 4573 ‘m’sﬁAncyl'fm‘fm’
867 4468 1485 4573 Eeogmsiﬁenselque
1503 4470 1580 4573 ft
1619 4459 1848 4515 magno
1874 4503 1920 4558 D
1943 4459 2371 4573 et—postmfodum
2404 4510 2464 4552 se
2492 4495 2722 4550 daturos
2756 4459 3102 4562 promittunt,
3148 4492 3205 4540 et
3240 4459 3345 4545 hoc
3377 4491 3525 4536 nunc

251 4561 490 4616 concilio
535 4559 850 4629 antiquiora
901 4557 1194 4612 traduntur
1244 4575 1257 4610 :
1307 4555 1438 4613 item
1502 4553 1846 4624 Gangrense,

252 4649 605 4715 Sardicense,
632 4643 1452 4712 Antiochenum,Laodicense;
1483 4655 1614 4713 ergo
1644 4640 1834 4697 eadem

249 4737 382 4791 etin
407 4733 847 4791 Chalcedonensi
871 4733 1080 4805 synodo
1116 4748 1225 4787 non
1259 4729 1577 4786 dubitantur
1599 4744 1720 4786 esse
1750 4741 1838 4783 ro—

252 4825 470 4891 horata,
505 4839 628 4894 quae
655 4823 821 4878 ctiam
843 4837 969 4876 cum
1004 4820 1278 4875 Africanis
1317 4818 1621 4873 canonibus
1649 4818 1842 4873 beatus

253 4914 532 4971 Adrianus
576 4927 714 4983 papa
761 4910 960 4966 Carolo
1013 4906 1331 4978 imperatori
1369 4906 1437 4961 ad
1475 4904 1842 4976 disponendas

251 5005 536 5062 Ecclesias
583 5004 639 5058 in
690 5018 861 5074 regno
911 5017 1013 5081 suo
1058 4999 1246 5056 Romae
1293 4998 1577 5054 tradidisse
1623 4997 1837 5069 legitur.

248 5095 606 5156 Quapropter
639 5109 741 5150 nec
763 5090 1179 5156 provincialium
1203 5089 1562 5146 conciliorum
1591 5099 1839 5145 statutaa

1943 4571 2276 4651 electoribus
2315 4602 2528 4653 eorum,
2579 4599 2726 4640 nunc
2757 4595 2948 4638 eorum
2976 4575 3401 4638 ordinatorihus,
3437 4571 3523 4625 vel

1947 4685 2163 4742 demum
2207 4679 2542 4753 quibuslibet
2579 4690 2770 4731 eorum
2819 4670 3146 4728 fautoribus.
3205 4665 3523 4732 Quicunque

1947 4792 2075 4848 ergo
2099 4777 2280 4845 aliquo
2302 4774 2500 4827 bowm
2526 4767 2836 4832 modorum,
2858 4762 3154 4834 quemlibet
3167 4753 3524 4848 promoverit,

1948 4845 2032 4926 vel
2057 4869 2313 4937 seipsum
2338 4864 2413 4918 ita
2433 4867 2754 4932 promotum
2779 4869 2901 4912 esse
2920 4848 3270 4926 cognoverit,
3312 4845 3532 4904 indubi—

1949 4970 2127 5016 tanter
2148 4974 2178 5012 a
2207 4953 2477 5027 superiori
2504 4951 2678 5023 capite
2701 4947 2989 5020 degradari
3011 4945 3254 5018 jubetur,
3283 4954 3410 4995 cum
3437 4949 3539 5009 per

1948 5050 2236 5124 pecuniam
2270 5047 2356 5101 vel
2379 5044 2548 5099 alium
2579 5040 2938 5113 promovisse,
2971 5039 3058 5094 vel
3093 5036 3211 5106 ipse
3248 5039 3542 5100 promotus

2251 5136 2510 5156 -_,s_2.-a--ﬁ
2563 5133 2664 5156 ομ]
2693 5146 2794 5156 ..-Α
2818 5129 2925 5156 In...
2955 5130 3073 5156 Α..-
3100 5121 3545 5156 διηηεῖιὶιηιηοῖιηιο
