3988 5328
427 76 530 135 759

1175 75 1230 133 S.
1268 72 1597 132 GREGORII
1633 72 1722 128 Vll
1781 72 1934 128 OPP.
1974 70 2158 128 PARS
2194 71 2283 127 lli.
2321 101 2390 112 —-
2424 71 2743 129 CONCILIA
2779 68 3086 128 ROMANA.

3592 63 3699 126 760

422 193 511 249 vel
534 191 602 249 ad
629 191 852 265 aliquod
874 190 1191 263 hujusmodi
1217 189 1468 251 clericale
1502 187 1760 254 cilicium,
1790 203 1888 257 per
1910 202 2004 257 pe-
2033 192 2080 246 Α
2106 187 2220 242 sive
2243 185 2551 249 Turonensi
2576 193 2839 243 statutum
2860 185 3077 257 legitur,
3113 184 3176 240 ut
3201 182 3492 258 presbyter
3512 181 3699 241 Eccle-

424 284 647 342 cunlam
665 292 1075 356 promoventur,
1091 281 1273 353 qualis
1287 289 1373 337 est
1397 280 1849 347 vicedominatus,
1871 294 2011 350 pra:-
2106 281 2249 337 siam
2271 280 2448 351 pretio
2474 279 2727 349 adeptus,
2766 288 2821 334 et
2844 278 3185 352 presbyterio
3225 288 3283 335 et
3307 279 3560 335 Ecclesia
3592 280 3703 350 pri-

424 368 692 453 positura,
721 366 965 443 decania,
991 373 1575 445 archipresbyteratus,
1600 381 1656 428 et
1679 372 1766 427 his
1788 371 2009 428 similia.

427 467 523 539 Sic
566 482 699 540 ergo
751 474 806 522 et
842 474 1029 522 noster
1075 464 1409 537 apostolicus
1453 464 1564 521 duo
1610 463 2013 537 negotiatorum

424 542 649 635 genera,
678 567 734 615 et
758 573 952 615 ornnes
997 557 1395 631 negotiantium
1433 556 1705 613 versutias
1732 556 1791 611 in
1833 555 2013 627 primo

425 652 544 723 ejus
578 657 783 708 statuto
804 649 1237 722 comprehendit,
1278 649 1334 704 in
1368 662 1484 720 quo
1511 647 1740 704 clericos
1775 648 2015 719 aliquem

424 752 712 800 ‘acrorum
738 741 993 805 ordinum
1021 742 1249 814 gradum
1277 750 1333 796 et
1367 738 1604 797 cilicium
1647 754 1870 810 quoquo
1891 754 2013 794 mo-

425 834 495 889 do
533 848 633 904 per
658 834 944 904 pecuniam
979 834 1207 905 adeptos
1239 832 1485 904 deponit,
1518 831 1668 903 quod
1700 839 1883 886 tamen
1903 840 2018 886 sta-

426 932 604 979 tutum
635 924 906 996 superiori
936 925 1112 996 capite
1140 925 1327 981 mitius
1348 923 1557 996 liquido
1584 923 1878 993 probatur,
1890 938 2017 977 cum

425 1015 797 1085 spiritualium
831 1016 1136 1073 ciliciorum
1180 1017 1513 1082 venditores,
1545 1022 1601 1071 et
1639 1023 1753 1071 tam
1795 1013 2019 1070 nefariae

425 1106 815 1178 negotiationis
838 1108 1191 1176 mediatores,
1219 1107 1403 1165 dehita
1422 1107 1629 1163 ultione
1645 1122 1755 1162 non
1773 1106 2021 1174 damnet,

427 1212 569 1267 quos
606 1207 789 1255 tamen
828 1199 1149 1270 praedictum
1175 1208 1340 1271 caput
1366 1216 1493 1271 cum
1521 1198 1657 1269 ipsis
1680 1198 2020 1268 emptoribus

427 1288 808 1360 degradandos
842 1299 898 1347 et
923 1293 1467 1351 anathematizandos
1497 1306 1624 1347 esse
1666 1290 1925 1346 decrevit.
1953 1290 2023 1346 Et

427 1386 563 1436 nota
588 1381 641 1436 si
665 1380 931 1437 mediator
976 1384 1267 1456 dcgradari
1294 1384 1381 1440 vel
1426 1382 1878 1443 anathematizari
1900 1398 2019 1439 ωο-

426 1468 538 1526 rito
558 1470 814 1541 jubetur,
837 1473 969 1544 quid
994 1474 1062 1530 de
1089 1474 1183 1531 illo
1201 1489 1395 1531 censes
1420 1474 1515 1546 qui
1534 1488 1634 1546 per
1654 1474 1902 1529 eamdem
1933 1489 2024 1529 ne-

2110 382 2288 431 vetur.
2336 371 2471 428 item
2517 371 2713 428 beatus
2756 370 2868 426 Leo
2896 386 3039 442 papa
3078 371 3201 441 ejus
3227 371 3475 427 nominis
3500 385 3700 437 nonus,

2111 472 2306 522 nostro
2334 464 2569 535 tempori
2592 476 2731 534 pene
2754 462 3069 534 contiguus,
3094 462 3153 518 in
3174 463 3354 533 prima
3375 478 3480 519 sua
3503 461 3704 517 Roma—

2114 571 2186 613 na
2219 557 2429 629 synodo
2469 555 2836 611 Simoniacam
2862 555 3113 611 haeresim
3156 556 3380 626 penitus
3401 553 3705 621 damnavit,

2113 649 2423 719 emptiones
2458 657 2515 704 et
2560 648 2900 703 venditiones
2934 648 3192 703 altarium
3231 648 3337 702 sub
3358 648 3709 703 anathemate

2115 740 2436 809 prohibuit;
2479 740 2626 811 quod
2661 740 2952 796 anathema
2995 740 3073 795 illi
3103 755 3214 795 non
3256 748 3563 795 evaserunt
3584 739 3706 809 qui-

2116 848 2334 903 cunque
2353 832 2609 902 deinceps
2632 840 2744 886 tam
2782 830 3047 887 nefariam
3090 824 3523 903 negotiationem
3556 847 3710 887 exer-

2116 940 2242 980 cere
2283 931 2771 994 praesumpserunt.
2805 922 2963 978 Libet
3003 936 3136 993 ergo
3159 923 3517 979 considerare
3544 936 3707 994 quam

2118 1017 2416 1072 clementer
2434 1022 2623 1070 noster
2647 1013 2985 1084 apostolicus
3020 1021 3233 1068 tantum
3277 1022 3499 1084 emptas
3521 1012 3708 1069 Eccle-

2119 1107 2232 1165 sias
2260 1107 2602 1178 emptoribus
2625 1121 2821 1162 eorum
2848 1106 3148 1173 ademerit,
3161 1121 3304 1177 quos
3328 1107 3492 1178 juxta
3516 1122 3712 1162 censu-

2118 1215 2238 1255 ram
2258 1207 2575 1255 sanctorum
2624 1196 2849 1253 Patrum
2894 1205 2950 1254 et
2994 1197 3236 1255 Ecclesia
3260 1207 3315 1254 et
3345 1194 3711 1270 presbyterio,

2118 1294 2235 1348 imo
2260 1291 2576 1349 Christiano
2618 1292 2844 1347 nomine
2879 1299 2935 1347 et
2969 1294 3379 1361 communione,
3414 1292 3715 1365 privandos

2119 1396 2244 1438 esse
2266 1398 2377 1438 non
2406 1382 2697 1454 ignoravit.

2192 1457 2328 1528 Vill.
2383 1472 2491 1529 Sed
2519 1490 2621 1530 cur
2645 1473 2700 1529 in
2728 1483 2939 1530 tantum
2981 1474 3321 1543 laboramus,
3364 1485 3431 1531 ut
3457 1477 3716 1548 prasdicta

427 1562 785 1641 gotiationem
818 1564 1041 1637 indigne
1086 1574 1471 1637 promovetur.
1504 1563 1621 1622 Hoc
1653 1565 1844 1635 utique
1871 1565 2020 1636 quod
2051 1550 2100 1606 Β
2120 1567 2296 1622 nostri
2322 1567 2607 1637 apostolici
2630 1575 2834 1623 statuta
2862 1582 2928 1623 ex
2962 1569 3241 1640 synodicis
3260 1579 3588 1625 sanctorum
3616 1570 3719 1625 Pa-

428 1653 817 1712 sanctissimus
852 1672 991 1728 papa
1026 1655 1342 1729 Gregorius,
1392 1657 1505 1713 imo
1532 1672 1631 1728 per
1663 1657 1815 1712 illum
1848 1655 2022 1726 Spiri-

427 1753 522 1805 tus
550 1754 796 1814 sanctus,
844 1748 912 1804 de
955 1748 1273 1819 hujusmodi
1316 1748 1749 1821 negotiatoribus
1800 1747 2020 1804 indubi-

426 1844 614 1895 taeter
638 1838 895 1907 decrevit,
918 1840 1011 1911 qui
1049 1841 1105 1895 in
1127 1841 1371 1912 ejusdem
1403 1839 1693 1912 apostolici
1717 1841 2021 1897 auriculam

429 1931 537 1989 sub
563 1932 875 1988 columbina
920 1933 1104 2006 specie
1150 1933 1410 2006 qualibet
1442 1934 1789 1990 decernenda
1813 1933 2027 1989 dictare

430 2023 733 2079 consuevit.
771 2021 976 2095 Nempe
1022 2026 1289 2097 scriptum
1328 2025 1491 2082 estin
1522 2024 1761 2081 decretis
1782 2025 1898 2081 suis
1925 2040 2022 2081 ca-

2122 1664 2269 1712 trum
2294 1657 2578 1713 sententiis
2606 1658 2945 1728 processisse
2968 1659 3435 1728 demonstremus,
3467 1678 3602 1717 cum
3631 1678 3721 1717 ea-

2121 1748 2247 1803 dem
2297 1764 2365 1804 ex
2413 1748 2534 1819 ipso
2580 1762 2753 1805 sacrm
2791 1749 3088 1819 Scriptum
3134 1753 3377 1808 armario
3425 1768 3720 1810 emanasse

2122 1841 2334 1896 nullum
2356 1841 2609 1898 dubitare
2629 1842 2906 1897 eruditum
2952 1844 3239 1912 putemus?
3262 1842 3401 1899 Nam
3443 1844 3503 1899 in
3528 1846 3719 1900 eadem

2126 1929 2408 2002 Scriptura
2438 1946 2651 1987 omnes
2699 1945 2950 2002 personas
2984 1940 3095 1987 tam
3135 1932 3332 1988 nefarii
3371 1933 3721 1991 mercimonii

2122 2024 2396 2079 damnatae
2421 2022 2788 2092 reperiuntur,
2818 2023 3028 2079 scilicet
3050 2033 3105 2079 et
3132 2024 3449 2081 venditores
3483 2034 3541 2080 et
3564 2026 3723 2097 spiri-

429 2114 543 2189 pitc
569 2115 665 2170 151
698 2133 723 2172 ι
763 2114 1094 2188 Quicunque
1136 2132 1277 2189 ergo
1312 2117 1748 2174 ecclesiasticum
1784 2116 2022 2172 cilicium
2124 2114 2354 2169 tualium
2399 2113 2702 2169 oiﬁci'orum
2742 2123 3037 2185 emptores,
3079 2123 3244 2187 atque
3298 2117 3469 2187 hujus
3518 2119 3722 2190 negotii

429 2206 593 2276 pretii
616 2207 798 2263 studet
814 2208 1033 2263 datione
1063 2209 1320 2277 mercari,
1350 2209 1482 2265 dum
1518 2223 1631 2264 non
1665 2207 1903 2264 oliicium
1929 2208 2025 2267 sed
2123 2205 2473 2261 mediatores.
2504 2204 2626 2275 Ipse
2668 2206 2816 2260 enim
2850 2206 3117 2263 Dominus
3161 2208 3369 2279 pariter
3393 2220 3650 2266 ementes
3671 2221 3724 2267 et

428 2313 632 2357 nomen
686 2297 936 2371 attendit,
997 2301 1259 2357 sacerdos
1298 2316 1410 2356 non
1464 2316 1610 2367 esse,
1642 2300 1738 2357 sed
1791 2299 2026 2357 inaniter
2126 2296 2421 2351 vendentes
2461 2296 2530 2351 de
2570 2297 2773 2366 templo
2814 2312 2919 2352 suo
2944 2298 3134 2368 ejecit,
3174 2309 3229 2355 et
3261 2302 3563 2357 cathedras
3590 2319 3721 2358 ven-

429 2392 816 2449 tantummodo
829 2391 938 2448 dici
959 2392 1318 2464 concupiscit.
1336 2391 1405 2447 Et
1427 2392 1591 2463 paulo
1604 2399 1729 2463 post
1756 2391 1813 2447 in
1833 2392 2025 2447 eodem
2125 2385 2369 2441 dentium
2400 2387 2684 2442 columbas
2710 2386 2826 2456 jam
2864 2397 2996 2443 tunc
3023 2389 3140 2458 ipse
3185 2391 3457 2447 subvertit
3497 2390 3719 2462 (Matri.

431 2495 558 2553 cap.
587 2480 703 2553 (lib.
724 2498 781 2537 ix
809 2481 1205 2554 Epistolarum,
1223 2499 1319 2554 ep.
1335 2483 1427 2554 34)
1456 2502 1470 2539 :
1499 2482 1639 2540 Cum
1661 2483 1871 2554 liqueat
1884 2483 2030 2543 hanc
2126 2493 2244 2544 ut,
2278 2476 2391 2547 {2);
2422 2476 2571 2547 quod
2599 2475 2656 2532 S.
2684 2477 2981 2549 Gregorius
3002 2479 3092 2535 ille
3122 2481 3413 2553 theologus
3443 2492 3635 2539 noster
3666 2484 3719 2537 in

431 2571 690 2629 haeresim
730 2582 862 2631 ante
908 2589 1101 2631 omnes
1129 2575 1311 2632 radice
1352 2574 1613 2647 pestifera
1657 2575 2024 2645 subrepsisse,
2125 2570 2388 2642 vigesima
2438 2571 2679 2627 secunda
2737 2572 2963 2628 homilia
3013 2574 3240 2644 exponit
3286 2575 3400 2631 ita:
3449 2575 3723 2633 Cathedra

432 2663 678 2737 atquein
707 2664 822 2736 ipsa
845 2681 946 2721 sua
967 2665 1180 2738 origine
1198 2666 1500 2736 apostolica
1520 2666 1884 2723 detestatione
1903 2682 2027 2723 esse
2126 2673 2261 2733 ergo
2285 2660 2639 2717 vendentium
2664 2662 2950 2719 columbas
2975 2664 3258 2732 evertitur,
3290 2667 3516 2737 quando
3541 2667 3607 2723 hi
3632 2670 3727 2739 qui

434 2755 775 2825 damnatam,
805 2771 906 2813 cur
936 2772 1048 2813 non
1086 2766 1331 2827 cavetur,
1360 2774 1462 2814 cur
1505 2773 1617 2814 non
1654 2758 2024 2830 perpenditur,
2129 2755 2471 2826 spiritualem
2495 2755 2727 2827 gratiam
2762 2756 3026 2824 vendunt,
3050 2766 3106 2812 et
3134 2766 3259 2814 ante
3288 2759 3568 2815 humanos
3596 2776 3727 2816 ocu-

435 2848 897 2919 quiabenedictio
919 2849 995 2904 illi
1032 2847 1087 2905 in
1104 2850 1543 2906 maledictionem
1563 2850 1814 2918 vertitur,
1842 2850 1936 2920 qui
1958 2850 2028 2906 ad
2055 2893 2096 2920 η
2130 2846 2234 2912 los,
2261 2854 2318 2900 et
2343 2853 2471 2901 ante
2498 2844 2594 2901 Dei
2615 2845 2826 2912 oculos,
2850 2846 3158 2902 sacerdotio
3183 2848 3494 2918 privantur;
3521 2858 3580 2904 et
3610 2867 3725 2905 me—

436 2893 565 2919 Ὶ“·”’
588 2893 897 2908 "”'"““""'"
919 2893 995 2904 ”"
1034 2893 1087 2905 ‘”
1106 2893 1543 2906 “'““""“"“'""""
1573 2893 1647 2905 ’ν’
1662 2893 1814 2918 """"
1842 2893 1903 2920 ‘I‘
1920 2893 1936 2904 ⁸
1958 2893 2028 2906 ’³⁸⁵
2055 2893 2097 2952 C

433 2939 544 2996 hoc
562 2946 625 2995 ut
650 2938 746 2996 ﬁat
775 2940 1065 2997 hereticus
1092 2942 1487 3012 promovetur?
1514 2940 1654 3009 Quid
1673 2955 1805 3012 ergo
1825 2941 2030 3000 mirum

434 3030 485 3090 si
545 3039 733 3092 noster
778 3034 1115 3103 apostolicus
1152 3049 1248 3091 eos
1286 3043 1500 3090 tantum
1536 3034 1608 3090 ab
1642 3035 2031 3097 ecclesiasticis

434 3122 759 3180 ministeriis
791 3125 1083 3195 separavit,
1124 3140 1267 3196 quos
1299 3126 1684 3182 sanctissimus
1709 3125 1831 3196 erS
1854 3126 2027 3197 aequi-

436 3228 607 3270 vocus
643 3214 712 3270 ab
734 3212 985 3271 Ecclesia.
1009 3223 1292 3286 separatos
1315 3230 1439 3272 esse
1452 3231 1581 3272 cum
1609 3216 2030 3287 reliquishtere-

437 3304 562 3365 ﬁcis
586 3305 901 3375 deputavit?

509 3394 621 3450 νη.
654 3394 966 3453 Secundum
990 3414 1211 3475 quoque
1235 3407 1505 3457 statutum
1538 3399 1715 3456 nostri
1740 3402 2033 3471 apostolici

436 3487 584 3558 quod
629 3486 903 3545 Ecclesiae
948 3491 1299 3560 emptoribus
1325 3507 1516 3547 earum
1555 3491 1722 3547 adimi
1763 3492 2026 3563 praecipit,

437 3578 569 3635 item
593 3579 648 3638 in
672 3579 931 3650 praedicto
951 3579 1413 3653 Chalcedonensis
1430 3582 1649 3639 concilii
1682 3584 1883 3654 capite,
1904 3584 2032 3647 licet

438 3670 1167 3743 obscure,,comprehensum
1195 3673 1430 3742 videtur,
1442 3674 1591 3745 quod
1616 3674 1780 3730 etiam
1805 3675 2029 3746 dispen-

438 3762 623 3827 satori,
653 3778 841 3833 rerum
884 3765 1384 3822 ecclesiasticarum
1428 3781 1527 3836 per
1571 3767 1856 3836 pecuniam
1897 3782 2028 3838 pro-

438 3861 593 3910 moto
639 3853 876 3925 cilicium
927 3856 1279 3929 dispensandi
1326 3857 1484 3927 jubet
1504 3855 1748 3925 auferri;
1801 3858 2032 3929 quilibet

2129 2938 2267 3006 rito,
2288 2953 2416 2993 nam
2438 2935 2561 3008 ipsa
2594 2936 2806 2993 Veritas
2845 2939 3092 3009 prmcipit
3121 2939 3179 2997 in
3224 2939 3563 3013 Evangelia:
3591 2940 3729 2998 Gra-

2132 3030 2201 3083 tis
2245 3029 2544 3100 accepistis,
2582 3030 2752 3100 gratis
2796 3030 2921 3083 d‘ate
2976 3028 3192 3099 (Matth.
3228 3030 3288 3103 ι)
3334 3051 3347 3087 :
3399 3033 3553 3103 quod
3601 3028 3726 3090 cum

2130 3123 2268 3179 tales
2302 3138 2413 3178 non
2456 3123 2758 3189 attendant,
2793 3123 2960 3178 etiam
3005 3137 3038 3178 a
3069 3122 3182 3179 Deo
3202 3125 3419 3195 seipsos
3460 3126 3729 3194 alienant,

2129 3212 2225 3283 qui
2248 3212 2302 3267 in
2330 3212 2522 3267 eodem
2550 3209 2844 3283 Evangelia
2885 3211 3020 3267 dicit
3043 3231 3056 3267 :
3090 3211 3197 3278 Qui
3218 3222 3297 3267 est
3322 3229 3389 3267 ea:
3412 3212 3546 3281 Deo,
3572 3218 3729 3270 verba

2130 3303 2233 3359 Dei
2259 3305 2452 3359 audit:
2501 3305 2620 3359 ideo
2659 3319 2748 3359 vos
2770 3320 2875 3359 non
2910 3306 3133 3372 auditis,
3185 3305 3312 3377 quia
3362 3324 3430 3361 ea:
3477 3307 3592 3363 Deo
3623 3326 3726 3363 non

2128 3398 2256 3452 estis
2288 3397 2512 3470 (Matth.
2534 3397 2609 3467 v).
2641 3396 2908 3454 Praeterea
2941 3398 3193 3470 princeps
3218 3400 3600 3469 apostolorum
3623 3400 3727 3457 Pe.

2129 3494 2271 3553 trus,
2300 3487 2413 3543 imo
2436 3501 2532 3556 per
2559 3487 2713 3541 illum
2743 3486 2868 3557 ipse
2904 3489 3157 3545 Christus
3190 3489 3453 3546 omnibus
3485 3491 3729 3562 praelatis

2128 3576 2188 3632 in
2211 3576 2455 3633 Ecclesia
2499 3577 2744 3648 prazcipit
2782 3575 2893 3633 ita:
2938 3576 3175 3645 Pascite,
3208 3581 3301 3651 qui
3344 3581 3403 3634 in
3436 3581 3588 3637 vobis
3625 3593 3727 3651 est,

2132 3687 2335 3743 gregem
2378 3671 2507 3737 Dei;
2554 3672 2883 3743 providentes
2914 3688 3019 3728 non
3071 3684 3270 3742 coocte,
3311 3675 3403 3730 sed
3440 3687 3727 3748 spontanee

2131 3764 2418 3818 secundum
2443 3763 2730 3818 Dominum
2754 3781 2776 3830 ;
2804 3782 2908 3819 non
2934 3769 3103 3838 turpis
3125 3766 3266 3821 lucri
3283 3769 3483 3839 gratia,
3514 3770 3610 3824 sed
3638 3787 3728 3825 ro-

2132 3856 2365 3916 luntarie
2418 3856 2473 3927 (Ι
2517 3855 2668 3911 Patr.
2715 3856 2790 3928 v).
2845 3857 3051 3915 Contra
3101 3860 3205 3915 hoc
3249 3870 3585 3932 przeccptum
3646 3863 3729 3918 illi

437 3946 588 4001 enim
612 3947 896 4018 presbyter
922 3947 1266 4018 dispensator
1296 3949 1455 4005 debet
1486 3950 1741 4017 existere,
1762 3966 1875 4007 non
1899 3966 2035 4022 prte-
2122 3957 2322 4021 agunt,
2354 3949 2667 4020 quicunque
2693 3950 2799 4005 hoc
2822 3951 3104 4021 spirituale
3143 3952 3381 4008 ofﬁcium
3413 3970 3516 4025 pro
3545 3970 3724 4011 s:ecu-

440 4036 733 4093 dicationis
773 4045 1008 4104 tantum,
1051 4039 1148 4094 sed
1175 4039 1343 4103 etiam
1394 4056 1581 4095 rerum
1628 4040 1891 4100 Ecclesia
1925 4041 2031 4107 sibi

442 4128 772 4196 commissae,
802 4144 943 4200 quas
971 4130 1145 4190 sancti
1162 4130 1354 4190 Patres
1366 4146 1476 4188 non
1506 4132 1681 4189 solius
1705 4133 2029 4205 presbyteri,

2132 4040 2234 4095 lari
2260 4041 2417 4097 lucro
2438 4027 2715 4114 subjectis.
2733 4044 2848 4101 suis
2873 4046 3106 4116 turpiter
3133 4047 3479 4117 impendunt,
3508 4049 3577 4103 de
3601 4050 3729 4120 qui-

2131 4131 2236 4189 bus
2284 4134 2426 4191 idem
2466 4138 2749 4207 apostolus
2786 4138 2839 4193 iu
2881 4153 2979 4193 sua
3034 4140 3323 4210 posteriori
3370 4140 3603 4211 cpistola
3642 4149 3725 4196 te-

443 4220 539 4276 sed
566 4220 943 4290 quorumlibet-
975 4223 1249 4292 egeutium
1296 4223 1607 4280 necessitati
1633 4224 2032 4294 dispensandas
2061 4238 2107 4292 ι)
2133 4234 2309 4280 statur
2335 4245 2347 4281 :
2383 4225 2563 4282 Secuti
2591 4239 2712 4283 sunt
2738 4232 2876 4284 viam
2900 4230 3126 4284 Balaam
3157 4246 3223 4285 ea:
3256 4230 3428 4286 Bosor
3470 4235 3562 4305 qui
3590 4251 3727 4287 mcr-

442 4326 566 4368 esse
589 4322 939 4371 censuerunt.
979 4312 1244 4371 Praeterea
1308 4315 1377 4381 in;
1405 4315 1596 4371 eodem
1634 4316 1873 4387 capitulo
1911 4316 2032 4375 cui—

444 4402 581 4458 libet
603 4404 804 4462 clerico
836 4405 1018 4460 omnis
1049 4405 1422 4462 ecclesiastica
1440 4407 1749 4465 sollicitudo
1770 4424 1867 4479 per
1901 4424 2028 4480 pre-

397 4520 400 4523 λ
445 4494 586 4549 tium
642 4496 915 4565 acquisita
965 4496 1190 4566 iubetur
1242 4496 1433 4564 adimi,
1484 4513 1781 4567 procurare
1846 4509 2028 4557 autem

446 4585 625 4662 ipsam
671 4578 970 4645 Ecclesiam
1036 4604 1164 4644 cum
1217 4589 1541 4646 sacerdotali
1611 4579 1911 4662 diligentia,
1974 4594 2032 4649 ni

448 4674 631 4744 fallor,
654 4679 924 4735 clericalis
951 4681 1262 4737 sollicitudo
1284 4688 1370 4736 est
1392 4688 1450 4738 et
1474 4681 1863 4753 ecclesiastica.
1889 4683 2034 4756 Ergo

452 4776 510 4823 et
539 4768 593 4822 in
625 4769 816 4824 eodem
851 4772 1090 4841 capitulo
1118 4773 1362 4829 ecclesiae
1408 4772 1716 4833 sollicitudo
1740 4789 1837 4845 per
1863 4790 2031 4846 pecu-

450 4861 603 4916 niam
624 4870 888 4930 usurpata
918 4864 1142 4931 iubetur
1166 4864 1389 4921 auferri.
1424 4863 1578 4921 Unde
1602 4874 1658 4922 et
1686 4854 2037 4925 beatissimus

450 4966 595 5022 papa
622 4950 919 5019 Gregorius
942 4955 1185 5010 scribens
1219 4956 1288 5012 ad
1308 4954 1642 5015 Clementem
1669 4957 2043 5016 Bizanzenum

454 5041 637 5113 [[οτεθ,
670 5040 1049 5113 Byzacenum}
1066 5044 1132 5101 de
1169 5047 1406 5114 quodam
1429 5049 1768 5120 presbytero,
1794 5050 2038 5111 decernit

454 5134 566 5191 ita:
593 5129 665 5187 Ut
687 5130 733 5186 si
765 5131 908 5194 idem
934 5133 1213 5203 presbyter
1244 5140 1537 5215 quamdam
1565 5139 1863 5197 Ecclesiam
1889 5140 2036 5215 obti-p

454 5225 669 5280 nuisset
709 5237 808 5292 per
848 5221 1163 5291 pecuniam,
1205 5240 1316 5281 non
1348 5212 1523 5283 solum
1567 5231 1757 5288 eadem
1795 5212 2039 5291 Ecclesia

2131 4318 2307 4371 cedem
2329 4320 2631 4389 iniquitatis
2675 4320 2910 4387 amavit;
2952 4323 3331 4393 correptionem
3380 4341 3499 4378 vero
3539 4325 3726 4379 habuit

2129 4424 2241 4463 sum
2264 4411 2488 4465 vesania:
2514 4426 2532 4463 :
2562 4411 2838 4482 subjugale
2866 4421 3068 4466 mutum
3101 4413 3325 4481 animal,
3350 4413 3583 4469 hominis
3608 4433 3728 4469 rore

2131 4496 2367 4570 loquens,
2394 4501 2662 4571 prohibuit
2693 4502 2959 4574 prophetcr
2981 4503 3339 4574 insipientiam
3359 4504 3449 4575 (II
3468 4505 3618 4561 Petr.
3639 4510 3727 4578 ιι).

2133 4588 2289 4658 Quod
2336 4593 2662 4649 venerabilis
2700 4594 2982 4665 presbyter
3016 4594 3157 4650 Beda
3196 4597 3251 4650 in
3282 4604 3523 4652 tractatu
3560 4614 3727 4668 super

2132 4685 2380 4740 eamdem
2416 4685 2703 4755 epistolam
2730 4685 2995 4741 dilucidat
3033 4688 3107 4742 ita
3135 4706 3148 4741 :
3180 4684 3442 4744 Nonnulli
3486 4691 3722 4745 catholi-

2134 4790 2324 4830 corum
2373 4775 2643 4831 intantum
2690 4769 2994 4833 mercedem
3038 4788 3227 4834 amant
3277 4779 3610 4851 iniquitatis,
3665 4790 3725 4839 ut

2134 4866 2298 4920 etiam
2332 4865 2475 4921 docti
2505 4866 2575 4921 ab
2596 4866 2851 4933 indoctis,
2885 4884 2917 4923 a
2958 4868 3112 4924 laicis
3135 4869 3318 4926 clerici
3359 4873 3560 4949 merito
3590 4873 3727 4929 lace-

2135 4964 2324 5027 rentur
2351 4975 2363 5009 :
2397 4958 2491 5027 qui
2515 4958 2639 5028 jure
2671 4967 3061 5028 comparantur
3088 4960 3387 5030 propheta,
3421 4963 3517 5031 qui
3544 4963 3726 5019 verbis

2136 5050 2306 5105 asina:
2336 5060 2525 5107 contra
2558 5060 2809 5107 naturam
2842 5052 3114 5121 loquentis
3144 5052 3463 5124 corripitur,
3503 5069 3606 5110 nec
3638 5066 3722 5110 ta-

2136 5156 2260 5196 men
2285 5143 2619 5212 aprOposito
2647 5143 2800 5213 pravi
2828 5142 3038 5197 itineris
3065 5143 3396 5199 retardatur.
3431 5144 3539 5201 iste
3574 5146 3724 5199 vide-

2134 5231 2263 5297 licet
2295 5217 2514 5289 Balaam
2543 5232 2685 5289 idem
2708 5246 2831 5288 esse
2855 5234 3122 5289 asseritur
3148 5235 3249 5304 qui
3281 5243 3338 5289 et
3371 5235 3595 5293 beatum
3619 5234 3723 5289 Job
