3988 5328
162 204 270 291 ’τω

1348 222 1724 282 οοΝαωυιί
1766 222 2105 280 ROMANUM
2147 225 2184 280 Ι.

3334 227 3449 283 “769

173 320 235 391 iu-
263 336 410 393 libro
449 336 528 393 De
560 337 843 405 Hebraicis
885 340 1285 410 quaestionibus.
1328 338 1426 396 llic
1468 354 1600 410 ergo
1635 354 1762 396 cum
1793 341 1839 398 Α
1864 337 1961 409 qui
1987 354 2087 411 pro
2116 340 2236 395 solo
2284 337 2494 397 nefario
2532 341 2776 412 appetitu
2825 341 3138 411 damnatus,
3177 355 3278 414 per
3302 343 3452 414 ipsos

174 435 320 483 esset
353 429 620 499 propheta
653 445 684 484 a
716 428 913 486 Balaac
934 446 1059 501 rege
1089 428 1453 485 Moabitarum
1490 429 1559 485 ad
1594 428 1764 486 male—

171 517 468 574 dicendum
518 519 646 576 filiis
698 519 864 576 Israel
903 522 1230 589 conductus,
1281 520 1388 576 illis
1445 521 1667 591 quidem
1703 521 1763 576 in

171 610 340 665 verbo
358 609 581 666 Domini
606 627 707 681 pro
727 612 904 682 pretio
927 613 1137 669 studuit
1149 611 1493 678 maledicere,
1518 611 1610 666 sed
1631 626 1762 681 pn-

171 698 398 754 vitatem
430 699 861 771 suam,,Domino
883 712 1121 769 vetante,
1136 701 1205 757 ad
1224 701 1475 757 effectum
1502 715 1612 755 non
1634 716 1763 771 per-

170 792 353 858 duxit,
371 809 477 849 nec
504 794 808 850 mercedem
856 794 1161 866 iniquitatis
1189 794 1415 865 accepit,
1447 794 1543 865 qui
1579 802 1763 849 tamen

171 883 309 939 adeo
332 900 368 939 a
391 883 507 939 Deo
532 884 892 955 reprohahills
918 886 1210 941 denotatur
1238 894 1298 940 nt
1321 886 1480 941 asina
1509 885 1631 956 ejus
1668 900 1762 941 sa-

169 975 459 1046 pientiam,
500 975 616 1029 imo
645 976 922 1031 vesaniam
942 976 1063 1046 ejus
1098 984 1155 1031 et
1194 975 1564 1047 insipientiam
1585 975 1763 1031 corri-

172 1064 381 1135 puisse,
403 1072 460 1120 et
494 1080 623 1118 eum
644 1080 677 1120 a
701 1064 879 1136 gladio
897 1065 1018 1135 ejus
1042 1063 1132 1140 μ,
1163 1063 1238 1137 ei]
1260 1064 1570 1120 resistentis
1588 1064 1764 1136 angeli

170 1153 459 1223 eripuisse,
484 1154 716 1226 legatur,
734 1170 899 1225 quam
917 1155 1033 1226 ipse
1061 1156 1287 1227 angelus
1298 1169 1409 1210 non
1436 1154 1763 1210 morituram

169 1244 287 1300 fore
312 1254 553 1313 testatus
595 1255 702 1314 est,
738 1247 955 1303 etiamsi
985 1246 1166 1317 ipsum
1204 1247 1495 1318 reprobum
1524 1246 1763 1319 prophe-

168 1345 282 1391 tam
305 1337 493 1393 debita
516 1347 696 1394 morte
723 1338 1031 1395 multasset.

238 1427 299 1484 Si
323 1444 459 1501 ergo
473 1428 699 1486 Balaam
723 1438 937 1486 tantum
956 1429 1194 1486 amando
1222 1428 1527 1486 mercedem
1556 1427 1762 1500 iniqui-

168 1525 297 1580 tatis
324 1512 472 1579 adeo
521 1524 723 1596 legitur
784 1522 1166 1594 reprohabilis,
1201 1530 1410 1594 quanto
1450 1521 1626 1595 magis
1674 1522 1764 1577 ille

168 1626 308 1674 inter
338 1617 610 1690 reprobos
640 1626 727 1674 est
775 1618 1198 1690 computandus,
1236 1618 1333 1688 qui
1377 1632 1503 1673 cum
1538 1616 1761 1674 Balaam

1863 429 2144 501 apostolos
2174 430 2319 501 apud
2346 429 2637 488 Dominum
2668 432 2877 491 eﬂlcere
2907 434 3115 490 studuit
3138 444 3199 491 ut
3223 434 3469 495 damna-.

1864 526 2036 581 torias
2064 541 2257 581 eorum
2268 527 2575 583 sententias
2584 527 3003 599 subterfugeret,
3019 544 3126 584 non
3139 538 3201 583 ut
3213 528 3451 585 otiicium

1863 617 2163 673 criminose
2188 616 2487 687 appetitum
2522 619 2875 677 criminosius
2901 619 3188 676 obtineret.
3218 620 3325 677 Sed
3352 637 3454 677 cur

1864 706 2008 762 idem
2035 706 2403 763 bteresiarcha
2429 708 2715 779 spirituale
2751 708 2987 766 oﬂicium
3018 710 3248 766 mercari
3283 726 3451 781 appe-

1865 799 2040 866 tisset,
2067 799 2174 855 nisi
2194 782 2439 869 emptum
2465 799 2660 855 deinde
2685 799 2979 858 nefandius
3011 802 3245 857 vendere
3270 802 3452 867 vellet,

1865 905 1975 945 non
1994 890 2142 946 enim
2164 888 2369 945 frustra
2401 889 2468 946 de
2494 906 2561 946 eo
2598 891 2862 961 scriptum
2891 907 3013 948 esse
3039 891 3273 958 videtur,
3304 892 3455 964 quod

1864 980 2137 1051 stupidius
2158 979 2225 1037 de
2251 978 2423 1052 signis
2464 990 2522 1036 et
2542 981 2842 1039 virtutibus
2884 983 3204 1051 admiretur,
3243 1000 3366 1055 qua:
3392 990 3456 1039 ut

1864 1070 1981 1142 ipse
2003 1080 2190 1142 posset
2208 1070 2391 1129 facere
2413 1087 2509 1144 per
2533 1072 2822 1144 pecuniam
2850 1090 3008 1131 suam
3025 1074 3199 1130 voluit
3220 1073 3453 1142 efﬁcere,

1862 1161 2133 1231 videlicet,
2166 1171 2248 1231 ut,
2267 1164 2428 1235 juxta
2486 1164 2661 1221 sancti
2701 1162 3021 1238 Hieronymi
3072 1167 3454 1237 assertionem,

1863 1253 2164 1325 temporale
2197 1255 2412 1310 lucrum
2444 1271 2512 1311 ex
2542 1256 2825 1313 miraculis
2866 1266 3269 1329 assequeretur.
3310 1258 3455 1330 Ergo

1866 1357 1976 1399 non
2014 1345 2194 1401 solum
2223 1353 2519 1418 emptores,
2553 1349 2647 1404 sed
2671 1357 2728 1405 et
2748 1348 3059 1406 venditores
3084 1349 3467 1420 spiritualium.

1862 1434 2191 1504 ofﬁciorum,
2221 1446 2522 1495 sectatores
2546 1439 2756 1512 praefati
2790 1440 3172 1497 haeresiarchas
3198 1441 3460 1498 denotan-

1863 1532 1976 1593 tur,
2003 1527 2150 1583 unde
2170 1535 2228 1583 et
2253 1545 2379 1585 cum
2393 1530 2585 1586 eodem
2602 1538 2821 1593 aeterna:
2845 1532 3213 1590 damnationis
3235 1532 3458 1590 vinculo

1863 1618 2111 1676 adstricti
2132 1635 2243 1675 non
2265 1620 2609 1691 dubitantur,
2634 1630 2929 1681 attestante
2964 1623 3124 1681 beato
3155 1624 3376 1683 Gelasio
3396 1625 3456 1679 in

166 1707 231 1765 de
261 1708 614 1780 iniquissima
652 1708 965 1766 venditione
994 1709 1297 1781 spiritualis
1327 1709 1488 1766 ollicii
1524 1700 1759 1780 pretium
1792 1694 2094 1775 B'decretis
2123 1712 2242 1769 suis
2281 1715 2522 1785 capitulo
2555 1714 2822 1787 vigesimo
2870 1726 3089 1788 quarto.
3130 1716 3283 1785 Quos
3324 1732 3457 1774 vero

167 1801 577 1858 studiosissime
602 1801 856 1872 requirit,
872 1816 974 1858 nec
992 1810 1174 1858 cessat
1199 1802 1374 1857 donec
1403 1801 1760 1879 ambitionem

166 1908 320 1950 suam
351 1893 424 1949 ad
472 1892 728 1950 effectum
761 1894 1042 1964 perducat.
1086 1893 1358 1949 Praeterea
1407 1892 1601 1951 beatus
1628 1891 1759 1948 Hie—

164 1984 429 2054 ronymus
462 1982 520 2037 in
562 1989 803 2038 tractatu
843 1998 1009 2053 super
1040 1981 1395 2050 Matthaeum,
1423 1982 1587 2038 illum.
1616 1981 1759 2039 scri-

162 2083 287 2128 bam
316 2073 419 2145 qui
457 2073 598 2130 dixit
616 2072 747 2129 Jesu
776 2094 790 2128 :
837 2072 1115 2145 Magister,
1139 2090 1332 2146 sequar
1368 2082 1417 2129 te
1451 2060 1759 2147 quocunque

159 2163 315 2219 iseris
352 2164 580 2237 (Matth.
633 2166 778 2236 vin),
813 2164 936 2220 ideo
976 2166 1318 2236 repudiatum
1344 2182 1377 2221 a
1413 2165 1647 2222 Domino
1672 2174 1755 2221 te-

160 2263 358 2333 statur,
401 2256 532 2327 quia
566 2272 721 2313 more
766 2256 1008 2313 Simonis
1046 2256 1189 2329 Magi
1216 2272 1345 2314 eum
1375 2257 1531 2329 sequi
1563 2258 1755 2313 volue-

161 2348 249 2416 rit,
299 2356 368 2405 ut
390 2365 460 2404 ex
493 2363 722 2421 operum
765 2349 1048 2407 miraculis
1100 2350 1316 2405 lucrum
1346 2359 1751 2421 assequeretur,

160 2441 301 2498 unde
321 2449 383 2497 et
411 2440 519 2497 sibi
544 2457 578 2497 a
602 2440 837 2497 Domino
877 2442 1279 2512 respondetur:
1328 2440 1520 2513 Vulpes
1576 2443 1753 2513 foveas

161 2532 346 2588 habuit
374 2532 596 2606 (ΗΜ),
627 2540 757 2601 etc.;
787 2550 852 2590 ac
874 2534 921 2589 si
952 2534 1157 2591 diceret
1182 2553 1196 2589 :
1227 2533 1340 2590 Cur
1360 2543 1581 2605 propter
1601 2534 1756 2589 lucra

160 2633 208 2682 et
226 2625 456 2682 divitias
480 2625 566 2681 vis
592 2641 682 2682 me
702 2626 879 2697 sequi,
912 2641 1040 2681 cum
1085 2633 1250 2681 tanta
1276 2624 1383 2680 sim
1417 2625 1757 2696 paupertatis

158 2726 216 2772 ut
252 2733 360 2774 nec
389 2716 679 2789 proprium
718 2717 950 2773 habeam
1012 2716 1337 2788 hospitium,
1382 2732 1511 2772 cum
1564 2717 1756 2787 vulpes

157 2813 322 2868 etiam
353 2813 692 2869 et‘volucres
742 2812 993 2884 proprias
1036 2813 1276 2869 habeant
1320 2813 1662 2870 mansiones?
1696 2813 1756 2869 Si

157 2916 285 2975 ergo
307 2904 425 2970 ille,
471 2903 568 2975 qui
598 2903 882 2976 spirituale
929 2890 1169 2961 ollicium
1212 2919 1313 2975 pro
1353 2904 1510 2961 lucro
1540 2912 1753 2959 tantum

155 3010 415 3051 exercere
454 2995 648 3063 voluit,
696 2996 769 3051 ab
817 2996 938 3067 ipso
970 2995 1207 3051 Domino
1241 2996 1366 3066 jure
1407 2997 1749 3067 reprohatur,

154 3094 366 3158 quanto
388 3087 568 3159 magis
589 3087 680 3143 ille
709 3087 806 3158 qui
827 3095 886 3144 et
909 3088 1228 3159 hujusmodi
1269 3087 1506 3145 oliicium
1531 3087 1750 3159 penitus
1778 3067 1821 3125 (ἶ

153 3176 276 3234 aliis
297 3177 615 3234 vendidisse
647 3177 952 3250 detegitur!

221 3268 318 3325 IX.
354 3268 647 3340 Emptores
674 3278 858 3327 autem
888 3271 1255 3342 spiritualium
1298 3270 1750 3328 oﬂiciorum'cum

152 3361 275 3433 ipso
298 3361 548 3433 principe
574 3377 770 3418 eorum
810 3361 1036 3420 Simone
1073 3363 1231 3436 Mago
1270 3364 1327 3419 in
1358 3363 1585 3420 Actibus
1614 3380 1750 3436 apo-

153 3454 424 3533 stolorum
435 3454 685 3511 damnati
697 3455 973 3529 leguntur,
987 3456 1080 3511 ubi
1096 3456 1187 3512 ille
1201 3463 1389 3512 noster
1405 3454 1594 3511 Simon
1607 3456 1756 3526 priu-

152 3560 283 3617 eeps
323 3548 703 3619 apostolorum
730 3548 985 3605 eumdem
1009 3548 1178 3604 alium
1222 3545 1503 3609 Simonem
1543 3548 1752 3620 princi-

151 3647 687 3717 pemapostatarum
729 3646 935 3694 aeterna
973 3638 1330 3694 damnatione
1380 3636 1652 3705 multavit,
1676 3638 1751 3693 ita

152 3727 496 3785 decernens:
546 3728 790 3784 Pecunia
838 3739 932 3784 tua
972 3737 1144 3784 tecum
1183 3729 1254 3783 sit
1296 3728 1352 3782 in
1381 3729 1750 3806 perditionem,

150 3818 406 3900 quoniam
444 3821 775 3886 existimasti
813 3821 1010 3876 donum
1043 3819 1144 3875 Dei
1191 3821 1417 3892 pecunia
1468 3821 1748 3891 possideri.

155 3911 284 3991 Non
327 3923 407 3969 est
447 3914 546 3968 tibi
590 3930 718 3985 pars
772 3929 933 3984 neque
954 3929 1068 3968 sors
1093 3913 1151 3967 in
1184 3928 1422 3968 sermone
1475 3912 1596 3967 ista.
1648 3910 1754 3967 Cor

153 3990 304 4081 tuum
326 4022 429 4060 non
449 4016 526 4062 est
552 4014 755 4061 rectum
784 4021 963 4061 coram
1004 4003 1136 4060 Deo.
1163 3990 1542 4060 Paenitentiam
1575 4004 1754 4074 itaque

152 4082 338 4168 age’de
372 4097 474 4152 hac
515 4097 733 4153 malitia
775 4105 888 4165 tua,
918 4104 970 4152 et
1012 4112 1143 4170 roga
1170 4096 1480 4163 Dominum,
1534 4096 1582 4149 si
1617 4096 1754 4166 forte

154 4189 465 4242 remittatur
490 4188 591 4243 tibi
613 4188 727 4244 lure
749 4189 1005 4260 cogitatio
1027 4188 1202 4243 cordis
1232 4189 1332 4243 tui.
1357 4186 1428 4242 In
1444 4174 1587 4258 felle
1609 4187 1753 4241 enim

152 4278 540 4333 amaritudinis
576 4286 628 4333 et
682 4276 1003 4349 obligatione
1033 4279 1335 4350 iniquitatis
1377 4279 1523 4333 video
1552 4287 1748 4334 teesse.

151 4364 488 4438 Respondeas
536 4376 715 4423 autem
739 4365 945 4435 Simon,
977 4368 1155 4423 dixit:
1203 4365 1510 4445 Precamiui
1561 4377 1613 4423 et
1662 4385 1750 4422 vos

148 4476 244 4531 pro
270 4476 355 4514 me
373 4458 447 4513 ad
475 4457 786 4528 Dominum,
813 4468 871 4513 ut
895 4457 1031 4514 nihil
1072 4461 1247 4514 veniat
1275 4476 1432 4530 super
1460 4476 1541 4514 me
1564 4459 1753 4515 horum

147 4566 265 4623 qua
290 4551 516 4605 dixistis
543 4550 684 4621 (Act.
709 4550 851 4621 vin).
884 4550 952 4606 Et
971 4558 1104 4607 nota
1127 4549 1308 4622 ipsum
1331 4534 1753 4607 hazresiarcbam

150 4636 437 4696 Simonem
484 4638 707 4711 Magum
754 4656 854 4711 pro
898 4641 1017 4697 sola
1046 4639 1257 4697 nefaria
1308 4626 1639 4712 cogitatione
1683 4642 1754 4698 ab

148 4730 437 4801 aquivoco
467 4746 572 4786 suo
616 4730 958 4799 damnatum,
996 4747 1160 4802 quem
1195 4730 1447 4787 videlicet
1467 4729 1753 4804 spirituale

149 4821 388 4877 ofﬁcium
436 4821 671 4877 mercari
710 4823 1057 4880 solummodo
1098 4823 1393 4905 cogitasse,
1438 4825 1752 4883 nullatenus

146 4924 326 4971 autem
351 4923 473 4970 tam
488 4912 756 4969 nefariam
769 4916 1189 4987 negotiationem
1203 4917 1436 4988 legimus
1455 4917 1711 4989 implesse
1727 4938 1740 4974 :

145 5005 369 5062 videsne
393 5019 573 5076 quam
627 5006 1022 5063 rationabiliter
1064 5009 1140 5064 illi
1174 4992 1507 5085 damnentur
1561 5011 1658 5080 qui
1692 5019 1748 5067 et

143 5109 245 5157 tam
305 5098 622 5164 inbianter,
648 5108 708 5154 ut
748 5098 936 5156 Simon
978 5100 1177 5174 Magus,
1217 5099 1529 5171 spiritualia
1571 5105 1745 5162 oﬂicia

144 5191 378 5248 mercari
407 5189 831 5258 concupiscunt,
857 5199 913 5246 et
934 5190 1151 5263 insuper
1173 5184 1550 5279 desideratam
1586 5210 1749 5268 nego-

144 5282 433 5328 lialinnem
495 5279 820 5328 nerﬁcinnt:
886 5290 941 5328 et
990 5284 1080 5328 mri
1135 5293 1190 5328 ρι.
1243 5279 1436 5328 eadem
1482 5284 1747 5328 scalprum

1862 1802 2172 1859 constiterit
2211 1803 2465 1877 indignos
2506 1807 2718 1863 meritis
2754 1823 2972 1864 sacram
3018 1818 3288 1865 mercatos
3332 1823 3456 1865 esse

1848 1893 2205 1979 dignitatem,
2227 1897 2508 1955 convictos
2545 1906 2763 1969 oportet
2797 1899 2997 1967 arceri,
3026 1915 3137 1953 non
3163 1898 3283 1955 sine
3303 1899 3453 1970 peri-

1858 1985 1986 2040 culo
2027 1986 2134 2041 tale
2164 1985 2380 2043 facinus
2405 1997 2707 2058 patrantes,
2760 1990 2892 2061 quia
2933 1990 3152 2046 dantem
3175 1990 3380 2060 pariter
3399 1998 3456 2047 et

1850 2074 2216 2157 accipientem
2247 2076 2532 2134 damnatio
2571 2078 2838 2147 Simonis,
2873 2096 3040 2152 quam
3090 2097 3246 2138 sacra
3288 2080 3453 2137 lectio

1856 2174 2110 2235 testatur,
2140 2167 2391 2224 involvit.

1928 2257 2084 2315 Hanc
2133 2269 2318 2315 autem
2344 2261 2655 2332 generalem
2717 2262 3045 2318 sententiam
3093 2261 3154 2317 Β.
3204 2260 3455 2320 Gelasius

1856 2364 2000 2420 papa
2026 2359 2370 2421 pertractans
2402 2352 2470 2409 de
2491 2352 2837 2424 singulorum
2862 2354 3129 2425 graduum
3162 2355 3456 2409 ordinatio-

1857 2440 2025 2498 nibus
2046 2442 2355 2509 subintulit,
2378 2442 2521 2498 inter
2537 2459 2677 2515 quos
2699 2445 2864 2499 etiam
2882 2444 3159 2513 ostiarius,
3185 2446 3452 2513 notarios,

1852 2531 1974 2597 sive
1994 2532 2337 2601 defensores,
2378 2535 2707 2600 numeravit,
2734 2536 2829 2606 qui
2857 2552 2959 2592 nec
2998 2553 3095 2607 per
3120 2553 3318 2591 manus
3345 2538 3454 2592 im-

1854 2622 2187 2693 positionem
2213 2622 2562 2690 ordinantur,
2586 2639 2688 2679 nec
2709 2623 2813 2694 ipsi
2843 2640 3042 2682 manus
3075 2626 3239 2682 alicui
3269 2626 3452 2698 impos

1855 2730 1987 2771 nere
2016 2715 2433 2786 permittuntur;
2466 2715 2612 2771 unde
2651 2724 2707 2770 et
2734 2716 2887 2771 illum
2936 2717 2992 2771 in
3021 2716 3254 2773 decretis
3279 2715 3455 2772 sancti

1855 2808 2152 2864 Alexandri
2194 2807 2571 2871 Simoniacum
2595 2808 2782 2864 vocari
2810 2823 2922 2864 non
2965 2808 3193 2864 dubium
3219 2816 3323 2876 est,
3355 2807 3455 2879 qui

1854 2901 2141 2973 penitenti
2166 2902 2233 2958 ad
2258 2886 2762 2958 reconciliationem
2797 2916 2898 2972 pro
2926 2900 3103 2971 pretio
3144 2901 3289 2971 apud
3333 2900 3452 2972 epi-

1855 3008 2083 3064 scOpum
2104 2993 2280 3064 juvat.
2316 2992 2394 3047 Ex
2417 3007 2526 3063 qua
2552 3007 2612 3047 re
2642 2991 2937 3063 colligitur,
2971 3007 3081 3047 non
3121 2993 3299 3048 solum
3327 2990 3453 3048 illos

1855 3087 2097 3159 reputari
2128 3089 2270 3144 inter
2310 3086 2676 3153 Simoniacos,
2703 3086 2799 3157 qui
2844 3101 2941 3156 per
2964 3085 3198 3155 pretium
3235 3084 3304 3141 ad
3330 3100 3452 3140 ma-

1856 3192 1963 3232 nus
1986 3175 2395 3247 impositionem
2416 3175 2761 3246 perveniunt,
2785 3174 2890 3230 sed.
2917 3181 2972 3230 et
2995 3174 3119 3229 illos
3148 3173 3321 3244 quiet
3342 3173 3453 3228 alia

1854 3267 2181 3333 clericorum
2207 3266 2385 3323 ollicia
2424 3281 2521 3337 per
2564 3265 2856 3336 pecuniam
2894 3263 3212 3335 acquirunt.
3255 3262 3452 3320 Omnia

1854 3367 2037 3427 autem
2067 3359 2124 3414 in
2142 3357 2413 3429 ejusmodi
2440 3356 2633 3417 oﬂiciis
2655 3364 2915 3428 operatur
2944 3372 3089 3412 unus
3117 3362 3281 3426 atque
3306 3355 3452 3409 idem

1849 3450 2094 3522 Spiritus
2119 3449 2177 3523 (Ι
2201 3449 2325 3506 Cor.
2367 3450 2492 3520 xu),
2514 3449 2675 3519 Cujus
2707 3448 2917 3504 donum
2964 3462 3075 3503 non
3121 3447 3312 3518 gratis,
3346 3446 3447 3503 sed

1852 3559 1953 3618 per
1979 3542 2235 3615 pretium:
2252 3542 2386 3598 dare
2437 3550 2494 3598 et
2538 3541 2807 3612 accipere,
2834 3555 2946 3595 non
2967 3539 3318 3606 catholicum,
3357 3535 3453 3593 sed

1855 3635 2232 3691 indubitanter
2256 3641 2341 3689 est
2368 3631 2768 3689 Simoniacum.

1925 3728 1997 3783 Χ.
2031 3727 2360 3784 Mediatores
2389 3741 2610 3797 quoque
2645 3724 2812 3795 hujus
2842 3721 3250 3779 nefandissima:
3285 3735 3453 3793 nego-

1855 3818 2099 3895 tiationis
2127 3818 2197 3873 ab
2220 3816 2342 3887 ipso
2371 3831 2502 3870 vase
2529 3815 2814 3871 electionis
2840 3813 3196 3880 damnantur,
3232 3812 3326 3883 qui
3356 3827 3455 3867 eos

1856 3911 1933 3967 ita
1977 3911 2320 3966 detestatur:
2366 3906 2504 3962 Nam
2537 3907 2687 3979 digni
2716 3914 2848 3963 sunt
2881 3913 3060 3961 morte
3111 3920 3222 3959 non
3271 3904 3453 3959 solum

1852 4000 1950 4072 qui
2003 3999 2241 4055 nefanda
2287 3997 2516 4065 faciunt,
2573 3998 2668 4052 sed
2690 3997 2784 4067 qui
2836 3994 3167 4051 facientibus
3213 4007 3452 4050 consen-

1854 4093 2002 4148 tiunt
2027 4090 2201 4163 (Rom.
2234 4088 2296 4161 ι).
2322 4089 2455 4146 Item
2488 4087 2775 4145 citharista
2806 4097 2996 4144 noster
3030 4086 3200 4142 David
3229 4104 3241 4141 :
3288 4082 3349 4139 Si
3369 4084 3452 4139 vi-

1856 4184 2038 4251 debas,
2076 4183 2277 4254 inquit,
2303 4182 2494 4251 furem,
2531 4181 2781 4233 currebas
2829 4194 2951 4232 cum
2969 4190 3028 4235 eo
3071 4176 3249 4251 (Psal.
3274 4177 3449 4245 nix).
3510 4213 3515 4218 .

1857 4275 1927 4330 Et
1955 4274 2127 4329 illud:
2166 4271 2239 4328 0s
2270 4281 2418 4326 tuum
2441 4270 2745 4329 abundavit:
2776 4268 3029 4333 malitia;
3064 4277 3114 4323 et
3136 4268 3321 4339 lingua
3358 4275 3462 4327 tua,

1857 4364 2211 4422 concinnabat
2238 4362 2390 4417 dolos
2419 4360 2635 4434 (Ibid.).
2666 4360 2870 4417 Deinde
2919 4360 2973 4415 in
3015 4359 3207 4415 eodem
3237 4356 3459 4428 psalmo

1785 4427 1831 4484 Β
1855 4453 2116 4511 terribilis
2137 4451 2408 4509 sententia
2426 4427 2498 4506 de
2523 4427 2840 4522 hujusmodi
2878 4457 3217 4506 assentatore
3240 4427 3455 4516 profer-

1856 4558 1967 4618 tur,
1999 4547 2250 4604 videlicet
2295 4544 2445 4617 quod
2490 4560 2523 4601 a
2560 4545 2794 4601 Domino
2839 4544 3175 4614 arguendus,
3215 4556 3317 4598 nec
3354 4557 3464 4611 per

1854 4639 2094 4711 aliquem
2136 4654 2169 4693 a
2215 4652 2386 4693 manu
2421 4636 2640 4692 Domini
2665 4635 2925 4704 deinceps
2968 4632 3309 4704 eripiendus.
3340 4630 3463 4692 Nec

1853 4732 2073 4789 mireris
2125 4731 2172 4787 si
2215 4728 2522 4801 spiritualis
2568 4727 2730 4785 ofﬁcii
2769 4733 3046 4782 mercator
3081 4724 3184 4780 sub
3230 4725 3473 4788 nomine
3556 4782 3561 4787 ,

1852 4824 1993 4886 furis
2017 4826 2352 4897 designetur,
2380 4837 2508 4891 cum
2552 4823 2622 4878 ab
2653 4820 2773 4890 ipsa
2800 4817 3054 4879 ,Veritate
3079 4818 3137 4873 in
3161 4814 3487 4891 Evangelia

1852 4918 1928 4975 ita
1969 4918 2324 4976 nominetur:
2379 4912 2486 4981 Qui
2531 4914 2681 4969 enim
2724 4909 2944 4969 aliunde
2962 4908 3152 4966 intrat
3201 4905 3308 4962 nisi
3369 4926 3509 4981 pm.

1853 5011 2081 5078 ostium,
2106 5024 2216 5064 non
2230 5016 2423 5079 pastor
2446 5004 2659 5073 ovium,
2687 5003 2784 5059 sed
2813 5001 2903 5056 fur
2926 5009 2981 5057 et
3002 5001 3151 5058 latro
3174 5013 3518 5076 nuncupa,

1855 5112 1949 5160 tur
1978 5121 2010 5161 a
2039 5100 2274 5159 Domino
2307 5099 2489 5172 (Joan.
2547 5098 2628 5171 x)‘.
2658 5093 2863 5165 Nempe
2914 5095 3107 5153 nullus
3136 5093 3193 5149 in
3219 5088 3541 5165 Ecclesia

1854 5199 2111 5269 praelatus
2165 5207 2260 5263 per
2307 5189 2533 5254 ostium,
2568 5189 2675 5245 hoc
2695 5195 2781 5242 est
2809 5201 2906 5259 per
2934 5185 3122 5257 ipsum
3147 5180 3402 5240 Dominu
3416 5206 3547 5262 ιη,

1855 5288 1921 5328 ml
1948 5284 2275 5328 ngatnmlnm
2302 5295 2491 5328 miram
2526 5279 2775 5328 intravit-
2808 5278 2902 5328 nui
2947 5295 3052 5328 nar
3079 5273 3417 5328 avaritiam-
3472 5287 3549 5328 ἶιι
