3988 5328
537 349 644 408 763

1213 345 1270 401 S.
1301 343 1630 402 GREGORII
1666 344 1758 400 VII
1795 344 1946 403 OPP.
1988 345 2169 404 PARS
2207 345 2294 404 III.
2334 379 2402 389 ——
2442 346 2757 406 CONCILIA
2803 348 3108 406 ROMANA.

3705 351 3807 410 764

483 463 488 466 ’
528 463 631 534 jus
675 469 859 520 autem
911 457 1354 516 criminosissimi
1398 459 1744 517 mercimonii
1790 461 2122 519 mediatores
2151 465 2194 522 A
2223 478 2364 534 opus
2393 463 2775 530 interdicatur‘,
2798 465 2891 534 qui
2913 473 2968 519 et
2989 480 3089 536 pro
3120 465 3237 536 ipsa
3277 464 3692 521 cohabitatione
3725 465 3804 522 ic-

535 571 647 610 non
695 555 1028 627 negligenter
1086 551 1367 607 attendant
1425 550 1574 606 Giezi
1625 568 1855 623 puerum
1918 553 2120 610 Eliszei.

536 647 633 719 qui
662 663 729 702 ex
750 655 905 716 parte
951 645 1158 700 .lomini
1190 644 1300 712 sui,
1324 660 1392 700 eo
1433 645 1654 716 quidem
1685 646 1980 714 nesciente,
2008 662 2130 701 mu-

537 753 668 793 nera
695 745 888 807 sponte
936 736 1119 792 oblata
1172 737 1413 808 suscepit
1447 753 1479 792 a
1525 735 1771 793 Naaman
1839 736 1999 810 Syro,
2035 739 2130 810 qui

531 829 646 900 jam
676 845 708 883 a
733 829 878 900 lepra
903 828 1198 886 mundatus
1227 837 1312 885 est
1341 830 1411 886 ab
1444 827 1640 886 Elisaao
1673 831 1957 901 propheta.
1983 829 2128 886 Idem

538 919 738 990 quippe
803 919 953 975 Giezi
985 960 1000 987 ,
1053 919 1180 976 licet
1247 920 1390 976 inter
1459 918 1714 978 Elisazum
1763 931 1819 977 et
1883 921 2130 979 Naaman

537 1011 752 1067 medius
799 1008 1009 1067 nefarie
1052 1012 1380 1079 lucraretur,
1413 1019 1670 1068 neutrum
1721 1022 1904 1069 tamen
1942 1031 2129 1071 secum

538 1102 760 1158 sceleris
799 1101 926 1158 fecit
961 1103 1204 1175 ejusdem
1232 1103 1550 1160 obnoxium.
1583 1103 1722 1161 Nam
1753 1114 1807 1161 ct
1835 1106 1925 1162 ille
1963 1123 2131 1180 spon-

539 1202 755 1249 taneam
804 1196 1136 1252 oblationem
1178 1197 1346 1252 sortis
1379 1197 1655 1268 eleganter
1689 1199 1927 1269 respuit,
1963 1217 2130 1271 quam

541 1285 644 1340 iste
693 1303 801 1342 non
847 1288 1008 1358 quasi
1053 1304 1120 1346 ex
1158 1289 1340 1346 debito
1370 1289 1633 1357 ementis,
1672 1291 1768 1347 sed
1795 1307 1862 1346 ex
1894 1292 2131 1364 benigno

540 1378 738 1434 affectu
800 1383 1030 1448 mentis,
1090 1381 1388 1437 liberaliter
1442 1382 1672 1450 obtulit;
1731 1383 1825 1440 sed
1877 1384 2130 1455 quamvis

543 1467 690 1523 Giezi
721 1478 976 1526 neutrum
1015 1473 1214 1528 horum
1251 1473 1305 1528 in
1332 1473 1560 1530 crimine
1595 1489 1780 1532 secum
1815 1475 2128 1542 attraxerit,

545 1559 640 1614 sed
679 1575 740 1616 se
775 1562 953 1617 solum
991 1561 1046 1618 in
1073 1562 1175 1620 hos
1205 1564 1448 1619 medium
1479 1563 1710 1635 simplici
1737 1565 1966 1621 crimine
1995 1565 2133 1620 obli-

543 1651 754 1723 gaverit
773 1695 789 1720 ,
813 1653 930 1724 ipse
950 1663 1133 1710 tamen
1172 1665 1228 1711 et
1256 1670 1451 1712 omnes
1482 1663 1538 1711 et
1560 1657 1769 1727 posteri
1816 1673 1916 1728 pro
1943 1657 2132 1716 eadem

545 1743 706 1815 culpa
749 1743 1006 1816 leguntur
1048 1747 1395 1804 severissime
1424 1747 1632 1819 puniti;
1672 1749 1766 1806 sed
1808 1750 2130 1821 etlepram,

2231 554 2506 614 minarum
2533 569 2644 610 non
2679 555 2856 611 solum
2899 555 2970 611 de
2995 555 3303 611 ministerio
3350 556 3704 624 altaris,.sed
3743 557 3808 613 de

2229 645 2489 702 clericatu
2536 661 2640 702 suo
2685 647 2982 718 periclitari
3016 647 3143 718 jure
3187 656 3502 702 censentur.
3553 645 3666 702 Nec
3709 648 3810 704 hoc

2230 744 2444 792 tantum
2473 737 2541 792 de
2569 737 2965 806 sacerdotibus,
3001 737 3099 794 sed
3130 737 3196 793 de
3233 737 3492 794 omnibus
3519 738 3696 794 sacris
3725 753 3810 792 or-

2229 825 2450 882 dinibus
2491 827 2770 882 evidenter
2813 825 3141 884 decernitur.
3185 825 3318 882 Item
3363 825 3812 882 Neoczesareense

2230 917 2548 986 concilium,
2580 918 2726 990 quod
2751 926 2878 974 ante
2905 916 3185 974 Nicaznum
3210 918 3508 974 concilium
3540 917 3714 974 fuisse
3740 918 3814 973 le-

2230 1009 2395 1082 gitur,
2433 1011 2611 1080 capite
2646 1009 2825 1081 primo
2857 1010 3137 1066 decrevit:
3173 1008 3466 1082 Presbyter
3493 1011 3545 1065 si
3590 1023 3812 1064 uxorem

2229 1101 2469 1167 duxerit,
2513 1101 2584 1156 ab
2615 1102 2808 1158 ordine
2853 1102 3195 1173 deponatur;
3243 1101 3292 1158 si
3329 1116 3465 1158 vero
3511 1099 3813 1156 fornicatus

2230 1191 2430 1261 fuerit,
2475 1201 2572 1248 aut
2603 1194 2933 1250 adulterium
2957 1193 3368 1264 perpetraverit,
3408 1192 3652 1262 amplius
3697 1192 3813 1262 pelli

2193 1329 2200 1337 .
2229 1283 2410 1351 debet,
2443 1293 2497 1340 et
2522 1285 2589 1340 ad
2613 1285 2988 1356 paenitentiam
3009 1285 3200 1356 redigi.

2299 1377 2744 1434 Chalcedonense
2766 1377 2932 1432 etiam
2961 1375 3280 1442 concilium,
3317 1373 3468 1446 quod
3493 1374 3648 1446 ipsas
3679 1371 3820 1430 Neo-
3883 1389 3896 1396 ‘

2231 1483 2598 1524 caesareenses
2643 1476 2700 1524 ct
2744 1467 3025 1535 Nieamas,
3076 1465 3190 1522 imo
3219 1467 3470 1522 omnium
3504 1474 3820 1521 sancumnn

2231 1560 2458 1617 Patrum
2492 1560 2806 1618 sanctiones
2845 1568 2973 1621 ante
3011 1559 3192 1630 ipsum
3223 1566 3560 1624 transactas,
3590 1565 3656 1612 ut
3685 1572 3820 1627 pra

2231 1651 2438 1709 dictum
2463 1659 2568 1720 est,
2602 1651 2912 1719 confirmat,
2943 1651 3106 1706 etiam
3131 1649 3449 1706 earumdem
3477 1649 3821 1704 sanctionem

2233 1744 2682 1815 praevaricatores
2715 1743 3040 1816 generaliter
3064 1742 3140 1797 ita
3165 1741 3498 1797 condemnat
3525 1739 3710 1810 capite
3733 1740 3821 1794 lo:

545 1849 578 1892 a
608 1849 717 1904 qua
757 1837 1054 1894 mundatus
1093 1847 1180 1894 est
1212 1836 1456 1894 Naaman
1476 1880 1492 1906 ,
1534 1839 1693 1910 quasi
1729 1839 2130 1898 hzereditariam
2163 1834 2208 1891 Β
2232 1834 2342 1892 Eos
2371 1844 2553 1892 autem
2595 1835 2693 1908 qui
2727 1835 2849 1891 ausi
2871 1833 3076 1890 fuerint
3099 1848 3199 1904 per
3248 1831 3384 1906 [lege
3418 1841 3595 1902 post.,
3629 1829 3826 1902 ﬂiam]

545 1922 604 1979 in
647 1926 1039 1996 sempiternum
1074 1929 1272 1986 sortiti.
1307 1930 1651 2001 Quapropter
1679 1931 2010 1988 mediatores
2044 1929 2134 1986 Si-

549 2016 815 2074 moniacae
867 2019 1254 2092 negotiationis
1306 2021 1591 2078 attendant
1646 2037 1814 2093 quam
1859 2021 2136 2091 districto,

549 2104 663 2164 imo
709 2125 874 2181 quam
919 2111 1322 2169 districtissime
1371 2114 1484 2170 sint
1525 2113 1858 2182 damnandi,
1896 2115 1994 2187 qui
2027 2129 2137 2170 non

549 2200 730 2256 solum
755 2218 814 2258 se
838 2203 988 2274 ipsos
1004 2245 1019 2270 ,
1045 2205 1138 2260 sed
1165 2213 1218 2260 et
1242 2205 1363 2261 illos
1384 2221 1621 2278 quorum
1657 2209 1987 2264 mediatores
2010 2214 2140 2264 sunt

553 2289 660 2344 sub
679 2297 881 2345 aeterna
907 2291 1257 2348 damnatione
1281 2310 1468 2350 secum
1481 2305 1802 2366 posuerunt.
1830 2295 1976 2352 Satis
1987 2311 2138 2367 ergo,

553 2387 619 2434 ut
661 2380 886 2451 opinor,
929 2380 1264 2438 declaratum
1301 2393 1386 2443 est
1415 2401 1580 2455 quam
1613 2401 1960 2457 summopere
1998 2402 2141 2458 prae-

553 2467 733 2542 dictas
756 2469 932 2526 nostri
969 2473 1254 2542 apostolici
1277 2475 1590 2532 sanctiones
1611 2477 1856 2532 venerari
1880 2484 1934 2532 et
1952 2477 2144 2534 obser-

543 2575 684 2625 vare
729 2561 1026 2618 debeamus
1050 2605 1065 2632 ,
1117 2581 1260 2636 quas
1309 2580 1420 2621 non
1459 2567 1637 2623 solum
1676 2555 1741 2623 ex
1775 2568 2052 2641 synodicis
2089 2578 2145 2626 et

557 2652 890 2710 authenticis
941 2663 1256 2712 sanctorum
1311 2653 1536 2713 Patrum
1589 2659 1872 2714 sententiis
1923 2675 2146 2732 proma-

554 2744 722 2822 '_nas'se
737 2785 754 2812 ,
795 2745 889 2802 sed
921 2747 1084 2802 etiam
1107 2764 1174 2804 ex
1199 2749 1532 2822 propheticis
1548 2791 1564 2818 ,
1593 2751 1918 2824 evangelicis
1938 2760 1993 2807 et
2013 2767 2146 2823 apo-

559 2833 769 2892 stolicis
805 2836 1092 2908 scripturis
1125 2840 1462 2910 processisse
1483 2841 1772 2911 probatum
1807 2849 1894 2898 est
1933 2841 2149 2898 eviden-

549 2927 790 2984 tissime.
817 2926 937 3000 Ipsa
959 2929 1209 2986 videlicet
1228 2929 1444 2988 Veritas
1467 2932 1679 3000 eadem,
1701 2942 1756 2989 et
1776 2949 1872 3004 per
1886 2934 2144 3004 seipsam,

557 3026 616 3074 et
661 3034 752 3090 per
806 3035 937 3076 suos
967 3019 1152 3077 fideles
1193 3021 1566 3078 indubitanter
1595 3023 1988 3096 promulgavit,
2025 3037 2148 3094 quae

559 3117 620 3164 et
651 3110 756 3166 sub
789 3111 932 3168 fideli
971 3113 1320 3170 attestatione
1355 3115 1516 3170 nobis
1549 3115 1682 3172 dicit
1714 3135 1726 3170 :
1763 3115 1958 3183 Amen,
1997 3132 2149 3170 amen

563 3201 685 3256 dico
727 3203 871 3257 vobis
906 3219 926 3258 :
965 3203 1027 3260 Si
1049 3206 1166 3276 quis
1191 3222 1482 3261 sermonem
1512 3189 1684 3261 meum
1712 3208 2022 3273 servaverit,
2047 3223 2151 3260 non

563 3291 758 3347 videbit
783 3303 1000 3349 mortem
1024 3296 1080 3350 in
1105 3304 1360 3351 wternum
1397 3295 1580 3369 (Joan.
1599 3297 1778 3367 xvm).
1815 3296 1947 3352 Item
1969 3297 2098 3352 alibi
2134 3315 2148 3350 :

567 3378 630 3436 Si
669 3385 787 3452 quis
835 3383 1016 3455 diligit
1045 3401 1157 3454 me,
1188 3401 1480 3439 sermonem
1513 3401 1686 3439 meum
1716 3386 1944 3440 servabit
1967 3384 2149 3457 (Joan.

567 3472 704 3544 xxv).
744 3471 888 3545 Ergo
931 3475 1026 3546 qui
1057 3476 1313 3531 mandata
1346 3476 1468 3546 ejus
1511 3491 1622 3530 non
1653 3477 1938 3543 observat,
1979 3478 2154 3547 ipsam

572 3557 872 3618 Veritatem
898 3579 1009 3619 non
1039 3574 1190 3621 amat
1223 3584 1237 3620 :
1286 3565 1392 3632 Qui
1427 3576 1605 3621 autem
1642 3583 1746 3621 non
1771 3567 1979 3638 diligit,
2018 3577 2156 3624 atte-

569 3661 754 3711 stante
785 3665 976 3712 saneto
995 3655 1226 3727 Joanne,
1261 3668 1436 3714 manet
1465 3660 1522 3713 in
1545 3668 1710 3714 morte
1735 3657 1826 3731 (II
1856 3659 2017 3716 Joan.
2038 3661 2154 3731 tu);

571 3750 670 3820 qui
719 3766 848 3807 vero
904 3753 1086 3810 divina
1143 3763 1411 3826 praecepta
1467 3755 1797 3824 contemnit,
1847 3755 2158 3812 nullatenus

574 3853 806 3898 mortem
843 3843 1216 3919 subterfugere
1239 3847 1460 3903 valebit.

645 3933 737 4001 XI.
788 3935 1033 3994 Tertium
1079 3947 1262 3994 autem
1291 3939 1576 4011 apostolici
1629 3939 1806 3995 nostri
1853 3946 2118 3996 statutum
2140 3982 2156 4008 ,

576 4026 726 4097 quod
769 4027 1234 4087 incontinentibus
1288 4031 1501 4088 clericis
1550 4030 1917 4088 ministerium
1973 4031 2162 4089 altaris

491 4107 497 4113 ’
576 4117 882 4189 interdicit,
927 4121 1284 4180 nihilominus
1327 4123 1612 4180 deﬁnitum
1640 4132 1725 4180 est
1761 4141 1792 4180 a
1835 4124 2044 4181 sanctis
2065 4123 2166 4179 Pa-

576 4209 785 4277 tribus,
813 4219 898 4266 est
917 4211 1062 4267 enim
1087 4215 1352 4285 scriptum
1382 4215 1438 4270 in
1473 4211 1695 4272 Nicmno
1721 4216 1954 4294 concilio
1971 4257 1988 4283 ,
2015 4215 2163 4286 quod

579 4299 884 4356 maximum
925 4309 1011 4358 est
1034 4303 1176 4359 inter
1207 4313 1447 4376 quatuor
1479 4305 1712 4361 concilia
1734 4304 2041 4377 Evangeliis
2075 4305 2166 4360 ad-

578 4398 795 4461 aequata
815 4433 830 4460 ,
854 4393 1032 4464 capite
1065 4396 1226 4451 tertio
1265 4415 1278 4451 :
1305 4395 1584 4453 Interdicit
1624 4413 1722 4468 per
1754 4398 1940 4453 omnia
1969 4413 2166 4470 magna

2237 1926 2616 1986 ditiinitionem
2663 1942 2876 2000 magna:
2932 1934 2988 1982 et
3032 1925 3360 1981 universalis
3418 1924 3594 1995 hujus
3637 1922 3824 1995 synodi

2237 2034 2578 2092 quaecunque
2601 2035 2670 2076 ex
2693 2019 2778 2075 bis
2805 2034 2928 2090 qua;
2947 2026 3076 2074 sunt
3097 2015 3369 2088 prohibita
3399 2023 3716 2086 penetrare,
3737 2013 3832 2069 de-

2239 2112 2412 2167 crevit
2441 2118 2633 2168 sancta
2654 2110 2898 2183 synodus
2923 2124 2955 2165 a
2979 2109 3203 2181 preprio
3233 2107 3403 2180 gradu
3432 2106 3716 2163 recedere.

2311 2201 2447 2260 Item
2495 2201 2851 2259 beatissimus
2902 2217 3042 2272 papa
3086 2200 3367 2266 Silvester,
3415 2197 3514 2270 qui
3557 2196 3830 2254 Nimiam

2241 2293 2510 2366 synodum
2539 2292 2890 2366 congregavit
2933 2300 2990 2348 et
3033 2291 3282 2347 eamdem
3312 2289 3622 2361 apostolica
3645 2297 3832 2344 aucto-

2241 2385 2402 2442 ritate
2438 2385 2836 2450 corroboravit,
2865 2383 2922 2439 in
2969 2383 3088 2439 suis
3117 2381 3476 2456 synodalibus
3497 2381 3740 2436 decretis
3760 2381 3830 2435 ita

2241 2477 2488 2534 decernit
2517 2476 2696 2548 capite
2730 2483 2886 2532 sexto
2917 2494 2929 2531 :
2965 2473 3138 2530 Nemo
3164 2472 3450 2546 presbyter
3487 2489 3522 2528 a
3543 2472 3634 2528 die
3655 2471 3830 2526 hono-

2243 2571 2321 2626 ris
2342 2567 2664 2642 presbyterii
2694 2575 2880 2625 sumat
2913 2565 3230 2639 conjugium
3265 2583 3279 2619 :
3313 2563 3462 2636 quod
3511 2564 3562 2620 si
3589 2563 3834 2634 qisne-

2244 2661 2420 2734 glecto
2459 2661 2564 2716 boe
2593 2660 2753 2716 aliter
2795 2659 2986 2732 egerit,
3017 2657 3308 2715 duodecim
3339 2655 3505 2711 annis
3523 2671 3654 2711 eum
3672 2655 3836 2726 jube-

2243 2768 2371 2808 mus
2398 2751 2599 2823 privari
2628 2751 2870 2817 honore;
2901 2749 3051 2821 quod
3073 2749 3120 2805 si
3145 2747 3272 2818 quis
3292 2755 3489 2803 contra
3517 2746 3626 2802 hoc
3648 2743 3837 2800 chim‘

2245 2845 2514 2916 grapbum
2549 2857 2792 2914 praesens
2817 2849 2873 2897 et
2893 2840 3110 2912 publice
3145 2839 3353 2896 dictum
3377 2837 3580 2910 egerit,
3607 2836 3842 2893 damna-

2246 2936 2396 2992 bitur
2419 2935 2474 2990 in
2498 2943 2842 3006 perpetuum.

2318 3026 2452 3082 Item
2486 3027 2681 3082 beatus
2726 3023 2962 3081 Siricius
2990 3039 3131 3096 papa
3161 3024 3217 3079 in
3242 3021 3479 3080 decretis
3509 3021 3636 3077 suis
3667 3020 3839 3092 θρίω

2251 3119 2482 3190 septimo
2514 3136 2528 3173 :
2553 3116 2793 3184 Quilibet
2819 3117 3110 3188 episcopus
3143 3115 3434 3187 presbyter
3457 3123 3632 3184 atque
3651 3113 3838 3169 diaco-

2254 3226 2380 3276 nus,
2426 3209 2570 3280 quod
2604 3223 2714 3264 non
2767 3218 3044 3278 optamus,
3091 3207 3367 3276 deinceps,
3392 3205 3442 3260 si
3492 3204 3840 3260 iocantium

2254 3301 2421 3358 fuerit
2454 3301 2730 3367 inventus,
2756 3299 2870 3370 jam
2907 3314 3057 3354 nunc
3087 3297 3192 3353 sibi
3218 3312 3316 3368 per
3345 3311 3450 3352 nos
3471 3311 3700 3351 omnem
3743 3296 3838 3350 ad-

2256 3394 2391 3449 itum
2442 3391 2794 3464 indulgentiae
2821 3389 3088 3461 intelligat
3122 3389 3462 3446 obseratum.
3494 3385 3634 3442 Item
3654 3388 3713 3442 in
3735 3386 3841 3442 εἰςρ

2255 3488 2380 3543 dem
2427 3486 2608 3557 capite
2646 3484 2974 3541 duodecimo
3013 3499 3026 3536 :
3061 3481 3317 3537 Feminas
3359 3479 3528 3535 etiam
3565 3495 3682 3535 non
3711 3480 3844 3534 alias

2255 3595 2379 3636 esse
2427 3579 2668 3650 patimur
2698 3577 2752 3631 in
2795 3574 3054 3632 domibus
3091 3571 3443 3640 clericorum,
3469 3571 3581 3628 nisi
3609 3587 3708 3627 eas
3726 3580 3846 3625 tan-

2257 3679 2397 3736 tum,
2424 3685 2563 3742 quas
2584 3677 2807 3740 propter
2833 3667 2981 3724 solas
3018 3664 3488 3722 necessitudinum
3507 3679 3715 3720 causas
3745 3662 3840 3716 ba-

2256 3763 2435 3819 bitare
2469 3776 2596 3818 cum
2629 3759 2836 3816 eisdem
2885 3757 3130 3830 synodus
3155 3754 3373 3812 Nicena
3396 3755 3676 3826 permisit.
3715 3753 3844 3807 Item

2259 3851 2647 3910 sanctissimus
2680 3866 2820 3922 papa
2840 3849 3136 3920 Gregorius
3162 3847 3410 3904 scribens
3438 3846 3508 3901 ad
3535 3843 3846 3900 Romanum

2259 3943 2602 4002 defensorem
2627 3941 2702 3999 ita
2727 3940 2971 4000 decernit
2997 3940 3174 4010 capite
3209 3938 3426 3994 decimo
3452 3953 3466 3990 :
3491 3936 3558 3992 Si
3580 3937 3713 4008 quis
3729 3935 3844 4008 epi-

2261 4049 2576 4106 scoporum,
2607 4047 2750 4103 quos
2789 4030 3072 4087 commissi
3107 4029 3206 4086 tibi
3249 4027 3577 4100 patrimonii
3607 4027 3735 4083 linis
3763 4026 3843 4080 in-

2261 4127 2452 4194 cludit,
2475 4140 2602 4183 cum
2632 4123 2956 4180 mulieribus
2979 4122 3205 4193 degunt,
3229 4120 3332 4176 bos
3359 4127 3420 4173 ut
3441 4117 3679 4173 omnino
3704 4132 3850 4172 com-

2262 4235 2458 4292 pescas
2509 4218 2792 4290 iubemus,
2832 4223 2888 4272 et
2923 4215 2990 4271 de
3037 4221 3235 4269 certem
3273 4211 3384 4266 illic
3415 4225 3513 4266 eas
3543 4209 3849 4265 inhabitare

2265 4311 2417 4368 nullo
2441 4309 2606 4366 modo
2626 4307 2872 4380 patiaris,
2901 4305 3144 4376 exceptis
3183 4303 3251 4359 iis
3279 4317 3420 4374 quas
3440 4315 3737 4356 sacrorum
3765 4315 3849 4354 ca-

2265 4415 2475 4456 nonum
2516 4412 2750 4454 censura
2781 4393 3069 4468 permittit,
3105 4391 3160 4449 id
3203 4400 3288 4448 est
3323 4397 3581 4456 matrem,
3604 4390 3849 4453 amitam,

583 4483 848 4554 syncdus,
895 4499 1008 4586 non
1057 4486 1338 4558 episcopo,
1377 4503 1488 4544 non
1520 4489 1839 4560 presbytero
1859 4530 1876 4558 ,
1911 4505 2020 4544 non
2050 4487 2168 4544 dia-
2201 4531 2244 4586 ο
2269 4505 2609 4566 germanam,
2629 4498 2685 4544 et
2704 4489 2842 4544 alias
2863 4485 3199 4556 hujusmodi,
3231 4484 3300 4539 de
3323 4483 3528 4586 quibus
3552 4496 3852 4585 .pravasuo

584 4587 748 4642 cono,
799 4589 900 4630 nec
940 4573 1104 4632 alicui
1154 4576 1382 4632 omnino
1430 4579 1526 4650 qui
1579 4580 1636 4632 in
1677 4579 1824 4634 clero
1855 4586 1966 4645 est,
2003 4578 2168 4635 licere
2203 4572 2241 4586 “’
2270 4585 2446 4658 spicio
2475 4599 2584 4638 non
2626 4579 2802 4652 possit
2827 4593 2968 4634 esse.
3000 4576 3193 4632 Melius
3231 4583 3415 4630 tamen
3455 4572 3695 4639 faciunt,
3718 4573 3766 4629 si
3799 4586 3857 4626 se

583 4666 1058 4724 subintmductam
1101 4668 1302 4726 habere
1350 4671 1632 4726 mulierem
1659 4713 1674 4738 ,
1727 4671 1832 4726 nisi
1874 4669 2016 4726 forte
2050 4686 2167 4724 ma-
2271 4677 2435 4732 etiam
2467 4689 2500 4729 a
2529 4673 2719 4728 talium
2742 4667 3146 4726 eohabitatione
3183 4664 3521 4720 contineant-
3550 4661 3697 4718 Nam
3725 4663 3854 4734 18ῧί-

587 4763 758 4829 trem,
784 4769 881 4816 aut
927 4775 1206 4829 sororem,
1239 4770 1336 4817 aut
1377 4762 1602 4817 amitam
1627 4805 1644 4829 ,
1691 4762 1774 4817 vel
1809 4777 1904 4818 eas
1952 4769 2142 4816 tanton

2271 4777 2364 4824 tur
2403 4765 2551 4838 quod
2590 4765 2784 4820 beatus
2809 4759 3150 4832 Augustinus
3193 4772 3297 4812 nec
3315 4771 3443 4812 cum
3473 4771 3673 4811 sorore
3701 4754 3824 4824 babi

587 4863 852 4918 personas
870 4867 993 4924 quae
1013 4852 1378 4926 suspicionem
1401 4853 1682 4925 effugiunt.
1707 4852 1780 4910 Ut
1798 4863 1980 4910 autem
2001 4853 2170 4924 hujus
2272 4865 2392 4914 tare
2453 4853 2830 4919 consenserit;
2888 4849 3078 4906 dicens
3110 4863 3124 4901 :
3159 4845 3294 4915 Quae
3335 4862 3464 4902 cum
3498 4861 3697 4902 sorore
3739 4861 3852 4900 mea

590 4941 786 5013 capitis
826 4943 1056 5002 intentio
1101 4945 1304 5002 clarius
1337 4945 1632 5014 elucescat,
1677 4947 2002 5018 apertiorem
2048 4945 2170 5016 ejus
2276 4956 2407 5005 sunt
2430 4961 2650 5004 sorores
2676 4959 2814 5001 mete
2847 4958 2959 5000 non
2982 4949 3128 4998 sunt.
3163 4933 3318 4996 Docti
3351 4953 3485 5010 ergo
3510 4937 3618 4992 viri
3649 4937 3853 4992 cautela

592 5035 1008 5092 translationem
1047 5039 1372 5094 subnectere
1415 5055 1525 5094 non
1585 5039 1808 5110 pigeat:
1851 5036 2176 5094 Omnimode
2275 5053 2474 5111 magna
2519 5035 2678 5092 nobis
2699 5033 2858 5091 debet
2877 5049 3001 5090 esse
3039 5031 3350 5088 instructio.
3393 5029 3462 5084 Et
3486 5037 3615 5098 post
3644 5043 3850 5098 pauca:

597 5133 786 5172 sancta
819 5127 1095 5172 infnniixit
1123 5131 1364 5172 cvnmlnc
1435 5147 1612 5172 nnmm
1658 5131 1916 5172 pnicpnnn
1999 5143 2175 5170 norum
2275 5128 2540 5170 praxim-pa
2567 5141 2714 5170 Mirm.
2731 5134 2840 5170 tum.
2857 5125 2928 5170 sit.
2947 5123 3166 5170 eosdem
3187 5119 3496 5170 eonf'ratres
3516 5126 3744 5168 nostros
3766 5116 3852 5168 ad-
