3988 5328
126 387 237 444 768

1370 382 1740 442 CONCILIUM
1775 380 2115 439 ROMANIS.“
2152 377 2189 434 Ι.

3316 367 3419 425 ’766

125 504 590 562 subintroductas
628 502 886 559 mulieres
915 500 1067 557 nullo
1100 499 1266 555 modo
1299 515 1484 556 secum
1534 499 1731 554 habere
1761 501 1806 558 Α
1833 496 2155 569 subjungit:
2190 490 2344 548 Nunc
2374 492 2567 546 iterum
2608 488 2727 542 dico
2766 486 2929 551 robis,
2970 485 3016 540 si
3056 485 3171 555 quis
3201 499 3421 553 cvange-

126 600 397 663 audeant,
421 598 530 653 nisi
550 596 785 654 forsitan
821 604 1179 650 commatrem
1207 608 1387 658 suam,
1413 601 1507 646 aut
1544 588 1731 661 proxi-

127 690 383 745 mitatem
409 684 781 758 generationis
804 683 908 739 sibi
942 683 1223 743 habentes.
1250 697 1371 751 qua:
1393 680 1734 751 suspiciones

127 778 441 849 ell'ugiunt;
489 777 634 831 sicut
678 776 733 829 in
786 771 1008 828 Niceno
1055 771 1292 826 concilio
1353 771 1585 824 habetur
1623 788 1635 824 :
1675 768 1734 822 Si

126 867 260 937 quis
293 876 496 935 praeter
525 865 639 919 luce
672 871 876 917 statuta
901 859 1314 932 praesumpserit
1339 875 1519 931 agerc,
1549 873 1732 914 sacer-

126 955 270 1012 dotii
303 955 392 1009 sui
419 955 628 1009 bonum
657 953 918 1023 privetur.

202 1044 341 1100 Item
391 1044 589 1126 beatus
632 1042 997 1113 Hieronymus
1023 1040 1271 1097 scribens
1308 1041 1374 1097 ad
1431 1041 1733 1108 Oceanum,

131 1136 472 1190 autlientieis
516 1134 825 1191 rationibus
872 1134 1123 1204 probavit
1175 1148 1285 1187 non
1332 1134 1495 1189 licere
1521 1133 1738 1189 clericis

133 1226 464 1282 conversari
489 1240 617 1281 cum
648 1224 904 1289 feminis;
931 1236 985 1280 et
1017 1228 1363 1296 postmodum
1402 1225 1690 1279 subintnlit
1716 1241 1731 1277 ε

132 1317 295 1384 Quod
320 1317 369 1372 si
405 1325 534 1387 post
555 1325 743 1372 nostra
781 1318 988 1373 monita
1040 1316 1243 1386 aliquis
1270 1316 1503 1373 clericus
1536 1334 1730 1388 agape-

133 1421 223 1465 tas
265 1410 509 1480 amplius
561 1413 843 1480 quaesierit
883 1424 1071 1465 amare
1115 1425 1282 1480 quam
1315 1408 1621 1476 Christum,
1646 1424 1733 1464 se-

134 1502 382 1559 cundum
426 1502 748 1569 synodalem
801 1503 1045 1574 regulam
1084 1503 1464 1568 conveniatur,
1501 1512 1554 1557 et
1599 1518 1738 1573 pra:-

135 1602 294 1663 etpta
318 1594 379 1647 in
402 1591 588 1649 Nicaea
611 1593 835 1649 dillin'ua
858 1593 906 1648 ei
936 1595 1216 1665 legantur;
1244 1595 1357 1665 jam
1375 1610 1508 1648 vero
1532 1595 1575 1648 si
1600 1608 1736 1648 con-

137 1694 337 1741 ventus
363 1685 665 1756 praedictos
691 1685 885 1765 fugerit
923 1696 977 1741 et
1000 1686 1301 1757 reliquerit,
1333 1686 1612 1742 consecuti
1640 1702 1737 1741 su-

136 1790 264 1833 mus
292 1779 598 1833 maximum
642 1778 876 1834 lucrum.
913 1778 1168 1849 Alioquin
1226 1779 1353 1834 talis
1390 1780 1460 1833 ab
1494 1777 1736 1833 Ecclesia

138 1868 697 1925 anathematizandus
722 1879 824 1935 est,
854 1845 1163 1942 germinant
1192 1870 1339 1926 enim
1377 1869 1597 1925 femina:
1623 1870 1737 1942 spi-
1771 1845 1813 1900 Β

140 1974 240 2015 nas
267 1975 395 2016 cum
422 1960 562 2016 viris
591 1959 926 2028 habitantes,
959 1970 1014 2016 et
1040 1976 1241 2017 arcana
1283 1961 1551 2016 mentium
1575 1969 1738 2017 acuto

139 2066 409 2107 mucrone
441 2051 780 2122 percutiunt.

210 2141 321 2199 Sed
358 2144 492 2214 quid
524 2143 705 2199 dicam
741 2143 998 2200 ulterius?
1026 2143 1212 2202 dehcit
1238 2144 1384 2200 enim
1416 2144 1553 2199 mihi
1599 2150 1738 2199 tem-

143 2249 266 2306 pus,
317 2244 382 2290 ut
421 2250 680 2291 enarrem
723 2236 931 2291 viritim
988 2247 1210 2293 sanctos
1248 2236 1439 2293 Patres
1465 2235 1739 2307 praedictis

142 2326 319 2382 metri
356 2328 647 2397 apostolici
708 2324 954 2405 statutis
981 2328 1411 2384 subscribentes.
1449 2326 1587 2383 Nam
1620 2344 1740 2383 om-

147 2433 243 2475 nes
269 2418 543 2475 Catholici
602 2420 795 2475 eadem
830 2420 1172 2475 observanda
1210 2435 1333 2476 esse
1368 2428 1736 2487 censuerunt;

148 2509 241 2581 qui
268 2517 324 2565 et
352 2525 385 2565 a
416 2509 817 2568 sacratissimis
841 2509 907 2565 IV
938 2511 1187 2567 conciliis
1220 2510 1513 2567 dissentire
1544 2510 1738 2565 nolue-

150 2612 294 2670 runt,
327 2617 398 2657 ex
422 2601 629 2673 quibus
655 2611 844 2657 noster
868 2600 1208 2672 apostolicus
1230 2599 1456 2673 praelata
1484 2602 1736 2672 produxit

152 2694 395 2750 decreta:
419 2703 761 2765 quapropter
784 2709 883 2749 nec
909 2693 1109 2749 idiotas
1132 2694 1302 2750 latere
1322 2693 1555 2759 mstimo,
1573 2708 1737 2765 quam

152 2786 462 2855 periculose
488 2789 573 2841 vel
621 2786 810 2858 potius
836 2801 1001 2857 quam
1052 2785 1360 2858 perniciose
1383 2784 1487 2841 sibi
1518 2785 1743 2855 suisque

156 2877 526 2934 sectatoribus
549 2877 846 2950 desipiant,
874 2878 1190 2950 quicunque
1224 2893 1323 2948 per
1343 2876 1632 2933 Sozomeni
1658 2892 1746 2931 ca-

153 2979 246 3039 put
263 2970 648 3026 sacerdotibus
676 2969 1132 3026 incontinentiam
1178 2969 1453 3025 ascribere
1478 2983 1588 3023 non
1625 2966 1742 3021 lor-

160 3062 639 3132 tnidantzquibus
674 3062 805 3118 licet
847 3062 1194 3133 superiorum
1242 3061 1600 3132 epistularum
1649 3073 1745 3113 as-

1834 591 2099 654 timuerit,
2159 596 2352 659 prwter
2398 585 2455 639 id
2502 583 2641 655 quod
2676 581 2976 652 accepistis,
3022 578 3303 632 anathema
3349 576 3420 630 sit

1837 683 2051 754 (lbid.).
2083 682 2226 738 Idem
2250 694 2471 751 quoque
2504 675 2930 746 Paulusipsnm.
2950 671 3250 745 principem
3284 684 3419 739 apo-

1836 778 2103 831 stolorum
2140 771 2465 838 Antiochiae,
2488 770 2615 826 licet
2636 768 2879 839 ejusdem
2906 764 3051 822 sedis
3078 763 3418 833 episcopum,

1836 867 2134 924 liberaliter
2179 862 2465 935 corripuit,
2500 878 2567 918 co
2590 861 2736 932 quod
2796 874 2904 915 non
2959 857 3179 928 quidem
3221 854 3420 926 praedi—

1837 962 2037 1031 cando,
2070 961 2166 1017 sed
2206 974 2309 1015 suo
2344 956 2596 1025 exemplo
2617 953 2899 1023 judaizare
2949 957 3187 1022 cogeret,
3214 963 3337 1001 cum
3364 963 3423 1003 se

1838 1056 1907 1110 ab
1920 1070 2111 1110 eorum
2145 1049 2398 1108 convivio
2425 1062 2524 1119 pro
2547 1047 2744 1102 timore
2777 1044 3088 1101 Jndatornm
3113 1030 3423 1099 simulando

1838 1148 2205 1205 subtraheret.
2236 1143 2500 1199 Praeterea
2533 1141 2650 1210 ipse
2683 1137 3074 1195 lucresiarches
3096 1134 3270 1189 Ebion
3296 1146 3423 1187 cum

1840 1240 2099 1296 omnibus
2151 1237 2269 1293 suis
2326 1232 2693 1291 sectatoribus
2744 1230 2886 1285 inter
2957 1230 3197 1299 reliquos
3252 1225 3425 1280 luero-

1838 1334 1985 1390 ticos’
2022 1327 2521 1387 anathematizatus
2571 1333 2655 1379 est
2703 1338 2736 1378 a
2785 1320 3158 1378 sacratissima
3216 1314 3425 1389 synodo

1838 1422 2470 1493 Constantinopolitano,
2494 1426 2548 1474 et
2578 1434 2608 1473 a
2632 1418 2792 1473 beato
2816 1414 3033 1470 Crlasio
3058 1429 3195 1484 papa
3220 1411 3274 1465 in
3302 1424 3429 1480 apo-

1840 1521 2032 1578 stolica
2069 1518 2197 1574 Sede
2244 1535 2259 1572 :
2292 1514 2439 1585 quod
2472 1512 2765 1567 anathema
2818 1508 3000 1564 nullus
3050 1502 3428 1574 subterfugere

1840 1617 2065 1691 poterit,
2089 1614 2406 1686 quicunque
2433 1610 2615 1681 ipsum
2656 1602 3083 1662 liaarcsiarcham
3120 1614 3217 1669 per
3252 1593 3427 1650 Soza-

1843 1708 1989 1764 meui
2015 1713 2180 1776 caput
2200 1702 2399 1760 sectari
2432 1694 2857 1771 prmsnnipserit.

1909 1796 2050 1853 Xlll.
2086 1768 2332 1864 Quidam
2381 1768 2546 1847 etiam
2571 1787 2827 1842 videntur
2857 1781 2959 1839 sibi
2996 1776 3225 1835 nimium
3253 1768 3429 1829 scholi

1839 1890 2068 1969 [scioli],
2090 1894 2400 1946 asserentes
2426 1875 2878 1938 incontinentiam
2907 1866 3284 1947 sacerdotibus
3304 1875 3429 1918 esse

1838 1964 2157 2043 concessam
2185 1980 2241 2036 in
2267 1978 2361 2033 illo
2387 1970 2630 2047 Apostoli
2668 1989 2682 2024 :
2715 1964 3084 2037 Unusquisque
3110 1968 3427 2047 suamquxo-

1840 2074 2164 2132 remhaieat
2205 2070 2258 2142 (Ι
2290 2068 2416 2127 Cor.
2438 2045 2592 2137 vvn);
2625 2062 2718 2134 qui
2760 2068 2944 2115 autem
2981 2070 3087 2109 non
3120 2045 3433 2117 intelligunt

1839 2184 1963 2241 qua!
1991 2139 2320 2239 loquuntur,
2361 2173 2538 2231 neque
2570 2155 2639 2213 de
2672 2152 2874 2226 quibus
2909 2148 3179 2204 allirmant
3202 2140 3253 2241 ςι
3288 2139 3427 2241 Tim.

1841 2231 1913 2331 1-);
1937 2231 2132 2323 λιιι,ἐὶ
2167 2254 2512 2324 intelligunt,
2549 2262 2708 2305 suam
2759 2243 3004 2315 ipsorum
3040 2231 3432 2294 conscientiam

1840 2323 2184 2424 impugnaut.
2221 2323 2382 2414 Nam,
2430 2348 2726 2400 attestante
2760 2337 2922 2393 beato
2946 2329 3300 2401 Hieronymo,
3325 2323 3434 2379 Co-

1840 2423 2033 2501 rinthii
2065 2442 2209 2497 inter
2239 2447 2438 2495 cmtera
2488 2435 2557 2490 ab
2581 2428 2845 2504 Aposmlo
2869 2423 3203 2496 quaesierunt
3234 2433 3303 2474 an
3332 2431 3438 2470 nn-

1840 2554 1940 2611 per
1980 2534 2189 2593 renatis
2225 2532 2280 2587 in
2313 2529 2538 2586 Christo
2564 2520 2806 2581 carnalis
2842 2515 3038 2588 copula
3066 2514 3214 2569 licita
3239 2518 3429 2565 esset:

1841 2607 2045 2704 quibus
2091 2629 2167 2684 ita
2208 2623 2493 2693 rescripsit
2528 2615 2868 2689 Apostolus:
2906 2610 2985 2665 [re
3034 2607 3224 2680 quibus
3256 2612 3435 2657 autem

1842 2699 2135 2793 scripsistis
2182 2717 2335 2779 mihi,
2377 2714 2567 2768 bonum
2598 2718 2676 2764 est
2720 2706 2983 2761 hominem
3022 2699 3296 2755 mulierem
3332 2708 3437 2747 non

1844 2785 2058 2885 tanqere
2116 2827 2135 2865 :
2186 2817 2400 2880 propter
2472 2799 2882 2874 fornicationem
2940 2802 3034 2848 aut
3078 2785 3436 2857 unusquisque

1843 2874 2000 2963 sua-nt
2024 2917 2241 2960 uxorem
2270 2874 2483 2964 habeat,
2516 2906 2841 2964 unaqquue
2861 2887 3034 2942 cirum
3058 2896 3234 2938 suum.
3268 2874 3436 2933 L-‘Iori

1845 3002 1925 3059 uir
1964 2997 2200 3053 debitum
2254 2989 2465 3056 reddat,
2498 2985 2752 3041 similiter
2785 2989 2962 3035 autem
3013 2985 3063 3031 et
3116 2988 3253 3027 uxor
3299 2967 3434 3023 viro.

1847 3089 2047 3145 Mulier
2085 3085 2169 3140 sui
2196 3080 2432 3153 corporis
2468 3084 2777 3148 potestatem
2814 3086 2916 3124 non
2955 3067 3167 3132 haheat,
3199 3062 3292 3117 sed
3323 3059 3436 3123 vir;

157 3155 321 3211 sartio
351 3153 604 3210 subicere
634 3156 851 3221 debeat,
904 3154 1104 3209 iterum
1148 3162 1331 3208 tamen
1380 3167 1477 3207 eos
1506 3166 1742 3223 praemo-

1847 3179 2101 3238 similiter
2128 3186 2178 3232 et
2205 3175 2286 3231 vir
2314 3172 2399 3228 sui
2445 3168 2680 3240 corporis
2718 3171 3030 3236 potestatem
3075 3173 3176 3213 non
3224 3152 3437 3218 habent,

157 3262 280 3301 nere
298 3247 370 3302 de
396 3246 643 3301 cavendo
669 3248 1015 3313 anathemate
1039 3261 1149 3300 non
1172 3245 1385 3301 tmdeat.

221 3337 338 3393 XII.
386 3337 561 3395 Vetus
615 3338 1028 3394 Testamentum
1085 3338 1282 3409 partim
1338 3337 1392 3391 in
1446 3333 1742 3408 mysteriis,

155 3432 354 3502 partim
403 3433 461 3487 in
517 3431 827 3488 moralibus
877 3430 1164 3502 pncceptis
1220 3428 1537 3484 continetur
1578 3446 1590 3481 :
1627 3432 1742 3485 sed.

159 3524 477 3579 adveniente
506 3523 753 3591 Christo,
786 3522 1111 3582 cessavit'in
1155 3520 1432 3594 mysteriis
1467 3529 1521 3574 et
1546 3534 1745 3573 carna-

160 3615 300 3672 libus
322 3616 718 3683 observantiis,
743 3615 871 3687 quia
895 3616 1012 3686 ipse
1035 3621 1121 3669 est
1150 3614 1271 3668 lini~
1303 3614 1417 3669 sive
1453 3610 1747 3681 completio

161 3705 310 3777 legis;
351 3705 411 3761 in
460 3706 768 3762 moralibus
825 3719 1110 3777 pmeptis
1149 3704 1329 3759 adhuc
1373 3710 1578 3768 manet,
1618 3715 1744 3772 quia

148 3809 373 3867 semper
419 3804 509 3852 cst
540 3795 949 3865 observandum
991 3810 1005 3848 :
1050 3793 1248 3865 Diliges
1275 3793 1577 3863 proximum
1599 3800 1750 3845 tuum

162 3890 289 3944 sicut
338 3890 570 3961 “ipsum
607 3888 828 3959 (Matth.
875 3888 976 3960 xu)
1004 3930 1022 3955 ,
1056 3896 1106 3943 et
1148 3887 1378 3954 reliqua.
1426 3883 1751 3953 Quicunque

162 4000 286 4056 ergo
316 4000 384 4039 ex
417 3983 536 4054 lege
558 3983 801 4054 aliquam
844 3984 1119 4038 carnalem
1159 3979 1568 4036 observantiam
1606 3993 1749 4033 novo

162 4078 375 4149 quidem
413 4075 775 4133 Testamento
822 4077 1106 4132 adversam
1136 4074 1310 4129 adhuc
1350 4073 1747 4128 observandam

163 4187 274 4227 esse
294 4168 655 4244 dogmatizat,
680 4173 872 4241 procul
893 4170 1060 4226 dubio
1083 4183 1209 4224 cum
1235 4164 1461 4222 Calatis.
1490 4164 1601 4217 imo
1625 4178 1748 4217 cum

163 4264 453 4333 Ebionitis,
478 4265 749 4335 judaizat.
776 4263 1077 4335 Conjugale
1118 4270 1300 4317 autem
1328 4273 1466 4329 opus
1493 4257 1751 4311 sacerdo-

164 4369 270 4415 tum
301 4361 449 4415 inter
483 4357 729 4416 carnalis
768 4358 901 4427 legis
923 4354 1328 4413 observantiam
1355 4360 1703 4420 computatur
1738 4368 1751 4403 :

164 4454 357 4526 quibus
382 4468 634 4524 unquam
665 4448 848 4524 [[ονιο,
878 4448 931 4504 iu
976 4464 1166 4518 quam.
1208 4442 1409 4516 Hand]
1450 4441 1752 4497 sacerdoti-

1847 3274 1939 3331 sed
1970 3270 2183 3326 mulier.
2233 3266 2416 3322 Nolite
2465 3262 2721 3334 fraudor:
2761 3256 3010 3320 invicem,
3061 3250 3164 3306 nisi
3197 3247 3333 3318 forte
3374 3257 3441 3298 ex

1848 3378 2101 3421 consensu
2127 3361 2197 3417 ad
2223 3369 2450 3431 tempus,
2475 3364 2530 3409 ut
2555 3351 2746 3408 vacetis
2770 3346 3002 3404 orationi
3029 3342 3080 3416 (Ι
3106 3342 3343 3404 Cor.vn,
3361 3334 3436 3407 l):

1847 3459 1993 3530 quod
2022 3456 2095 3511 ita
2141 3449 2362 3524 exponit
2402 3450 2597 3504 beatus
2643 3442 3010 3513 Hieronymus
3044 3436 3100 3490 in
3134 3433 3277 3489 libro
3308 3443 3444 3530 con-

1847 3520 1931 3606 tra
1956 3520 2307 3604 Iovinianum
2337 3562 2352 3599 :
2386 3539 2508 3596 Non
2553 3536 2687 3593 dixit
2719 3532 3020 3606 Apostolus
3054 3535 3277 3600 propter
3321 3520 3439 3575 lor-

1852 3640 2184 3699 nicatiouem
2225 3636 2394 3692 ducat
2446 3628 2831 3702 unusquisque
2879 3637 3146 3686 uxorem,
3197 3612 3443 3713 alioquin

1857 3732 1960 3787 hac
1993 3727 2349 3785 excusatione
2385 3720 2597 3778 libidini
2633 3718 2783 3773 frena
2813 3715 3072 3776 laxasset,
3098 3719 3160 3763 ut
3199 3711 3445 3776 quoties-

1852 3834 2072 3889 cunque
2116 3832 2253 3873 uxor
2310 3812 2603 3877 moriatur,
2638 3808 2800 3865 toties
2826 3802 3076 3860 ducenda
3121 3798 3193 3854 sit
3225 3795 3351 3860 alia,
3378 3806 3447 3846 ne

1856 3884 2224 3972 fornicamur;
2253 3904 2347 3959 sed
2382 3898 2739 3969 unusquisque
2774 3909 2989 3949 uxorem
3029 3904 3184 3955 suam
3210 3884 3399 3939 habeat
3420 3897 3444 3949 l:

1851 4017 2041 4068 suam,
2096 3996 2307 4066 inquit,
2357 3993 2580 4058 habeat,
2633 4006 2732 4045 sua
2786 3997 3008 4051 utatur,
3060 3996 3226 4054 quam
3274 3977 3446 4033 habe—

1855 4094 1949 4148 bat
1993 4103 2287 4155 antequam
2311 4085 2594 4141 crederet:
2626 4096 2793 4151 quam
2820 4079 3028 4134 bonum
3053 4080 3171 4128 erat
3193 4085 3303 4125 non
3328 4077 3448 4122 tan—

1853 4200 2002 4258 gere,
2036 4195 2085 4236 et
2128 4186 2249 4250 post
2280 4176 2442 4233 ﬁdem
2477 4173 2680 4230 Christi
2723 4183 2970 4227 sororem
3011 4173 3224 4221 tantum
3261 4172 3445 4222 nosse,

1856 4250 1963 4332 non
1997 4271 2310 4343 coniugem,
2351 4268 2456 4324 nisi
2495 4262 2785 4321 fornicatio
2817 4266 3030 4316 tantum
3078 4250 3448 4310 excusabilem

1858 4367 2079 4423 laceret.
2117 4361 2303 4418 Nolite
2334 4357 2590 4430 fraudare
2625 4355 2880 4419 invicem,
2907 4349 3012 4405 nisi
3045 4346 3182 4419 forte
3218 4359 3282 4399 ea:
3320 4356 3447 4395 eon-

1856 4475 2010 4514 sensu
2043 4456 2113 4511 ad
2156 4464 2392 4525 tempus,
2424 4458 2485 4504 ut
2515 4446 2712 4504 vacetis
2754 4441 3010 4507 orationi.
3045 4438 3156 4496 Oro
3189 4445 3260 4504 te,
3288 4432 3452 4505 quale

165 4547 256 4605 bus
300 4547 409 4601 hoc
460 4553 681 4599 tantum
714 4541 771 4596 in
808 4541 923 4613 lege
952 4538 1321 4596 successionis
1352 4551 1515 4591 causa
1555 4532 1755 4605 legitur
1790 4547 1831 4602 υ
1858 4550 1989 4605 illud
2021 4549 2228 4605 bonum
2273 4552 2380 4611 εει,
2413 4541 2559 4614 quod
2590 4553 2750 4595 orare
2782 4534 3056 4609 ρι-οιιίιιει,
3081 4529 3228 4603 quod
3251 4539 3454 4596 corpus

165 4652 508 4703 concessum,
558 4635 693 4707 quia
743 4649 808 4689 ex
847 4633 951 4688 alia
998 4631 1139 4687 tribu
1189 4630 1373 4685 nullus
1408 4642 1475 4683 eo
1512 4638 1758 4697 tempore

165 4732 400 4803 pervenit
437 4730 507 4786 ad
557 4724 953 4785 sacerdotium.
1000 4724 1136 4779 Nam
1174 4731 1364 4777 nostro
1400 4729 1642 4791 tempore
1689 4734 1756 4773 ex

169 4826 403 4897 quolibet
440 4835 646 4894 genere
682 4818 1000 4873 sacerdotes
1040 4814 1240 4888 eligere
1281 4814 1426 4879 licet,
1470 4812 1672 4883 quibus
1704 4821 1759 4868 et

168 4920 351 4973 merito
382 4914 746 4971 interdicitur
770 4908 1060 4981 coniugale
1110 4922 1271 4979 opus,
1320 4920 1446 4961 cum
1492 4920 1600 4959 nou
1641 4903 1756 4974 jam

170 5023 509 5067 successores
545 5005 794 5062 habeant
825 4999 1187 5057 necessarios.
1221 4998 1568 5068 Quapropter
1601 4996 1758 5068 quis-

237 5104 248 5115 ο
345 5112 354 5116 -
398 5102 413 5116 α
541 5108 552 5116 .
652 5110 788 5116 _-__-
819 5094 950 5116 :ll--.l
986 5092 1260 5116 l...l-!-.---.-
1319 5090 1532 5116 ..ι-..ῗηηξ

1447 5106 1629 5116 ..η-...Μ

1858 4640 2062 4698 Christi
2095 4636 2344 4708 accipere
2366 4648 2476 4689 non
2498 4629 2783 4703 permittit,
2810 4624 3055 4700 quandiu
3084 4620 3230 4677 enim
3254 4616 3456 4708 impleo

1861 4730 2043 4788 mariti
2068 4706 2332 4793 ollicium,
2358 4738 2472 4779 non
2500 4721 2703 4793 impleo
2732 4716 3089 4775 continentis.
3127 4710 3292 4768 Jubet
3314 4706 3458 4761 idem

1859 4820 2157 4893 Apostolus
2174 4818 2229 4874 in
2247 4815 2357 4873 alio
2380 4813 2503 4869 loco
2538 4821 2602 4868 ut
2624 4824 2842 4881 semper
2855 4821 3083 4864 oremus
3097 4802 3147 4878 (1
3166 4801 3325 4893 Thess
3334 4799 3424 4893 ἒν)
3442 4813 3459 4849 :

1860 4889 1925 4970 si-
1950 4926 2168 4983 semper
2195 4924 2445 4974 oramus,
2484 4918 2771 4976 nunquam
2817 4897 3084 4969 conjugio
3118 4889 3476 4983 serviendum

1859 5013 1965 5067 est.
2017 4977 2466 5077 quandoquidem
2522 4995 2972 5068 quotiescunque
3020 4985 3190 5044 uxori
3228 4977 3495 5077 debitum

2337 5103 2399 5110 Α..
2436 5100 2663 5108 ..---,,_.-
2727 5081 2817 5104 σε-
2867 5088 2910 5102 -A
2950 5074 3147 5102 “0“--7
3202 5064 3507 5098 σινδΛοΙιὶὶιιμ
