  <div class='ocr_page' id='page_1' title='image "/cluster/home/n/w/nwhite01/storage/ocr_20150623/148/hvd.32044015471840/383.png"; bbox 0 0 3988 5328; ppageno 0'>
   <div class='ocr_carea' id='block_1_1' title="bbox 570 356 668 413">
    <p class='ocr_par' dir='ltr' id='par_1_1' title="bbox 570 356 668 413">
     <span class='ocr_line' id='line_1_1' title="bbox 570 356 668 413; baseline 0.02 -2"><span class='ocrx_word' id='word_1_1' title='bbox 570 356 668 413; x_wconf 75' lang='lat'><strong>707</strong></span> 
     </span>
    </p>
   </div>
   <div class='ocr_carea' id='block_1_2' title="bbox 1344 354 3187 422">
    <p class='ocr_par' dir='ltr' id='par_1_2' title="bbox 1344 354 3187 422">
     <span class='ocr_line' id='line_1_2' title="bbox 1344 354 3187 422; baseline 0.006 -11"><span class='ocrx_word' id='word_1_2' title='bbox 1344 355 1400 411; x_wconf 91' lang='lat' dir='ltr'><strong>S.</strong></span> <span class='ocrx_word' id='word_1_3' title='bbox 1429 354 1756 414; x_wconf 75' lang='lat' dir='ltr'><strong>GREGORII</strong></span> <span class='ocrx_word' id='word_1_4' title='bbox 1785 355 1875 412; x_wconf 73' lang='lat' dir='ltr'><strong>VII</strong></span> <span class='ocrx_word' id='word_1_5' title='bbox 1903 354 2052 413; x_wconf 86' lang='lat' dir='ltr'><strong>OPP.</strong></span> <span class='ocrx_word' id='word_1_6' title='bbox 2093 355 2274 411; x_wconf 77' lang='lat' dir='ltr'><strong>PARS</strong></span> <span class='ocrx_word' id='word_1_7' title='bbox 2310 354 2397 413; x_wconf 82' lang='lat' dir='ltr'><strong>Ill.</strong></span> <span class='ocrx_word' id='word_1_8' title='bbox 2422 390 2488 401; x_wconf 96' lang='lat'><strong>—</strong></span> <span class='ocrx_word' id='word_1_9' title='bbox 2523 359 2843 419; x_wconf 84' lang='lat' dir='ltr'><strong>CONCILIA</strong></span> <span class='ocrx_word' id='word_1_10' title='bbox 2880 363 3187 422; x_wconf 73' lang='lat' dir='ltr'><strong>ROMANA.</strong></span> 
     </span>
    </p>
   </div>
   <div class='ocr_carea' id='block_1_3' title="bbox 3743 368 3838 425">
    <p class='ocr_par' dir='ltr' id='par_1_3' title="bbox 3743 368 3838 425">
     <span class='ocr_line' id='line_1_3' title="bbox 3743 368 3838 425; baseline 0 0"><span class='ocrx_word' id='word_1_11' title='bbox 3743 368 3838 425; x_wconf 75' lang='lat'><strong>768</strong></span> 
     </span>
    </p>
   </div>
   <div class='ocr_carea' id='block_1_4' title="bbox 571 469 3841 547">
    <p class='ocr_par' dir='ltr' id='par_1_4' title="bbox 571 469 3841 547">
     <span class='ocr_line' id='line_1_4' title="bbox 571 469 3841 547; baseline 0.001 -16"><span class='ocrx_word' id='word_1_12' title='bbox 571 483 733 547; x_wconf 83' lang='lat' dir='ltr'><strong>gatur</strong></span> <span class='ocrx_word' id='word_1_13' title='bbox 772 473 1145 531; x_wconf 89' lang='lat' dir='ltr'><strong>continentia?</strong></span> <span class='ocrx_word' id='word_1_14' title='bbox 1187 469 1390 542; x_wconf 88' lang='lat' dir='ltr'><strong>Nempe</strong></span> <span class='ocrx_word' id='word_1_15' title='bbox 1439 472 1485 528; x_wconf 89' lang='lat' dir='ltr'><strong>si</strong></span> <span class='ocrx_word' id='word_1_16' title='bbox 1539 473 1834 543; x_wconf 79' lang='lat' dir='ltr'><strong>Apostolus</strong></span> <span class='ocrx_word' id='word_1_17' title='bbox 1864 472 1951 528; x_wconf 91' lang='lat' dir='ltr'><strong>bis</strong></span> <span class='ocrx_word' id='word_1_18' title='bbox 1993 472 2157 527; x_wconf 89' lang='lat' dir='ltr'><strong>etiam</strong></span> <span class='ocrx_word' id='word_1_19' title='bbox 2189 471 2237 529; x_wconf 87' lang='lat' dir='ltr'><strong>A</strong></span> <span class='ocrx_word' id='word_1_20' title='bbox 2262 469 2593 529; x_wconf 80' lang='lat' dir='ltr'><strong>feminarum</strong></span> <span class='ocrx_word' id='word_1_21' title='bbox 2627 477 2905 533; x_wconf 88' lang='lat' dir='ltr'><strong>consortia</strong></span> <span class='ocrx_word' id='word_1_22' title='bbox 2940 477 3107 537; x_wconf 89' lang='lat' dir='ltr'><strong>licere</strong></span> <span class='ocrx_word' id='word_1_23' title='bbox 3139 494 3154 531; x_wconf 90' lang='lat'><strong>:</strong></span> <span class='ocrx_word' id='word_1_24' title='bbox 3187 486 3244 534; x_wconf 88' lang='lat' dir='ltr'><strong>et</strong></span> <span class='ocrx_word' id='word_1_25' title='bbox 3275 478 3381 536; x_wconf 89' lang='lat' dir='ltr'><strong>hoc</strong></span> <span class='ocrx_word' id='word_1_26' title='bbox 3407 478 3535 535; x_wconf 88' lang='lat' dir='ltr'><strong>ideo</strong></span> <span class='ocrx_word' id='word_1_27' title='bbox 3566 488 3630 535; x_wconf 89' lang='lat' dir='ltr'><strong>ut</strong></span> <span class='ocrx_word' id='word_1_28' title='bbox 3660 496 3692 535; x_wconf 84' lang='lat' dir='ltr'><strong>a</strong></span> <span class='ocrx_word' id='word_1_29' title='bbox 3731 496 3841 534; x_wconf 82' lang='lat' dir='ltr'><strong>ma-</strong></span> 
     </span>
    </p>
   </div>
   <div class='ocr_carea' id='block_1_5' title="bbox 570 561 2154 634">
    <p class='ocr_par' dir='ltr' id='par_1_5' title="bbox 570 561 2154 634">
     <span class='ocr_line' id='line_1_5' title="bbox 570 561 2154 634; baseline -0.003 -13"><span class='ocrx_word' id='word_1_30' title='bbox 570 564 945 622; x_wconf 85' lang='lat' dir='ltr'><strong>sacerdotibus</strong></span> <span class='ocrx_word' id='word_1_31' title='bbox 967 564 1240 619; x_wconf 82' lang='lat' dir='ltr'><strong>carnalem</strong></span> <span class='ocrx_word' id='word_1_32' title='bbox 1266 564 1519 633; x_wconf 85' lang='lat' dir='ltr'><strong>copulam</strong></span> <span class='ocrx_word' id='word_1_33' title='bbox 1544 564 1883 630; x_wconf 81' lang='lat' dir='ltr'><strong>concederet,</strong></span> <span class='ocrx_word' id='word_1_34' title='bbox 1909 561 2154 634; x_wconf 86' lang='lat' dir='ltr'><strong>profecto</strong></span> 
     </span>
    </p>
   </div>
   <div class='ocr_carea' id='block_1_6' title="bbox 569 653 2156 725">
    <p class='ocr_par' dir='ltr' id='par_1_6' title="bbox 569 653 2156 725">
     <span class='ocr_line' id='line_1_6' title="bbox 569 653 2156 725; baseline -0.003 -12"><span class='ocrx_word' id='word_1_35' title='bbox 569 656 881 715; x_wconf 88' lang='lat' dir='ltr'><strong>contrarius</strong></span> <span class='ocrx_word' id='word_1_36' title='bbox 905 654 1008 710; x_wconf 89' lang='lat' dir='ltr'><strong>sibi</strong></span> <span class='ocrx_word' id='word_1_37' title='bbox 1032 663 1198 720; x_wconf 87' lang='lat' dir='ltr'><strong>esset,</strong></span> <span class='ocrx_word' id='word_1_38' title='bbox 1225 655 1318 724; x_wconf 87' lang='lat' dir='ltr'><strong>qui</strong></span> <span class='ocrx_word' id='word_1_39' title='bbox 1342 655 1410 719; x_wconf 89' lang='lat' dir='ltr'><strong>ad</strong></span> <span class='ocrx_word' id='word_1_40' title='bbox 1433 653 1617 710; x_wconf 89' lang='lat' dir='ltr'><strong>Titum</strong></span> <span class='ocrx_word' id='word_1_41' title='bbox 1644 655 1891 711; x_wconf 89' lang='lat' dir='ltr'><strong>scribens</strong></span> <span class='ocrx_word' id='word_1_42' title='bbox 1912 655 2156 725; x_wconf 64' lang='lat' dir='ltr'><strong>prawipit</strong></span> 
     </span>
    </p>
   </div>
   <div class='ocr_carea' id='block_1_7' title="bbox 571 748 2154 820">
    <p class='ocr_par' dir='ltr' id='par_1_7' title="bbox 571 748 2154 820">
     <span class='ocr_line' id='line_1_7' title="bbox 571 748 2154 820; baseline -0.001 -16"><span class='ocrx_word' id='word_1_43' title='bbox 571 760 631 804; x_wconf 94' lang='lat' dir='ltr'><strong>ut</strong></span> <span class='ocrx_word' id='word_1_44' title='bbox 677 749 988 805; x_wconf 83' lang='lat' dir='ltr'><strong>sacerdotes</strong></span> <span class='ocrx_word' id='word_1_45' title='bbox 1014 748 1214 816; x_wconf 88' lang='lat' dir='ltr'><strong>sobrii,</strong></span> <span class='ocrx_word' id='word_1_46' title='bbox 1245 749 1380 820; x_wconf 87' lang='lat' dir='ltr'><strong>justi</strong></span> <span class='ocrx_word' id='word_1_47' title='bbox 1430 749 1563 816; x_wconf 88' lang='lat' dir='ltr'><strong>sint,</strong></span> <span class='ocrx_word' id='word_1_48' title='bbox 1611 757 1776 820; x_wconf 89' lang='lat' dir='ltr'><strong>atque</strong></span> <span class='ocrx_word' id='word_1_49' title='bbox 1812 748 2154 805; x_wconf 87' lang='lat' dir='ltr'><strong>continentes</strong></span> 
     </span>
    </p>
   </div>
   <div class='ocr_carea' id='block_1_8' title="bbox 572 840 2154 913">
    <p class='ocr_par' dir='ltr' id='par_1_8' title="bbox 572 840 2154 913">
     <span class='ocr_line' id='line_1_8' title="bbox 572 840 2154 913; baseline 0 -17"><span class='ocrx_word' id='word_1_50' title='bbox 572 841 703 913; x_wconf 88' lang='lat' dir='ltr'><strong>(Tit.</strong></span> <span class='ocrx_word' id='word_1_51' title='bbox 732 841 829 913; x_wconf 78' lang='lat' dir='ltr'><strong>vi).</strong></span> <span class='ocrx_word' id='word_1_52' title='bbox 857 841 925 896; x_wconf 89' lang='lat' dir='ltr'><strong>Et</strong></span> <span class='ocrx_word' id='word_1_53' title='bbox 960 857 1071 897; x_wconf 93' lang='lat' dir='ltr'><strong>non</strong></span> <span class='ocrx_word' id='word_1_54' title='bbox 1113 842 1203 897; x_wconf 90' lang='lat' dir='ltr'><strong>hic</strong></span> <span class='ocrx_word' id='word_1_55' title='bbox 1227 841 1626 908; x_wconf 83' lang='lat' dir='ltr'><strong>sacerdotibus,</strong></span> <span class='ocrx_word' id='word_1_56' title='bbox 1657 841 1751 896; x_wconf 90' lang='lat' dir='ltr'><strong>sed</strong></span> <span class='ocrx_word' id='word_1_57' title='bbox 1774 840 1951 909; x_wconf 90' lang='lat' dir='ltr'><strong>laicis,</strong></span> <span class='ocrx_word' id='word_1_58' title='bbox 1978 848 2033 895; x_wconf 92' lang='lat' dir='ltr'><strong>et</strong></span> <span class='ocrx_word' id='word_1_59' title='bbox 2065 840 2154 896; x_wconf 88' lang='lat' dir='ltr'><strong>his</strong></span> 
     </span>
    </p>
   </div>
   <div class='ocr_carea' id='block_1_9' title="bbox 570 932 2152 1003">
    <p class='ocr_par' dir='ltr' id='par_1_9' title="bbox 570 932 2152 1003">
     <span class='ocr_line' id='line_1_9' title="bbox 570 932 2152 1003; baseline 0 -16"><span class='ocrx_word' id='word_1_60' title='bbox 570 948 679 987; x_wconf 90' lang='lat' dir='ltr'><strong>non</strong></span> <span class='ocrx_word' id='word_1_61' title='bbox 724 933 957 989; x_wconf 90' lang='lat' dir='ltr'><strong>solidum</strong></span> <span class='ocrx_word' id='word_1_62' title='bbox 988 933 1171 988; x_wconf 90' lang='lat' dir='ltr'><strong>cibum</strong></span> <span class='ocrx_word' id='word_1_63' title='bbox 1210 933 1305 988; x_wconf 90' lang='lat' dir='ltr'><strong>sed</strong></span> <span class='ocrx_word' id='word_1_64' title='bbox 1347 933 1581 988; x_wconf 84' lang='lat' dir='ltr'><strong>lacteum</strong></span> <span class='ocrx_word' id='word_1_65' title='bbox 1624 942 1815 1003; x_wconf 91' lang='lat' dir='ltr'><strong>potum</strong></span> <span class='ocrx_word' id='word_1_66' title='bbox 1855 932 2152 999; x_wconf 81' lang='lat' dir='ltr'><strong>ministrat,</strong></span> 
     </span>
    </p>
   </div>
   <div class='ocr_carea' id='block_1_10' title="bbox 572 1018 2155 1097">
    <p class='ocr_par' dir='ltr' id='par_1_10' title="bbox 572 1018 2155 1097">
     <span class='ocr_line' id='line_1_10' title="bbox 572 1018 2155 1097; baseline 0.002 -19"><span class='ocrx_word' id='word_1_67' title='bbox 572 1034 762 1095; x_wconf 84' lang='lat' dir='ltr'><strong>utputa</strong></span> <span class='ocrx_word' id='word_1_68' title='bbox 813 1025 1136 1097; x_wconf 88' lang='lat' dir='ltr'><strong>neophytis,</strong></span> <span class='ocrx_word' id='word_1_69' title='bbox 1170 1025 1265 1096; x_wconf 90' lang='lat' dir='ltr'><strong>qui</strong></span> <span class='ocrx_word' id='word_1_70' title='bbox 1312 1025 1556 1081; x_wconf 92' lang='lat' dir='ltr'><strong>nondum</strong></span> <span class='ocrx_word' id='word_1_71' title='bbox 1593 1025 1727 1093; x_wconf 87' lang='lat' dir='ltr'><strong>sibi,</strong></span> <span class='ocrx_word' id='word_1_72' title='bbox 1760 1024 1993 1081; x_wconf 87' lang='lat' dir='ltr'><strong>necdum</strong></span> <span class='ocrx_word' id='word_1_73' title='bbox 2030 1018 2155 1081; x_wconf 87' lang='lat' dir='ltr'><strong>aliis</strong></span> 
     </span>
    </p>
   </div>
   <div class='ocr_carea' id='block_1_11' title="bbox 567 1114 2157 1188">
    <p class='ocr_par' dir='ltr' id='par_1_11' title="bbox 567 1114 2157 1188">
     <span class='ocr_line' id='line_1_11' title="bbox 567 1114 2157 1188; baseline -0.002 -14"><span class='ocrx_word' id='word_1_74' title='bbox 567 1117 899 1174; x_wconf 76' lang='lat' dir='ltr'><strong>sufﬁcienter</strong></span> <span class='ocrx_word' id='word_1_75' title='bbox 921 1127 1078 1174; x_wconf 89' lang='lat' dir='ltr'><strong>erant</strong></span> <span class='ocrx_word' id='word_1_76' title='bbox 1102 1117 1446 1174; x_wconf 90' lang='lat' dir='ltr'><strong>instructi....</strong></span> <span class='ocrx_word' id='word_1_77' title='bbox 1487 1118 1629 1172; x_wconf 89' lang='lat' dir='ltr'><strong>idem</strong></span> <span class='ocrx_word' id='word_1_78' title='bbox 1661 1114 1953 1188; x_wconf 81' lang='lat' dir='ltr'><strong>Apostolus</strong></span> <span class='ocrx_word' id='word_1_79' title='bbox 1974 1132 2157 1173; x_wconf 89' lang='lat' dir='ltr'><strong>sacer-</strong></span> 
     </span>
    </p>
   </div>
   <div class='ocr_carea' id='block_1_12' title="bbox 567 1209 2159 1282">
    <p class='ocr_par' dir='ltr' id='par_1_12' title="bbox 567 1209 2159 1282">
     <span class='ocr_line' id='line_1_12' title="bbox 567 1209 2159 1282; baseline -0.001 -16"><span class='ocrx_word' id='word_1_80' title='bbox 567 1210 748 1267; x_wconf 81' lang='lat' dir='ltr'><strong>dotale</strong></span> <span class='ocrx_word' id='word_1_81' title='bbox 769 1210 1004 1267; x_wconf 86' lang='lat' dir='ltr'><strong>oilicium</strong></span> <span class='ocrx_word' id='word_1_82' title='bbox 1029 1212 1247 1282; x_wconf 84' lang='lat' dir='ltr'><strong>penitus</strong></span> <span class='ocrx_word' id='word_1_83' title='bbox 1279 1209 1609 1268; x_wconf 84' lang='lat' dir='ltr'><strong>intercludit.</strong></span> <span class='ocrx_word' id='word_1_84' title='bbox 1639 1209 1842 1265; x_wconf 89' lang='lat' dir='ltr'><strong>Eadem</strong></span> <span class='ocrx_word' id='word_1_85' title='bbox 1875 1210 2040 1265; x_wconf 88' lang='lat' dir='ltr'><strong>etiam</strong></span> <span class='ocrx_word' id='word_1_86' title='bbox 2067 1225 2159 1264; x_wconf 84' lang='lat' dir='ltr'><strong>ra-</strong></span> 
     </span>
    </p>
   </div>
   <div class='ocr_carea' id='block_1_13' title="bbox 569 1300 2158 1373">
    <p class='ocr_par' dir='ltr' id='par_1_13' title="bbox 569 1300 2158 1373">
     <span class='ocr_line' id='line_1_13' title="bbox 569 1300 2158 1373; baseline -0.001 -17"><span class='ocrx_word' id='word_1_87' title='bbox 569 1300 718 1357; x_wconf 90' lang='lat' dir='ltr'><strong>tione</strong></span> <span class='ocrx_word' id='word_1_88' title='bbox 743 1302 1010 1373; x_wconf 87' lang='lat' dir='ltr'><strong>probatur</strong></span> <span class='ocrx_word' id='word_1_89' title='bbox 1046 1303 1114 1358; x_wconf 92' lang='lat' dir='ltr'><strong>ad</strong></span> <span class='ocrx_word' id='word_1_90' title='bbox 1154 1302 1349 1371; x_wconf 90' lang='lat' dir='ltr'><strong>laicos,</strong></span> <span class='ocrx_word' id='word_1_91' title='bbox 1382 1318 1491 1356; x_wconf 93' lang='lat' dir='ltr'><strong>non</strong></span> <span class='ocrx_word' id='word_1_92' title='bbox 1527 1301 1860 1368; x_wconf 87' lang='lat' dir='ltr'><strong>sacerdotes,</strong></span> <span class='ocrx_word' id='word_1_93' title='bbox 1908 1308 2158 1371; x_wconf 89' lang='lat' dir='ltr'><strong>spectare</strong></span> 
     </span>
    </p>
   </div>
   <div class='ocr_carea' id='block_1_14' title="bbox 570 1390 2158 1463">
    <p class='ocr_par' dir='ltr' id='par_1_14' title="bbox 570 1390 2158 1463">
     <span class='ocr_line' id='line_1_14' title="bbox 570 1390 2158 1463; baseline 0.001 -18"><span class='ocrx_word' id='word_1_94' title='bbox 570 1391 837 1463; x_wconf 88' lang='lat' dir='ltr'><strong>quidquid</strong></span> <span class='ocrx_word' id='word_1_95' title='bbox 871 1392 1011 1448; x_wconf 92' lang='lat' dir='ltr'><strong>idem</strong></span> <span class='ocrx_word' id='word_1_96' title='bbox 1042 1390 1336 1463; x_wconf 84' lang='lat' dir='ltr'><strong>Apostolus</strong></span> <span class='ocrx_word' id='word_1_97' title='bbox 1367 1393 1649 1457; x_wconf 89' lang='lat' dir='ltr'><strong>scribitde</strong></span> <span class='ocrx_word' id='word_1_98' title='bbox 1669 1391 1971 1448; x_wconf 82' lang='lat' dir='ltr'><strong>exercendo</strong></span> <span class='ocrx_word' id='word_1_99' title='bbox 1995 1406 2158 1463; x_wconf 87' lang='lat' dir='ltr'><strong>opere</strong></span> 
     </span>
    </p>
   </div>
   <div class='ocr_carea' id='block_1_15' title="bbox 572 1484 2157 1556">
    <p class='ocr_par' dir='ltr' id='par_1_15' title="bbox 572 1484 2157 1556">
     <span class='ocr_line' id='line_1_15' title="bbox 572 1484 2157 1556; baseline -0.001 -18"><span class='ocrx_word' id='word_1_100' title='bbox 572 1484 870 1556; x_wconf 87' lang='lat' dir='ltr'><strong>conjugali,</strong></span> <span class='ocrx_word' id='word_1_101' title='bbox 907 1494 968 1540; x_wconf 92' lang='lat' dir='ltr'><strong>ut</strong></span> <span class='ocrx_word' id='word_1_102' title='bbox 1008 1485 1179 1540; x_wconf 89' lang='lat' dir='ltr'><strong>illud:</strong></span> <span class='ocrx_word' id='word_1_103' title='bbox 1219 1484 1370 1551; x_wconf 85' lang='lat' dir='ltr'><strong>Quod</strong></span> <span class='ocrx_word' id='word_1_104' title='bbox 1407 1486 1455 1539; x_wconf 90' lang='lat' dir='ltr'><strong>si</strong></span> <span class='ocrx_word' id='word_1_105' title='bbox 1487 1501 1542 1539; x_wconf 87' lang='lat' dir='ltr'><strong>se</strong></span> <span class='ocrx_word' id='word_1_106' title='bbox 1580 1501 1684 1539; x_wconf 87' lang='lat' dir='ltr'><strong>non</strong></span> <span class='ocrx_word' id='word_1_107' title='bbox 1718 1485 2013 1552; x_wconf 79' lang='lat' dir='ltr'><strong>continent,</strong></span> <span class='ocrx_word' id='word_1_108' title='bbox 2058 1500 2157 1537; x_wconf 89' lang='lat' dir='ltr'><strong>nu-</strong></span> 
     </span>
    </p>
   </div>
   <div class='ocr_carea' id='block_1_16' title="bbox 558 1575 2155 1653">
    <p class='ocr_par' dir='ltr' id='par_1_16' title="bbox 558 1575 2155 1653">
     <span class='ocr_line' id='line_1_16' title="bbox 558 1575 2155 1653; baseline 0 -23"><span class='ocrx_word' id='word_1_109' title='bbox 558 1576 721 1653; x_wconf 12' lang='lat' dir='ltr'><strong>‘bant.</strong></span> <span class='ocrx_word' id='word_1_110' title='bbox 753 1576 945 1633; x_wconf 78' lang='lat' dir='ltr'><strong>Melius</strong></span> <span class='ocrx_word' id='word_1_111' title='bbox 968 1587 1045 1633; x_wconf 88' lang='lat' dir='ltr'><strong>est</strong></span> <span class='ocrx_word' id='word_1_112' title='bbox 1071 1577 1260 1633; x_wconf 84' lang='lat' dir='ltr'><strong>nubere</strong></span> <span class='ocrx_word' id='word_1_113' title='bbox 1298 1594 1458 1649; x_wconf 86' lang='lat' dir='ltr'><strong>quam</strong></span> <span class='ocrx_word' id='word_1_114' title='bbox 1480 1578 1567 1631; x_wconf 89' lang='lat' dir='ltr'><strong>uri</strong></span> <span class='ocrx_word' id='word_1_115' title='bbox 1591 1575 1644 1646; x_wconf 88' lang='grc' dir='ltr'><strong>(Ι</strong></span> <span class='ocrx_word' id='word_1_116' title='bbox 1667 1575 1790 1633; x_wconf 88' lang='lat' dir='ltr'><strong>Cor.</strong></span> <span class='ocrx_word' id='word_1_117' title='bbox 1816 1576 1915 1646; x_wconf 88' lang='lat' dir='ltr'><strong>vn)</strong></span> <span class='ocrx_word' id='word_1_118' title='bbox 1940 1595 1952 1631; x_wconf 92' lang='lat'><strong>:</strong></span> <span class='ocrx_word' id='word_1_119' title='bbox 1975 1576 2029 1630; x_wconf 92' lang='lat' dir='ltr'><strong>id</strong></span> <span class='ocrx_word' id='word_1_120' title='bbox 2050 1585 2155 1643; x_wconf 90' lang='lat' dir='ltr'><strong>est,</strong></span> 
     </span>
    </p>
   </div>
   <div class='ocr_carea' id='block_1_17' title="bbox 577 1664 2154 1742">
    <p class='ocr_par' dir='ltr' id='par_1_17' title="bbox 577 1664 2154 1742">
     <span class='ocr_line' id='line_1_17' title="bbox 577 1664 2154 1742; baseline 0.001 -20"><span class='ocrx_word' id='word_1_121' title='bbox 577 1669 773 1726; x_wconf 88' lang='lat' dir='ltr'><strong>melius</strong></span> <span class='ocrx_word' id='word_1_122' title='bbox 815 1679 901 1726; x_wconf 87' lang='lat' dir='ltr'><strong>est</strong></span> <span class='ocrx_word' id='word_1_123' title='bbox 919 1670 1161 1742; x_wconf 90' lang='lat' dir='ltr'><strong>legitimo</strong></span> <span class='ocrx_word' id='word_1_124' title='bbox 1194 1672 1395 1726; x_wconf 85' lang='lat' dir='ltr'><strong>marito</strong></span> <span class='ocrx_word' id='word_1_125' title='bbox 1424 1668 1644 1726; x_wconf 87' lang='lat' dir='ltr'><strong>misceri</strong></span> <span class='ocrx_word' id='word_1_126' title='bbox 1678 1684 1842 1741; x_wconf 89' lang='lat' dir='ltr'><strong>quam</strong></span> <span class='ocrx_word' id='word_1_127' title='bbox 1869 1664 2154 1725; x_wconf 84' lang='lat' dir='ltr'><strong>fornicari.</strong></span> 
     </span>
    </p>
   </div>
   <div class='ocr_carea' id='block_1_18' title="bbox 572 1748 2155 1833">
    <p class='ocr_par' dir='ltr' id='par_1_18' title="bbox 572 1748 2155 1833">
     <span class='ocr_line' id='line_1_18' title="bbox 572 1748 2155 1833; baseline -0.001 -18"><span class='ocrx_word' id='word_1_128' title='bbox 572 1757 641 1815; x_wconf 84' lang='lat' dir='ltr'><strong>Et</strong></span> <span class='ocrx_word' id='word_1_129' title='bbox 667 1760 799 1817; x_wconf 86' lang='lat' dir='ltr'><strong>illud</strong></span> <span class='ocrx_word' id='word_1_130' title='bbox 822 1781 835 1816; x_wconf 92' lang='lat'><strong>:</strong></span> <span class='ocrx_word' id='word_1_131' title='bbox 860 1760 1080 1818; x_wconf 85' lang='lat' dir='ltr'><strong>Solutus</strong></span> <span class='ocrx_word' id='word_1_132' title='bbox 1113 1779 1166 1818; x_wconf 85' lang='lat' dir='ltr'><strong>es</strong></span> <span class='ocrx_word' id='word_1_133' title='bbox 1190 1762 1255 1817; x_wconf 89' lang='lat' dir='ltr'><strong>ab</strong></span> <span class='ocrx_word' id='word_1_134' title='bbox 1283 1762 1487 1817; x_wconf 77' lang='lat' dir='ltr'><strong>uxore?</strong></span> <span class='ocrx_word' id='word_1_135' title='bbox 1518 1760 1627 1816; x_wconf 89' lang='lat' dir='ltr'><strong>noli</strong></span> <span class='ocrx_word' id='word_1_136' title='bbox 1649 1777 1881 1833; x_wconf 75' lang='lat' dir='ltr'><strong>quwrere</strong></span> <span class='ocrx_word' id='word_1_137' title='bbox 1908 1748 2155 1825; x_wconf 54' lang='lat' dir='ltr'><strong>uxorem}</strong></span> 
     </span>
    </p>
   </div>
   <div class='ocr_carea' id='block_1_19' title="bbox 2253 561 3843 639">
    <p class='ocr_par' dir='ltr' id='par_1_19' title="bbox 2253 561 3843 639">
     <span class='ocr_line' id='line_1_19' title="bbox 2253 561 3843 639; baseline 0.005 -23"><span class='ocrx_word' id='word_1_138' title='bbox 2253 561 2585 632; x_wconf 85' lang='lat' dir='ltr'><strong>joribus.....</strong></span> <span class='ocrx_word' id='word_1_139' title='bbox 2616 568 2746 637; x_wconf 88' lang='lat' dir='ltr'><strong>quia</strong></span> <span class='ocrx_word' id='word_1_140' title='bbox 2789 568 3054 639; x_wconf 89' lang='lat' dir='ltr'><strong>scriptum</strong></span> <span class='ocrx_word' id='word_1_141' title='bbox 3077 578 3161 628; x_wconf 87' lang='lat' dir='ltr'><strong>est</strong></span> <span class='ocrx_word' id='word_1_142' title='bbox 3194 588 3208 626; x_wconf 90' lang='lat'>:</span> <span class='ocrx_word' id='word_1_143' title='bbox 3240 568 3309 625; x_wconf 85' lang='lat' dir='ltr'><strong>Et</strong></span> <span class='ocrx_word' id='word_1_144' title='bbox 3332 579 3489 626; x_wconf 82' lang='lat' dir='ltr'><strong>erant</strong></span> <span class='ocrx_word' id='word_1_145' title='bbox 3519 571 3639 626; x_wconf 84' lang='lat' dir='ltr'><strong>illis</strong></span> <span class='ocrx_word' id='word_1_146' title='bbox 3671 574 3843 625; x_wconf 73' lang='lat' dir='ltr'><strong>omnis</strong></span> 
     </span>
    </p>
   </div>
   <div class='ocr_carea' id='block_1_20' title="bbox 2257 658 3845 734">
    <p class='ocr_par' dir='ltr' id='par_1_20' title="bbox 2257 658 3845 734">
     <span class='ocr_line' id='line_1_20' title="bbox 2257 658 3845 734; baseline 0.008 -27"><span class='ocrx_word' id='word_1_147' title='bbox 2257 658 2558 711; x_wconf 87' lang='lat' dir='ltr'><strong>communia</strong></span> <span class='ocrx_word' id='word_1_148' title='bbox 2590 658 2730 729; x_wconf 81' lang='lat' dir='ltr'><strong>(Act.</strong></span> <span class='ocrx_word' id='word_1_149' title='bbox 2770 660 2853 731; x_wconf 87' lang='grc' dir='ltr'><strong><em>ιι),</em></strong></span> <span class='ocrx_word' id='word_1_150' title='bbox 2890 662 3034 718; x_wconf 90' lang='lat' dir='ltr'><strong>inter</strong></span> <span class='ocrx_word' id='word_1_151' title='bbox 3063 678 3188 734; x_wconf 71' lang='lat' dir='ltr'><strong>quae</strong></span> <span class='ocrx_word' id='word_1_152' title='bbox 3231 662 3492 720; x_wconf 83' lang='lat' dir='ltr'><strong>Nicolaus</strong></span> <span class='ocrx_word' id='word_1_153' title='bbox 3537 664 3845 719; x_wconf 71' lang='lat' dir='ltr'><strong>numeravit</strong></span> 
     </span>
    </p>
   </div>
   <div class='ocr_carea' id='block_1_21' title="bbox 2256 747 3845 827">
    <p class='ocr_par' dir='ltr' id='par_1_21' title="bbox 2256 747 3845 827">
     <span class='ocr_line' id='line_1_21' title="bbox 2256 747 3845 827; baseline 0.008 -28"><span class='ocrx_word' id='word_1_154' title='bbox 2256 753 2311 801; x_wconf 90' lang='lat' dir='ltr'><strong>et</strong></span> <span class='ocrx_word' id='word_1_155' title='bbox 2349 747 2624 818; x_wconf 75' lang='lat' dir='ltr'><strong>conjugis.</strong></span> <span class='ocrx_word' id='word_1_156' title='bbox 2666 747 2820 816; x_wconf 82' lang='lat' dir='ltr'><strong>Sicut</strong></span> <span class='ocrx_word' id='word_1_157' title='bbox 2850 766 2981 823; x_wconf 87' lang='lat' dir='ltr'><strong>ergo</strong></span> <span class='ocrx_word' id='word_1_158' title='bbox 3014 752 3106 811; x_wconf 84' lang='lat' dir='ltr'><strong>ille</strong></span> <span class='ocrx_word' id='word_1_159' title='bbox 3129 755 3493 827; x_wconf 88' lang='lat' dir='ltr'><strong>apostolicum</strong></span> <span class='ocrx_word' id='word_1_160' title='bbox 3535 756 3845 827; x_wconf 77' lang='lat' dir='ltr'><strong>exemplum</strong></span> 
     </span>
    </p>
   </div>
   <div class='ocr_carea' id='block_1_22' title="bbox 2257 838 3845 918">
    <p class='ocr_par' dir='ltr' id='par_1_22' title="bbox 2257 838 3845 918">
     <span class='ocr_line' id='line_1_22' title="bbox 2257 838 3845 918; baseline 0.007 -26"><span class='ocrx_word' id='word_1_161' title='bbox 2257 838 2425 895; x_wconf 91' lang='lat' dir='ltr'><strong>nimis</strong></span> <span class='ocrx_word' id='word_1_162' title='bbox 2454 842 2780 911; x_wconf 76' lang='lat' dir='ltr'><strong>generaliter</strong></span> <span class='ocrx_word' id='word_1_163' title='bbox 2806 853 2861 898; x_wconf 89' lang='lat' dir='ltr'><strong>et</strong></span> <span class='ocrx_word' id='word_1_164' title='bbox 2901 859 3154 915; x_wconf 85' lang='lat' dir='ltr'><strong>perverse</strong></span> <span class='ocrx_word' id='word_1_165' title='bbox 3183 857 3469 918; x_wconf 88' lang='lat' dir='ltr'><strong>acceptum</strong></span> <span class='ocrx_word' id='word_1_166' title='bbox 3511 847 3569 902; x_wconf 89' lang='lat' dir='ltr'><strong>in</strong></span> <span class='ocrx_word' id='word_1_167' title='bbox 3597 847 3845 907; x_wconf 62' lang='lat' dir='ltr'><strong>haeresim</strong></span> 
     </span>
    </p>
   </div>
   <div class='ocr_carea' id='block_1_23' title="bbox 2258 931 3847 1009">
    <p class='ocr_par' dir='ltr' id='par_1_23' title="bbox 2258 931 3847 1009">
     <span class='ocr_line' id='line_1_23' title="bbox 2258 931 3847 1009; baseline 0.007 -26"><span class='ocrx_word' id='word_1_168' title='bbox 2258 938 2502 985; x_wconf 89' lang='lat' dir='ltr'><strong>mutasse</strong></span> <span class='ocrx_word' id='word_1_169' title='bbox 2542 931 2799 1001; x_wconf 82' lang='lat' dir='ltr'><strong>refertur,</strong></span> <span class='ocrx_word' id='word_1_170' title='bbox 2832 935 2914 990; x_wconf 89' lang='lat' dir='ltr'><strong>sic</strong></span> <span class='ocrx_word' id='word_1_171' title='bbox 2944 943 3000 990; x_wconf 91' lang='lat' dir='ltr'><strong>et</strong></span> <span class='ocrx_word' id='word_1_172' title='bbox 3046 935 3138 992; x_wconf 87' lang='lat' dir='ltr'><strong>isti</strong></span> <span class='ocrx_word' id='word_1_173' title='bbox 3170 937 3303 992; x_wconf 90' lang='lat' dir='ltr'><strong>illud</strong></span> <span class='ocrx_word' id='word_1_174' title='bbox 3338 937 3635 1009; x_wconf 81' lang='lat' dir='ltr'><strong>Apostoli:</strong></span> <span class='ocrx_word' id='word_1_175' title='bbox 3681 935 3847 993; x_wconf 72' lang='lat' dir='ltr'><strong>Unus-</strong></span> 
     </span>
    </p>
   </div>
   <div class='ocr_carea' id='block_1_24' title="bbox 2259 1022 3849 1102">
    <p class='ocr_par' dir='ltr' id='par_1_24' title="bbox 2259 1022 3849 1102">
     <span class='ocr_line' id='line_1_24' title="bbox 2259 1022 3849 1102; baseline 0.008 -27"><span class='ocrx_word' id='word_1_176' title='bbox 2259 1022 2477 1093; x_wconf 76' lang='lat' dir='ltr'><strong>quisque</strong></span> <span class='ocrx_word' id='word_1_177' title='bbox 2521 1040 2740 1079; x_wconf 70' lang='lat' dir='ltr'><strong>uxorem</strong></span> <span class='ocrx_word' id='word_1_178' title='bbox 2773 1042 2927 1080; x_wconf 86' lang='lat' dir='ltr'><strong>suam</strong></span> <span class='ocrx_word' id='word_1_179' title='bbox 2956 1027 3144 1083; x_wconf 82' lang='lat' dir='ltr'><strong>habeat</strong></span> <span class='ocrx_word' id='word_1_180' title='bbox 3188 1027 3243 1100; x_wconf 87' lang='lat' dir='ltr'><strong>(I</strong></span> <span class='ocrx_word' id='word_1_181' title='bbox 3265 1028 3391 1085; x_wconf 84' lang='lat' dir='ltr'><strong>Cor.</strong></span> <span class='ocrx_word' id='word_1_182' title='bbox 3418 1029 3545 1101; x_wconf 82' lang='lat' dir='ltr'><strong>vn),</strong></span> <span class='ocrx_word' id='word_1_183' title='bbox 3570 1030 3742 1086; x_wconf 84' lang='lat' dir='ltr'><strong>nimis</strong></span> <span class='ocrx_word' id='word_1_184' title='bbox 3760 1046 3849 1102; x_wconf 73' lang='lat' dir='ltr'><strong>ge-</strong></span> 
     </span>
    </p>
   </div>
   <div class='ocr_carea' id='block_1_25' title="bbox 2260 1112 3852 1190">
    <p class='ocr_par' dir='ltr' id='par_1_25' title="bbox 2260 1112 3852 1190">
     <span class='ocr_line' id='line_1_25' title="bbox 2260 1112 3852 1190; baseline 0.006 -24"><span class='ocrx_word' id='word_1_185' title='bbox 2260 1112 2521 1168; x_wconf 85' lang='lat' dir='ltr'><strong>neraliter</strong></span> <span class='ocrx_word' id='word_1_186' title='bbox 2548 1123 2602 1171; x_wconf 88' lang='lat' dir='ltr'><strong>ct</strong></span> <span class='ocrx_word' id='word_1_187' title='bbox 2653 1116 3069 1184; x_wconf 87' lang='lat' dir='ltr'><strong>perversissime</strong></span> <span class='ocrx_word' id='word_1_188' title='bbox 3119 1117 3564 1190; x_wconf 83' lang='lat' dir='ltr'><strong>interpretantes,</strong></span> <span class='ocrx_word' id='word_1_189' title='bbox 3621 1119 3679 1173; x_wconf 89' lang='lat' dir='ltr'><strong>in</strong></span> <span class='ocrx_word' id='word_1_190' title='bbox 3708 1135 3852 1175; x_wconf 85' lang='lat' dir='ltr'><strong>erro-</strong></span> 
     </span>
    </p>
   </div>
   <div class='ocr_carea' id='block_1_26' title="bbox 2260 1205 3851 1286">
    <p class='ocr_par' dir='ltr' id='par_1_26' title="bbox 2260 1205 3851 1286">
     <span class='ocr_line' id='line_1_26' title="bbox 2260 1205 3851 1286; baseline 0.006 -28"><span class='ocrx_word' id='word_1_191' title='bbox 2260 1219 2378 1259; x_wconf 89' lang='lat' dir='ltr'><strong>rem</strong></span> <span class='ocrx_word' id='word_1_192' title='bbox 2402 1205 2633 1262; x_wconf 80' lang='lat' dir='ltr'><strong>vertisse</strong></span> <span class='ocrx_word' id='word_1_193' title='bbox 2662 1215 2949 1276; x_wconf 85' lang='lat' dir='ltr'><strong>notantur,</strong></span> <span class='ocrx_word' id='word_1_194' title='bbox 2970 1210 3064 1286; x_wconf 89' lang='lat' dir='ltr'><strong>qui</strong></span> <span class='ocrx_word' id='word_1_195' title='bbox 3104 1210 3209 1268; x_wconf 86' lang='lat' dir='ltr'><strong>sub</strong></span> <span class='ocrx_word' id='word_1_196' title='bbox 3229 1211 3421 1268; x_wconf 88' lang='lat' dir='ltr'><strong>eodem</strong></span> <span class='ocrx_word' id='word_1_197' title='bbox 3442 1212 3704 1282; x_wconf 79' lang='lat' dir='ltr'><strong>exemplo</strong></span> <span class='ocrx_word' id='word_1_198' title='bbox 3722 1227 3851 1267; x_wconf 79' lang='lat' dir='ltr'><strong>con-</strong></span> 
     </span>
    </p>
   </div>
   <div class='ocr_carea' id='block_1_27' title="bbox 2259 1297 3853 1374">
    <p class='ocr_par' dir='ltr' id='par_1_27' title="bbox 2259 1297 3853 1374">
     <span class='ocr_line' id='line_1_27' title="bbox 2259 1297 3853 1374; baseline 0.006 -24"><span class='ocrx_word' id='word_1_199' title='bbox 2259 1303 2344 1350; x_wconf 88' lang='lat' dir='ltr'><strong>tra</strong></span> <span class='ocrx_word' id='word_1_200' title='bbox 2371 1297 2624 1353; x_wconf 89' lang='lat' dir='ltr'><strong>eumdem</strong></span> <span class='ocrx_word' id='word_1_201' title='bbox 2644 1298 2968 1371; x_wconf 81' lang='lat' dir='ltr'><strong>Apostolum</strong></span> <span class='ocrx_word' id='word_1_202' title='bbox 2991 1302 3368 1360; x_wconf 86' lang='lat' dir='ltr'><strong>sacerdotibus</strong></span> <span class='ocrx_word' id='word_1_203' title='bbox 3389 1304 3689 1374; x_wconf 79' lang='lat' dir='ltr'><strong>conjugale</strong></span> <span class='ocrx_word' id='word_1_204' title='bbox 3719 1319 3853 1374; x_wconf 80' lang='lat' dir='ltr'><strong>opus</strong></span> 
     </span>
    </p>
   </div>
   <div class='ocr_carea' id='block_1_28' title="bbox 2260 1388 3853 1466">
    <p class='ocr_par' dir='ltr' id='par_1_28' title="bbox 2260 1388 3853 1466">
     <span class='ocr_line' id='line_1_28' title="bbox 2260 1388 3853 1466; baseline 0.006 -23"><span class='ocrx_word' id='word_1_205' title='bbox 2260 1401 2583 1444; x_wconf 84' lang='lat' dir='ltr'><strong>concessum</strong></span> <span class='ocrx_word' id='word_1_206' title='bbox 2635 1388 2818 1446; x_wconf 72' lang='lat' dir='ltr'><strong>fallaci</strong></span> <span class='ocrx_word' id='word_1_207' title='bbox 2857 1391 3160 1462; x_wconf 84' lang='lat' dir='ltr'><strong>pertinacia</strong></span> <span class='ocrx_word' id='word_1_208' title='bbox 3194 1394 3552 1451; x_wconf 87' lang='lat' dir='ltr'><strong>contendunt.</strong></span> <span class='ocrx_word' id='word_1_209' title='bbox 3588 1393 3853 1466; x_wconf 75' lang='lat' dir='ltr'><strong>Quamvis</strong></span> 
     </span>
    </p>
   </div>
   <div class='ocr_carea' id='block_1_29' title="bbox 2260 1480 3854 1559">
    <p class='ocr_par' dir='ltr' id='par_1_29' title="bbox 2260 1480 3854 1559">
     <span class='ocr_line' id='line_1_29' title="bbox 2260 1480 3854 1559; baseline 0.004 -24"><span class='ocrx_word' id='word_1_210' title='bbox 2260 1480 2408 1536; x_wconf 91' lang='lat' dir='ltr'><strong>enim</strong></span> <span class='ocrx_word' id='word_1_211' title='bbox 2465 1480 2524 1538; x_wconf 92' lang='lat' dir='ltr'><strong>in</strong></span> <span class='ocrx_word' id='word_1_212' title='bbox 2575 1484 2752 1539; x_wconf 90' lang='lat' dir='ltr'><strong>sacris</strong></span> <span class='ocrx_word' id='word_1_213' title='bbox 2804 1485 3092 1542; x_wconf 87' lang='lat' dir='ltr'><strong>ordinibus</strong></span> <span class='ocrx_word' id='word_1_214' title='bbox 3153 1487 3473 1559; x_wconf 81' lang='lat' dir='ltr'><strong>promiscua</strong></span> <span class='ocrx_word' id='word_1_215' title='bbox 3522 1486 3854 1542; x_wconf 75' lang='lat' dir='ltr'><strong>feminarum</strong></span> 
     </span>
    </p>
   </div>
   <div class='ocr_carea' id='block_1_30' title="bbox 2261 1571 3854 1649">
    <p class='ocr_par' dir='ltr' id='par_1_30' title="bbox 2261 1571 3854 1649">
     <span class='ocr_line' id='line_1_30' title="bbox 2261 1571 3854 1649; baseline 0.005 -25"><span class='ocrx_word' id='word_1_216' title='bbox 2261 1571 2544 1627; x_wconf 87' lang='lat' dir='ltr'><strong>consortia</strong></span> <span class='ocrx_word' id='word_1_217' title='bbox 2591 1574 2767 1646; x_wconf 85' lang='lat' dir='ltr'><strong>magis</strong></span> <span class='ocrx_word' id='word_1_218' title='bbox 2808 1574 3129 1632; x_wconf 86' lang='lat' dir='ltr'><strong>detestanda</strong></span> <span class='ocrx_word' id='word_1_219' title='bbox 3164 1576 3278 1632; x_wconf 90' lang='lat' dir='ltr'><strong>sint</strong></span> <span class='ocrx_word' id='word_1_220' title='bbox 3308 1592 3479 1649; x_wconf 90' lang='lat' dir='ltr'><strong>quam</strong></span> <span class='ocrx_word' id='word_1_221' title='bbox 3526 1577 3854 1647; x_wconf 74' lang='lat' dir='ltr'><strong>singularia,</strong></span> 
     </span>
    </p>
   </div>
   <div class='ocr_carea' id='block_1_31' title="bbox 2261 1659 3855 1738">
    <p class='ocr_par' dir='ltr' id='par_1_31' title="bbox 2261 1659 3855 1738">
     <span class='ocr_line' id='line_1_31' title="bbox 2261 1659 3855 1738; baseline 0.006 -24"><span class='ocrx_word' id='word_1_222' title='bbox 2261 1659 2609 1731; x_wconf 87' lang='lat' dir='ltr'><strong>depravatori</strong></span> <span class='ocrx_word' id='word_1_223' title='bbox 2642 1671 2824 1720; x_wconf 90' lang='lat' dir='ltr'><strong>tamen</strong></span> <span class='ocrx_word' id='word_1_224' title='bbox 2857 1666 3174 1736; x_wconf 73' lang='lat' dir='ltr'><strong>apostolicae</strong></span> <span class='ocrx_word' id='word_1_225' title='bbox 3221 1666 3588 1723; x_wconf 86' lang='lat' dir='ltr'><strong>institutionis</strong></span> <span class='ocrx_word' id='word_1_226' title='bbox 3612 1667 3722 1738; x_wconf 83' lang='lat' dir='ltr'><strong>ipsi</strong></span> <span class='ocrx_word' id='word_1_227' title='bbox 3749 1668 3855 1724; x_wconf 68' lang='lat' dir='ltr'><strong>ba-</strong></span> 
     </span>
    </p>
   </div>
   <div class='ocr_carea' id='block_1_32' title="bbox 2261 1752 3857 1830">
    <p class='ocr_par' dir='ltr' id='par_1_32' title="bbox 2261 1752 3857 1830">
     <span class='ocr_line' id='line_1_32' title="bbox 2261 1752 3857 1830; baseline 0.006 -24"><span class='ocrx_word' id='word_1_228' title='bbox 2261 1752 2559 1810; x_wconf 77' lang='lat' dir='ltr'><strong>resiarchae</strong></span> <span class='ocrx_word' id='word_1_229' title='bbox 2587 1753 2812 1810; x_wconf 80' lang='lat' dir='ltr'><strong>Nicoiao</strong></span> <span class='ocrx_word' id='word_1_230' title='bbox 2851 1757 3037 1813; x_wconf 90' lang='lat' dir='ltr'><strong>minus</strong></span> <span class='ocrx_word' id='word_1_231' title='bbox 3090 1758 3406 1829; x_wconf 79' lang='lat' dir='ltr'><strong>.mputanda</strong></span> <span class='ocrx_word' id='word_1_232' title='bbox 3432 1759 3657 1814; x_wconf 87' lang='lat' dir='ltr'><strong>videtur</strong></span> <span class='ocrx_word' id='word_1_233' title='bbox 3691 1774 3857 1830; x_wconf 76' lang='lat' dir='ltr'><strong>quam</strong></span> 
     </span>
    </p>
   </div>
   <div class='ocr_carea' id='block_1_33' title="bbox 570 1826 3858 1925">
    <p class='ocr_par' dir='ltr' id='par_1_33' title="bbox 570 1826 3858 1925">
     <span class='ocr_line' id='line_1_33' title="bbox 570 1826 3858 1925; baseline 0 -20"><span class='ocrx_word' id='word_1_234' title='bbox 570 1854 620 1906; x_wconf 84' lang='lat' dir='ltr'><strong>si</strong></span> <span class='ocrx_word' id='word_1_235' title='bbox 641 1861 818 1907; x_wconf 86' lang='lat' dir='ltr'><strong>autem</strong></span> <span class='ocrx_word' id='word_1_236' title='bbox 841 1856 1101 1925; x_wconf 82' lang='lat' dir='ltr'><strong>acceperis</strong></span> <span class='ocrx_word' id='word_1_237' title='bbox 1124 1870 1362 1921; x_wconf 78' lang='lat' dir='ltr'><strong>uxorem,</strong></span> <span class='ocrx_word' id='word_1_238' title='bbox 1386 1870 1489 1907; x_wconf 88' lang='lat' dir='ltr'><strong>non</strong></span> <span class='ocrx_word' id='word_1_239' title='bbox 1509 1826 1769 1925; x_wconf 76' lang='lat' dir='ltr'><strong>peccasti;</strong></span> <span class='ocrx_word' id='word_1_240' title='bbox 1786 1861 1835 1907; x_wconf 83' lang='lat' dir='ltr'><strong>et</strong></span> <span class='ocrx_word' id='word_1_241' title='bbox 1853 1853 1900 1906; x_wconf 91' lang='lat' dir='ltr'><strong>si</strong></span> <span class='ocrx_word' id='word_1_242' title='bbox 1926 1853 2162 1923; x_wconf 86' lang='lat' dir='ltr'><strong>nupserit</strong></span> <span class='ocrx_word' id='word_1_243' title='bbox 2195 1826 2239 1882; x_wconf 75' lang='grc' dir='ltr'><strong>Β</strong></span> <span class='ocrx_word' id='word_1_244' title='bbox 2265 1844 2408 1901; x_wconf 71' lang='lat' dir='ltr'><strong>istis.</strong></span> <span class='ocrx_word' id='word_1_245' title='bbox 2434 1844 2527 1902; x_wconf 72' lang='lat' dir='ltr'><strong>Ille</strong></span> <span class='ocrx_word' id='word_1_246' title='bbox 2548 1847 2697 1902; x_wconf 88' lang='lat' dir='ltr'><strong>enim</strong></span> <span class='ocrx_word' id='word_1_247' title='bbox 2733 1864 2798 1903; x_wconf 88' lang='lat' dir='ltr'><strong>eo</strong></span> <span class='ocrx_word' id='word_1_248' title='bbox 2821 1850 3043 1921; x_wconf 88' lang='lat' dir='ltr'><strong>quidem</strong></span> <span class='ocrx_word' id='word_1_249' title='bbox 3108 1826 3352 1922; x_wconf 78' lang='lat' dir='ltr'><strong>tempore</strong></span> <span class='ocrx_word' id='word_1_250' title='bbox 3366 1826 3734 1922; x_wconf 76' lang='lat' dir='ltr'><strong>apostolicam</strong></span> <span class='ocrx_word' id='word_1_251' title='bbox 3762 1852 3858 1906; x_wconf 81' lang='lat' dir='ltr'><strong>do-</strong></span> 
     </span>
    </p>
   </div>
   <div class='ocr_carea' id='block_1_34' title="bbox 571 1941 2161 2016">
    <p class='ocr_par' dir='ltr' id='par_1_34' title="bbox 571 1941 2161 2016">
     <span class='ocr_line' id='line_1_34' title="bbox 571 1941 2161 2016; baseline 0 -18"><span class='ocrx_word' id='word_1_252' title='bbox 571 1944 739 2014; x_wconf 74' lang='lat' dir='ltr'><strong>rirgo,</strong></span> <span class='ocrx_word' id='word_1_253' title='bbox 770 1960 873 1998; x_wconf 86' lang='lat' dir='ltr'><strong>non</strong></span> <span class='ocrx_word' id='word_1_254' title='bbox 896 1953 1075 2014; x_wconf 82' lang='lat' dir='ltr'><strong>peccat</strong></span> <span class='ocrx_word' id='word_1_255' title='bbox 1108 1943 1321 2016; x_wconf 83' lang='lat' dir='ltr'><strong>(Ibid.).</strong></span> <span class='ocrx_word' id='word_1_256' title='bbox 1354 1942 1469 1999; x_wconf 85' lang='lat' dir='ltr'><strong>lloe</strong></span> <span class='ocrx_word' id='word_1_257' title='bbox 1501 1945 1686 2014; x_wconf 85' lang='lat' dir='ltr'><strong>itaque</strong></span> <span class='ocrx_word' id='word_1_258' title='bbox 1726 1942 1878 1997; x_wconf 89' lang='lat' dir='ltr'><strong>nullo</strong></span> <span class='ocrx_word' id='word_1_259' title='bbox 1905 1942 2069 1997; x_wconf 85' lang='lat' dir='ltr'><strong>modo</strong></span> <span class='ocrx_word' id='word_1_260' title='bbox 2093 1941 2161 1998; x_wconf 83' lang='lat' dir='ltr'><strong>de</strong></span> 
     </span>
    </p>
   </div>
   <div class='ocr_carea' id='block_1_35' title="bbox 572 2034 2159 2102">
    <p class='ocr_par' dir='ltr' id='par_1_35' title="bbox 572 2034 2159 2102">
     <span class='ocr_line' id='line_1_35' title="bbox 572 2034 2159 2102; baseline -0.001 -12"><span class='ocrx_word' id='word_1_261' title='bbox 572 2035 950 2102; x_wconf 81' lang='lat' dir='ltr'><strong>sacerdotibus</strong></span> <span class='ocrx_word' id='word_1_262' title='bbox 985 2037 1070 2091; x_wconf 89' lang='lat' dir='ltr'><strong>vel</strong></span> <span class='ocrx_word' id='word_1_263' title='bbox 1099 2036 1167 2092; x_wconf 90' lang='lat' dir='ltr'><strong>de</strong></span> <span class='ocrx_word' id='word_1_264' title='bbox 1190 2036 1314 2093; x_wconf 86' lang='lat' dir='ltr'><strong>aliis</strong></span> <span class='ocrx_word' id='word_1_265' title='bbox 1341 2037 1695 2093; x_wconf 67' lang='lat' dir='ltr'><strong>continentia:</strong></span> <span class='ocrx_word' id='word_1_266' title='bbox 1719 2034 1984 2097; x_wconf 88' lang='lat' dir='ltr'><strong>dedicatis</strong></span> <span class='ocrx_word' id='word_1_267' title='bbox 2018 2034 2159 2090; x_wconf 91' lang='lat' dir='ltr'><strong>dici-</strong></span> 
     </span>
    </p>
   </div>
   <div class='ocr_carea' id='block_1_36' title="bbox 573 2122 2161 2203">
    <p class='ocr_par' dir='ltr' id='par_1_36' title="bbox 573 2122 2161 2203">
     <span class='ocr_line' id='line_1_36' title="bbox 573 2122 2161 2203; baseline 0.001 -25"><span class='ocrx_word' id='word_1_268' title='bbox 573 2133 685 2193; x_wconf 86' lang='lat' dir='ltr'><strong>tur,</strong></span> <span class='ocrx_word' id='word_1_269' title='bbox 709 2126 804 2181; x_wconf 86' lang='lat' dir='ltr'><strong>sed</strong></span> <span class='ocrx_word' id='word_1_270' title='bbox 829 2125 896 2197; x_wconf 83' lang='lat' dir='ltr'><strong>de</strong></span> <span class='ocrx_word' id='word_1_271' title='bbox 930 2124 1038 2192; x_wconf 85' lang='lat' dir='ltr'><strong>illis</strong></span> <span class='ocrx_word' id='word_1_272' title='bbox 1079 2134 1289 2181; x_wconf 91' lang='lat' dir='ltr'><strong>tantum</strong></span> <span class='ocrx_word' id='word_1_273' title='bbox 1319 2127 1415 2203; x_wconf 86' lang='lat' dir='ltr'><strong>qui</strong></span> <span class='ocrx_word' id='word_1_274' title='bbox 1454 2127 1693 2199; x_wconf 81' lang='lat' dir='ltr'><strong>legitime</strong></span> <span class='ocrx_word' id='word_1_275' title='bbox 1718 2124 2005 2195; x_wconf 88' lang='lat' dir='ltr'><strong>conjugari</strong></span> <span class='ocrx_word' id='word_1_276' title='bbox 2032 2122 2161 2195; x_wconf 76' lang='lat' dir='ltr'><strong>pos&quot;-</strong></span> 
     </span>
    </p>
   </div>
   <div class='ocr_carea' id='block_1_37' title="bbox 560 2210 2154 2291">
    <p class='ocr_par' dir='ltr' id='par_1_37' title="bbox 560 2210 2154 2291">
     <span class='ocr_line' id='line_1_37' title="bbox 560 2210 2154 2291; baseline 0 -21"><span class='ocrx_word' id='word_1_277' title='bbox 560 2210 723 2272; x_wconf 50' lang='lat' dir='ltr'><strong>&#39;sunt.</strong></span> <span class='ocrx_word' id='word_1_278' title='bbox 749 2214 905 2273; x_wconf 86' lang='lat' dir='ltr'><strong>Unde</strong></span> <span class='ocrx_word' id='word_1_279' title='bbox 935 2217 1129 2274; x_wconf 89' lang='lat' dir='ltr'><strong>beatus</strong></span> <span class='ocrx_word' id='word_1_280' title='bbox 1154 2216 1519 2291; x_wconf 84' lang='lat' dir='ltr'><strong>Hieronymus</strong></span> <span class='ocrx_word' id='word_1_281' title='bbox 1550 2218 1608 2273; x_wconf 91' lang='lat' dir='ltr'><strong>in</strong></span> <span class='ocrx_word' id='word_1_282' title='bbox 1631 2218 1774 2273; x_wconf 85' lang='lat' dir='ltr'><strong>libro</strong></span> <span class='ocrx_word' id='word_1_283' title='bbox 1800 2217 2154 2288; x_wconf 86' lang='lat' dir='ltr'><strong>supradicto:</strong></span> 
     </span>
    </p>
   </div>
   <div class='ocr_carea' id='block_1_38' title="bbox 560 2298 2161 2381">
    <p class='ocr_par' dir='ltr' id='par_1_38' title="bbox 560 2298 2161 2381">
     <span class='ocr_line' id='line_1_38' title="bbox 560 2298 2161 2381; baseline -0.001 -21"><span class='ocrx_word' id='word_1_284' title='bbox 560 2298 655 2374; x_wconf 45' lang='lat' dir='ltr'><strong>&#39;Si,</strong></span> <span class='ocrx_word' id='word_1_285' title='bbox 698 2306 896 2379; x_wconf 90' lang='lat' dir='ltr'><strong>inquit,</strong></span> <span class='ocrx_word' id='word_1_286' title='bbox 942 2308 1192 2380; x_wconf 87' lang='lat' dir='ltr'><strong>nupserit</strong></span> <span class='ocrx_word' id='word_1_287' title='bbox 1229 2308 1405 2381; x_wconf 86' lang='lat' dir='ltr'><strong>virgo,</strong></span> <span class='ocrx_word' id='word_1_288' title='bbox 1443 2324 1553 2364; x_wconf 92' lang='lat' dir='ltr'><strong>non</strong></span> <span class='ocrx_word' id='word_1_289' title='bbox 1601 2307 1884 2379; x_wconf 89' lang='lat' dir='ltr'><strong>peccabit,</strong></span> <span class='ocrx_word' id='word_1_290' title='bbox 1919 2321 2028 2361; x_wconf 88' lang='lat' dir='ltr'><strong>non</strong></span> <span class='ocrx_word' id='word_1_291' title='bbox 2069 2305 2161 2360; x_wconf 87' lang='lat' dir='ltr'><strong>illa</strong></span> 
     </span>
    </p>
   </div>
   <div class='ocr_carea' id='block_1_39' title="bbox 558 2382 2161 2467">
    <p class='ocr_par' dir='ltr' id='par_1_39' title="bbox 558 2382 2161 2467">
     <span class='ocr_line' id='line_1_39' title="bbox 558 2382 2161 2467; baseline 0.001 -17"><span class='ocrx_word' id='word_1_292' title='bbox 558 2382 724 2467; x_wconf 6' lang='lat' dir='ltr'><strong>ivirgo</strong></span> <span class='ocrx_word' id='word_1_293' title='bbox 749 2412 870 2467; x_wconf 70' lang='lat' dir='ltr'><strong>quae</strong></span> <span class='ocrx_word' id='word_1_294' title='bbox 915 2397 1081 2454; x_wconf 89' lang='lat' dir='ltr'><strong>semel</strong></span> <span class='ocrx_word' id='word_1_295' title='bbox 1110 2396 1207 2453; x_wconf 90' lang='lat' dir='ltr'><strong>Dei</strong></span> <span class='ocrx_word' id='word_1_296' title='bbox 1248 2398 1418 2452; x_wconf 90' lang='lat' dir='ltr'><strong>cultui</strong></span> <span class='ocrx_word' id='word_1_297' title='bbox 1456 2398 1704 2453; x_wconf 86' lang='lat' dir='ltr'><strong>dedicata</strong></span> <span class='ocrx_word' id='word_1_298' title='bbox 1735 2414 1748 2449; x_wconf 88' lang='lat'><strong>:</strong></span> <span class='ocrx_word' id='word_1_299' title='bbox 1782 2398 1980 2452; x_wconf 91' lang='lat' dir='ltr'><strong>harum</strong></span> <span class='ocrx_word' id='word_1_300' title='bbox 2015 2396 2161 2452; x_wconf 89' lang='lat' dir='ltr'><strong>enim</strong></span> 
     </span>
    </p>
   </div>
   <div class='ocr_carea' id='block_1_40' title="bbox 572 2487 2161 2561">
    <p class='ocr_par' dir='ltr' id='par_1_40' title="bbox 572 2487 2161 2561">
     <span class='ocr_line' id='line_1_40' title="bbox 572 2487 2161 2561; baseline 0.001 -18"><span class='ocrx_word' id='word_1_301' title='bbox 572 2487 621 2543; x_wconf 89' lang='lat' dir='ltr'><strong>si</strong></span> <span class='ocrx_word' id='word_1_302' title='bbox 647 2504 755 2558; x_wconf 89' lang='lat' dir='ltr'><strong>qua</strong></span> <span class='ocrx_word' id='word_1_303' title='bbox 781 2489 1047 2559; x_wconf 90' lang='lat' dir='ltr'><strong>nupserit,</strong></span> <span class='ocrx_word' id='word_1_304' title='bbox 1072 2490 1481 2545; x_wconf 89' lang='lat' dir='ltr'><strong>damnationem</strong></span> <span class='ocrx_word' id='word_1_305' title='bbox 1510 2489 1748 2555; x_wconf 89' lang='lat' dir='ltr'><strong>habebit,</strong></span> <span class='ocrx_word' id='word_1_306' title='bbox 1774 2490 1903 2560; x_wconf 88' lang='lat' dir='ltr'><strong>quia</strong></span> <span class='ocrx_word' id='word_1_307' title='bbox 1925 2489 2161 2561; x_wconf 86' lang='lat' dir='ltr'><strong>primam</strong></span> 
     </span>
    </p>
   </div>
   <div class='ocr_carea' id='block_1_41' title="bbox 570 2578 2161 2638">
    <p class='ocr_par' dir='ltr' id='par_1_41' title="bbox 570 2578 2161 2638">
     <span class='ocr_line' id='line_1_41' title="bbox 570 2578 2161 2638; baseline 0.001 -5"><span class='ocrx_word' id='word_1_308' title='bbox 570 2579 782 2635; x_wconf 75' lang='lat' dir='ltr'><strong>irritant</strong></span> <span class='ocrx_word' id='word_1_309' title='bbox 809 2578 939 2638; x_wconf 88' lang='lat' dir='ltr'><strong>fecit</strong></span> <span class='ocrx_word' id='word_1_310' title='bbox 967 2580 1147 2637; x_wconf 85' lang='lat' dir='ltr'><strong>ﬁdem.</strong></span> <span class='ocrx_word' id='word_1_311' title='bbox 1188 2581 1247 2636; x_wconf 90' lang='lat' dir='ltr'><strong>Si</strong></span> <span class='ocrx_word' id='word_1_312' title='bbox 1281 2589 1465 2637; x_wconf 91' lang='lat' dir='ltr'><strong>autem</strong></span> <span class='ocrx_word' id='word_1_313' title='bbox 1505 2582 1610 2638; x_wconf 91' lang='lat' dir='ltr'><strong>hoc</strong></span> <span class='ocrx_word' id='word_1_314' title='bbox 1649 2582 1718 2638; x_wconf 87' lang='lat' dir='ltr'><strong>de</strong></span> <span class='ocrx_word' id='word_1_315' title='bbox 1745 2582 1926 2638; x_wconf 87' lang='lat' dir='ltr'><strong>viduis</strong></span> <span class='ocrx_word' id='word_1_316' title='bbox 1953 2581 2161 2637; x_wconf 88' lang='lat' dir='ltr'><strong>dictum</strong></span> 
     </span>
    </p>
   </div>
   <div class='ocr_carea' id='block_1_42' title="bbox 571 2671 2159 2747">
    <p class='ocr_par' dir='ltr' id='par_1_42' title="bbox 571 2671 2159 2747">
     <span class='ocr_line' id='line_1_42' title="bbox 571 2671 2159 2747; baseline 0.001 -20"><span class='ocrx_word' id='word_1_317' title='bbox 571 2671 866 2744; x_wconf 89' lang='lat' dir='ltr'><strong>objecerit,</strong></span> <span class='ocrx_word' id='word_1_318' title='bbox 908 2681 1117 2744; x_wconf 91' lang='lat' dir='ltr'><strong>quanto</strong></span> <span class='ocrx_word' id='word_1_319' title='bbox 1152 2674 1328 2747; x_wconf 87' lang='lat' dir='ltr'><strong>magis</strong></span> <span class='ocrx_word' id='word_1_320' title='bbox 1359 2674 1427 2730; x_wconf 90' lang='lat' dir='ltr'><strong>de</strong></span> <span class='ocrx_word' id='word_1_321' title='bbox 1452 2674 1781 2746; x_wconf 70' lang='lat' dir='ltr'><strong>virginibus</strong></span> <span class='ocrx_word' id='word_1_322' title='bbox 1823 2674 2159 2745; x_wconf 66' lang='lat' dir='ltr'><strong>praevalebit,</strong></span> 
     </span>
    </p>
   </div>
   <div class='ocr_carea' id='block_1_43' title="bbox 466 2762 2157 2836">
    <p class='ocr_par' dir='ltr' id='par_1_43' title="bbox 466 2762 2157 2836">
     <span class='ocr_line' id='line_1_43' title="bbox 466 2762 2157 2836; baseline 0.002 -19"><span class='ocrx_word' id='word_1_323' title='bbox 466 2772 471 2779; x_wconf 81' lang='lat'><strong>‘</strong></span> <span class='ocrx_word' id='word_1_324' title='bbox 562 2764 698 2818; x_wconf 84' lang='lat' dir='ltr'><strong>cum</strong></span> <span class='ocrx_word' id='word_1_325' title='bbox 729 2762 894 2818; x_wconf 87' lang='lat' dir='ltr'><strong>etiam</strong></span> <span class='ocrx_word' id='word_1_326' title='bbox 926 2764 1012 2819; x_wconf 90' lang='lat' dir='ltr'><strong>his</strong></span> <span class='ocrx_word' id='word_1_327' title='bbox 1062 2778 1174 2819; x_wconf 92' lang='lat' dir='ltr'><strong>non</strong></span> <span class='ocrx_word' id='word_1_328' title='bbox 1216 2763 1382 2830; x_wconf 82' lang='lat' dir='ltr'><strong>liceat</strong></span> <span class='ocrx_word' id='word_1_329' title='bbox 1412 2764 1615 2835; x_wconf 88' lang='lat' dir='ltr'><strong>quibus</strong></span> <span class='ocrx_word' id='word_1_330' title='bbox 1646 2765 1940 2836; x_wconf 90' lang='lat' dir='ltr'><strong>aliquando</strong></span> <span class='ocrx_word' id='word_1_331' title='bbox 1970 2765 2157 2821; x_wconf 89' lang='lat' dir='ltr'><strong>licuit:</strong></span> 
     </span>
    </p>
   </div>
   <div class='ocr_carea' id='block_1_44' title="bbox 569 2842 2165 2928">
    <p class='ocr_par' dir='ltr' id='par_1_44' title="bbox 569 2842 2165 2928">
     <span class='ocr_line' id='line_1_44' title="bbox 569 2842 2165 2928; baseline 0.001 -18"><span class='ocrx_word' id='word_1_332' title='bbox 569 2854 811 2926; x_wconf 75' lang='lat' dir='ltr'><strong>virgines</strong></span> <span class='ocrx_word' id='word_1_333' title='bbox 846 2857 990 2911; x_wconf 90' lang='lat' dir='ltr'><strong>enim</strong></span> <span class='ocrx_word' id='word_1_334' title='bbox 1022 2871 1147 2927; x_wconf 60' lang='lat' dir='ltr'><strong>qua</strong></span> <span class='ocrx_word' id='word_1_335' title='bbox 1194 2865 1319 2927; x_wconf 90' lang='lat' dir='ltr'><strong>post</strong></span> <span class='ocrx_word' id='word_1_336' title='bbox 1362 2842 1836 2912; x_wconf 89' lang='lat' dir='ltr'><strong>consecrationem</strong></span> <span class='ocrx_word' id='word_1_337' title='bbox 1862 2858 2165 2928; x_wconf 81' lang='lat' dir='ltr'><strong>nupserim</strong></span> 
     </span>
    </p>
   </div>
   <div class='ocr_carea' id='block_1_45' title="bbox 570 2948 2162 3021">
    <p class='ocr_par' dir='ltr' id='par_1_45' title="bbox 570 2948 2162 3021">
     <span class='ocr_line' id='line_1_45' title="bbox 570 2948 2162 3021; baseline 0.001 -17"><span class='ocrx_word' id='word_1_338' title='bbox 570 2964 683 3004; x_wconf 92' lang='lat' dir='ltr'><strong>non</strong></span> <span class='ocrx_word' id='word_1_339' title='bbox 714 2958 825 3004; x_wconf 90' lang='lat' dir='ltr'><strong>tam</strong></span> <span class='ocrx_word' id='word_1_340' title='bbox 863 2949 1126 3005; x_wconf 71' lang='lat' dir='ltr'><strong>adultera:</strong></span> <span class='ocrx_word' id='word_1_341' title='bbox 1149 2958 1279 3006; x_wconf 89' lang='lat' dir='ltr'><strong>sunt</strong></span> <span class='ocrx_word' id='word_1_342' title='bbox 1325 2965 1490 3021; x_wconf 89' lang='lat' dir='ltr'><strong>quam</strong></span> <span class='ocrx_word' id='word_1_343' title='bbox 1510 2949 1757 3005; x_wconf 54' lang='lat' dir='ltr'><strong>incestae.</strong></span> <span class='ocrx_word' id='word_1_344' title='bbox 1785 2948 1842 3004; x_wconf 89' lang='lat' dir='ltr'><strong>Si</strong></span> <span class='ocrx_word' id='word_1_345' title='bbox 1863 2962 1994 3021; x_wconf 87' lang='lat' dir='ltr'><strong>ergo</strong></span> <span class='ocrx_word' id='word_1_346' title='bbox 2022 2965 2162 3020; x_wconf 66' lang='lat' dir='ltr'><strong>pra:-</strong></span> 
     </span>
    </p>
   </div>
   <div class='ocr_carea' id='block_1_46' title="bbox 570 3038 2163 3112">
    <p class='ocr_par' dir='ltr' id='par_1_46' title="bbox 570 3038 2163 3112">
     <span class='ocr_line' id='line_1_46' title="bbox 570 3038 2163 3112; baseline -0.001 -17"><span class='ocrx_word' id='word_1_347' title='bbox 570 3038 735 3096; x_wconf 70' lang='lat' dir='ltr'><strong>dicta:</strong></span> <span class='ocrx_word' id='word_1_348' title='bbox 773 3040 1008 3112; x_wconf 89' lang='lat' dir='ltr'><strong>apostoli</strong></span> <span class='ocrx_word' id='word_1_349' title='bbox 1051 3041 1339 3097; x_wconf 78' lang='lat' dir='ltr'><strong>sententiae</strong></span> <span class='ocrx_word' id='word_1_350' title='bbox 1381 3040 1698 3110; x_wconf 90' lang='lat' dir='ltr'><strong>hujusmodi</strong></span> <span class='ocrx_word' id='word_1_351' title='bbox 1722 3042 1727 3053; x_wconf 87' lang='lat'>&#39;</span> <span class='ocrx_word' id='word_1_352' title='bbox 1753 3039 2163 3095; x_wconf 87' lang='lat' dir='ltr'><strong>continentibus</strong></span> 
     </span>
    </p>
   </div>
   <div class='ocr_carea' id='block_1_47' title="bbox 571 3132 2163 3205">
    <p class='ocr_par' dir='ltr' id='par_1_47' title="bbox 571 3132 2163 3205">
     <span class='ocr_line' id='line_1_47' title="bbox 571 3132 2163 3205; baseline -0.001 -17"><span class='ocrx_word' id='word_1_353' title='bbox 571 3132 850 3188; x_wconf 84' lang='lat' dir='ltr'><strong>carnalem</strong></span> <span class='ocrx_word' id='word_1_354' title='bbox 893 3133 1146 3205; x_wconf 84' lang='lat' dir='ltr'><strong>copulam</strong></span> <span class='ocrx_word' id='word_1_355' title='bbox 1185 3148 1297 3188; x_wconf 92' lang='lat' dir='ltr'><strong>non</strong></span> <span class='ocrx_word' id='word_1_356' title='bbox 1332 3132 1680 3199; x_wconf 90' lang='lat' dir='ltr'><strong>concedunt,</strong></span> <span class='ocrx_word' id='word_1_357' title='bbox 1723 3139 1931 3203; x_wconf 89' lang='lat' dir='ltr'><strong>quanto</strong></span> <span class='ocrx_word' id='word_1_358' title='bbox 1978 3132 2163 3187; x_wconf 91' lang='lat' dir='ltr'><strong>minus</strong></span> 
     </span>
    </p>
   </div>
   <div class='ocr_carea' id='block_1_48' title="bbox 560 3212 2161 3295">
    <p class='ocr_par' dir='ltr' id='par_1_48' title="bbox 560 3212 2161 3295">
     <span class='ocr_line' id='line_1_48' title="bbox 560 3212 2161 3295; baseline -0.001 -15"><span class='ocrx_word' id='word_1_359' title='bbox 560 3223 983 3291; x_wconf 79' lang='lat' dir='ltr'><strong>sacerdotibus;</strong></span> <span class='ocrx_word' id='word_1_360' title='bbox 1012 3212 1407 3280; x_wconf 81' lang='lat' dir='ltr'><strong>maximecum</strong></span> <span class='ocrx_word' id='word_1_361' title='bbox 1438 3224 1545 3280; x_wconf 70' lang='lat' dir='ltr'><strong>illa:</strong></span> <span class='ocrx_word' id='word_1_362' title='bbox 1573 3223 1895 3295; x_wconf 87' lang='lat' dir='ltr'><strong>simpliciter</strong></span> <span class='ocrx_word' id='word_1_363' title='bbox 1927 3223 1995 3280; x_wconf 90' lang='lat' dir='ltr'><strong>ad</strong></span> <span class='ocrx_word' id='word_1_364' title='bbox 2025 3238 2161 3279; x_wconf 79' lang='lat' dir='ltr'><strong>cun-</strong></span> 
     </span>
    </p>
   </div>
   <div class='ocr_carea' id='block_1_49' title="bbox 569 3314 2164 3386">
    <p class='ocr_par' dir='ltr' id='par_1_49' title="bbox 569 3314 2164 3386">
     <span class='ocr_line' id='line_1_49' title="bbox 569 3314 2164 3386; baseline -0.001 -15"><span class='ocrx_word' id='word_1_365' title='bbox 569 3314 859 3372; x_wconf 87' lang='lat' dir='ltr'><strong>tinentiam</strong></span> <span class='ocrx_word' id='word_1_366' title='bbox 886 3314 997 3372; x_wconf 89' lang='lat' dir='ltr'><strong>sint</strong></span> <span class='ocrx_word' id='word_1_367' title='bbox 1017 3324 1370 3383; x_wconf 59' lang='lat' dir='ltr'><strong>consecratae,</strong></span> <span class='ocrx_word' id='word_1_368' title='bbox 1404 3316 1479 3371; x_wconf 90' lang='lat' dir='ltr'><strong>illi</strong></span> <span class='ocrx_word' id='word_1_369' title='bbox 1504 3324 1687 3371; x_wconf 90' lang='lat' dir='ltr'><strong>autem</strong></span> <span class='ocrx_word' id='word_1_370' title='bbox 1715 3315 1850 3386; x_wconf 89' lang='lat' dir='ltr'><strong>ipsis</strong></span> <span class='ocrx_word' id='word_1_371' title='bbox 1877 3315 2164 3371; x_wconf 88' lang='lat' dir='ltr'><strong>continen-</strong></span> 
     </span>
    </p>
   </div>
   <div class='ocr_carea' id='block_1_50' title="bbox 571 3392 2164 3478">
    <p class='ocr_par' dir='ltr' id='par_1_50' title="bbox 571 3392 2164 3478">
     <span class='ocr_line' id='line_1_50' title="bbox 571 3392 2164 3478; baseline -0.001 -16"><span class='ocrx_word' id='word_1_372' title='bbox 571 3407 722 3463; x_wconf 87' lang='lat' dir='ltr'><strong>tibus</strong></span> <span class='ocrx_word' id='word_1_373' title='bbox 742 3407 854 3463; x_wconf 91' lang='lat' dir='ltr'><strong>sint</strong></span> <span class='ocrx_word' id='word_1_374' title='bbox 874 3406 1104 3478; x_wconf 59' lang='lat' dir='ltr'><strong>praelati,</strong></span> <span class='ocrx_word' id='word_1_375' title='bbox 1147 3416 1201 3462; x_wconf 89' lang='lat' dir='ltr'><strong>et</strong></span> <span class='ocrx_word' id='word_1_376' title='bbox 1232 3423 1330 3478; x_wconf 85' lang='lat' dir='ltr'><strong>per</strong></span> <span class='ocrx_word' id='word_1_377' title='bbox 1363 3392 1963 3463; x_wconf 64' lang='lat' dir='ltr'><strong>venerandam&#39;manus</strong></span> <span class='ocrx_word' id='word_1_378' title='bbox 1986 3407 2164 3477; x_wconf 87' lang='lat' dir='ltr'><strong>impo-</strong></span> 
     </span>
    </p>
   </div>
   <div class='ocr_carea' id='block_1_51' title="bbox 571 3488 2159 3568">
    <p class='ocr_par' dir='ltr' id='par_1_51' title="bbox 571 3488 2159 3568">
     <span class='ocr_line' id='line_1_51' title="bbox 571 3488 2159 3568; baseline 0.001 -16"><span class='ocrx_word' id='word_1_379' title='bbox 571 3496 859 3563; x_wconf 88' lang='lat' dir='ltr'><strong>sitionem,</strong></span> <span class='ocrx_word' id='word_1_380' title='bbox 884 3506 941 3552; x_wconf 90' lang='lat' dir='ltr'><strong>et</strong></span> <span class='ocrx_word' id='word_1_381' title='bbox 972 3514 1070 3568; x_wconf 88' lang='lat' dir='ltr'><strong>per</strong></span> <span class='ocrx_word' id='word_1_382' title='bbox 1094 3499 1434 3554; x_wconf 88' lang='lat' dir='ltr'><strong>sacrosancti</strong></span> <span class='ocrx_word' id='word_1_383' title='bbox 1466 3497 1786 3554; x_wconf 86' lang='lat' dir='ltr'><strong>chrismatis</strong></span> <span class='ocrx_word' id='word_1_384' title='bbox 1824 3488 2159 3554; x_wconf 82' lang='lat' dir='ltr'><strong>unctionem.</strong></span> 
     </span>
    </p>
   </div>
   <div class='ocr_carea' id='block_1_52' title="bbox 570 3582 2164 3661">
    <p class='ocr_par' dir='ltr' id='par_1_52' title="bbox 570 3582 2164 3661">
     <span class='ocr_line' id='line_1_52' title="bbox 570 3582 2164 3661; baseline 0.001 -21"><span class='ocrx_word' id='word_1_385' title='bbox 570 3583 842 3641; x_wconf 67' lang='lat' dir='ltr'><strong>Praeterea</strong></span> <span class='ocrx_word' id='word_1_386' title='bbox 889 3586 1033 3641; x_wconf 90' lang='lat' dir='ltr'><strong>idem</strong></span> <span class='ocrx_word' id='word_1_387' title='bbox 1081 3587 1379 3657; x_wconf 85' lang='lat' dir='ltr'><strong>Apostolus</strong></span> <span class='ocrx_word' id='word_1_388' title='bbox 1430 3586 1568 3656; x_wconf 89' lang='lat' dir='ltr'><strong>ipsis</strong></span> <span class='ocrx_word' id='word_1_389' title='bbox 1598 3584 1827 3657; x_wconf 88' lang='lat' dir='ltr'><strong>quibus</strong></span> <span class='ocrx_word' id='word_1_390' title='bbox 1878 3582 2164 3661; x_wconf 84' lang='lat' dir='ltr'><strong>conjugale</strong></span> 
     </span>
    </p>
   </div>
   <div class='ocr_carea' id='block_1_53' title="bbox 572 3678 2161 3757">
    <p class='ocr_par' dir='ltr' id='par_1_53' title="bbox 572 3678 2161 3757">
     <span class='ocr_line' id='line_1_53' title="bbox 572 3678 2161 3757; baseline 0.003 -24"><span class='ocrx_word' id='word_1_391' title='bbox 572 3691 715 3749; x_wconf 90' lang='lat' dir='ltr'><strong>opus</strong></span> <span class='ocrx_word' id='word_1_392' title='bbox 735 3692 989 3734; x_wconf 78' lang='lat' dir='ltr'><strong>exercere</strong></span> <span class='ocrx_word' id='word_1_393' title='bbox 1009 3680 1288 3747; x_wconf 90' lang='lat' dir='ltr'><strong>concedit,</strong></span> <span class='ocrx_word' id='word_1_394' title='bbox 1324 3679 1532 3757; x_wconf 84' lang='lat' dir='ltr'><strong>eisdem</strong></span> <span class='ocrx_word' id='word_1_395' title='bbox 1557 3678 1724 3735; x_wconf 87' lang='lat' dir='ltr'><strong>etiam</strong></span> <span class='ocrx_word' id='word_1_396' title='bbox 1765 3681 2036 3738; x_wconf 85' lang='lat' dir='ltr'><strong>secundas</strong></span> <span class='ocrx_word' id='word_1_397' title='bbox 2055 3697 2161 3737; x_wconf 89' lang='lat' dir='ltr'><strong>uu-</strong></span> 
     </span>
    </p>
   </div>
   <div class='ocr_carea' id='block_1_54' title="bbox 570 3766 2164 3841">
    <p class='ocr_par' dir='ltr' id='par_1_54' title="bbox 570 3766 2164 3841">
     <span class='ocr_line' id='line_1_54' title="bbox 570 3766 2164 3841; baseline 0.004 -19"><span class='ocrx_word' id='word_1_398' title='bbox 570 3766 719 3839; x_wconf 88' lang='lat' dir='ltr'><strong>ptias</strong></span> <span class='ocrx_word' id='word_1_399' title='bbox 743 3766 884 3823; x_wconf 83' lang='lat' dir='ltr'><strong>inire</strong></span> <span class='ocrx_word' id='word_1_400' title='bbox 909 3768 1139 3825; x_wconf 89' lang='lat' dir='ltr'><strong>licenter</strong></span> <span class='ocrx_word' id='word_1_401' title='bbox 1176 3769 1463 3841; x_wconf 89' lang='lat' dir='ltr'><strong>permittit.</strong></span> <span class='ocrx_word' id='word_1_402' title='bbox 1502 3769 1697 3825; x_wconf 83' lang='lat' dir='ltr'><strong>Soluto</strong></span> <span class='ocrx_word' id='word_1_403' title='bbox 1716 3770 1863 3826; x_wconf 89' lang='lat' dir='ltr'><strong>enim</strong></span> <span class='ocrx_word' id='word_1_404' title='bbox 1896 3771 1966 3828; x_wconf 88' lang='lat' dir='ltr'><strong>ab</strong></span> <span class='ocrx_word' id='word_1_405' title='bbox 1993 3786 2164 3828; x_wconf 81' lang='lat' dir='ltr'><strong>uxore</strong></span> 
     </span>
    </p>
   </div>
   <div class='ocr_carea' id='block_1_55' title="bbox 573 3858 2163 3930">
    <p class='ocr_par' dir='ltr' id='par_1_55' title="bbox 573 3858 2163 3930">
     <span class='ocr_line' id='line_1_55' title="bbox 573 3858 2163 3930; baseline 0.003 -16"><span class='ocrx_word' id='word_1_406' title='bbox 573 3858 737 3914; x_wconf 86' lang='lat' dir='ltr'><strong>aliam</strong></span> <span class='ocrx_word' id='word_1_407' title='bbox 782 3859 981 3916; x_wconf 90' lang='lat' dir='ltr'><strong>ducere</strong></span> <span class='ocrx_word' id='word_1_408' title='bbox 1009 3862 1293 3930; x_wconf 85' lang='lat' dir='ltr'><strong>concedit,</strong></span> <span class='ocrx_word' id='word_1_409' title='bbox 1315 3871 1371 3917; x_wconf 91' lang='lat' dir='ltr'><strong>et</strong></span> <span class='ocrx_word' id='word_1_410' title='bbox 1393 3862 1572 3919; x_wconf 84' lang='lat' dir='ltr'><strong>viduae</strong></span> <span class='ocrx_word' id='word_1_411' title='bbox 1608 3863 1847 3919; x_wconf 89' lang='lat' dir='ltr'><strong>nubendi</strong></span> <span class='ocrx_word' id='word_1_412' title='bbox 1886 3864 2163 3920; x_wconf 88' lang='lat' dir='ltr'><strong>licentiam</strong></span> 
     </span>
    </p>
   </div>
   <div class='ocr_carea' id='block_1_56' title="bbox 573 3942 2163 4025">
    <p class='ocr_par' dir='ltr' id='par_1_56' title="bbox 573 3942 2163 4025">
     <span class='ocr_line' id='line_1_56' title="bbox 573 3942 2163 4025; baseline 0.004 -20"><span class='ocrx_word' id='word_1_413' title='bbox 573 3949 841 4005; x_wconf 84' lang='lat' dir='ltr'><strong>attribuit.</strong></span> <span class='ocrx_word' id='word_1_414' title='bbox 857 3950 1180 4008; x_wconf 86' lang='lat' dir='ltr'><strong>Nullatenus</strong></span> <span class='ocrx_word' id='word_1_415' title='bbox 1199 3966 1331 4025; x_wconf 87' lang='lat' dir='ltr'><strong>ergo</strong></span> <span class='ocrx_word' id='word_1_416' title='bbox 1347 3942 1659 4009; x_wconf 81' lang='lat' dir='ltr'><strong>sacerdotes</strong></span> <span class='ocrx_word' id='word_1_417' title='bbox 1680 3943 1783 4010; x_wconf 86' lang='lat' dir='ltr'><strong>sub</strong></span> <span class='ocrx_word' id='word_1_418' title='bbox 1806 3955 2163 4025; x_wconf 87' lang='lat' dir='ltr'><strong>permissoria</strong></span> 
     </span>
    </p>
   </div>
   <div class='ocr_carea' id='block_1_57' title="bbox 573 4041 2161 4119">
    <p class='ocr_par' dir='ltr' id='par_1_57' title="bbox 573 4041 2161 4119">
     <span class='ocr_line' id='line_1_57' title="bbox 573 4041 2161 4119; baseline 0.003 -20"><span class='ocrx_word' id='word_1_419' title='bbox 573 4042 816 4099; x_wconf 85' lang='lat' dir='ltr'><strong>carnalis</strong></span> <span class='ocrx_word' id='word_1_420' title='bbox 849 4045 1059 4114; x_wconf 70' lang='lat' dir='ltr'><strong>copula:</strong></span> <span class='ocrx_word' id='word_1_421' title='bbox 1101 4045 1372 4101; x_wconf 87' lang='lat' dir='ltr'><strong>sententia</strong></span> <span class='ocrx_word' id='word_1_422' title='bbox 1405 4047 1842 4117; x_wconf 87' lang='lat' dir='ltr'><strong>comprehendit,</strong></span> <span class='ocrx_word' id='word_1_423' title='bbox 1877 4047 2079 4119; x_wconf 87' lang='lat' dir='ltr'><strong>quibus</strong></span> <span class='ocrx_word' id='word_1_424' title='bbox 2105 4041 2161 4103; x_wconf 82' lang='lat' dir='ltr'><strong>in</strong></span> 
     </span>
    </p>
   </div>
   <div class='ocr_carea' id='block_1_58' title="bbox 558 4128 2163 4210">
    <p class='ocr_par' dir='ltr' id='par_1_58' title="bbox 558 4128 2163 4210">
     <span class='ocr_line' id='line_1_58' title="bbox 558 4128 2163 4210; baseline 0.004 -21"><span class='ocrx_word' id='word_1_425' title='bbox 558 4128 805 4204; x_wconf 86' lang='lat' dir='ltr'><strong>epistola</strong></span> <span class='ocrx_word' id='word_1_426' title='bbox 844 4136 912 4192; x_wconf 90' lang='lat' dir='ltr'><strong>ad</strong></span> <span class='ocrx_word' id='word_1_427' title='bbox 938 4134 1286 4192; x_wconf 82' lang='lat' dir='ltr'><strong>Timotheum</strong></span> <span class='ocrx_word' id='word_1_428' title='bbox 1318 4145 1374 4193; x_wconf 89' lang='lat' dir='ltr'><strong>et</strong></span> <span class='ocrx_word' id='word_1_429' title='bbox 1403 4136 1588 4192; x_wconf 87' lang='lat' dir='ltr'><strong>Titum</strong></span> <span class='ocrx_word' id='word_1_430' title='bbox 1617 4138 1912 4210; x_wconf 86' lang='lat' dir='ltr'><strong>bigamiam</strong></span> <span class='ocrx_word' id='word_1_431' title='bbox 1944 4139 2163 4209; x_wconf 89' lang='lat' dir='ltr'><strong>penitus</strong></span> 
     </span>
    </p>
   </div>
   <div class='ocr_carea' id='block_1_59' title="bbox 560 4224 2163 4305">
    <p class='ocr_par' dir='ltr' id='par_1_59' title="bbox 560 4224 2163 4305">
     <span class='ocr_line' id='line_1_59' title="bbox 560 4224 2163 4305; baseline 0.005 -26"><span class='ocrx_word' id='word_1_432' title='bbox 560 4224 1030 4300; x_wconf 60' lang='lat' dir='ltr'><strong>‘prohibuit,&#39;cum</strong></span> <span class='ocrx_word' id='word_1_433' title='bbox 1069 4228 1259 4305; x_wconf 86' lang='lat' dir='ltr'><strong>jubeat</strong></span> <span class='ocrx_word' id='word_1_434' title='bbox 1290 4237 1503 4297; x_wconf 89' lang='lat' dir='ltr'><strong>tantum</strong></span> <span class='ocrx_word' id='word_1_435' title='bbox 1545 4231 1711 4287; x_wconf 91' lang='lat' dir='ltr'><strong>unius</strong></span> <span class='ocrx_word' id='word_1_436' title='bbox 1749 4231 1939 4287; x_wconf 77' lang='lat' dir='ltr'><strong>uxoris</strong></span> <span class='ocrx_word' id='word_1_437' title='bbox 1983 4231 2163 4287; x_wconf 86' lang='lat' dir='ltr'><strong>virum</strong></span> 
     </span>
    </p>
   </div>
   <div class='ocr_carea' id='block_1_60' title="bbox 560 4312 2163 4393">
    <p class='ocr_par' dir='ltr' id='par_1_60' title="bbox 560 4312 2163 4393">
     <span class='ocr_line' id='line_1_60' title="bbox 560 4312 2163 4393; baseline 0.005 -22"><span class='ocrx_word' id='word_1_438' title='bbox 560 4316 699 4389; x_wconf 78' lang='lat' dir='ltr'><strong>eligi</strong></span> <span class='ocrx_word' id='word_1_439' title='bbox 721 4317 790 4373; x_wconf 88' lang='lat' dir='ltr'><strong>ad</strong></span> <span class='ocrx_word' id='word_1_440' title='bbox 809 4318 1175 4375; x_wconf 87' lang='lat' dir='ltr'><strong>sacerdotium</strong></span> <span class='ocrx_word' id='word_1_441' title='bbox 1203 4326 1221 4374; x_wconf 71' lang='lat'><strong>:‘</strong></span> <span class='ocrx_word' id='word_1_442' title='bbox 1239 4336 1367 4389; x_wconf 86' lang='lat' dir='ltr'><strong>nam</strong></span> <span class='ocrx_word' id='word_1_443' title='bbox 1381 4335 1483 4376; x_wconf 90' lang='lat' dir='ltr'><strong>nec</strong></span> <span class='ocrx_word' id='word_1_444' title='bbox 1498 4312 1643 4391; x_wconf 85' lang='lat' dir='ltr'><strong>apud</strong></span> <span class='ocrx_word' id='word_1_445' title='bbox 1654 4322 1904 4378; x_wconf 88' lang='lat' dir='ltr'><strong>ethnicos</strong></span> <span class='ocrx_word' id='word_1_446' title='bbox 1923 4321 2163 4393; x_wconf 81' lang='lat' dir='ltr'><strong>bigamia</strong></span> 
     </span>
    </p>
   </div>
   <div class='ocr_carea' id='block_1_61' title="bbox 556 4404 2163 4491">
    <p class='ocr_par' dir='ltr' id='par_1_61' title="bbox 556 4404 2163 4491">
     <span class='ocr_line' id='line_1_61' title="bbox 556 4404 2163 4491; baseline 0.003 -26"><span class='ocrx_word' id='word_1_447' title='bbox 556 4404 773 4491; x_wconf 25' lang='lat' dir='ltr'><strong>flicebat</strong></span> <span class='ocrx_word' id='word_1_448' title='bbox 783 4412 1158 4468; x_wconf 88' lang='lat' dir='ltr'><strong>sacerdotibus</strong></span> <span class='ocrx_word' id='word_1_449' title='bbox 1167 4412 1329 4467; x_wconf 87' lang='lat' dir='ltr'><strong>beato</strong></span> <span class='ocrx_word' id='word_1_450' title='bbox 1338 4411 1670 4485; x_wconf 82' lang='lat' dir='ltr'><strong>Hieronymo</strong></span> <span class='ocrx_word' id='word_1_451' title='bbox 1681 4427 1901 4470; x_wconf 89' lang='lat' dir='ltr'><strong>asseren</strong></span> <span class='ocrx_word' id='word_1_452' title='bbox 1910 4422 1959 4468; x_wconf 88' lang='lat' dir='ltr'><strong>te</strong></span> <span class='ocrx_word' id='word_1_453' title='bbox 1972 4424 2163 4470; x_wconf 89' lang='lat' dir='ltr'><strong>contra</strong></span> 
     </span>
    </p>
   </div>
   <div class='ocr_carea' id='block_1_62' title="bbox 2264 1937 3860 2014">
    <p class='ocr_par' dir='ltr' id='par_1_62' title="bbox 2264 1937 3860 2014">
     <span class='ocr_line' id='line_1_62' title="bbox 2264 1937 3860 2014; baseline 0.003 -21"><span class='ocrx_word' id='word_1_454' title='bbox 2264 1937 2498 1993; x_wconf 91' lang='lat' dir='ltr'><strong>ctrinam</strong></span> <span class='ocrx_word' id='word_1_455' title='bbox 2546 1940 2689 1995; x_wconf 91' lang='lat' dir='ltr'><strong>male</strong></span> <span class='ocrx_word' id='word_1_456' title='bbox 2733 1940 3122 2012; x_wconf 89' lang='lat' dir='ltr'><strong>interpretatus</strong></span> <span class='ocrx_word' id='word_1_457' title='bbox 3141 1953 3245 2010; x_wconf 90' lang='lat' dir='ltr'><strong>cst,</strong></span> <span class='ocrx_word' id='word_1_458' title='bbox 3282 1958 3406 1998; x_wconf 90' lang='lat' dir='ltr'><strong>cum</strong></span> <span class='ocrx_word' id='word_1_459' title='bbox 3430 1943 3528 1999; x_wconf 77' lang='lat' dir='ltr'><strong>vix</strong></span> <span class='ocrx_word' id='word_1_460' title='bbox 3571 1944 3629 1998; x_wconf 88' lang='lat' dir='ltr'><strong>in</strong></span> <span class='ocrx_word' id='word_1_461' title='bbox 3666 1944 3860 2014; x_wconf 68' lang='lat' dir='ltr'><strong>prunis</strong></span> 
     </span>
    </p>
   </div>
   <div class='ocr_carea' id='block_1_63' title="bbox 2262 2027 3859 2105">
    <p class='ocr_par' dir='ltr' id='par_1_63' title="bbox 2262 2027 3859 2105">
     <span class='ocr_line' id='line_1_63' title="bbox 2262 2027 3859 2105; baseline 0.004 -22"><span class='ocrx_word' id='word_1_462' title='bbox 2262 2042 2465 2084; x_wconf 89' lang='lat' dir='ltr'><strong>nomen</strong></span> <span class='ocrx_word' id='word_1_463' title='bbox 2494 2027 2925 2089; x_wconf 88' lang='lat' dir='ltr'><strong>Christianitatis</strong></span> <span class='ocrx_word' id='word_1_464' title='bbox 2946 2033 3286 2103; x_wconf 75' lang='lat' dir='ltr'><strong>incwpisset,</strong></span> <span class='ocrx_word' id='word_1_465' title='bbox 3307 2050 3433 2101; x_wconf 87' lang='lat' dir='ltr'><strong>cum</strong></span> <span class='ocrx_word' id='word_1_466' title='bbox 3460 2034 3781 2105; x_wconf 75' lang='lat' dir='ltr'><strong>evangelica</strong></span> <span class='ocrx_word' id='word_1_467' title='bbox 3806 2045 3859 2089; x_wconf 84' lang='lat' dir='ltr'><strong>et</strong></span> 
     </span>
    </p>
   </div>
   <div class='ocr_carea' id='block_1_64' title="bbox 2252 2120 3861 2195">
    <p class='ocr_par' dir='ltr' id='par_1_64' title="bbox 2252 2120 3861 2195">
     <span class='ocr_line' id='line_1_64' title="bbox 2252 2120 3861 2195; baseline 0.001 -18"><span class='ocrx_word' id='word_1_468' title='bbox 2252 2120 2562 2195; x_wconf 72' lang='lat' dir='ltr'><strong>apostolica</strong></span> <span class='ocrx_word' id='word_1_469' title='bbox 2593 2121 2844 2185; x_wconf 84' lang='lat' dir='ltr'><strong>doctrina</strong></span> <span class='ocrx_word' id='word_1_470' title='bbox 2880 2125 3125 2179; x_wconf 90' lang='lat' dir='ltr'><strong>nondum</strong></span> <span class='ocrx_word' id='word_1_471' title='bbox 3164 2136 3312 2180; x_wconf 84' lang='lat' dir='ltr'><strong>esset</strong></span> <span class='ocrx_word' id='word_1_472' title='bbox 3356 2140 3454 2193; x_wconf 80' lang='lat' dir='ltr'><strong>per</strong></span> <span class='ocrx_word' id='word_1_473' title='bbox 3488 2135 3671 2180; x_wconf 89' lang='lat' dir='ltr'><strong>totum</strong></span> <span class='ocrx_word' id='word_1_474' title='bbox 3702 2140 3861 2179; x_wconf 85' lang='lat' dir='ltr'><strong>mun-</strong></span> 
     </span>
    </p>
   </div>
   <div class='ocr_carea' id='block_1_65' title="bbox 2261 2210 3859 2291">
    <p class='ocr_par' dir='ltr' id='par_1_65' title="bbox 2261 2210 3859 2291">
     <span class='ocr_line' id='line_1_65' title="bbox 2261 2210 3859 2291; baseline 0.001 -23"><span class='ocrx_word' id='word_1_475' title='bbox 2261 2211 2391 2268; x_wconf 90' lang='lat' dir='ltr'><strong>dum</strong></span> <span class='ocrx_word' id='word_1_476' title='bbox 2414 2213 2659 2280; x_wconf 86' lang='lat' dir='ltr'><strong>dilatata,</strong></span> <span class='ocrx_word' id='word_1_477' title='bbox 2690 2214 2930 2270; x_wconf 87' lang='lat' dir='ltr'><strong>nondum</strong></span> <span class='ocrx_word' id='word_1_478' title='bbox 2964 2224 3042 2269; x_wconf 86' lang='lat' dir='ltr'><strong>lul</strong></span> <span class='ocrx_word' id='word_1_479' title='bbox 3084 2215 3403 2283; x_wconf 86' lang='lat' dir='ltr'><strong>virtutibus,</strong></span> <span class='ocrx_word' id='word_1_480' title='bbox 3424 2223 3510 2291; x_wconf 85' lang='lat' dir='ltr'><strong>tot</strong></span> <span class='ocrx_word' id='word_1_481' title='bbox 3547 2210 3751 2289; x_wconf 83' lang='lat' dir='ltr'><strong>signis,</strong></span> <span class='ocrx_word' id='word_1_482' title='bbox 3784 2224 3859 2270; x_wconf 87' lang='lat' dir='ltr'><strong>tot</strong></span> 
     </span>
    </p>
   </div>
   <div class='ocr_carea' id='block_1_66' title="bbox 2262 2304 3861 2379">
    <p class='ocr_par' dir='ltr' id='par_1_66' title="bbox 2262 2304 3861 2379">
     <span class='ocr_line' id='line_1_66' title="bbox 2262 2304 3861 2379; baseline 0.003 -22"><span class='ocrx_word' id='word_1_483' title='bbox 2262 2304 2651 2361; x_wconf 85' lang='lat' dir='ltr'><strong>sacratissimis</strong></span> <span class='ocrx_word' id='word_1_484' title='bbox 2674 2314 2993 2363; x_wconf 85' lang='lat' dir='ltr'><strong>sanctorum</strong></span> <span class='ocrx_word' id='word_1_485' title='bbox 3014 2316 3315 2379; x_wconf 85' lang='lat' dir='ltr'><strong>martyrum</strong></span> <span class='ocrx_word' id='word_1_486' title='bbox 3338 2306 3645 2378; x_wconf 82' lang='lat' dir='ltr'><strong>triumphis</strong></span> <span class='ocrx_word' id='word_1_487' title='bbox 3666 2321 3861 2377; x_wconf 78' lang='lat' dir='ltr'><strong>appro-</strong></span> 
     </span>
    </p>
   </div>
   <div class='ocr_carea' id='block_1_67' title="bbox 2262 2395 3863 2469">
    <p class='ocr_par' dir='ltr' id='par_1_67' title="bbox 2262 2395 3863 2469">
     <span class='ocr_line' id='line_1_67' title="bbox 2262 2395 3863 2469; baseline 0.002 -20"><span class='ocrx_word' id='word_1_488' title='bbox 2262 2395 2543 2463; x_wconf 84' lang='lat' dir='ltr'><strong>bata;isti</strong></span> <span class='ocrx_word' id='word_1_489' title='bbox 2600 2406 2781 2452; x_wconf 86' lang='lat' dir='ltr'><strong>autem</strong></span> <span class='ocrx_word' id='word_1_490' title='bbox 2840 2398 3094 2454; x_wconf 86' lang='lat' dir='ltr'><strong>cannlem</strong></span> <span class='ocrx_word' id='word_1_491' title='bbox 3137 2398 3445 2455; x_wconf 87' lang='lat' dir='ltr'><strong>doctrinam</strong></span> <span class='ocrx_word' id='word_1_492' title='bbox 3490 2397 3608 2469; x_wconf 87' lang='lat' dir='ltr'><strong>jam</strong></span> <span class='ocrx_word' id='word_1_493' title='bbox 3663 2398 3863 2469; x_wconf 76' lang='lat' dir='ltr'><strong>ubich</strong></span> 
     </span>
    </p>
   </div>
   <div class='ocr_carea' id='block_1_68' title="bbox 2262 2486 3861 2561">
    <p class='ocr_par' dir='ltr' id='par_1_68' title="bbox 2262 2486 3861 2561">
     <span class='ocr_line' id='line_1_68' title="bbox 2262 2486 3861 2561; baseline 0.004 -23"><span class='ocrx_word' id='word_1_494' title='bbox 2262 2486 2528 2556; x_wconf 84' lang='lat' dir='ltr'><strong>ignotam,</strong></span> <span class='ocrx_word' id='word_1_495' title='bbox 2559 2502 2658 2541; x_wconf 89' lang='lat' dir='ltr'><strong>nee</strong></span> <span class='ocrx_word' id='word_1_496' title='bbox 2686 2486 2907 2543; x_wconf 86' lang='lat' dir='ltr'><strong>rusticis</strong></span> <span class='ocrx_word' id='word_1_497' title='bbox 2928 2486 3255 2557; x_wconf 85' lang='lat' dir='ltr'><strong>jamdudum</strong></span> <span class='ocrx_word' id='word_1_498' title='bbox 3278 2487 3493 2561; x_wconf 87' lang='lat' dir='ltr'><strong>[notam</strong></span> <span class='ocrx_word' id='word_1_499' title='bbox 3510 2504 3617 2544; x_wconf 87' lang='lat' dir='ltr'><strong>nec</strong></span> <span class='ocrx_word' id='word_1_500' title='bbox 3638 2489 3861 2544; x_wconf 79' lang='lat' dir='ltr'><strong>rusticis</strong></span> 
     </span>
    </p>
   </div>
   <div class='ocr_carea' id='block_1_69' title="bbox 2256 2577 3863 2652">
    <p class='ocr_par' dir='ltr' id='par_1_69' title="bbox 2256 2577 3863 2652">
     <span class='ocr_line' id='line_1_69' title="bbox 2256 2577 3863 2652; baseline 0 -18"><span class='ocrx_word' id='word_1_501' title='bbox 2256 2578 2582 2649; x_wconf 85' lang='lat' dir='ltr'><strong>jamdudum</strong></span> <span class='ocrx_word' id='word_1_502' title='bbox 2614 2577 2908 2652; x_wconf 85' lang='lat' dir='ltr'><strong>ignotam],</strong></span> <span class='ocrx_word' id='word_1_503' title='bbox 2955 2579 3066 2634; x_wconf 87' lang='lat' dir='ltr'><strong>imo</strong></span> <span class='ocrx_word' id='word_1_504' title='bbox 3087 2580 3205 2651; x_wconf 88' lang='lat' dir='ltr'><strong>jam</strong></span> <span class='ocrx_word' id='word_1_505' title='bbox 3240 2581 3312 2635; x_wconf 86' lang='lat' dir='ltr'><strong>ab</strong></span> <span class='ocrx_word' id='word_1_506' title='bbox 3338 2581 3574 2651; x_wconf 86' lang='lat' dir='ltr'><strong>antiquo</strong></span> <span class='ocrx_word' id='word_1_507' title='bbox 3595 2581 3863 2652; x_wconf 84' lang='lat' dir='ltr'><strong>sanguine</strong></span> 
     </span>
    </p>
   </div>
   <div class='ocr_carea' id='block_1_70' title="bbox 2262 2668 3866 2751">
    <p class='ocr_par' dir='ltr' id='par_1_70' title="bbox 2262 2668 3866 2751">
     <span class='ocr_line' id='line_1_70' title="bbox 2262 2668 3866 2751; baseline 0.001 -24"><span class='ocrx_word' id='word_1_508' title='bbox 2262 2680 2579 2751; x_wconf 82' lang='lat' dir='ltr'><strong>sanctorum</strong></span> <span class='ocrx_word' id='word_1_509' title='bbox 2630 2668 2855 2726; x_wconf 88' lang='lat' dir='ltr'><strong>Patrum</strong></span> <span class='ocrx_word' id='word_1_510' title='bbox 2891 2682 3268 2731; x_wconf 86' lang='lat' dir='ltr'><strong>consecratam</strong></span> <span class='ocrx_word' id='word_1_511' title='bbox 3312 2681 3370 2728; x_wconf 90' lang='lat' dir='ltr'><strong>et</strong></span> <span class='ocrx_word' id='word_1_512' title='bbox 3408 2670 3866 2745; x_wconf 80' lang='lat' dir='ltr'><strong>irrel‘ragabiliter</strong></span> 
     </span>
    </p>
   </div>
   <div class='ocr_carea' id='block_1_71' title="bbox 2262 2762 3869 2830">
    <p class='ocr_par' dir='ltr' id='par_1_71' title="bbox 2262 2762 3869 2830">
     <span class='ocr_line' id='line_1_71' title="bbox 2262 2762 3869 2830; baseline 0.001 -11"><span class='ocrx_word' id='word_1_513' title='bbox 2262 2762 2674 2819; x_wconf 88' lang='lat' dir='ltr'><strong>corroboratam</strong></span> <span class='ocrx_word' id='word_1_514' title='bbox 2700 2803 2717 2830; x_wconf 91' lang='lat'><strong>,</strong></span> <span class='ocrx_word' id='word_1_515' title='bbox 2772 2763 3207 2821; x_wconf 88' lang='lat' dir='ltr'><strong>obstinatissima</strong></span> <span class='ocrx_word' id='word_1_516' title='bbox 3254 2764 3570 2822; x_wconf 87' lang='lat' dir='ltr'><strong>temeritate</strong></span> <span class='ocrx_word' id='word_1_517' title='bbox 3614 2765 3869 2821; x_wconf 80' lang='lat' dir='ltr'><strong>nituntur</strong></span> 
     </span>
    </p>
   </div>
   <div class='ocr_carea' id='block_1_72' title="bbox 2261 2853 3868 2929">
    <p class='ocr_par' dir='ltr' id='par_1_72' title="bbox 2261 2853 3868 2929">
     <span class='ocr_line' id='line_1_72' title="bbox 2261 2853 3868 2929; baseline 0.001 -19"><span class='ocrx_word' id='word_1_518' title='bbox 2261 2855 2579 2925; x_wconf 81' lang='lat' dir='ltr'><strong>depravare.</strong></span> <span class='ocrx_word' id='word_1_519' title='bbox 2620 2853 2777 2911; x_wconf 90' lang='lat' dir='ltr'><strong>Unde</strong></span> <span class='ocrx_word' id='word_1_520' title='bbox 2812 2863 2867 2912; x_wconf 90' lang='lat' dir='ltr'><strong>et</strong></span> <span class='ocrx_word' id='word_1_521' title='bbox 2900 2855 3049 2911; x_wconf 87' lang='lat' dir='ltr'><strong>illam</strong></span> <span class='ocrx_word' id='word_1_522' title='bbox 3088 2856 3450 2928; x_wconf 88' lang='lat' dir='ltr'><strong>perditionem</strong></span> <span class='ocrx_word' id='word_1_523' title='bbox 3481 2855 3868 2929; x_wconf 71' lang='lat' dir='ltr'><strong>subterfugere</strong></span> 
     </span>
    </p>
   </div>
   <div class='ocr_carea' id='block_1_73' title="bbox 2263 2944 3866 3018">
    <p class='ocr_par' dir='ltr' id='par_1_73' title="bbox 2263 2944 3866 3018">
     <span class='ocr_line' id='line_1_73' title="bbox 2263 2944 3866 3018; baseline 0.003 -21"><span class='ocrx_word' id='word_1_524' title='bbox 2263 2944 2568 3015; x_wconf 86' lang='lat' dir='ltr'><strong>nequibth</strong></span> <span class='ocrx_word' id='word_1_525' title='bbox 2587 2960 2754 3015; x_wconf 86' lang='lat' dir='ltr'><strong>quam</strong></span> <span class='ocrx_word' id='word_1_526' title='bbox 2778 2944 2896 3014; x_wconf 89' lang='lat' dir='ltr'><strong>ipse</strong></span> <span class='ocrx_word' id='word_1_527' title='bbox 2916 2945 3169 3016; x_wconf 85' lang='lat' dir='ltr'><strong>princeps</strong></span> <span class='ocrx_word' id='word_1_528' title='bbox 3194 2947 3581 3018; x_wconf 85' lang='lat' dir='ltr'><strong>apostolorum</strong></span> <span class='ocrx_word' id='word_1_529' title='bbox 3600 2946 3866 3017; x_wconf 74' lang='lat' dir='ltr'><strong>deprava-</strong></span> 
     </span>
    </p>
   </div>
   <div class='ocr_carea' id='block_1_74' title="bbox 2263 3033 3867 3109">
    <p class='ocr_par' dir='ltr' id='par_1_74' title="bbox 2263 3033 3867 3109">
     <span class='ocr_line' id='line_1_74' title="bbox 2263 3033 3867 3109; baseline 0.004 -20"><span class='ocrx_word' id='word_1_530' title='bbox 2263 3035 2476 3091; x_wconf 88' lang='lat' dir='ltr'><strong>toribus</strong></span> <span class='ocrx_word' id='word_1_531' title='bbox 2499 3033 2911 3106; x_wconf 88' lang='lat' dir='ltr'><strong>Scripturarum</strong></span> <span class='ocrx_word' id='word_1_532' title='bbox 2941 3037 3206 3109; x_wconf 83' lang='lat' dir='ltr'><strong>assignat,</strong></span> <span class='ocrx_word' id='word_1_533' title='bbox 3236 3038 3329 3108; x_wconf 90' lang='lat' dir='ltr'><strong>qui</strong></span> <span class='ocrx_word' id='word_1_534' title='bbox 3355 3036 3644 3107; x_wconf 84' lang='lat' dir='ltr'><strong>Epistolas</strong></span> <span class='ocrx_word' id='word_1_535' title='bbox 3670 3053 3867 3109; x_wconf 66' lang='lat' dir='ltr'><strong>conpo—</strong></span> 
     </span>
    </p>
   </div>
   <div class='ocr_carea' id='block_1_75' title="bbox 2265 3124 3865 3201">
    <p class='ocr_par' dir='ltr' id='par_1_75' title="bbox 2265 3124 3865 3201">
     <span class='ocr_line' id='line_1_75' title="bbox 2265 3124 3865 3201; baseline 0.003 -19"><span class='ocrx_word' id='word_1_536' title='bbox 2265 3127 2389 3183; x_wconf 89' lang='lat' dir='ltr'><strong>stoli</strong></span> <span class='ocrx_word' id='word_1_537' title='bbox 2420 3127 2541 3198; x_wconf 85' lang='lat' dir='ltr'><strong>ejus</strong></span> <span class='ocrx_word' id='word_1_538' title='bbox 2574 3124 2731 3185; x_wconf 85' lang='lat' dir='ltr'><strong>Pauli</strong></span> <span class='ocrx_word' id='word_1_539' title='bbox 2757 3129 2833 3184; x_wconf 86' lang='lat' dir='ltr'><strong>ita</strong></span> <span class='ocrx_word' id='word_1_540' title='bbox 2854 3129 3012 3186; x_wconf 89' lang='lat' dir='ltr'><strong>nobis</strong></span> <span class='ocrx_word' id='word_1_541' title='bbox 3043 3129 3410 3185; x_wconf 85' lang='lat' dir='ltr'><strong>commendat:</strong></span> <span class='ocrx_word' id='word_1_542' title='bbox 3434 3128 3507 3184; x_wconf 87' lang='lat' dir='ltr'><strong>In</strong></span> <span class='ocrx_word' id='word_1_543' title='bbox 3530 3130 3760 3201; x_wconf 76' lang='lat' dir='ltr'><strong>quibus,</strong></span> <span class='ocrx_word' id='word_1_544' title='bbox 3780 3131 3865 3186; x_wconf 86' lang='lat' dir='ltr'><strong>in-</strong></span> 
     </span>
    </p>
   </div>
   <div class='ocr_carea' id='block_1_76' title="bbox 2264 3218 3867 3295">
    <p class='ocr_par' dir='ltr' id='par_1_76' title="bbox 2264 3218 3867 3295">
     <span class='ocr_line' id='line_1_76' title="bbox 2264 3218 3867 3295; baseline 0.004 -23"><span class='ocrx_word' id='word_1_545' title='bbox 2264 3219 2402 3290; x_wconf 90' lang='lat' dir='ltr'><strong>quit,</strong></span> <span class='ocrx_word' id='word_1_546' title='bbox 2435 3218 2694 3290; x_wconf 82' lang='lat' dir='ltr'><strong>Epistolis</strong></span> <span class='ocrx_word' id='word_1_547' title='bbox 2723 3230 2849 3275; x_wconf 87' lang='lat' dir='ltr'><strong>sunt</strong></span> <span class='ocrx_word' id='word_1_548' title='bbox 2872 3221 3117 3293; x_wconf 68' lang='lat' dir='ltr'><strong>quedam</strong></span> <span class='ocrx_word' id='word_1_549' title='bbox 3146 3221 3387 3293; x_wconf 58' lang='lat' dir='ltr'><strong>diﬁcilia</strong></span> <span class='ocrx_word' id='word_1_550' title='bbox 3417 3222 3729 3291; x_wconf 70' lang='lat' dir='ltr'><strong>intellectu,</strong></span> <span class='ocrx_word' id='word_1_551' title='bbox 3757 3240 3867 3295; x_wconf 67' lang='lat' dir='ltr'><strong>qua:</strong></span> 
     </span>
    </p>
   </div>
   <div class='ocr_carea' id='block_1_77' title="bbox 2264 3311 3864 3390">
    <p class='ocr_par' dir='ltr' id='par_1_77' title="bbox 2264 3311 3864 3390">
     <span class='ocr_line' id='line_1_77' title="bbox 2264 3311 3864 3390; baseline 0.003 -25"><span class='ocrx_word' id='word_1_552' title='bbox 2264 3311 2467 3367; x_wconf 86' lang='lat' dir='ltr'><strong>indocti</strong></span> <span class='ocrx_word' id='word_1_553' title='bbox 2496 3320 2547 3366; x_wconf 90' lang='lat' dir='ltr'><strong>et</strong></span> <span class='ocrx_word' id='word_1_554' title='bbox 2568 3312 2842 3368; x_wconf 87' lang='lat' dir='ltr'><strong>instabiles</strong></span> <span class='ocrx_word' id='word_1_555' title='bbox 2871 3314 3184 3383; x_wconf 80' lang='lat' dir='ltr'><strong>depravant,</strong></span> <span class='ocrx_word' id='word_1_556' title='bbox 3214 3314 3355 3367; x_wconf 85' lang='lat' dir='ltr'><strong>sicut</strong></span> <span class='ocrx_word' id='word_1_557' title='bbox 3375 3322 3427 3368; x_wconf 74' lang='lat' dir='ltr'><strong>et</strong></span> <span class='ocrx_word' id='word_1_558' title='bbox 3452 3324 3689 3369; x_wconf 67' lang='lat' dir='ltr'><strong>ureteras</strong></span> <span class='ocrx_word' id='word_1_559' title='bbox 3723 3313 3864 3390; x_wconf 76' lang='lat' dir='ltr'><strong>Scri-</strong></span> 
     </span>
    </p>
   </div>
   <div class='ocr_carea' id='block_1_78' title="bbox 2264 3403 3861 3476">
    <p class='ocr_par' dir='ltr' id='par_1_78' title="bbox 2264 3403 3861 3476">
     <span class='ocr_line' id='line_1_78' title="bbox 2264 3403 3861 3476; baseline 0.003 -19"><span class='ocrx_word' id='word_1_560' title='bbox 2264 3413 2471 3473; x_wconf 85' lang='lat' dir='ltr'><strong>pturas,</strong></span> <span class='ocrx_word' id='word_1_561' title='bbox 2504 3404 2573 3459; x_wconf 86' lang='lat' dir='ltr'><strong>ad</strong></span> <span class='ocrx_word' id='word_1_562' title='bbox 2602 3420 2757 3459; x_wconf 85' lang='lat' dir='ltr'><strong>suam</strong></span> <span class='ocrx_word' id='word_1_563' title='bbox 2798 3405 3034 3475; x_wconf 79' lang='lat' dir='ltr'><strong>ipsorum</strong></span> <span class='ocrx_word' id='word_1_564' title='bbox 3077 3403 3432 3475; x_wconf 82' lang='lat' dir='ltr'><strong>perditionem</strong></span> <span class='ocrx_word' id='word_1_565' title='bbox 3475 3403 3535 3476; x_wconf 89' lang='lat' dir='ltr'><strong>(l</strong></span> <span class='ocrx_word' id='word_1_566' title='bbox 3559 3404 3720 3460; x_wconf 82' lang='lat' dir='ltr'><strong>Petr.</strong></span> <span class='ocrx_word' id='word_1_567' title='bbox 3761 3406 3861 3474; x_wconf 85' lang='grc' dir='ltr'><strong><em>ιιι).</em></strong></span> 
     </span>
    </p>
   </div>
   <div class='ocr_carea' id='block_1_79' title="bbox 2265 3492 3865 3567">
    <p class='ocr_par' dir='ltr' id='par_1_79' title="bbox 2265 3492 3865 3567">
     <span class='ocr_line' id='line_1_79' title="bbox 2265 3492 3865 3567; baseline 0.004 -21"><span class='ocrx_word' id='word_1_568' title='bbox 2265 3492 2377 3550; x_wconf 81' lang='lat' dir='ltr'><strong>Vos</strong></span> <span class='ocrx_word' id='word_1_569' title='bbox 2398 3509 2551 3566; x_wconf 90' lang='lat' dir='ltr'><strong>ergo,</strong></span> <span class='ocrx_word' id='word_1_570' title='bbox 2580 3493 2798 3562; x_wconf 87' lang='lat' dir='ltr'><strong>fratres,</strong></span> <span class='ocrx_word' id='word_1_571' title='bbox 2826 3495 3178 3566; x_wconf 66' lang='lat' dir='ltr'><strong>prtescientes</strong></span> <span class='ocrx_word' id='word_1_572' title='bbox 3197 3495 3476 3550; x_wconf 86' lang='lat' dir='ltr'><strong>custodite</strong></span> <span class='ocrx_word' id='word_1_573' title='bbox 3497 3510 3571 3551; x_wconf 89' lang='lat' dir='ltr'><strong>ne</strong></span> <span class='ocrx_word' id='word_1_574' title='bbox 3593 3496 3865 3567; x_wconf 86' lang='lat' dir='ltr'><strong>insipien-</strong></span> 
     </span>
    </p>
   </div>
   <div class='ocr_carea' id='block_1_80' title="bbox 2266 3586 3865 3658">
    <p class='ocr_par' dir='ltr' id='par_1_80' title="bbox 2266 3586 3865 3658">
     <span class='ocr_line' id='line_1_80' title="bbox 2266 3586 3865 3658; baseline -0.001 -16"><span class='ocrx_word' id='word_1_575' title='bbox 2266 3586 2404 3643; x_wconf 89' lang='lat' dir='ltr'><strong>tium</strong></span> <span class='ocrx_word' id='word_1_576' title='bbox 2433 3602 2622 3643; x_wconf 88' lang='lat' dir='ltr'><strong>errore</strong></span> <span class='ocrx_word' id='word_1_577' title='bbox 2670 3587 2907 3643; x_wconf 88' lang='lat' dir='ltr'><strong>traducti</strong></span> <span class='ocrx_word' id='word_1_578' title='bbox 2946 3587 3211 3643; x_wconf 82' lang='lat' dir='ltr'><strong>excidatis</strong></span> <span class='ocrx_word' id='word_1_579' title='bbox 3240 3603 3271 3641; x_wconf 90' lang='lat' dir='ltr'><strong>a</strong></span> <span class='ocrx_word' id='word_1_580' title='bbox 3306 3587 3534 3658; x_wconf 85' lang='lat' dir='ltr'><strong>prepria</strong></span> <span class='ocrx_word' id='word_1_581' title='bbox 3580 3588 3865 3645; x_wconf 79' lang='lat' dir='ltr'><strong>ﬁrmitate.</strong></span> 
     </span>
    </p>
   </div>
   <div class='ocr_carea' id='block_1_81' title="bbox 2266 3679 3865 3753">
    <p class='ocr_par' dir='ltr' id='par_1_81' title="bbox 2266 3679 3865 3753">
     <span class='ocr_line' id='line_1_81' title="bbox 2266 3679 3865 3753; baseline -0.001 -16"><span class='ocrx_word' id='word_1_582' title='bbox 2266 3679 2338 3739; x_wconf 90' lang='lat' dir='ltr'><strong>Ut</strong></span> <span class='ocrx_word' id='word_1_583' title='bbox 2369 3690 2552 3737; x_wconf 89' lang='lat' dir='ltr'><strong>autem</strong></span> <span class='ocrx_word' id='word_1_584' title='bbox 2586 3681 2788 3736; x_wconf 88' lang='lat' dir='ltr'><strong>clarius</strong></span> <span class='ocrx_word' id='word_1_585' title='bbox 2817 3680 3022 3737; x_wconf 89' lang='lat' dir='ltr'><strong>eniteat</strong></span> <span class='ocrx_word' id='word_1_586' title='bbox 3049 3680 3373 3749; x_wconf 85' lang='lat' dir='ltr'><strong>Apostolum</strong></span> <span class='ocrx_word' id='word_1_587' title='bbox 3436 3680 3495 3734; x_wconf 84' lang='lat' dir='ltr'><strong>in</strong></span> <span class='ocrx_word' id='word_1_588' title='bbox 3556 3680 3865 3753; x_wconf 85' lang='lat' dir='ltr'><strong>superiori-</strong></span> 
     </span>
    </p>
   </div>
   <div class='ocr_carea' id='block_1_82' title="bbox 2263 3771 3873 3840">
    <p class='ocr_par' dir='ltr' id='par_1_82' title="bbox 2263 3771 3873 3840">
     <span class='ocr_line' id='line_1_82' title="bbox 2263 3771 3873 3840; baseline -0.001 -9"><span class='ocrx_word' id='word_1_589' title='bbox 2263 3775 2369 3832; x_wconf 89' lang='lat' dir='ltr'><strong>bus</strong></span> <span class='ocrx_word' id='word_1_590' title='bbox 2393 3773 2681 3831; x_wconf 85' lang='lat' dir='ltr'><strong>sententiis</strong></span> <span class='ocrx_word' id='word_1_591' title='bbox 2710 3789 2821 3828; x_wconf 89' lang='lat' dir='ltr'><strong>non</strong></span> <span class='ocrx_word' id='word_1_592' title='bbox 2854 3773 3254 3840; x_wconf 87' lang='lat' dir='ltr'><strong>sacerdotibus,</strong></span> <span class='ocrx_word' id='word_1_593' title='bbox 3298 3772 3394 3828; x_wconf 92' lang='lat' dir='ltr'><strong>scd</strong></span> <span class='ocrx_word' id='word_1_594' title='bbox 3425 3771 3614 3838; x_wconf 84' lang='lat' dir='ltr'><strong>laicis,</strong></span> <span class='ocrx_word' id='word_1_595' title='bbox 3647 3774 3873 3831; x_wconf 77' lang='lat' dir='ltr'><strong>carnale</strong></span> 
     </span>
    </p>
   </div>
   <div class='ocr_carea' id='block_1_83' title="bbox 2250 3853 3864 3935">
    <p class='ocr_par' dir='ltr' id='par_1_83' title="bbox 2250 3853 3864 3935">
     <span class='ocr_line' id='line_1_83' title="bbox 2250 3853 3864 3935; baseline -0.003 -11"><span class='ocrx_word' id='word_1_596' title='bbox 2250 3853 2658 3924; x_wconf 64' lang='lat' dir='ltr'><strong>commercium</strong></span> <span class='ocrx_word' id='word_1_597' title='bbox 2690 3865 3008 3931; x_wconf 89' lang='lat' dir='ltr'><strong>indulsisse,</strong></span> <span class='ocrx_word' id='word_1_598' title='bbox 3024 3864 3312 3935; x_wconf 86' lang='lat' dir='ltr'><strong>diligenter</strong></span> <span class='ocrx_word' id='word_1_599' title='bbox 3330 3863 3709 3934; x_wconf 86' lang='lat' dir='ltr'><strong>inspiciamus</strong></span> <span class='ocrx_word' id='word_1_600' title='bbox 3734 3865 3864 3935; x_wconf 86' lang='lat' dir='ltr'><strong>quid</strong></span> 
     </span>
    </p>
   </div>
   <div class='ocr_carea' id='block_1_84' title="bbox 2264 3954 3866 4027">
    <p class='ocr_par' dir='ltr' id='par_1_84' title="bbox 2264 3954 3866 4027">
     <span class='ocr_line' id='line_1_84' title="bbox 2264 3954 3866 4027; baseline -0.001 -15"><span class='ocrx_word' id='word_1_601' title='bbox 2264 3956 2409 4012; x_wconf 89' lang='lat' dir='ltr'><strong>idem</strong></span> <span class='ocrx_word' id='word_1_602' title='bbox 2450 3955 2745 4027; x_wconf 85' lang='lat' dir='ltr'><strong>Apostolus</strong></span> <span class='ocrx_word' id='word_1_603' title='bbox 2781 3955 3067 4011; x_wconf 87' lang='lat' dir='ltr'><strong>ministros</strong></span> <span class='ocrx_word' id='word_1_604' title='bbox 3098 3964 3417 4011; x_wconf 84' lang='lat' dir='ltr'><strong>sanctorum</strong></span> <span class='ocrx_word' id='word_1_605' title='bbox 3446 3954 3866 4011; x_wconf 80' lang='lat' dir='ltr'><strong>observarede-</strong></span> 
     </span>
    </p>
   </div>
   <div class='ocr_carea' id='block_1_85' title="bbox 2263 4045 3863 4119">
    <p class='ocr_par' dir='ltr' id='par_1_85' title="bbox 2263 4045 3863 4119">
     <span class='ocr_line' id='line_1_85' title="bbox 2263 4045 3863 4119; baseline -0.004 -14"><span class='ocrx_word' id='word_1_606' title='bbox 2263 4058 2471 4115; x_wconf 88' lang='lat' dir='ltr'><strong>cernat,</strong></span> <span class='ocrx_word' id='word_1_607' title='bbox 2496 4057 2552 4103; x_wconf 91' lang='lat' dir='ltr'><strong>et</strong></span> <span class='ocrx_word' id='word_1_608' title='bbox 2577 4048 2780 4118; x_wconf 87' lang='lat' dir='ltr'><strong>quibus</strong></span> <span class='ocrx_word' id='word_1_609' title='bbox 2799 4061 2987 4103; x_wconf 89' lang='lat' dir='ltr'><strong>sacros</strong></span> <span class='ocrx_word' id='word_1_610' title='bbox 3005 4047 3228 4102; x_wconf 90' lang='lat' dir='ltr'><strong>ordines</strong></span> <span class='ocrx_word' id='word_1_611' title='bbox 3244 4045 3472 4102; x_wconf 87' lang='lat' dir='ltr'><strong>concedi</strong></span> <span class='ocrx_word' id='word_1_612' title='bbox 3496 4047 3585 4101; x_wconf 87' lang='lat' dir='ltr'><strong>vel</strong></span> <span class='ocrx_word' id='word_1_613' title='bbox 3604 4047 3863 4119; x_wconf 82' lang='lat' dir='ltr'><strong>denegari</strong></span> 
     </span>
    </p>
   </div>
   <div class='ocr_carea' id='block_1_86' title="bbox 2263 4136 3868 4210">
    <p class='ocr_par' dir='ltr' id='par_1_86' title="bbox 2263 4136 3868 4210">
     <span class='ocr_line' id='line_1_86' title="bbox 2263 4136 3868 4210; baseline -0.005 -11"><span class='ocrx_word' id='word_1_614' title='bbox 2263 4141 2582 4199; x_wconf 88' lang='lat' dir='ltr'><strong>constituat.</strong></span> <span class='ocrx_word' id='word_1_615' title='bbox 2615 4139 2755 4196; x_wconf 85' lang='lat' dir='ltr'><strong>Nam</strong></span> <span class='ocrx_word' id='word_1_616' title='bbox 2785 4140 2841 4195; x_wconf 91' lang='lat' dir='ltr'><strong>in</strong></span> <span class='ocrx_word' id='word_1_617' title='bbox 2863 4140 3055 4197; x_wconf 90' lang='lat' dir='ltr'><strong>eadem</strong></span> <span class='ocrx_word' id='word_1_618' title='bbox 3100 4138 3399 4210; x_wconf 87' lang='lat' dir='ltr'><strong>apostolica</strong></span> <span class='ocrx_word' id='word_1_619' title='bbox 3434 4136 3793 4193; x_wconf 85' lang='lat' dir='ltr'><strong>institutione</strong></span> <span class='ocrx_word' id='word_1_620' title='bbox 3815 4146 3868 4193; x_wconf 85' lang='lat' dir='ltr'><strong>et</strong></span> 
     </span>
    </p>
   </div>
   <div class='ocr_carea' id='block_1_87' title="bbox 2263 4230 3864 4301">
    <p class='ocr_par' dir='ltr' id='par_1_87' title="bbox 2263 4230 3864 4301">
     <span class='ocr_line' id='line_1_87' title="bbox 2263 4230 3864 4301; baseline -0.004 -10"><span class='ocrx_word' id='word_1_621' title='bbox 2263 4233 2645 4291; x_wconf 82' lang='lat' dir='ltr'><strong>defensoribus</strong></span> <span class='ocrx_word' id='word_1_622' title='bbox 2692 4232 3048 4288; x_wconf 89' lang='lat' dir='ltr'><strong>sacerdotalis</strong></span> <span class='ocrx_word' id='word_1_623' title='bbox 3092 4230 3503 4287; x_wconf 65' lang='lat' dir='ltr'><strong>incontinentiae</strong></span> <span class='ocrx_word' id='word_1_624' title='bbox 3539 4242 3864 4301; x_wconf 81' lang='lat' dir='ltr'><strong>perpetuum</strong></span> 
     </span>
    </p>
   </div>
   <div class='ocr_carea' id='block_1_88' title="bbox 2264 4316 3861 4396">
    <p class='ocr_par' dir='ltr' id='par_1_88' title="bbox 2264 4316 3861 4396">
     <span class='ocr_line' id='line_1_88' title="bbox 2264 4316 3861 4396; baseline -0.003 -13"><span class='ocrx_word' id='word_1_625' title='bbox 2264 4327 2545 4383; x_wconf 90' lang='lat' dir='ltr'><strong>silentium</strong></span> <span class='ocrx_word' id='word_1_626' title='bbox 2585 4325 2865 4380; x_wconf 85' lang='lat' dir='ltr'><strong>evidenter</strong></span> <span class='ocrx_word' id='word_1_627' title='bbox 2919 4316 3259 4396; x_wconf 87' lang='lat' dir='ltr'><strong>imponitur,</strong></span> <span class='ocrx_word' id='word_1_628' title='bbox 3306 4332 3361 4379; x_wconf 89' lang='lat' dir='ltr'><strong>et</strong></span> <span class='ocrx_word' id='word_1_629' title='bbox 3412 4320 3649 4393; x_wconf 63' lang='lat' dir='ltr'><strong>prmfata</strong></span> <span class='ocrx_word' id='word_1_630' title='bbox 3693 4322 3861 4378; x_wconf 88' lang='lat' dir='ltr'><strong>nostri</strong></span> 
     </span>
    </p>
   </div>
   <div class='ocr_carea' id='block_1_89' title="bbox 2263 4414 3856 4491">
    <p class='ocr_par' dir='ltr' id='par_1_89' title="bbox 2263 4414 3856 4491">
     <span class='ocr_line' id='line_1_89' title="bbox 2263 4414 3856 4491; baseline -0.004 -16"><span class='ocrx_word' id='word_1_631' title='bbox 2263 4418 2548 4491; x_wconf 83' lang='lat' dir='ltr'><strong>apostolici</strong></span> <span class='ocrx_word' id='word_1_632' title='bbox 2617 4426 2819 4472; x_wconf 87' lang='lat' dir='ltr'><strong>statuta</strong></span> <span class='ocrx_word' id='word_1_633' title='bbox 2887 4415 3338 4487; x_wconf 79' lang='lat' dir='ltr'><strong>irrefragabiliter</strong></span> <span class='ocrx_word' id='word_1_634' title='bbox 3384 4414 3856 4477; x_wconf 85' lang='lat' dir='ltr'><strong>corroborantur;</strong></span> 
     </span>
    </p>
   </div>
   <div class='ocr_carea' id='block_1_90' title="bbox 573 4490 3857 4584">
    <p class='ocr_par' dir='ltr' id='par_1_90' title="bbox 573 4490 3857 4584">
     <span class='ocr_line' id='line_1_90' title="bbox 573 4490 3857 4584; baseline 0.002 -29"><span class='ocrx_word' id='word_1_635' title='bbox 573 4498 945 4557; x_wconf 71' lang='lat' dir='ltr'><strong>Iovinianum.</strong></span> <span class='ocrx_word' id='word_1_636' title='bbox 990 4502 1218 4575; x_wconf 91' lang='lat' dir='ltr'><strong>Legant,</strong></span> <span class='ocrx_word' id='word_1_637' title='bbox 1268 4505 1479 4575; x_wconf 88' lang='lat' dir='ltr'><strong>inquit,</strong></span> <span class='ocrx_word' id='word_1_638' title='bbox 1511 4513 1822 4572; x_wconf 88' lang='lat' dir='ltr'><strong>nostrates,</strong></span> <span class='ocrx_word' id='word_1_639' title='bbox 1867 4514 2163 4578; x_wconf 86' lang='lat' dir='ltr'><strong>antequam</strong></span> <span class='ocrx_word' id='word_1_640' title='bbox 2194 4490 2467 4584; x_wconf 17' lang='lat' dir='ltr'><strong>Diquippe</strong></span> <span class='ocrx_word' id='word_1_641' title='bbox 2489 4526 2613 4582; x_wconf 72' lang='lat' dir='ltr'><strong>qua:</strong></span> <span class='ocrx_word' id='word_1_642' title='bbox 2650 4509 2785 4565; x_wconf 92' lang='lat' dir='ltr'><strong>nulli</strong></span> <span class='ocrx_word' id='word_1_643' title='bbox 2817 4524 3039 4565; x_wconf 87' lang='lat' dir='ltr'><strong>sacrum</strong></span> <span class='ocrx_word' id='word_1_644' title='bbox 3083 4507 3321 4563; x_wconf 77' lang='lat' dir='ltr'><strong>oiiicium</strong></span> <span class='ocrx_word' id='word_1_645' title='bbox 3364 4506 3732 4573; x_wconf 89' lang='lat' dir='ltr'><strong>interdicunt,</strong></span> <span class='ocrx_word' id='word_1_646' title='bbox 3758 4506 3857 4562; x_wconf 84' lang='lat' dir='ltr'><strong>nisi</strong></span> 
     </span>
    </p>
   </div>
   <div class='ocr_carea' id='block_1_91' title="bbox 574 4591 2162 4669">
    <p class='ocr_par' dir='ltr' id='par_1_91' title="bbox 574 4591 2162 4669">
     <span class='ocr_line' id='line_1_91' title="bbox 574 4591 2162 4669; baseline 0.004 -23"><span class='ocrx_word' id='word_1_647' title='bbox 574 4591 768 4663; x_wconf 83' lang='lat' dir='ltr'><strong>religio</strong></span> <span class='ocrx_word' id='word_1_648' title='bbox 798 4601 988 4648; x_wconf 90' lang='lat' dir='ltr'><strong>nostra</strong></span> <span class='ocrx_word' id='word_1_649' title='bbox 1029 4592 1261 4665; x_wconf 80' lang='lat' dir='ltr'><strong>fulgeret</strong></span> <span class='ocrx_word' id='word_1_650' title='bbox 1296 4595 1352 4649; x_wconf 90' lang='lat' dir='ltr'><strong>in</strong></span> <span class='ocrx_word' id='word_1_651' title='bbox 1383 4596 1618 4662; x_wconf 90' lang='lat' dir='ltr'><strong>mundo,</strong></span> <span class='ocrx_word' id='word_1_652' title='bbox 1647 4596 1919 4652; x_wconf 87' lang='lat' dir='ltr'><strong>unicubas</strong></span> <span class='ocrx_word' id='word_1_653' title='bbox 1946 4612 2162 4669; x_wconf 89' lang='lat' dir='ltr'><strong>semper</strong></span> 
     </span>
    </p>
   </div>
   <div class='ocr_carea' id='block_1_92' title="bbox 576 4680 2164 4758">
    <p class='ocr_par' dir='ltr' id='par_1_92' title="bbox 576 4680 2164 4758">
     <span class='ocr_line' id='line_1_92' title="bbox 576 4680 2164 4758; baseline 0.003 -16"><span class='ocrx_word' id='word_1_654' title='bbox 576 4680 836 4742; x_wconf 82' lang='lat' dir='ltr'><strong>habuisse</strong></span> <span class='ocrx_word' id='word_1_655' title='bbox 882 4684 1027 4740; x_wconf 91' lang='lat' dir='ltr'><strong>inter</strong></span> <span class='ocrx_word' id='word_1_656' title='bbox 1065 4694 1346 4742; x_wconf 88' lang='lat' dir='ltr'><strong>matronas</strong></span> <span class='ocrx_word' id='word_1_657' title='bbox 1379 4687 1575 4756; x_wconf 88' lang='lat' dir='ltr'><strong>decus,</strong></span> <span class='ocrx_word' id='word_1_658' title='bbox 1609 4703 1707 4758; x_wconf 90' lang='lat' dir='ltr'><strong>per</strong></span> <span class='ocrx_word' id='word_1_659' title='bbox 1747 4688 1869 4744; x_wconf 89' lang='lat' dir='ltr'><strong>illas</strong></span> <span class='ocrx_word' id='word_1_660' title='bbox 1904 4688 2164 4746; x_wconf 72' lang='lat' dir='ltr'><strong>Fortunae</strong></span> 
     </span>
    </p>
   </div>
   <div class='ocr_carea' id='block_1_93' title="bbox 560 4774 2160 4851">
    <p class='ocr_par' dir='ltr' id='par_1_93' title="bbox 560 4774 2160 4851">
     <span class='ocr_line' id='line_1_93' title="bbox 560 4774 2160 4851; baseline 0.003 -21"><span class='ocrx_word' id='word_1_661' title='bbox 560 4774 831 4830; x_wconf 84' lang='lat' dir='ltr'><strong>muliebri</strong></span> <span class='ocrx_word' id='word_1_662' title='bbox 855 4784 1013 4831; x_wconf 76' lang='lat' dir='ltr'><strong>saera</strong></span> <span class='ocrx_word' id='word_1_663' title='bbox 1037 4775 1154 4831; x_wconf 83' lang='lat' dir='ltr'><strong>fieri</strong></span> <span class='ocrx_word' id='word_1_664' title='bbox 1180 4776 1362 4845; x_wconf 85' lang='lat' dir='ltr'><strong>solita,</strong></span> <span class='ocrx_word' id='word_1_665' title='bbox 1390 4777 1599 4832; x_wconf 91' lang='lat' dir='ltr'><strong>nullum</strong></span> <span class='ocrx_word' id='word_1_666' title='bbox 1625 4779 1972 4835; x_wconf 87' lang='lat' dir='ltr'><strong>sacerdotum</strong></span> <span class='ocrx_word' id='word_1_667' title='bbox 2003 4780 2160 4851; x_wconf 68' lang='lat' dir='ltr'><strong>biga-</strong></span> 
     </span>
    </p>
   </div>
   <div class='ocr_carea' id='block_1_94' title="bbox 576 4868 2165 4943">
    <p class='ocr_par' dir='ltr' id='par_1_94' title="bbox 576 4868 2165 4943">
     <span class='ocr_line' id='line_1_94' title="bbox 576 4868 2165 4943; baseline 0.005 -23"><span class='ocrx_word' id='word_1_668' title='bbox 576 4881 750 4934; x_wconf 85' lang='lat' dir='ltr'><strong>mum,</strong></span> <span class='ocrx_word' id='word_1_669' title='bbox 764 4869 973 4923; x_wconf 91' lang='lat' dir='ltr'><strong>nullum</strong></span> <span class='ocrx_word' id='word_1_670' title='bbox 984 4868 1259 4924; x_wconf 83' lang='lat' dir='ltr'><strong>ﬂaminem</strong></span> <span class='ocrx_word' id='word_1_671' title='bbox 1270 4868 1604 4924; x_wconf 88' lang='lat' dir='ltr'><strong>bimarltum.</strong></span> <span class='ocrx_word' id='word_1_672' title='bbox 1614 4868 2018 4940; x_wconf 84' lang='lat' dir='ltr'><strong>‘Hierophantas</strong></span> <span class='ocrx_word' id='word_1_673' title='bbox 2031 4886 2165 4943; x_wconf 87' lang='lat' dir='ltr'><strong>quo-</strong></span> 
     </span>
    </p>
   </div>
   <div class='ocr_carea' id='block_1_95' title="bbox 578 4957 2165 5033">
    <p class='ocr_par' dir='ltr' id='par_1_95' title="bbox 578 4957 2165 5033">
     <span class='ocr_line' id='line_1_95' title="bbox 578 4957 2165 5033; baseline 0.011 -25"><span class='ocrx_word' id='word_1_674' title='bbox 578 4972 685 5033; x_wconf 55' lang='lat' dir='ltr'><strong>que</strong></span> <span class='ocrx_word' id='word_1_675' title='bbox 732 4957 1143 5017; x_wconf 88' lang='lat' dir='ltr'><strong>Atheniensium</strong></span> <span class='ocrx_word' id='word_1_676' title='bbox 1196 4977 1371 5033; x_wconf 89' lang='lat' dir='ltr'><strong>usque</strong></span> <span class='ocrx_word' id='word_1_677' title='bbox 1422 4962 1583 5019; x_wconf 87' lang='lat' dir='ltr'><strong>hodie</strong></span> <span class='ocrx_word' id='word_1_678' title='bbox 1628 4964 1820 5021; x_wconf 73' lang='lat' dir='ltr'><strong>cicuue</strong></span> <span class='ocrx_word' id='word_1_679' title='bbox 1864 4967 2165 5025; x_wconf 91' lang='lat' dir='ltr'><strong>sorbitione</strong></span> 
     </span>
    </p>
   </div>
   <div class='ocr_carea' id='block_1_96' title="bbox 577 5050 2160 5129">
    <p class='ocr_par' dir='ltr' id='par_1_96' title="bbox 577 5050 2160 5129">
     <span class='ocr_line' id='line_1_96' title="bbox 577 5050 2160 5129; baseline 0.008 -25"><span class='ocrx_word' id='word_1_680' title='bbox 577 5051 913 5119; x_wconf 78' lang='lat' dir='ltr'><strong>castrari,&#39;et</strong></span> <span class='ocrx_word' id='word_1_681' title='bbox 935 5063 1226 5125; x_wconf 89' lang='lat' dir='ltr'><strong>postquam</strong></span> <span class='ocrx_word' id='word_1_682' title='bbox 1260 5054 1317 5110; x_wconf 91' lang='lat' dir='ltr'><strong>in</strong></span> <span class='ocrx_word' id='word_1_683' title='bbox 1339 5050 1714 5126; x_wconf 80' lang='lat' dir='ltr'><strong>pontificatum</strong></span> <span class='ocrx_word' id='word_1_684' title='bbox 1749 5058 1907 5114; x_wconf 80' lang='lat' dir='ltr'><strong>electi</strong></span> <span class='ocrx_word' id='word_1_685' title='bbox 1937 5059 2160 5129; x_wconf 89' lang='lat' dir='ltr'><strong>fuerint,</strong></span> 
     </span>
    </p>
   </div>
   <div class='ocr_carea' id='block_1_97' title="bbox 577 5141 2164 5192">
    <p class='ocr_par' dir='ltr' id='par_1_97' title="bbox 577 5141 2164 5192">
     <span class='ocr_line' id='line_1_97' title="bbox 577 5141 2164 5192; baseline 0 0"><span class='ocrx_word' id='word_1_686' title='bbox 577 5141 731 5192; x_wconf 78' lang='lat' dir='ltr'><strong>viros</strong></span> <span class='ocrx_word' id='word_1_687' title='bbox 763 5156 885 5192; x_wconf 83' lang='lat' dir='ltr'><strong>esse</strong></span> <span class='ocrx_word' id='word_1_688' title='bbox 912 5144 1187 5192; x_wconf 68' lang='lat' dir='ltr'><strong>desinere:</strong></span> <span class='ocrx_word' id='word_1_689' title='bbox 1212 5147 1527 5192; x_wconf 63' lang='lat' dir='ltr'><strong>mniénnmm</strong></span> <span class='ocrx_word' id='word_1_690' title='bbox 1546 5158 1724 5192; x_wconf 68' lang='lat' dir='ltr'><strong>mitam</strong></span> <span class='ocrx_word' id='word_1_691' title='bbox 1752 5152 1991 5192; x_wconf 71' lang='lat' dir='ltr'><strong>nrmdinti</strong></span> <span class='ocrx_word' id='word_1_692' title='bbox 2026 5153 2164 5192; x_wconf 76' lang='lat' dir='ltr'><strong>Ann-</strong></span> 
     </span>
    </p>
   </div>
   <div class='ocr_carea' id='block_1_98' title="bbox 2254 4598 3857 4676">
    <p class='ocr_par' dir='ltr' id='par_1_98' title="bbox 2254 4598 3857 4676">
     <span class='ocr_line' id='line_1_98' title="bbox 2254 4598 3857 4676; baseline -0.005 -16"><span class='ocrx_word' id='word_1_693' title='bbox 2254 4619 2430 4676; x_wconf 90' lang='lat' dir='ltr'><strong>quem</strong></span> <span class='ocrx_word' id='word_1_694' title='bbox 2463 4612 2518 4663; x_wconf 88' lang='lat' dir='ltr'><strong>et</strong></span> <span class='ocrx_word' id='word_1_695' title='bbox 2537 4602 2840 4673; x_wconf 88' lang='lat' dir='ltr'><strong>apostolica</strong></span> <span class='ocrx_word' id='word_1_696' title='bbox 2879 4609 3151 4672; x_wconf 72' lang='lat' dir='ltr'><strong>prmccpta</strong></span> <span class='ocrx_word' id='word_1_697' title='bbox 3176 4599 3399 4670; x_wconf 90' lang='lat' dir='ltr'><strong>penitus</strong></span> <span class='ocrx_word' id='word_1_698' title='bbox 3441 4599 3515 4653; x_wconf 86' lang='lat' dir='ltr'><strong>ab</strong></span> <span class='ocrx_word' id='word_1_699' title='bbox 3547 4598 3677 4669; x_wconf 89' lang='lat' dir='ltr'><strong>ipso</strong></span> <span class='ocrx_word' id='word_1_700' title='bbox 3706 4612 3857 4653; x_wconf 82' lang='lat' dir='ltr'><strong>sacro</strong></span> 
     </span>
    </p>
   </div>
   <div class='ocr_carea' id='block_1_99' title="bbox 2263 4684 2782 4752">
    <p class='ocr_par' dir='ltr' id='par_1_99' title="bbox 2263 4684 2782 4752">
     <span class='ocr_line' id='line_1_99' title="bbox 2263 4684 2782 4752; baseline -0.006 0"><span class='ocrx_word' id='word_1_701' title='bbox 2263 4684 2455 4752; x_wconf 86' lang='lat' dir='ltr'><strong>ordine</strong></span> <span class='ocrx_word' id='word_1_702' title='bbox 2478 4684 2782 4751; x_wconf 84' lang='lat' dir='ltr'><strong>secludunt.</strong></span> 
     </span>
    </p>
   </div>
   <div class='ocr_carea' id='block_1_100' title="bbox 2335 4780 3855 4858">
    <p class='ocr_par' dir='ltr' id='par_1_100' title="bbox 2335 4780 3855 4858">
     <span class='ocr_line' id='line_1_100' title="bbox 2335 4780 3855 4858; baseline -0.005 -17"><span class='ocrx_word' id='word_1_703' title='bbox 2335 4786 2477 4843; x_wconf 81' lang='lat' dir='ltr'><strong>XIV.</strong></span> <span class='ocrx_word' id='word_1_704' title='bbox 2503 4786 2702 4844; x_wconf 87' lang='lat' dir='ltr'><strong>Beatus</strong></span> <span class='ocrx_word' id='word_1_705' title='bbox 2735 4801 2870 4858; x_wconf 81' lang='lat' dir='ltr'><strong>ergo</strong></span> <span class='ocrx_word' id='word_1_706' title='bbox 2919 4784 3127 4841; x_wconf 85' lang='lat' dir='ltr'><strong>Paulus</strong></span> <span class='ocrx_word' id='word_1_707' title='bbox 3168 4782 3452 4854; x_wconf 87' lang='lat' dir='ltr'><strong>apostolus</strong></span> <span class='ocrx_word' id='word_1_708' title='bbox 3500 4782 3757 4837; x_wconf 82' lang='lat' dir='ltr'><strong>scribens</strong></span> <span class='ocrx_word' id='word_1_709' title='bbox 3791 4780 3855 4834; x_wconf 85' lang='lat' dir='ltr'><strong>ad</strong></span> 
     </span>
    </p>
   </div>
   <div class='ocr_carea' id='block_1_101' title="bbox 2265 4872 3854 4936">
    <p class='ocr_par' dir='ltr' id='par_1_101' title="bbox 2265 4872 3854 4936">
     <span class='ocr_line' id='line_1_101' title="bbox 2265 4872 3854 4936; baseline -0.006 -1"><span class='ocrx_word' id='word_1_710' title='bbox 2265 4879 2613 4936; x_wconf 90' lang='lat' dir='ltr'><strong>Timotheum</strong></span> <span class='ocrx_word' id='word_1_711' title='bbox 2639 4879 2707 4934; x_wconf 90' lang='lat' dir='ltr'><strong>de</strong></span> <span class='ocrx_word' id='word_1_712' title='bbox 2741 4878 2915 4935; x_wconf 88' lang='lat' dir='ltr'><strong>sacris</strong></span> <span class='ocrx_word' id='word_1_713' title='bbox 2948 4876 3235 4934; x_wconf 90' lang='lat' dir='ltr'><strong>ordinibus</strong></span> <span class='ocrx_word' id='word_1_714' title='bbox 3278 4876 3352 4930; x_wconf 90' lang='lat' dir='ltr'><strong>ita</strong></span> <span class='ocrx_word' id='word_1_715' title='bbox 3388 4883 3630 4929; x_wconf 89' lang='lat' dir='ltr'><strong>testatur</strong></span> <span class='ocrx_word' id='word_1_716' title='bbox 3658 4891 3672 4926; x_wconf 89' lang='lat'><strong>:</strong></span> <span class='ocrx_word' id='word_1_717' title='bbox 3702 4872 3854 4926; x_wconf 77' lang='lat' dir='ltr'><strong>Fide-</strong></span> 
     </span>
    </p>
   </div>
   <div class='ocr_carea' id='block_1_102' title="bbox 2264 4962 3839 5044">
    <p class='ocr_par' dir='ltr' id='par_1_102' title="bbox 2264 4962 3839 5044">
     <span class='ocr_line' id='line_1_102' title="bbox 2264 4962 3839 5044; baseline -0.006 -17"><span class='ocrx_word' id='word_1_718' title='bbox 2264 4974 2354 5041; x_wconf 86' lang='lat' dir='ltr'><strong>lis,</strong></span> <span class='ocrx_word' id='word_1_719' title='bbox 2378 4972 2575 5044; x_wconf 88' lang='lat' dir='ltr'><strong>inquit,</strong></span> <span class='ocrx_word' id='word_1_720' title='bbox 2599 4962 2769 5026; x_wconf 81' lang='lat' dir='ltr'><strong>sermo</strong></span> <span class='ocrx_word' id='word_1_721' title='bbox 2799 4987 2817 5024; x_wconf 91' lang='lat'><strong><em>:</em></strong></span> <span class='ocrx_word' id='word_1_722' title='bbox 2844 4970 3045 5041; x_wconf 81' lang='lat' dir='ltr'><strong>Siquis</strong></span> <span class='ocrx_word' id='word_1_723' title='bbox 3073 4970 3433 5041; x_wconf 82' lang='lat' dir='ltr'><strong>episcopatum</strong></span> <span class='ocrx_word' id='word_1_724' title='bbox 3448 4966 3747 5031; x_wconf 82' lang='lat' dir='ltr'><strong>desiderat,</strong></span> <span class='ocrx_word' id='word_1_725' title='bbox 3770 4965 3839 5017; x_wconf 71' lang='lat' dir='ltr'><strong>be</strong></span> 
     </span>
    </p>
   </div>
   <div class='ocr_carea' id='block_1_103' title="bbox 2264 5056 3851 5132">
    <p class='ocr_par' dir='ltr' id='par_1_103' title="bbox 2264 5056 3851 5132">
     <span class='ocr_line' id='line_1_103' title="bbox 2264 5056 3851 5132; baseline -0.006 -16"><span class='ocrx_word' id='word_1_726' title='bbox 2264 5078 2391 5117; x_wconf 83' lang='lat' dir='ltr'><strong>num</strong></span> <span class='ocrx_word' id='word_1_727' title='bbox 2416 5078 2547 5132; x_wconf 82' lang='lat' dir='ltr'><strong>opus</strong></span> <span class='ocrx_word' id='word_1_728' title='bbox 2577 5061 2861 5114; x_wconf 84' lang='lat' dir='ltr'><strong>desiderat.</strong></span> <span class='ocrx_word' id='word_1_729' title='bbox 2910 5058 3126 5129; x_wconf 88' lang='lat' dir='ltr'><strong>Oportet</strong></span> <span class='ocrx_word' id='word_1_730' title='bbox 3147 5074 3269 5129; x_wconf 86' lang='lat' dir='ltr'><strong>ergo</strong></span> <span class='ocrx_word' id='word_1_731' title='bbox 3294 5056 3601 5125; x_wconf 79' lang='lat' dir='ltr'><strong>episcopum</strong></span> <span class='ocrx_word' id='word_1_732' title='bbox 3631 5057 3851 5124; x_wconf 79' lang='lat' dir='ltr'><strong>irrepre-</strong></span> 
     </span>
    </p>
   </div>
   <div class='ocr_carea' id='block_1_104' title="bbox 2266 5145 3851 5192">
    <p class='ocr_par' dir='ltr' id='par_1_104' title="bbox 2266 5145 3851 5192">
     <span class='ocr_line' id='line_1_104' title="bbox 2266 5145 3851 5192; baseline 0 0"><span class='ocrx_word' id='word_1_733' title='bbox 2266 5151 2571 5192; x_wconf 69' lang='lat' dir='ltr'><strong>Inouciln&#39;lnm</strong></span> <span class='ocrx_word' id='word_1_734' title='bbox 2605 5167 2715 5192; x_wconf 66' lang='grc' dir='ltr'><strong>ρηρ</strong></span> <span class='ocrx_word' id='word_1_735' title='bbox 2763 5151 2920 5192; x_wconf 70' lang='lat' dir='ltr'><strong>unius</strong></span> <span class='ocrx_word' id='word_1_736' title='bbox 2965 5149 3147 5192; x_wconf 57' lang='lat' dir='ltr'><strong>utr/Iris</strong></span> <span class='ocrx_word' id='word_1_737' title='bbox 3196 5148 3388 5192; x_wconf 69' lang='lat' dir='ltr'><strong>mirum-</strong></span> <span class='ocrx_word' id='word_1_738' title='bbox 3429 5145 3696 5192; x_wconf 76' lang='lat' dir='ltr'><strong>sobrium-</strong></span> <span class='ocrx_word' id='word_1_739' title='bbox 3728 5161 3851 5192; x_wconf 67' lang='lat' dir='ltr'><strong>nr:-</strong></span> 
     </span>
    </p>
   </div>
  </div>
