3988 5328
125 339 218 394 769

1376 330 1746 390 CONCIIJUM
1803 330 2142 388 ROMANUM
2192 333 2230 386 l.

3308 341 3410 395 770

127 451 242 505 Mli.
287 447 514 519 Oportet
559 457 737 504 autem
779 457 829 503 et
882 447 1038 502 illum
1101 450 1459 504 testimonium
1535 446 1722 501 habere
1752 445 1795 501 Α
1825 455 2044 516 propter
2073 445 2368 503 auferenda
2417 447 2716 504 schismata
2775 448 2831 504 in
2877 459 2992 506 toto
3022 453 3301 509 decretum
3327 466 3415 514 est

129 543 310 596 bonum
351 540 422 595 ab
466 540 548 596 his
588 543 679 613 qui
710 542 844 611 foris
885 550 1010 595 sunt
1050 551 1107 596 ut
1140 558 1246 596 non
1282 543 1338 597 in
1375 543 1713 613 opprobrium

130 634 322 688 incidat
382 642 438 688 et
483 635 541 688 in
587 633 838 706 laqueum
893 634 1115 690 diaboli.
1184 634 1450 691 Diaconos
1514 637 1715 691 simili-

131 724 242 780 liter
261 725 512 796 pudicos,
534 741 639 780 non
669 726 949 798 bilingues,
982 743 1088 782 non
1134 727 1303 783 multo
1337 729 1458 784 vino
1479 729 1710 795 deditos,

129 832 220 869 non
249 824 404 885 turpe
433 816 643 871 lucrum
667 827 948 884 sectantes,
981 819 1227 874 habentes
1250 821 1561 891 mysterium
1587 821 1714 890 ﬁdei

131 909 180 962 in
203 908 529 961 conscientia
557 924 714 978 pura.
749 907 819 963 Et
841 909 896 964 hi
923 912 1157 981 primum
1203 916 1506 982 probentur,
1559 921 1611 968 et
1635 914 1714 966 sic

131 1001 444 1065 ministrent,
473 999 683 1055 nullum
712 1002 912 1057 crimen
968 1003 1235 1058 habentes.
1285 1004 1536 1060 Mulieres
1561 1007 1715 1060 simi-

133 1090 242 1144 liter
283 1090 536 1160 pudicas,
584 1108 689 1146 non
743 1094 1099 1158 detrahentes,
1132 1095 1360 1160 sobrias,
1413 1097 1595 1165 ﬁdeles
1656 1098 1713 1151 in

133 1183 377 1236 omnibus.
434 1183 698 1240 Diacones
743 1187 850 1240 sint
892 1188 994 1241 uiri
1026 1187 1184 1242 unius
1229 1191 1435 1255 uxoris,
1465 1191 1556 1260 qui
1579 1190 1712 1259 ﬁliis

134 1277 230 1329 suis
265 1275 390 1328 bene
424 1277 649 1345 prwsint
683 1285 734 1330 et
781 1277 1026 1333 domibus
1086 1281 1230 1344 suis;
1264 1282 1354 1350 qui
1407 1283 1545 1334 enim
1590 1281 1714 1336 bene

136 1367 564 1433 ministraverint,
591 1368 817 1437 gradum
849 1371 951 1423 sibi
985 1370 1176 1424 bonum
1203 1373 1476 1442 acquirent
1501 1381 1551 1427 et
1573 1374 1714 1427 mul—

139 1466 232 1538 tgm
258 1458 518 1526 ﬁduciam
549 1461 606 1514 in
627 1461 732 1530 ﬁde
763 1478 882 1532 qua:
913 1472 991 1516 est
1012 1464 1069 1516 in
1091 1462 1306 1518 Christo
1326 1464 1456 1519 Iesu
1488 1465 1542 1538 (Ι
1572 1465 1708 1521 Tim.

139 1548 226 1618 ιιι).
249 1547 463 1603 Itemad
487 1549 673 1606 Titum
708 1570 723 1606 :
755 1552 952 1623 Hujus,
984 1554 1180 1626 inquit,
1223 1557 1300 1610 rei
1321 1561 1498 1627 gratia
1524 1558 1712 1630 reliqui

141 1649 180 1690 te
201 1637 380 1704 Crelat,
424 1649 487 1694 ut
529 1658 594 1695 ea
627 1659 746 1714 quae
787 1644 975 1698 desunt
1029 1648 1288 1718 corrigas,
1327 1657 1376 1702 et
1415 1652 1711 1704 constituas

141 1745 217 1796 per
244 1730 478 1784 civitates
523 1733 874 1802 presbyteros,
918 1736 1058 1790 sicut
1091 1754 1186 1808 ego
1222 1739 1319 1792 tibi
1356 1740 1624 1810 disposui;
1659 1742 1707 1794 si

1819 537 1951 592 orbe
1972 548 2032 591 ut
2058 553 2204 593 uitus
2247 539 2312 594 dc
2363 539 2694 611 presbyteris
2723 552 3131 611 przeponeretur
3176 548 3410 614 exteris,

1817 629 1883 684 ad
1912 643 2076 698 quem
2104 630 2288 685 omnis
2321 646 2453 686 cura
2502 631 2759 688 Ecclesia:
2802 634 3116 703 pertineret.
3162 635 3296 692 Post
3317 639 3414 694 dc-

1817 719 2173 789 scriptionem
2202 731 2382 777 autem
2415 723 2658 794 episcopi
2680 734 2734 779 et
2763 725 3061 798 presbyteri
3074 737 3234 783 caute
3253 729 3410 800 Apo-

1816 813 1992 868 stolus
2025 813 2306 885 subiungit
2334 815 2400 870 de
2422 816 2749 872 diaconibus
2784 817 2858 872 ita
2905 819 3207 875 decernens
3234 839 3246 873 :
3279 821 3414 875 Dia—

1815 918 1972 957 conos
2007 905 2277 972 similiter,
2324 906 2506 972 idest,
2542 918 2746 977 aportet
2798 925 2909 962 esse
2942 910 3184 978 pudicos,
3215 920 3320 967 etc.
3357 911 3412 982 (1

1820 993 1958 1048 Tim.
1991 995 2098 1066 ιιι),
2122 1011 2188 1052 ac
2213 998 2261 1053 si
2317 998 2563 1070 diceret.
2597 999 2756 1065 Quod
2795 1000 2863 1055 de
2901 1001 3174 1072 episcopis
3213 1011 3267 1058 et
3290 1019 3414 1072 pre-

1815 1085 2050 1158 sbyteris
2106 1088 2344 1156 decrevi,
2399 1089 2504 1145 hoc
2559 1091 2702 1146 idem
2753 1100 2808 1145 et
2859 1091 2927 1147 de
2972 1093 3296 1150 diaconibus
3325 1110 3414 1149 me

1815 1180 2006 1236 sciatis
2037 1182 2365 1238 decrevisse.
2403 1184 2549 1240 Satis
2578 1201 2707 1255 ergo
2738 1185 3015 1242 evidenter
3051 1195 3215 1258 patet,
3237 1199 3299 1244 ut
3332 1207 3408 1246 ae-

1815 1269 2002 1336 stimo,
2025 1269 2347 1340 Apostolum
2380 1273 2436 1327 in
2468 1275 2848 1344 superioribus
2897 1277 3018 1332 suis
3066 1278 3408 1335 diﬂinitioniv

1816 1360 1918 1417 bus
1940 1362 2105 1418 etiam
2137 1365 2485 1436 presbyteros
2508 1383 2635 1422 cum
2671 1367 2950 1438 episcopis
2987 1378 3042 1424 et
3083 1372 3410 1429 diaconibus

1814 1456 2296 1524 comprehendisse
2322 1479 2334 1512 :
2365 1461 2507 1514 unde
2549 1469 2604 1514 et
2645 1461 2845 1514 merito
2890 1462 3121 1532 quilibet
3155 1479 3345 1518 eorum
3377 1481 3408 1520 a

1815 1547 1989 1602 sacris
2019 1547 2214 1605 ciliciis
2243 1550 2613 1616 dimoventur,
2647 1553 2964 1622 quicunque
3007 1570 3077 1609 ex
3114 1555 3222 1611 illis
3259 1557 3313 1610 in
3349 1572 3418 1612 se'

1814 1640 2171 1708 apostolicam
2223 1640 2670 1698 informationem
2703 1645 3038 1715 corrupisse
3084 1647 3404 1716 probantur.

1813 1730 2019 1802 Nempe
2043 1733 2340 1803 Apostolus
2365 1743 2597 1790 testatur
2639 1737 2948 1806 episcopos,
2989 1740 3336 1810 presbyteros
3357 1750 3411 1796 et

141 1819 236 1886 quis
267 1819 376 1874 sine
401 1821 631 1876 crimine
652 1832 752 1889 est,
786 1827 946 1880 unius
983 1804 1166 1882 uxori;
1191 1831 1290 1896 νίν,
1334 1804 1476 1899 γυίάε
1515 1804 1710 1886 habent;
1745 1804 1788 1859 Β
1813 1825 2078 1880 diaconos
2135 1835 2387 1894 Oportcre
2445 1827 2620 1896 turpis
2662 1828 2799 1881 lucri
2834 1842 2946 1881 non
2982 1843 3102 1883 esse
3157 1831 3405 1900 cupidos.

145 1911 316 1982 ﬁdeles,
339 1931 444 1969 non
463 1917 526 1970 in
555 1919 894 1975 accusatione
913 1921 1164 1991 luxuriw,
1197 1934 1290 1979 aut
1320 1943 1424 1981 non
1448 1929 1708 1984 subditos.

147 2003 336 2073 Oportet
364 2020 548 2063 autem
569 2011 869 2082 episcopum
905 2015 1018 2069 sine
1039 2017 1261 2071 crimine
1281 2034 1411 2085 esse,
1442 2021 1582 2074 sicut
1617 2020 1713 2076 Dei

146 2097 535 2166 dispensatorem
561 2119 584 2166 ;
619 2120 724 2158 non
757 2106 1062 2176 superbum,
1093 2125 1199 2164 non
1229 2112 1570 2179 iracundum,
1608 2131 1712 2168 non

147 2189 455 2258 rinolentum,
480 2209 590 2248 non
629 2211 1011 2266 percussorem,
1048 2217 1154 2255 non
1195 2205 1366 2272 turpis
1400 2204 1541 2260 lucri
1571 2210 1716 2279 cupi-

148 2279 268 2347 dius,
312 2283 401 2337 sed
453 2283 797 2356 hospitalem,
834 2288 1131 2362 benignum,
1182 2295 1440 2364 sobrium,
1479 2298 1708 2368 justum,

149 2379 376 2440 unctum,
408 2376 800 2444 continentem,
838 2381 1234 2451 amplectentem
1259 2401 1377 2439 eum
1402 2389 1494 2458 qui
1521 2405 1710 2443 secun-

150 2463 252 2515 dum
291 2464 593 2520 doctrinam
641 2478 723 2522 est
753 2470 964 2540 ﬁdelem
987 2489 1299 2542 sermonem,
1341 2487 1401 2530 ut
1433 2486 1614 2547 potens
1640 2482 1712 2534 sit

151 2551 456 2608 tteeltortari
483 2555 544 2611 in
564 2556 813 2613 doctrina
857 2577 992 2614 sana
1030 2572 1082 2616 et
1115 2579 1202 2618 eos
1223 2566 1316 2636 qui
1339 2569 1710 2624 contradicunt

154 2654 352 2710 arguere.
376 2642 522 2700 Sunt
565 2649 724 2704 multi
769 2651 1145 2720 inobedientes,
1175 2655 1446 2728 vaniloqui
1475 2669 1525 2713 et
1550 2661 1708 2714 sedu-

155 2737 306 2797 ctores,
335 2737 568 2792 maxime
591 2739 683 2808 qui
708 2739 772 2794 de
793 2741 1194 2798 circumcisione
1214 2755 1337 2799 sunt
1358 2763 1378 2810 ;
1405 2763 1533 2817 quos
1555 2766 1710 2819 opor-

156 2832 212 2878 tet
235 2826 486 2898 redargui,
515 2831 608 2895 qui
635 2833 903 2887 unioersas
933 2833 1116 2890 domos
1162 2836 1488 2907 subuertunt,
1515 2840 1709 2896 docen-

156 2925 230 2982 tes,
249 2933 354 2988 qua:
374 2937 476 2976 non
501 2933 728 2992 oportet,
754 2928 920 2996 turpis
936 2926 1075 2982 lucri
1095 2933 1293 2999 gratia.
1329 2930 1396 2987 Et
1423 2942 1550 3002 post
1569 2951 1711 3004 pau-

155 3021 204 3062 ca
229 3026 241 3061 :
271 3008 487 3082 lncrepa
534 3014 658 3070 illos
681 3017 830 3085 dure,
869 3029 928 3073 ut
949 3023 1058 3076 sint
1079 3026 1199 3078 sani
1220 3025 1278 3078 in
1301 3025 1428 3096 ﬁde,
1467 3043 1572 3082 non
1619 3030 1710 3083 in-

157 3101 380 3157 tendentes
424 3103 680 3161 Judaicis
743 3109 944 3179 fabulis
989 3121 1044 3167 et
1108 3115 1381 3173 mandatis
1432 3118 1709 3176 hominum

155 3196 469 3250 cernentium
508 3215 564 3253 se
589 3217 622 3252 a
648 3203 867 3258 veritate
901 3204 1033 3276 (Tit.
1058 3206 1122 3276 ι).

208 3281 308 3377 ιν.
334 3285 390 3340 In
417 3288 602 3358 primo
628 3290 796 3362 igitur
828 3299 1130 3353 notandum
1159 3309 1243 3357 est
1265 3301 1322 3357 in
1368 3304 1457 3360 his
1482 3317 1708 3377 aposto-

156 3371 252 3468 licis
275 3376 706 3438 institutionibus
734 3385 837 3440 sub
862 3389 1086 3444 nomine
1110 3391 1351 3463 episcopi
1395 3371 1559 3450 etiam
1586 3407 1712 3468 pre-

157 3464 366 3535 sbyteros
389 3474 818 3543 comprehendi;
878 3477 1323 3539 inconvenienter
1351 3487 1499 3542 enim
1557 3464 1708 3559 Apo-

159 3560 301 3618 stolus
317 3573 437 3635 post
465 3565 895 3638 descriptionem
929 3571 1172 3644 episcopi
1208 3577 1390 3633 statim
1417 3579 1488 3635 de
1522 3581 1710 3636 diaco-

159 3649 290 3707 nibus
316 3656 604 3724 subini‘ert,
635 3659 684 3714 si
721 3674 830 3716 non
861 3672 916 3717 et
966 3666 1314 3737 presbyteros
1367 3671 1472 3726 sub
1496 3671 1710 3742 episco-

159 3742 242 3809 pali
261 3744 616 3818 descriptione
629 3754 1134 3823 comprehenderet,
1148 3760 1240 3829 qui
1254 3770 1378 3830 post
1389 3763 1707 3834 episcopum

159 3834 373 3902 proximi,
400 3847 454 3893 et
477 3839 618 3909 ipsis
644 3841 970 3900 diaconibus
991 3845 1364 3904 indubitanter
1393 3862 1522 3907 sunt
1557 3864 1710 3908 ante-

159 3925 308 3990 positi.
335 3927 442 3984 Aut
465 3931 617 3986 enim
663 3945 938 4004 nusquam
994 3937 1062 3994 de
1084 3940 1432 3998 ordinatione
1478 3946 1707 4017 presby-

159 4022 362 4073 terorum
395 4021 555 4088 dixit,
591 4033 689 4079 aut
744 4025 849 4080 sub
901 4028 1126 4083 nomine
1169 4031 1551 4101 episcoporum
1610 4049 1708 4090 eos

159 4103 423 4179 descripsit.
463 4111 572 4169 Sed
627 4115 994 4188 incongruum
1028 4129 1173 4176 esset
1219 4131 1281 4176 ut
1335 4124 1709 4192 praetermisso

162 4199 386 4268 magistro
438 4206 760 4263 ministrum
800 4211 921 4281 ejus
953 4212 1307 4282 describeret,
1349 4232 1475 4271 eum
1521 4225 1707 4273 tamen

160 4288 381 4358 magister
419 4297 810 4355 ecclesiasticis
861 4300 1317 4373 dispositionibus
1351 4307 1526 4377 magis
1561 4317 1709 4363 esset

163 4383 486 4467 necessarius.
520 4385 790 4444 Praeterea
823 4406 949 4446 cum
993 4393 1292 4464 Apostolus
1342 4395 1466 4451 Tito
1515 4397 1708 4467 praeci-

1815 1911 2006 1970 Omnis
2028 1924 2210 1970 autem
2238 1914 2586 1972 Simoniacus
2615 1918 2918 1987 turpissimi
2943 1929 2997 1974 et
3025 1919 3405 1978 nefandissimi

1815 2007 1951 2062 lucri
1980 2007 2350 2063 indubitanter
2375 2018 2458 2064 est
2481 2009 2732 2078 cupidus,
2756 2025 2887 2081 ergo
2910 2011 3052 2066 inter
3089 2028 3278 2068 sacros
3312 2029 3408 2068 or—

1813 2097 1970 2153 dines
2015 2099 2328 2154 nullatenus
2350 2107 2436 2154 est
2469 2102 2896 2169 computandus,
2929 2101 3141 2158 scilicet
3183 2103 3407 2173 jamdu-

1811 2190 1941 2244 dum
1973 2205 2070 2259 per
2101 2191 2458 2260 apostolicam
2490 2192 2818 2246 sententiam
2855 2194 3074 2262 penitus
3100 2195 3170 2249 ab
3196 2196 3404 2250 eisdem

1812 2289 2146 2349 segregatus.
2181 2278 2494 2334 Notandum
2538 2289 2772 2348 autem,
2801 2282 2850 2335 si
2908 2283 3219 2354 neophytus
3266 2284 3409 2338 inter

1811 2386 2000 2427 sacros
2034 2371 2258 2426 ordines
2283 2387 2392 2425 non
2428 2373 2708 2442 recipitur,
2733 2373 2824 2443 qui
2851 2381 3032 2427 tamen
3068 2374 3211 2429 inter
3238 2375 3410 2430 laicos

1810 2479 1972 2534 posse
1996 2464 2198 2518 salvari
2251 2464 2516 2532 creditur,
2549 2473 2758 2535 quanto
2789 2465 2965 2536 magis
3008 2465 3134 2521 inde
3161 2476 3290 2522 sunt
3317 2483 3409 2522 sc-

1809 2556 2068 2625 gregandi
2089 2555 2291 2626 cupidi,
2316 2557 2431 2612 sive
2453 2558 2622 2623 avari;
2650 2558 2745 2628 qui
2779 2567 2908 2613 sunt
2931 2557 3202 2614 idolorum
3227 2560 3368 2614 servi
3392 2579 3406 2627 ;

1807 2649 1918 2717 qui,
1939 2647 2094 2717 juxta
2117 2647 2461 2717 Apostolum,
2496 2649 2801 2702 nullatenus
2828 2647 3019 2702 habent
3042 2648 3412 2703 htereditatem

1808 2738 1866 2790 in
1893 2737 2108 2792 Christo
2157 2747 2208 2792 et
2244 2755 2402 2808 regno
2446 2739 2545 2792 Dei
2579 2739 2794 2810 (Ep/tes.
2854 2737 3074 2807 v).Item
3109 2738 3410 2808 Apostolus

1809 2827 2055 2898 prmeipit
2100 2828 2154 2882 in
2211 2829 2589 2898 superioribus
2634 2837 2694 2882 ut
2741 2829 3014 2898 episcopi,
3078 2828 3406 2898 presbyteri,

1809 2918 2026 2973 diaconi
2047 2919 2157 2974 sint
2179 2921 2360 2989 pudici
2386 2930 2440 2975 et
2467 2920 2839 2985 continentes;
2873 2935 2976 2974 nec
3010 2920 3236 2985 mirum,
3275 2934 3406 2974 cum

1810 3017 1866 3065 et
1893 3010 2063 3066 laieos
2086 3011 2335 3066 hortetur
2357 3012 2423 3066 ad
2449 3011 2866 3077 continentiam,
2894 3011 3082 3066 dicens
3109 3030 3122 3066 :
3159 3012 3291 3066 Volo
3312 3029 3409 3067 αα·-

1813 3109 1916 3155 tem
1945 3117 2124 3156 omnes
2165 3103 2400 3156 homines
2435 3119 2545 3156 esse
2587 3104 2726 3156 sicut
2758 3101 3038 3171 meipsum,
3061 3101 3250 3172 utique
3271 3117 3408 3157 con-

1813 3197 2048 3252 tinentes
2071 3193 2125 3265 (I
2155 3194 2277 3250 Cor.
2309 3195 2430 3264 vn).
2460 3192 2595 3248 Item
2624 3213 2635 3248 :
2671 3193 2952 3264 Reliquum
2977 3200 3076 3258 est,
3106 3201 3163 3245 ut
3187 3193 3278 3263 qui
3307 3192 3410 3246 ha-

1810 3288 1930 3342 bent
1956 3302 2167 3353 uxores,
2201 3294 2453 3356 tanquam
2479 3301 2581 3340 non
2600 3285 2848 3340 [tabentes
2865 3285 2972 3339 sint
2997 3282 3211 3355 (Ibid).
3229 3283 3357 3339 Item
3385 3302 3400 3338 :

1820 3379 1954 3446 Viri,
1988 3376 2196 3450 diligite
2216 3395 2404 3433 uxores
2436 3388 2660 3444 uestras,
2683 3381 2820 3433 sicut
2868 3390 2916 3433 et
2944 3379 3190 3435 Christus
3219 3377 3408 3433 Eccle-

1807 3473 1949 3526 siam
1981 3469 2198 3543 (Ephes.
2249 3471 2325 3540 ν).
2369 3470 2524 3526 Unde
2577 3471 2944 3542 Hieronymus
2981 3489 2993 3524 :
3030 3469 3090 3524 Si
3125 3470 3404 3537 Christus,

1808 3563 2008 3632 inquit,
2035 3571 2247 3629 sancte,
2275 3572 2447 3630 caste,
2495 3563 2542 3619 si
2583 3564 2791 3632 absque
2835 3562 2946 3617 ulla
2983 3563 3197 3617 macula
3228 3562 3410 3633 diligit

1807 3655 2130 3719 Ecclesium,
2155 3653 2258 3708 viri
2303 3668 2524 3724 quoque
2559 3654 2613 3708 in
2667 3654 2920 3708 castitate
2946 3666 3147 3708 uxores
3169 3668 3300 3708 suas
3324 3654 3409 3708 di—

1808 3747 1996 3818 ligant,
2041 3753 2096 3801 et
2141 3748 2278 3800 sciat
2323 3747 2680 3816 unusquisque
2710 3761 2798 3799 vas
2832 3760 2988 3801 suum
3043 3745 3309 3814 possidere
3350 3745 3408 3798 in

1807 3841 2230 3910 sanctiﬁcatione
2257 3846 2310 3892 et
2342 3838 2558 3904 honore,
2597 3853 2698 3892 non
2744 3838 2804 3892 in
2853 3839 3100 3907 passione
3128 3837 3407 3906 desiderii,

1807 3934 1946 3986 sicut
1987 3939 2039 3986 et
2069 3941 2266 4000 gentes,
2304 3946 2428 4000 qua:
2472 3929 2637 3983 Deum
2677 3931 2928 4001 ignorant
2959 3930 3016 4000 (Ι
3071 3929 3252 3984 Thess.
3303 3933 3404 3999 Iv).

1807 4023 1981 4090 Quem
2041 4023 2304 4077 honorem
2370 4031 2446 4075 ita
2507 4021 2900 4091 interpretatur
2958 4023 3150 4078 beatus
3207 4021 3407 4077 Hiemi

1808 4129 2007 4186 nymus
2038 4131 2052 4167 :
2083 4111 2164 4178 Si,
2201 4112 2398 4183 inquit,
2437 4113 2781 4168 abstinemus
2814 4127 2918 4168 nos
2959 4129 2990 4167 a
3021 4113 3190 4180 coitu,
3224 4115 3406 4168 hono-

1806 4222 1923 4263 rem
1946 4204 2201 4260 muliebri
2225 4203 2756 4260 vasculotribuimus
2784 4204 2862 4264 :si
2890 4218 2998 4258 non
3035 4204 3400 4269 abstinemus,

1807 4295 2157 4368 perspicuum
2179 4303 2265 4350 est
2288 4293 2483 4349 honori
2502 4291 2838 4348 contrariam
2855 4306 2977 4347 esse
2987 4291 3400 4347 contumeliam.

1809 4388 2081 4444 Pratterea
2104 4386 2288 4442 omnis
2310 4386 2549 4455 populus
2577 4383 2818 4440 ﬁliorum
2849 4381 3036 4449 Israel,
3067 4383 3135 4438 ad
3159 4391 3402 4438 montem

164 4464 253 4531 piat
269 4482 322 4524 ut
338 4487 428 4541 per
455 4476 707 4533 civitates
735 4481 1080 4553 presbyteros
1109 4485 1345 4552 ordinet,
1371 4464 1554 4542 statim
1582 4503 1708 4544 eum
1741 4501 1786 4556 ι)
1811 4495 2135 4538 accessurus
2155 4487 2210 4534 et
2228 4477 2325 4534 Dei
2345 4478 2626 4548 eloquium
2651 4477 2717 4533 de
2746 4477 3047 4547 longinquo
3064 4484 3278 4532 tantum
3307 4493 3408 4531 au-

164 4557 549 4653 de‘ordinatione
569 4586 765 4627 eorum
801 4574 1108 4633 inlormans
1139 4579 1411 4636 subiniert
1439 4602 1451 4636 :
1490 4582 1707 4653 Oportet

165 4650 422 4742 episcopum
471 4661 585 4716 sine
625 4663 848 4720 crimine
895 4684 1006 4722 esse
1053 4669 1187 4737 (Tit.
1221 4672 1280 4742 ι).
1324 4671 1471 4728 Idem
1521 4650 1710 4730 'I‘imo-

166 4738 266 4794 thco
290 4748 469 4805 scribit
501 4771 514 4806 :
565 4752 698 4809 Noli
732 4757 989 4828 negligere
1031 4738 1262 4831 gratiam
1293 4781 1412 4834 quin
1466 4768 1596 4821 data
1630 4777 1710 4821 est

170 4833 345 4931 libipcr
363 4846 687 4914 prophetiam
709 4866 826 4904 cum
863 4853 1199 4923 impositione
1221 4833 1471 4911 manuum
1494 4863 1708 4931 presby-

170 4927 264 5014 terii
297 4929 346 4999 (l
391 4933 524 4991 Tim.
575 4941 681 5009 iv);
710 4941 797 4996 cui
843 4942 899 4997 in
929 4947 1280 5014 sequentibus
1311 4927 1501 5004 statim
1525 4927 1665 5008 dixit
1691 4972 1702 5007 :

173 5012 350 5117 lvcmini
365 5040 572 5082 manum
599 5031 705 5084 cito
729 5012 1043 5102 imposueris
1075 5034 1288 5108 (Ibid.),
1314 5040 1461 5107 quod
1489 5045 1707 5113 proprie

171 5119 505 5160 Bblscnmmm
540 5131 620 5160 ραι
675 5141 686 5152 ·
718 5141 851 5160 ίινηη
898 5128 1146 5160 eun-nudam
1188 5129 1509 5160 nnlonnnum
1577 5135 1678 5160 .I:..:

675 5141 686 5152 ·
718 5141 851 5160 (brain
898 5128 1146 5160 nnnudnm
1188 5129 1509 5160 nnionnnum
1577 5135 1703 5160 ,ΙᾹΑΞΑ

1809 4574 2048 4638 diturus,
2074 4571 2257 4627 triduo
2291 4569 2623 4626 sanctiﬁcari
2648 4577 2704 4625 et
2734 4585 2795 4626 se
2835 4569 3116 4625 continere
3161 4568 3230 4624 ab
3265 4584 3408 4625 uxo-

1811 4664 2211 4734 ribusjubctur
2246 4662 2444 4729 (Exod.
2487 4662 2626 4733 χιιι).
2670 4661 2802 4718 lure
2831 4676 2960 4731 ergo
2991 4661 3288 4732 Apostolus
3317 4677 3410 4717 sa-

1809 4771 2034 4812 crorum
2059 4756 2331 4812 ministris
2363 4754 2818 4811 incontinentiam
2871 4753 3174 4819 interdixit,
3219 4752 3314 4822 qui
3355 4763 3415 4810 et

1811 4849 2167 4905 stecularibus
2197 4847 2396 4902 debent
2429 4847 2756 4915 praeminere
2811 4847 2867 4899 in
2913 4847 3192 4910 castitate,
3231 4845 3326 4914 qui
3359 4858 3423 4904 et

1809 4940 1986 5010 ipsius
2039 4940 2276 5012 Spiritus
2329 4940 2506 4994 sancti
2559 4937 2884 4993 locutorium
2943 4937 3146 5000 eii‘ecti,
3173 4937 3436 5005 quotidie

1811 5031 2107 5089 Dominum
2144 5045 2244 5102 pro
2279 5028 2485 5100 populo
2513 5031 2714 5085 debent
2749 5028 3122 5094 interpellare.
3169 5025 3450 5094 Quicun-

1811 5141 1918 5160 alio
1940 5143 2068 5160 nne-en
2093 5128 2287 5160 heu-nm
2324 5123 2677 5160 innnnlinnnc
2716 5134 2836 5160 Λεερ
2861 5118 3142 5160 δοτιιινίθην
3200 5120 3269 5160 ειὶὶ
3309 5121 3464 5160 Eho.»
