3988 5328
502 261 602 332 m

1207 267 1263 322 S.
1303 260 1634 322 CREGORH
1669 259 1760 316 VH
1791 259 1941 316 OPP.
1984 257 2163 313 PARS
2201 256 2363 313 ιιι-
2382 255 2701 313 CONClLlA
2739 255 3047 312 ROMANA.

3697 254 3823 309 772

505 393 634 450 talis
653 401 780 445 esse
831 383 1028 440 debeat
1077 381 1370 451 episcopus
1418 385 1479 432 ut
1535 384 1663 430 ante
1719 375 2096 445 episcopatum
2127 379 2174 436 Α
2199 371 2416 426 Domini
2463 371 2746 428 Iacobus:
2777 371 2845 426 In
2887 372 3072 426 multis
3095 372 3234 426 enim
3262 370 3585 440 offendimus
3626 385 3820 424 omnes

504 497 675 540 uuam
699 485 918 536 tantum
940 485 1166 527 uxorem
1189 469 1464 535 habuerit,
1495 483 1605 521 non
1636 467 1839 537 plures.
1871 462 2027 518 Unde
2046 471 2103 518 et

508 581 735 632 sanctus
794 567 1162 635 Hieronymus
1219 559 1276 614 in
1332 557 1672 628 apologetico
1718 555 1787 610 ad
1847 553 2104 608 Pamma-

508 669 694 724 chium
722 682 736 718 :
773 642 1048 730 Episcopi,
1093 652 1418 725 presbyteri,
1450 648 1703 716 diaconi,
1738 655 1835 702 aut
1862 645 2104 716 virgines

509 759 778 829 eligantur
805 759 902 806 aut
939 747 1112 813 vidui,
1159 746 1246 800 vel
1297 751 1444 798 certe
1490 749 1617 812 post
1649 738 2018 795 sacerdotium
2049 736 2106 790 in

508 861 772 908 :etcrnum
796 843 1003 918 pudici.
1035 841 1191 908 Item,
1209 841 1404 895 beatus
1423 836 1742 902 Zacharias,
1773 834 1856 888 vir
1885 840 2112 903 aposto-

508 942 671 1005 licus,
695 937 944 993 scribens
966 932 1036 987 ad
1060 939 1310 988 sanctum
1329 926 1674 984 Bonifacium
1698 921 2110 995 Moguntiaceu-

511 1048 630 1088 sem
652 1027 1132 1098 archiepiscopum
1167 1023 1240 1078 ita
1269 1021 1512 1077 decrevit
1540 1038 1552 1074 :
1590 1017 1752 1085 Cum,
1791 1014 1988 1086 inquit,
2014 1021 2111 1068 tua

513 1121 832 1178 fraternitas
885 1118 938 1171 in
992 1115 1227 1171 concilio
1261 1111 1582 1183 Moguntino
1627 1106 1938 1164 consederit
1983 1119 2111 1160 cum

511 1212 924 1269 Carolomanno
953 1204 1416 1262 excellentissimo
1440 1203 1584 1268 viro,
1612 1201 1660 1256 si
1683 1214 1824 1270 quos
1850 1196 2116 1267 repererit

512 1307 823 1377 episcopos,
838 1301 1208 1372 presbyteros,
1223 1305 1318 1352 aut
1345 1295 1628 1360 diaconos,
1656 1299 1849 1347 contra
1873 1303 2115 1344 canones

513 1401 600 1454 vel
625 1404 830 1454 statuta
878 1393 1102 1447 Patrum
1144 1388 1468 1454 excessisse,
1502 1386 1556 1441 id
1577 1395 1663 1440 est
1717 1384 1775 1438 in
1818 1381 2112 1446 adulterio,

515 1491 600 1545 vel
626 1488 673 1544 si
709 1487 893 1557 plures
926 1497 1128 1537 uxores
1162 1481 1494 1544 habuerunt,
1525 1485 1620 1532 aut
1663 1475 1830 1530 etiam
1884 1473 2010 1528 aliis
2033 1486 2121 1526 cae

518 1580 728 1652 pitulis,
761 1576 962 1647 quibus
996 1587 1248 1655 canones
1296 1571 1549 1626 obviasse
1583 1568 1805 1638 reperit,
1863 1574 1955 1620 tua
1991 1579 2120 1618 san-

520 1674 682 1729 ctitas
707 1670 855 1724 nulla
897 1667 1112 1721 ratione
1138 1663 1444 1733 apostolica
1485 1660 1812 1716 auctoritate
1842 1656 2121 1727 permittat

520 1779 618 1820 eos
645 1759 954 1816 sacerdotio
983 1755 1158 1828 fungi,
1203 1755 1331 1825 quia
1377 1755 1514 1809 tales
1559 1770 1590 1807 a
1622 1768 1726 1807 suo
1776 1749 2000 1820 proprio
2023 1763 2120 1803 ore

521 1855 647 1910 falsi
678 1851 1037 1906 nominantur
1063 1847 1397 1912 sacerdotes,
1421 1854 1476 1900 et
1503 1844 1803 1900 deteriores
1836 1839 2122 1897 saeculari-

521 1945 624 2001 bus
648 1958 771 1999 esse
802 1947 1106 1995 noscuntur
1135 1938 1229 2008 qui
1277 1953 1334 1992 se
1365 1951 1541 2006 neque
1575 1950 1606 1990 a
1659 1932 2122 1989 fornicationibus

523 2051 702 2106 neque
726 2050 758 2089 a
779 2031 1006 2087 nefariis
1045 2029 1418 2084 matrimoniis
1468 2027 1762 2083 abstinent.
1787 2023 1925 2080 Nam
1975 2023 2123 2094 quod

525 2126 650 2181 inde
675 2124 945 2188 sentiunt,
971 2121 1188 2177 dicente
1218 2119 1454 2174 Domino
1496 2135 1508 2170 :
1545 2114 1857 2172 Sacerdotes
1896 2115 1999 2168 mei
2037 2129 2122 2168 se—

527 2217 629 2272 mel
660 2217 903 2280 nubant;
931 2221 986 2268 et
1031 2212 1331 2282 Apostolus
1361 2230 1372 2264 :
1413 2209 1581 2264 Unius
1618 2207 1803 2262 uxoris
1828 2205 2001 2260 virum
2031 2224 2046 2272 ;
2071 2214 2126 2261 et

527 2310 634 2364 hoc
659 2315 788 2362 ante
815 2305 1186 2362 sacerdotium
1240 2310 1563 2371 susceptum
1618 2300 1699 2354 uti
1747 2301 1957 2355 licitum
1995 2308 2120 2355 est:

530 2417 660 2456 nam
687 2415 718 2455 a
754 2399 842 2454 die
867 2395 1105 2466 suscepti
1137 2394 1427 2449 sacerdotii
1457 2393 1622 2448 etiam
1671 2392 1741 2447 ab
1760 2391 1882 2460 ipso
1903 2390 2126 2461 proprio

531 2491 790 2562 eonjugio
858 2486 1183 2558 prohibendi
1235 2494 1384 2540 sunt.
1440 2483 1596 2539 Unde
1652 2491 1708 2537 et
1759 2481 2126 2552 Hieronymus

533 2583 600 2638 ad
628 2580 985 2652 Vigilantium
1034 2576 1282 2632 scribens
1321 2583 1552 2630 testatur
1591 2571 1882 2628 :Ecclesia
1931 2569 2128 2624 Orien-

533 2672 606 2727 tis
652 2680 706 2725 et
749 2668 972 2740 Egypti
997 2709 1012 2734 ,
1063 2675 1118 2723 et
1160 2666 1460 2736 apostolica
1503 2665 1697 2731 sedes,
1741 2672 1838 2718 aut
1886 2662 2127 2732 virgines

536 2761 767 2820 clericos
835 2759 1114 2832 accipiunt
1156 2765 1252 2812 aut
1303 2756 1673 2822 continentes,
1725 2762 1840 2820 aut,
1895 2753 1941 2808 si
1991 2766 2129 2807 uxo-

536 2869 627 2908 res
657 2850 970 2916 habuerint,
994 2849 1178 2905 mariti
1201 2863 1324 2904 esse
1345 2847 1647 2914 desistunt;
1681 2845 1958 2917 quomodo
1981 2845 2128 2899 enim

531 2944 690 3012 juxta
763 2941 1018 2997 eumdem
1072 2939 1437 3011 Apostolum,
1493 2947 1556 2994 ut
1619 2937 1941 3008 praedictum
2013 2944 2126 3000 est,

537 3051 597 3095 se
642 3036 1027 3101 continerent,
1090 3033 1142 3088 si
1186 3048 1312 3087 cum
1393 3032 1720 3103 conjugibus
1785 3029 2130 3086 incontinen-

535 3130 670 3185 tiam
715 3142 970 3183 exercere
1011 3125 1302 3181 deberent?
1343 3123 1477 3190 Quae
1509 3124 1638 3193 quia
1663 3122 1943 3179 contraria
1980 3129 2131 3187 sunt,

541 3221 855 3276 nullatenus
879 3217 1046 3273 simul
1073 3232 1196 3273 esse
1217 3224 1468 3286 possunt.
1510 3214 1617 3271 Sed
1638 3225 1693 3270 et
1718 3216 1823 3270 hoc
1845 3215 2134 3284 diligenter

541 3310 944 3380 inspiciendum
969 3309 1116 3378 quod
1136 3307 1434 3377 Apostolus
1451 3307 1681 3376 jusserit
1705 3306 1831 3376 eligi
1863 3306 1930 3360 ad
1953 3320 2134 3360 sacer-

541 3402 776 3465 dotium,
810 3415 935 3452 nam
961 3399 1056 3467 qui
1095 3397 1209 3466 jam
1255 3413 1352 3466 per
1377 3396 1833 3451 incontinentiam
1866 3396 2008 3450 ﬁlios
2042 3411 2136 3466 ge-

545 3498 785 3548 neraret.
816 3489 909 3542 sed
935 3487 1028 3557 qui
1052 3487 1259 3542 dudum
1297 3486 1442 3541 ﬁlios
1465 3486 1681 3541 adultos
1703 3495 1760 3540 et
1793 3486 1930 3541 bene
1961 3485 2138 3540 nutri-

549 3591 634 3637 tos
660 3580 960 3635 habuisset.

617 3671 758 3728 Nota
807 3679 990 3726 autem
1035 3669 1360 3739 Apostolum
1403 3669 1781 3725 inobedientcs
1821 3677 1877 3725 et
1930 3669 2140 3724 vanilo-

547 3780 692 3836 quos
735 3762 1048 3818 nullatenus
1092 3762 1233 3817 inter
1282 3776 1472 3817 sacros
1507 3760 1729 3816 ordines
1769 3769 2137 3831 computasse,

551 3856 664 3922 imo
690 3855 897 3925 peritos
925 3853 1238 3910 sacerdotes
1277 3852 1537 3908 constitui
1563 3853 1886 3923 praecepisse
1936 3852 2005 3907 ad
2039 3853 2141 3907 hos

552 3950 742 4018 utique
782 3946 1090 4019 arguendos
1120 3946 1216 4015 qui
1245 3945 1529 4000 universas
1571 3945 1766 4000 domos
1796 3945 2140 4012 subvertunt,

552 4041 811 4096 docentes
836 4054 960 4109 qua:
998 4053 1107 4093 non
1150 4046 1365 4107 oportet
1387 4037 1566 4107 turpis
1599 4037 1740 4092 lucri
1762 4037 1934 4108 gratia
1959 4054 1973 4104 ;
2001 4051 2142 4106 quos

554 4130 722 4185 etiam
749 4130 885 4184 dure
907 4128 1177 4198 increpari
1201 4129 1356 4197 jubet
1382 4144 1450 4183 ne
1471 4127 1718 4184 Iudaicis
1742 4127 1944 4184 fabulis
1964 4127 2144 4183 inten-

552 4223 706 4289 dant,
733 4230 788 4276 et
826 4221 1098 4276 mandatis
1125 4221 1411 4275 hominum
1441 4219 1814 4275 aversantium
1851 4236 1910 4274 se
1943 4234 1974 4272 a
2004 4218 2144 4272 veri-

553 4323 688 4382 tate,
714 4322 776 4369 ut
815 4314 890 4367 illi
933 4314 1029 4384 qui
1049 4314 1206 4383 juxta
1235 4312 1554 4367 mandatum
1585 4311 1743 4367 Pauli
1774 4309 2141 4374 Samosateni,

2205 462 2349 535 (Jac.
2404 467 2487 534 ιι).
2538 464 2693 520 Multi
2744 473 2928 519 autem
2982 465 3101 520 sine
3146 464 3378 519 crimine
3425 464 3814 534 reperiuntur.

2204 551 2362 608 Unde
2388 554 2584 610 beatus
2626 554 2968 625 Augustinus
3020 553 3077 608 in
3115 561 3352 608 tractatu
3374 551 3819 623 quadragesimo

2207 647 2387 717 primo
2411 663 2574 717 super
2602 645 2830 704 Joannis
2851 648 3193 718 evangelium
3224 655 3480 702 testatur.
3511 645 3621 701 Sed
3647 647 3822 716 plane

2208 742 2365 796 multi
2395 741 2531 811 justi
2565 741 2698 796 dicti
2720 723 2852 797 sunt
2885 741 3004 797 sine
3025 741 3270 812 querela,
3309 740 3455 810 quod
3481 738 3817 810 intelligitur

2209 831 2330 887 sine
2363 831 2611 888 crimine.
2642 831 2800 888 Nulla
2822 833 2970 888 enim
3001 832 3220 903 querela
3244 831 3393 901 justa
3417 839 3507 885 est
3529 830 3598 884 de
3630 829 3720 884 his
3755 829 3820 884 in

2209 926 2377 982 rebus
2424 927 2712 994 humanis,
2754 928 2850 998 qui
2893 943 3006 982 non
3056 928 3261 982 habent
3305 928 3540 1000 crimen.
3587 925 3818 980 Crimen

2212 1035 2345 1076 vero
2365 1029 2451 1076 est
2482 1029 2768 1090 peccatum
2799 1035 2969 1092 grave
2997 1019 3348 1075 accusatione
3369 1027 3426 1073 et
3454 1005 3816 1073 damnatione

2214 1106 2634 1183 dignissimum;
2664 1112 2759 1182 qui
2794 1127 2926 1182 ergo
2953 1119 3066 1165 tam
3097 1127 3260 1182 grave
3296 1109 3605 1174 admiserit,
3655 1107 3813 1178 juxta

2214 1203 2574 1274 Apostolum,
2619 1211 2943 1275 peccatum,
2986 1217 3208 1260 sacrum
3263 1201 3514 1258 ordinem
3564 1200 3815 1255 obtinere

2219 1310 2330 1350 non
2353 1296 2568 1351 debeat.

2289 1385 2429 1441 XVI.
2460 1385 2534 1442 Ut
2557 1394 2740 1443 autem
2769 1387 2886 1442 haec
2921 1386 3220 1457 apostolica
3247 1384 3522 1440 institutio
3552 1383 3624 1439 de.
3643 1382 3817 1438 sacris

2221 1478 2506 1534 ordinibus
2532 1479 2694 1534 nobis
2723 1479 3027 1536 evidentior
3051 1480 3166 1544 fiat,
3189 1477 3335 1532 beati
3367 1475 3692 1546 Hieronymi
3722 1491 3818 1529 ex-

2221 1570 2550 1641 positionem
2599 1585 2763 1640 super
2795 1570 3044 1625 eamdem
3085 1570 3436 1624 considerare
3465 1582 3581 1622 non
3617 1567 3815 1637 pigeat,

2224 1662 2318 1732 qui
2340 1678 2464 1717 eam
2508 1662 2564 1716 in
2607 1663 2746 1717 libro
2801 1670 2990 1717 contra
3026 1660 3375 1716 Iovinianum
3419 1660 3496 1713 ita
3532 1658 3818 1714 dilucidat.

2153 1720 2196 1775 Β
2225 1720 2332 1808 Sed
2379 1761 2436 1808 et
2473 1752 2591 1822 ipsa
2633 1752 2961 1823 epiSCOpalis
3000 1752 3195 1831 electio
3234 1766 3455 1807 mecum
3498 1750 3663 1814 facit;
3709 1764 3818 1804 non

2222 1845 2371 1900 enim
2419 1845 2623 1900 dicitur
2661 1863 2674 1900 :
2723 1843 2967 1916 Eligatur
2996 1846 3290 1916 episcopus
3323 1845 3418 1915 qui
3462 1860 3636 1899 unam
3670 1842 3823 1897 ducit

2223 1951 2472 2002 uxorem,
2499 1944 2553 1991 et
2574 1935 2717 1992 filios
2738 1934 2926 2004 faciat,
2950 1936 3045 1991 sed
3069 1936 3166 2006 qui
3195 1951 3360 1990 unam
3396 1935 3656 1989 habuerit
3679 1949 3821 1988 uxo-

2225 2042 2342 2081 rem
2370 2035 2424 2081 et
2447 2026 2586 2082 filios
2622 2027 2678 2082 in
2727 2026 2879 2082 omni
2905 2026 3152 2084 subditos
3172 2027 3482 2097 disciplina.
3502 2025 3670 2081 Certe
3689 2041 3824 2080 con-

2224 2116 2396 2172 ﬁteris
2423 2132 2536 2171 non
2575 2131 2738 2188 posse
2775 2130 2899 2174 esse
2941 2117 3257 2188 episcopum
3284 2117 3381 2187 qui
3421 2117 3475 2170 in
3499 2117 3823 2188 episcopatu

2225 2205 2365 2262 filios
2417 2205 2601 2260 faciat.
2639 2206 2897 2277 Alioquin
2939 2207 2987 2263 si
3035 2207 3409 2277 deprehensus
3451 2206 3654 2274 fuerit,
3713 2222 3823 2262 non

2225 2299 2386 2368 quasi
2451 2299 2537 2354 vir
2597 2300 2891 2366 tenebitur,
2969 2301 3066 2356 sed
3089 2300 3249 2371 quasi
3297 2300 3512 2354 adulter
3529 2299 3825 2354 damnabi-

2225 2398 2346 2456 tur;
2388 2397 2484 2444 aut
2515 2390 2768 2460 permitte
2799 2389 3175 2447 sacerdotibus
3210 2405 3465 2447 exemere
3504 2407 3676 2462 opera
3723 2407 3827 2445 nu-

2227 2483 2487 2552 ptiarum,
2524 2491 2585 2537 ut
2629 2482 2771 2537 idem
2805 2483 2918 2538 sint
2961 2482 3204 2553 virgines
3230 2483 3376 2554 quod
3403 2483 3616 2550 mariti,
3641 2491 3737 2536 aut
3778 2483 3828 2537 si

2229 2573 2605 2628 sacerdotibus
2639 2588 2842 2643 uxores
2883 2588 2995 2628 non
3035 2573 3162 2628 licet
3189 2582 3439 2645 tangere,
3470 2574 3527 2628 in
3550 2589 3618 2630 eo
3649 2575 3826 2630 sancti

2228 2673 2358 2721 sunt
2397 2665 2528 2735 quia
2571 2665 2858 2720 imitantur
2883 2665 3202 2735 pudicitiam
3239 2666 3588 2736 virginalem.
3625 2665 3732 2721 Sed
3772 2676 3830 2721 et

2228 2759 2334 2814 hoc
2363 2757 2745 2813 inferendum:
2773 2756 2828 2811 Si
2857 2757 3030 2813 laicus
3052 2766 3108 2812 et
3126 2758 3443 2828 quicunque
3469 2757 3646 2813 ﬁdelis
3671 2773 3833 2813 orare

2229 2865 2342 2905 non
2388 2859 2568 2920 potest
2611 2850 2721 2906 nisi
2749 2859 2906 2905 vacet
2937 2847 3169 2923 [careat]
3211 2851 3281 2904 ab
3307 2850 3488 2905 oﬂicio
3529 2851 3828 2922 conjngali,

2231 2942 2523 3007 sacerdoti,
2560 2944 2649 2997 cui
2679 2955 2895 3011 semper
2939 2954 3041 3012 pro
3086 2942 3289 3012 populo
3316 2941 3601 2998 offerenda
3623 2943 3834 2998 sacriﬁ-

2157 3060 2201 3118 C
2233 3031 2337 3099 cia,
2376 3048 2590 3104 semper
2617 3041 2703 3089 est
2740 3034 3048 3088 orandum:
3088 3033 3133 3090 si
3173 3049 3391 3105 semper
3412 3034 3692 3089 orandum
3732 3044 3832 3101 est,

2234 3139 2365 3196 ergo
2396 3140 2613 3195 semper
2639 3125 2940 3181 carendum
2981 3125 3355 3180 matrimonio.
3396 3123 3536 3180 Nam
3564 3135 3623 3181 et
3650 3131 3711 3181 in
3746 3142 3836 3182 ve-

2234 3217 2339 3274 teri
2367 3217 2502 3288 lege,
2529 3217 2624 3287 qui
2648 3232 2749 3288 pro
2768 3217 2970 3288 populo
2998 3217 3206 3273 hostias
3243 3216 3569 3285 oﬂerebant,
3595 3235 3710 3273 non
3747 3234 3838 3274 so-

2235 3308 2351 3364 lum
2396 3309 2453 3364 in
2483 3309 2739 3365 domibus
2763 3309 2881 3364 suis
2909 3324 3021 3364 non
3045 3319 3225 3377 erant,
3267 3311 3362 3365 sed
3387 3310 3559 3366 etiam
3583 3311 3840 3381 puriﬁca-

2236 3401 2439 3456 bantur
2463 3401 2554 3472 [ad
2575 3400 2814 3473 tempus]
2842 3401 2912 3456 ab
2937 3401 3201 3456 uxoribus
3223 3402 3464 3472 separati
3485 3410 3544 3456 et
3575 3403 3770 3457 vinum
3789 3410 3842 3457 et

2239 3492 2469 3548 siceram
2487 3508 2596 3547 non
2619 3493 2879 3548 bibebant
2899 3491 3093 3564 (Leuit.
3109 3492 3326 3564 x),qua3
3347 3494 3530 3548 solent
3553 3494 3839 3550 libidinem

2239 3599 2557 3655 provocare.
2587 3583 2876 3656 Eliguntur
2889 3585 3071 3640 mariti
3098 3585 3152 3639 in
3177 3586 3547 3641 sacerdotium
3575 3603 3590 3639 :
3617 3603 3732 3642 non
3757 3603 3839 3642 ne-

2241 3692 2329 3747 go,
2359 3677 2488 3748 quia
2512 3692 2623 3731 non
2661 3684 2792 3731 sunt
2812 3677 2950 3732 tanti
2974 3677 3214 3748 virgines
3243 3679 3436 3748 quanti
3463 3687 3603 3735 sunt
3652 3695 3843 3735 neces-

2243 3770 2376 3824 sarii
2422 3769 2752 3824 sacerdotes.
2778 3767 3036 3839 Nunquid
3083 3769 3216 3840 quia
3241 3769 3297 3824 in
3328 3772 3579 3827 exercitu
3605 3770 3842 3828 fortissi-

2244 3879 2367 3917 mus
2377 3861 2611 3931 quisque
2628 3862 2910 3932 eligendus
2921 3869 3024 3927 est,
3050 3861 3256 3918 idcirco
3276 3878 3386 3917 non
3406 3874 3774 3920 assumentur
3791 3872 3840 3918 et

2243 3952 2597 4018 infirmiores,
2629 3967 2756 4007 cum
2782 3967 2976 4007 omnes
3001 3950 3173 4007 fortes
3195 3967 3317 4008 esse
3339 3968 3449 4007 non
3491 3956 3769 4023 possunt?
3795 3953 3839 4008 si

2243 4043 2515 4098 exercitus
2564 4042 2774 4098 viribus
2819 4051 3033 4097 tantum
3079 4051 3396 4108 constaret,
3430 4053 3484 4098 et
3529 4061 3642 4100 non
3677 4047 3840 4100 etiam

2245 4150 2474 4189 numero
2497 4133 2754 4199 militum,
2777 4134 3141 4204 adjicerentur
3163 4135 3548 4192 imbecilliores
3579 4156 3593 4191 :
3622 4153 3772 4191 nunc
3791 4145 3842 4190 et

2247 4226 2609 4281 secundarum
2641 4234 2696 4280 et
2727 4226 3011 4280 tertiarum
3038 4226 3238 4280 virium
3269 4227 3470 4298 gradus
3485 4229 3798 4282 assumitur
3817 4271 3831 4292 ,

2250 4326 2308 4372 ut
2332 4319 2489 4372 turba
2526 4326 2582 4373 et
2615 4333 2848 4372 numero
2878 4319 3154 4374 exercitus
3195 4320 3558 4388 compleatur.
3601 4319 3674 4375 Et
3700 4336 3836 4406 quo:

558 4411 674 4465 sive
712 4408 960 4474 Ebionis,
996 4406 1280 4462 Iudaicam
1328 4405 1781 4461 incontinentiam
1812 4400 2144 4456 Christianis
2177 4401 2222 4456 D
2249 4409 2432 4475 modo,
2470 4409 2708 4478 inquies,
2743 4407 3058 4478 frequenter
3094 4410 3148 4462 in
3184 4410 3532 4465 ordinatione
3577 4400 3834 4466 sacerdo-

557 4499 934 4554 sacerdotibus
979 4498 1143 4552 licere
1169 4497 1559 4568 dogmatizant.
1601 4494 1742 4561 Quid
1769 4508 1902 4564 ergo
1941 4491 2144 4544 mirum

557 4597 606 4651 si
631 4597 796 4650 etiam
823 4604 1009 4649 noster
1042 4593 1377 4662 apostolicus
1415 4590 1732 4661 hujusmodi
1771 4587 2145 4643 inobedientcs

559 4701 590 4738 a
618 4701 774 4740 sacro
802 4683 978 4738 ollicio
1002 4682 1252 4748 dimovit,
1289 4697 1431 4752 quos
1464 4691 1518 4735 et
1551 4679 1846 4750 Apostolus
1875 4679 2012 4733 dure
2057 4677 2145 4731 in-

461 4801 464 4804 -
559 4776 795 4844 crcpari,
821 4792 931 4830 non
961 4775 1134 4830 sacris
1166 4773 1452 4828 ordinibus
1486 4770 1860 4835 annumerari,
1886 4767 2142 4825 decrevit.

561 4864 796 4920 Videsne
850 4880 981 4935 ergo
1012 4879 1178 4933 quam
1235 4862 1619 4918 inevitabiliter
1665 4861 1776 4917 sint
1808 4858 2144 4916 observanda

562 4956 737 5011 nostri
779 4956 1024 5027 Gregorii
1070 4966 1292 5023 statuta,
1325 4973 1447 5027 qua:
1498 4972 1530 5010 a
1583 4953 1958 5011 sacratissimo
1998 4952 2148 5008 fonte

563 5045 972 5113 Scripturarum
1006 5047 1254 5101 videmus
1305 5047 1567 5115 derivata.
1618 5044 1910 5101 Sciendum
1964 5051 2144 5098 autem

561 5135 888 5206 Apostolum
921 5137 1271 5192 constituisse
1324 5148 1383 5192 ut
1426 5137 1713 5192 ordinandi
1757 5136 1872 5191 sive
1909 5135 2147 5190 ordinati

563 5228 686 5284 sine
705 5225 934 5290 crimine
955 5237 1156 5291 essent,
1171 5245 1278 5282 non
1303 5232 1419 5285 sine
1443 5241 1684 5302 peccato.
1702 5229 1839 5284 Nam
1862 5229 1917 5282 in
1943 5228 2148 5282 mundo

2249 4500 2343 4553 tali
2368 4500 2625 4555 sacerdos
2665 4499 2822 4569 virgo
2861 4499 3173 4570 negligitur,
3215 4508 3269 4554 et
3318 4501 3551 4556 maritus
3597 4502 3834 4556 assumi-

2249 4594 2361 4646 tur?
2385 4591 2521 4658 Quia
2549 4589 2688 4645 forte
2715 4599 2770 4644 et
2800 4599 2997 4645 caetera
3023 4606 3190 4660 opera
3215 4592 3515 4662 virginitati
3541 4607 3655 4646 non
3681 4593 3833 4646 habet

2248 4682 2627 4753 congruentia,
2671 4689 2767 4735 aut
2801 4681 2954 4752 virgo
2991 4690 3238 4751 putatur,
3269 4690 3324 4736 et
3356 4697 3468 4736 non
3492 4692 3600 4748 est,
3639 4692 3736 4738 aut
3759 4693 3833 4738 est

2246 4772 2577 4844 virginitatis
2625 4770 2960 4843 [virginitas]
2994 4771 3236 4837 infamis,
3271 4781 3366 4827 aut
3395 4783 3543 4828 certe
3579 4774 3700 4844 ipsa
3731 4778 3830 4830 ἧι·-

2247 4864 2447 4936 ginitas
2473 4863 2617 4934 parit
2639 4863 2691 4917 ei
2720 4864 3057 4933 superbiam,
3082 4873 3137 4918 et
3166 4865 3298 4919 dum
3331 4865 3434 4920 sibi
3459 4866 3748 4936 applaudit
3774 4868 3833 4922 de

2249 4959 2364 5013 sola
2404 4955 2653 5024 corporis
2693 4955 2978 5021 castitate,
3033 4955 3264 5010 virtutes
3297 4965 3524 5011 caeteras
3584 4959 3834 5029 negligit:

2249 5063 2358 5101 non
2386 5045 2533 5101 fovet
2555 5060 2843 5115 pauperes,
2877 5054 2974 5100 aut
2996 5048 3243 5116 pecunia:
3277 5048 3528 5118 cupidior
3554 5058 3662 5104 est.
3700 5048 3831 5103 Eve-

2249 5139 2331 5191 nit
2357 5137 2629 5192 interdum
2656 5145 2718 5190 ut
2744 5137 2960 5191 tristior
2990 5137 3194 5204 vultus,
3247 5139 3541 5194 adductum
3588 5141 3828 5210 superci-

2248 5229 2419 5294 lium,
2470 5227 2719 5282 incessus
2752 5241 3078 5297 pomparum
3117 5227 3338 5284 ferculis
3371 5228 3621 5302 [similis]
3665 5229 3830 5284 οπρε-
