3988 5328
122 249 233 307 ’173

1419 246 1794 306 CONCILIUM
1836 248 2179 308 ROMANUM
2210 249 2252 309 ι.

3313 258 3418 321 ττι

122 375 242 418 tur.
270 358 688 431 Nonnunquam
715 368 835 416 erat
856 360 1005 434 vulgi
1039 361 1325 434 plebisque
1349 361 1644 435 judicium.
1676 372 1732 421 et
1759 365 1805 422 A
1831 363 2005 434 accpi,
2033 364 2359 436 presbyteri,
2382 374 2480 422 aut
2527 366 2746 424 diaconi
2783 374 2937 437 sunt,
2968 368 3067 427 sed
3093 368 3143 427 si
3183 378 3423 431 Virtutes

125 453 184 508 in
220 453 609 510 sacerdotibus
654 455 1083 524 comprobandis
1160 457 1544 528 unusquisque
1608 457 1729 515 suis

124 543 388 598 moribus
414 541 579 610 favet,
618 552 679 598 ut
717 559 828 599 non
864 553 977 601 tam
1015 546 1223 601 bonum
1259 562 1426 617 quam
1457 547 1544 604 sui
1570 548 1729 605 simi-

125 633 239 704 lena
266 641 483 704 quaerat
513 634 888 704 prepositum.
947 634 1140 692 Evenit
1188 637 1480 708 aliquoties
1520 647 1583 695 ut
1609 654 1731 695 ma-

128 725 249 789 riti,
289 740 419 796 qua:
451 740 581 795 pars
611 725 790 796 major
835 734 921 783 est
976 727 1033 782 in
1059 729 1285 799 populo,
1337 730 1551 786 maritis
1572 731 1733 802 quasi

132 816 240 870 sibi
267 815 629 886 applaudant,
656 825 710 871 et
733 816 880 887 ineo
900 833 960 873 se
981 833 1104 874 esse
1127 819 1463 876 arbitrentur
1488 836 1599 877 non
1622 823 1735 877 vir-

134 905 317 977 gines,
343 907 395 961 si
420 907 610 963 mariti
635 907 835 979 virgini
865 909 1497 980 prmponantur..Dicam
1527 913 1734 985 aliquid

136 1000 287 1069 quod
340 998 534 1056 forsan
590 1016 719 1056 cum
773 1001 1079 1059 offensione
1133 1004 1434 1061 multorum
1487 1005 1736 1064 dicturus

139 1103 287 1153 sum,
322 1089 422 1144 sed
456 1088 588 1144 boni
609 1105 721 1145 non
743 1090 879 1145 mihi
900 1090 1228 1160 irascentur,
1253 1093 1384 1164 quia
1413 1109 1511 1151 eos
1534 1110 1729 1165 pecca-

139 1177 182 1231 ti
216 1178 568 1234 conscientia
603 1195 716 1234 non
738 1181 1031 1237 remordet.
1074 1181 1351 1240 Interdum
1381 1184 1488 1242 hoc
1513 1194 1569 1241 et
1595 1202 1737 1257 pon-

141 1266 357 1322 tiﬁcum
381 1268 519 1323 vitio
548 1270 749 1325 accidit
777 1271 908 1342 quia
932 1287 1043 1327 non
1067 1273 1343 1342 meliores,
1375 1275 1471 1331 sed
1496 1276 1740 1347 argutio-

144 1374 237 1413 res
267 1358 327 1413 in
356 1360 571 1414 clerum
613 1361 845 1432 eligunt,
873 1371 929 1418 et
961 1363 1238 1434 simplices
1290 1380 1538 1436 quosque
1577 1375 1740 1437 atque

146 1452 473 1509 innocentes
506 1454 777 1510 inhabiles
822 1463 1037 1525 putant.
1093 1455 1158 1511 Et
1180 1455 1431 1513 amnibus
1467 1467 1522 1513 et
1539 1474 1741 1530 cogna—

148 1545 220 1600 tis
248 1546 414 1616 quasi
440 1555 670 1602 terrena:
703 1547 912 1603 militia:
940 1547 1114 1605 oﬁicia
1145 1548 1482 1621 largiuntur;
1516 1552 1631 1608 sive
1651 1552 1739 1606 di-

146 1636 321 1692 vitum
350 1638 619 1693 obediunt
634 1639 911 1709 jussioni;
941 1642 1198 1711 quodque
1222 1642 1310 1699 his
1357 1643 1544 1714 pejus,
1584 1641 1740 1716 [illis]

1831 453 2123 511 habuerint
2142 456 2431 512 nominum
2463 472 2690 514 suorum
2711 467 2767 515 et
2799 458 3124 517 oﬂlciorum.
3155 462 3417 534 Alioquin

1832 542 1880 599 si
1904 542 2172 599 diaconus
2210 545 2470 617 episcopo
2503 563 2606 603 suo
2640 548 2883 605 sanctior
2922 547 3106 618 fuerit,
3137 567 3271 606 num
3304 566 3418 608 non

1832 649 1899 691 ex
1931 648 2000 689 eo
2019 635 2166 706 quod
2206 635 2259 690 in
2298 635 2542 697 inferiori
2579 648 2752 710 gradu
2795 648 2901 709 est,
2952 639 3098 712 apud
3134 639 3419 698 Christum

1834 725 2072 783 deterior
2096 726 2200 782 erit
2216 726 2240 779 ἲ
2259 726 2416 783 Absit
2453 737 2515 785 ut
2538 728 2848 802 Stephanus
2866 731 3151 799 diaconus,
3174 730 3271 803 qui
3300 733 3420 803 pri-

1836 834 1961 873 mus
1995 818 2260 890 martyrio
2292 827 2378 875 est
2416 830 2733 888 coronatus,
2768 823 2949 878 minor
2987 823 3209 880 futurus
3248 824 3323 880 sit
3358 824 3418 880 in

1837 923 2011 981 regno
2049 908 2317 965 caelorum
2362 911 2551 969 multis
2599 914 2892 985 episcopis,
2935 924 2990 971 et
3038 914 3327 972 Timotheo
3364 921 3424 971 et

1838 1000 1984 1067 Tito,
2019 1017 2161 1071 quos
2195 1010 2256 1056 ut
2286 998 2558 1074 subjicere
2592 1020 2702 1059 nou
2747 1006 2943 1074 audeo,
2980 1005 3055 1062 ita
3110 1022 3212 1063 nec
3262 1015 3421 1062 antc-

1838 1106 2060 1162 ponere.

1910 1179 2208 1252 [lucusque
2252 1192 2476 1240 sanctus
2513 1182 2902 1257 Hieronymus,
2938 1184 3035 1256 qui
3073 1194 3295 1256 qualine
3323 1201 3425 1242 au-

1841 1269 2108 1327 ctoritatis
2162 1270 2346 1340 fuerit,
2378 1274 2543 1329 etiam
2576 1274 2721 1345 apud
2761 1274 3072 1345 episcopos,
3112 1275 3427 1345 apostolica:

1843 1362 1989 1418 sedis
2018 1362 2235 1418 decreta
2283 1363 2425 1419 beati
2476 1364 2679 1421 Gelasii
2736 1380 2891 1435 papa:
2935 1364 3072 1420 satis
3125 1364 3427 1432 insinuant,

1842 1468 1967 1525 qua:
1988 1454 2130 1525 inter
2158 1455 2504 1513 authenticas
2527 1466 2583 1512 et
2613 1455 2910 1512 canonicas
2936 1455 3250 1512 sanctiones
3292 1472 3432 1527 opu-

1844 1545 1996 1601 scula
2050 1546 2227 1616 ipsius
2282 1548 2594 1620 recipienda
2644 1563 2767 1604 esse
2807 1548 3154 1604 decernunt:
3190 1547 3334 1603 sicut
3375 1557 3433 1604 et

1845 1638 2020 1694 sancti
2041 1636 2318 1709 Cypriani,
2343 1639 2641 1706 Ambrosii,
2675 1638 2969 1710 Augustini
3002 1639 3287 1709 opuscula,
3315 1639 3433 1695 sive
3462 1636 3481 1652 ⁴

150 1730 443 1787 clericatus
472 1732 683 1788 donant
715 1734 966 1803 gradum,
1024 1751 1263 1805 quorum
1297 1715 1602 1809 obsequiis,
1634 1739 1746 1794 sint
1776 1715 1819 1771 Β
1849 1738 2113 1788 tractatus
2156 1730 2495 1800 reliquorum
2544 1739 2863 1787 sanctorum
2911 1729 3159 1798 Patrum,
3191 1732 3286 1802 qui
3329 1747 3433 1788 nec

150 1823 385 1879 deliniti.
431 1823 658 1896 Alioqui
700 1826 746 1881 si
764 1826 925 1896 juxta
964 1829 1293 1886 sententiam
1331 1830 1603 1901 Apostoli,
1636 1846 1749 1888 non

152 1930 309 1976 erunt
339 1920 609 1992 episc0pi,
652 1922 761 1977 nisi
802 1923 1007 1991 mariti,
1044 1924 1160 1997 ipse
1200 1924 1498 1996 Apostolus
1533 1928 1747 1998 episco-

152 2026 254 2082 pus
280 2028 409 2068 esse
436 2029 552 2067 non
592 2014 774 2082 debet,
803 2025 863 2071 ut
888 2016 982 2087 qui
1024 2017 1181 2073 docet
1208 2017 1326 2090 [qui
1360 2019 1520 2093 dixit]
1557 2040 1570 2075 :
1620 2021 1749 2076 Volo

156 2114 330 2159 autem
353 2122 534 2161 omnes
558 2123 672 2162 esse
706 2108 846 2162 sicut
880 2126 973 2180 ego
994 2126 1112 2163 sum
1138 2108 1193 2182 (Ι
1223 2110 1347 2166 Cor.
1378 2114 1498 2183 vn).
1563 2112 1629 2170 Et
1656 2112 1751 2169 Jo-

159 2214 330 2255 annes
377 2200 640 2273 indignus
676 2201 782 2257 hoc
819 2203 994 2275 gradu
1029 2205 1416 2273 aestimabitur,
1454 2217 1509 2262 et
1555 2224 1750 2266 omnes

157 2289 394 2361 virgines
431 2290 537 2364 [et]
569 2293 937 2361 continentes,
987 2296 1193 2365 quibus
1237 2298 1397 2368 quasi
1444 2300 1751 2369 pulcherri-

158 2380 258 2435 mis
278 2382 515 2452 gemmis
551 2381 813 2439 Ecclesia:
847 2385 1050 2441 monile
1084 2387 1396 2443 decoratur.
1424 2388 1747 2461 Episcopus,

159 2472 455 2545 presbyter,
483 2475 776 2542 diaconus,
806 2492 916 2531 non
959 2486 1090 2534 sunt
1128 2481 1453 2536 meritorum
1504 2482 1750 2551 nomina,

161 2563 247 2619 sed
268 2564 602 2633 ofﬁciorum,
631 2583 734 2624 nec
758 2568 988 2624 dicitur:
1023 2568 1082 2625 Si
1106 2572 1225 2642 quis
1246 2573 1610 2644 episcopatum
1656 2575 1751 2629 de-

161 2655 381 2723 siderat,
423 2659 638 2714 bonum
698 2660 964 2716 honorem
1001 2660 1281 2736 [gradum]
1318 2664 1614 2733 desiderat,
1655 2668 1752 2723 sed

165 2741 346 2798 bonum
368 2762 500 2816 opus
522 2747 796 2802 desiderat
829 2747 883 2821 (Ι
914 2747 1053 2805 Tim.
1102 2754 1210 2822 ιιι),
1260 2753 1408 2824 quod
1462 2753 1519 2809 in
1555 2755 1753 2827 majori

164 2836 348 2893 ordine
368 2837 710 2895 constitutus
741 2841 936 2910 possit,
963 2841 1010 2896 si
1042 2842 1191 2911 velit,
1222 2844 1576 2900 occasionem
1600 2862 1755 2902 exer-

165 2925 454 2981 cendarum
480 2926 687 2984 habere
706 2927 991 2984 virtutum.
1027 2929 1248 3002 Oportet
1291 2949 1415 3004 ergo
1453 2935 1757 3005 episcopum

165 3013 676 3085 irreprelzensibilem
702 3035 835 3086 esse,
864 3028 924 3075 ut
943 3019 1081 3075 nulli
1104 3020 1242 3076 vitio
1283 3023 1629 3094 mancipatus
1652 3024 1750 3089 sit;

166 3105 316 3160 unius
347 3108 538 3161 uxoris
582 3108 780 3177 uirum,
844 3110 940 3181 qui
989 3126 1157 3167 unam
1204 3129 1435 3169 uxorem
1478 3114 1753 3182 habuerit,

166 3213 269 3254 non
293 3198 528 3265 habeat;
568 3200 831 3267 sobrium,
859 3201 995 3269 sive,
1021 3212 1081 3257 ut
1124 3203 1322 3259 melius
1363 3203 1418 3259 iu
1444 3203 1634 3261 Graeco
1672 3206 1757 3261 di-

167 3288 319 3355 είῑιιΐ,
345 3291 684 3360 vigilantem,
710 3293 975 3363 νηφάλιων,
1023 3294 1298 3365 pudicum,
1344 3295 1452 3351 hoc
1479 3296 1625 3351 enim
1681 3297 1759 3365 si-g

167 3380 383 3451 gniﬁcat
418 3385 637 3459 06:12pm
672 3381 995 3463 [σώφρωνα];
1026 3395 1275 3440 ornatum
1309 3394 1367 3443 et
1407 3387 1659 3444 castitate
1704 3398 1759 3445 et

166 3472 435 3540 moribus;
467 3473 808 3544 hospitalem,
835 3483 896 3531 ut
928 3474 1207 3532 imitemur
1226 3476 1525 3545 Abraham,
1553 3486 1758 3535 etcum

166 3561 492 3634 peregrinis,
528 3564 644 3620 imo
684 3565 742 3619 in
790 3567 1094 3638 peregrinis
1123 3569 1391 3640 suscipiat
1444 3567 1755 3639 Christum;

166 3654 455 3724 doctorem,
482 3656 623 3712 nihil
654 3658 803 3713 enim
831 3659 1056 3729 prodest
1102 3660 1153 3715 ei
1206 3661 1549 3717 conscientia
1583 3661 1760 3717 virtu-

165 3754 275 3802 tum
296 3745 535 3820 perfrui,
561 3749 667 3804 nisi
711 3758 765 3804 et
801 3750 1070 3806 creditum
1132 3750 1238 3807 sibi
1288 3752 1550 3823 populum
1587 3753 1762 3823 possit

167 3836 441 3895 instruere
460 3849 517 3896 et
540 3840 720 3896 valeat
747 3842 1029 3898 exhortari
1078 3842 1136 3899 in
1159 3843 1412 3899 doctrina
1452 3854 1507 3900 et
1547 3859 1644 3901 eos
1666 3845 1761 3915 qui

168 3931 558 3987 contradicunt
582 3933 915 4004 redarguere
940 3952 955 4002 ;
980 3950 1085 3988 non
1111 3934 1454 4003 vinolentum,
1491 3936 1623 4008 quia
1666 3938 1763 4007 qui

168 4038 380 4095 semper
420 4024 478 4078 in
506 4025 714 4081 sanctis
745 4034 1061 4082 sanctorum
1088 4036 1194 4096 est,
1236 4037 1291 4084 et
1312 4028 1471 4085 offert
1516 4030 1762 4095 hostias,

168 4125 218 4170 et
248 4117 445 4172 vinum
491 4124 548 4171 et
593 4116 830 4172 siceram
875 4132 986 4173 non
1044 4118 1215 4187 bibit;
1283 4119 1425 4193 [qui]
1477 4120 1560 4176 sic
1613 4120 1766 4177 bibat

169 4210 457 4281 episcopus
490 4220 552 4266 ut
592 4227 664 4265 an
692 4212 890 4267 biberit
923 4213 1202 4284 ignoretur
1243 4213 1394 4287 [quia
1422 4216 1479 4271 in
1513 4216 1643 4271 vino
1675 4216 1765 4271 lu-

171 4301 319 4357 xuria
341 4300 484 4375 est];
512 4318 620 4356 non
670 4319 1048 4373 percussorem,
1072 4304 1127 4360 id
1151 4313 1255 4371 est,
1283 4306 1378 4376 qui
1400 4307 1767 4365 conscientias

1848 1825 1905 1879 in
1928 1823 2032 1878 ﬁde
2056 1837 2157 1878 nec
2187 1822 2243 1877 in
2280 1823 2668 1893 praedicatione
2697 1838 2729 1879 a
2753 1832 2941 1879 sancta
2972 1821 3221 1878 Romana
3244 1822 3432 1879 Eccle-

1848 1914 1929 1971 sia
1958 1914 2269 1981 deviarunt,
2309 1915 2404 1970 sed
2446 1915 2501 1969 in
2537 1914 2659 1984 ejus
2699 1914 3200 1970 communicatione
3253 1930 3434 1986 usque

1848 2007 1917 2063 ad
1946 2006 2110 2062 ﬁnem
2145 2005 2273 2062 vitae
2302 2008 2686 2077 perduraruut.
2723 2004 2999 2063 lntantum
3037 2022 3274 2076 namque
3296 2007 3428 2063 bea-

1847 2107 1938 2154 tus
1998 2099 2248 2155 Gelasius
2306 2099 2363 2154 in
2414 2098 2691 2170 praedictis
2752 2097 2985 2154 decretis
3046 2099 3432 2154 auctoritatem

1849 2191 2025 2247 sancti
2064 2190 2380 2262 Hieronymi
2412 2191 2574 2246 nobis
2611 2190 2957 2246 commendat
2999 2199 3058 2245 ut
3095 2197 3152 2246 et
3197 2189 3434 2245 aliorum

1848 2281 2132 2351 opuscula,
2186 2282 2344 2352 juxta
2385 2281 2508 2351 ejus
2559 2280 2852 2351 judicium,
2907 2280 3169 2364 rapienda
3219 2281 3306 2336 vel
3342 2296 3434 2336 re-

1851 2373 2091 2442 spuenda
2122 2388 2243 2429 esse
2280 2373 2482 2428 ibidem
2512 2373 2788 2429 decernat.
2816 2371 3142 2445 Quicunque
3176 2387 3308 2445 ergo
3338 2371 3438 2428 de-

1850 2464 2023 2519 bitam
2050 2463 2421 2520 obedientiam
2457 2464 2775 2536 apostolicae
2813 2464 2931 2521 sedi
2984 2465 3301 2535 impendere
3332 2480 3437 2535 vo-

1850 2555 2035 2621 luerit,
2090 2555 2405 2611 nullatenus
2468 2556 2787 2626 hujusmodi
2842 2564 3162 2613 sanctorum
3210 2555 3438 2612 Patrum

1852 2647 2221 2717 singularibus
2241 2646 2529 2703 sententiis
2574 2647 2919 2718 repugnabit.
2954 2645 3250 2717 Hucusque
3281 2646 3438 2704 suill-

1852 2739 1964 2794 ciat
1986 2738 2194 2795 dixisse
2222 2738 2353 2807 quid
2400 2736 2698 2815 Apostolus
2732 2737 2916 2808 exigat
2958 2753 2991 2792 a
3036 2734 3435 2805 sacerdotibus,

1853 2829 1999 2900 quod
2031 2828 2349 2899 quicunque
2398 2828 2632 2884 ﬁdeliter
2685 2828 3046 2899 perspexerit,
3089 2842 3439 2899 nequaquam

1855 2928 2058 2976 statuta
2090 2919 2267 2974 nostri
2297 2919 2583 2989 apostolici
2627 2918 2965 2974 obliteranda
2995 2917 3282 2989 judicabit,
3313 2933 3441 2991 quas

1857 3028 1958 3069 nec
2009 3011 2209 3082 aliquis
2252 3018 2601 3066 contemnere
2642 3010 2863 3080 poterit,
2916 3009 3027 3065 nisi
3079 3020 3135 3065 et
3189 3010 3441 3080 ipsorum

1855 3104 2229 3174 apostolorum
2260 3101 2551 3158 sententiis
2583 3116 2888 3173 repugnare
2910 3102 3059 3168 velit,
3079 3101 3283 3172 quibus
3317 3101 3440 3173 ipsa

1856 3194 2072 3251 Veritas
2102 3194 2157 3248 in
2193 3193 2487 3265 Evangelia
2536 3192 2853 3249 ﬁdelissime
2896 3193 3166 3264 promittit
3196 3212 3212 3249 :
3270 3195 3445 3251 Amm

1856 3287 1976 3342 dico
2011 3288 2153 3341 vobis
2177 3302 2196 3340 :
2224 3285 2348 3339 Erit
2373 3286 2644 3340 remissius
2672 3294 2828 3340 terra:
2854 3283 3101 3342 Sodoma
3123 3287 3180 3341 in
3219 3287 3306 3343 die
3345 3286 3445 3358 ju-

1856 3380 1995 3433 dicii.
2016 3394 2175 3449 quam
2205 3378 2313 3434 illis
2341 3377 2440 3448 qui
2481 3391 2763 3433 sermones
2795 3385 3011 3433 vestros
3060 3393 3173 3434 non
3215 3393 3443 3451 recepe-

1858 3480 1987 3527 runt
2017 3469 2235 3542 (Matth.
2271 3470 2373 3541 xi).

1926 3562 2094 3617 XVII.
2117 3561 2386 3630 Quartum
2417 3569 2600 3616 autem
2639 3560 2816 3616 nostri
2854 3562 3143 3632 apostolici
3162 3563 3446 3622 decretum

1859 3655 2107 3728 praecipit
2133 3664 2194 3710 ut
2213 3654 2446 3725 populus
2469 3653 2796 3710 clericorum
2825 3652 3000 3710 oﬁlcia
3033 3642 3145 3710 non
3195 3656 3444 3727 recipiat,

1861 3764 2002 3820 quos
2024 3748 2198 3804 sacris
2220 3746 2546 3813 canonibus,
2574 3746 2686 3802 imo
2718 3746 3049 3817 evangelicis
3077 3756 3132 3803 et
3174 3749 3444 3818 apostoli-

1861 3841 1943 3898 cis
2003 3837 2462 3917 institutionibus,
2513 3838 2794 3893 adversari
2847 3838 3160 3908 percipiat:
3196 3840 3448 3896 videlicet

1863 3948 2004 4004 quos
2026 3931 2184 4002 juxta
2206 3944 2502 3986 consuram
2540 3938 2859 3985 sanctorum
2890 3928 3114 3991 Patrum
3150 3929 3446 3987 damnatos

1864 4027 1919 4082 in
1948 4025 2227 4097 propriam
2251 4039 2443 4079 eorum
2484 4023 2785 4094 perniciem
2814 4023 2975 4078 altari
3019 4024 3336 4079 ministrare
3362 4025 3447 4079 vi-

1865 4120 2010 4175 deat.
2038 4115 2242 4186 Nempe
2262 4115 2663 4170 Antiochenum
2686 4113 2980 4169 concilium
3007 4128 3040 4168 a
3063 4115 3451 4171 sacratissimo

1865 4210 2298 4267 Chalcedonensi
2330 4207 2589 4274 concilio,
2616 4215 2677 4262 ut
2716 4205 3094 4277 prmdiximus,
3127 4206 3447 4262 indubitan-

1866 4310 1951 4357 ter
1998 4300 2335 4365 roboratum,
2386 4296 2560 4352 oﬁicia
2610 4297 2996 4352 damnatorum
3045 4296 3371 4353 clericorum
3411 4313 3446 4355 a

172 4391 514 4464 singulorum
539 4410 654 4449 non
687 4396 983 4465 percutiat;
1005 4412 1183 4467 neque
1217 4398 1365 4452 enim
1396 4398 1639 4470 pugilem
1660 4400 1761 4456 de-
1796 4415 1840 4470 ι)
1868 4393 2084 4464 populis
2138 4390 2305 4461 recipi
2368 4388 2779 4447 districtissime
2828 4387 3104 4459 prohibet,
3168 4389 3446 4446 intantum

174 4486 353 4541 scribit
384 4502 575 4543 sermo
596 4487 954 4556 apostolicus,
992 4489 1088 4544 sed
1127 4489 1440 4558 pontiﬁcem
1491 4491 1760 4559 instituit;

175 4578 295 4647 quid
320 4578 508 4634 facere
540 4595 656 4634 non
688 4579 883 4635 debeat
915 4580 1094 4646 docet,
1142 4597 1287 4636 nunc
1312 4598 1343 4637 e
1366 4583 1590 4653 regione
1633 4583 1766 4653 quid

176 4664 349 4725 faciat.
375 4667 486 4725 Sed
511 4670 693 4741 quid?
726 4670 1040 4738 modestum,
1066 4688 1170 4726 non
1199 4672 1515 4743 litigiosum,
1542 4690 1648 4727 non
1670 4691 1766 4728 cu-

177 4760 371 4829 pidum,
398 4761 635 4817 domum
660 4777 819 4818 suam
842 4774 1137 4833 regentem,
1172 4764 1314 4834 ﬁlios
1346 4764 1621 4820 habentem
1642 4768 1767 4821 sub-

180 4852 446 4908 ditoscum
470 4855 624 4909 omni
648 4855 899 4909 castitate
949 4854 1005 4929 (Ι
1046 4855 1181 4911 Tim.
1230 4858 1335 4928 ιιι).
1387 4854 1520 4913 Vide
1562 4868 1767 4929 quanta

180 4944 431 5014 pudicitia
461 4945 726 5019 exigatur
755 4945 810 5000 in
833 4946 1110 5017 episcopo,
1135 4956 1194 5002 ut
1218 4947 1264 5004 si
1310 4947 1407 5002 ﬁlii
1427 4946 1548 5017 ejus
1590 4949 1768 5018 impu-

180 5036 277 5092 dici
299 5027 530 5105 l‘uerint,
548 5039 673 5108 ipse
687 5037 1112 5109 episcopusesse
1136 5054 1245 5094 non
1269 5037 1463 5111 possit,
1491 5048 1546 5095 et
1576 5040 1767 5096 eodem

181 5126 345 5185 cilicio
370 5128 626 5184 offendat
654 5126 949 5183 Dominum
1004 5144 1114 5197 quo
1139 5128 1270 5185 oﬂ‘en
1282 5129 1364 5176 dit:
1384 5127 1565 5184 etlleli
1589 5130 1769 5199 ponti-

1866 4487 2072 4542 scilicet
2095 4492 2157 4538 ut
2185 4482 2352 4538 etiam
2381 4481 2452 4537 ab
2493 4480 2726 4536 ecclesia
2758 4480 3097 4553 abjiciendos
3131 4496 3254 4536 esse
3314 4496 3450 4537 cen-

1865 4586 1984 4636 seat
2001 4577 2096 4648 qui
2122 4575 2232 4630 illis
2264 4573 2479 4629 clericis
2513 4573 2708 4628 saltcm
2732 4573 3283 4639 communicaverint,
3304 4587 3454 4643 quos

1867 4667 2213 4723 interdictum
2248 4664 2355 4719 sibi
2392 4663 2757 4719 ministerium
2785 4668 3052 4733 usurpare
3074 4664 3454 4735 cognoverint.

1869 4760 1961 4817 Sic
1982 4759 2129 4816 enim
2152 4766 2412 4829 quartum
2440 4756 2688 4826 ejusdem
2731 4757 2947 4813 concilii
2987 4765 3156 4829 caput
3174 4765 3409 4813 testatur
3443 4780 3466 4820 :

1870 4851 1929 4909 Si
1956 4851 2084 4923 quis
2107 4850 2397 4921 episcopus
2429 4864 2461 4904 a
2490 4850 2700 4921 synodo
2725 4850 3038 4917 damnatus,
3065 4850 3155 4906 vel
3174 4850 3490 4921 presbyter

1868 4953 1962 5000 aut
1996 4945 2263 5000 diaconus
2305 4943 2374 4997 ab
2413 4940 2694 5013 episcopo,
2741 4943 2862 4998 ausi
2904 4940 3117 4999 fuerint
3157 4940 3360 5012 aliquid
3396 4944 3524 5010 (ιδ

1870 5050 2030 5091 sacro
2075 5033 2383 5090 ministerio
2416 5032 2737 5105 contingere
2761 5076 2775 5098 ,
2809 5034 2925 5089 sive
2969 5033 3271 5104 episcopus
3306 5031 3551 5113 juxta

1870 5125 2261 5195 praecedentem
2282 5123 2758 5191 consuetudinem,
2784 5124 2899 5181 sive
2918 5126 3209 5199 presbyter
3229 5132 3321 5178 aut
3341 5125 3473 5187 dia
3545 5182 3562 5191 _
