3988 5328
585 323 690 387 115

1385 323 1441 378 S.
1483 321 1815 381 GREGORH
1857 324 1946 382 Vll
1984 325 2136 387 OPP.
2173 330 2355 390 PARS
2387 329 2877 394 [IL—CONCILIA
2913 338 3222 399 ROMANA.

3763 349 3854 410 πθ

535 431 550 458 ⁵
579 443 700 496 rem
729 427 908 494 sancti
934 426 1144 500 Patres,
1179 430 1354 503 qui-iu
1384 431 1742 490 Chalcedone
1766 436 2176 498 sacratissimos
2204 453 2250 509 Α
2276 443 2382 502 illis
2414 445 2720 515 calamitas,
2749 449 2843 504 ubi
2879 441 3015 508 tales
3039 439 3430 514 intercessores
3462 460 3532 516 ad
3559 438 3746 518 locum
3774 481 3852 523 re-

545 535 548 538 ’
581 543 825 588 canones
861 525 1350 600 promulgaverunt
1372 565 1388 592 ,
1435 539 1632 582 omnes
1673 529 2177 588 communicatores

581 608 870 692 cujusdam
915 611 1170 670 damnati
1207 610 1484 669 Timothei
1527 613 1883 672 Alexandrini
1925 619 2177 689 praesulis

581 705 1084 767 cxcommunleatos
1117 717 1242 760 esse
1263 711 1640 773 censuerunt;
1671 705 1767 776 qui
1793 705 1964 761 Leoni
2001 707 2176 778 impe-

581 800 754 856 ratori
796 811 899 870 pro
929 799 1126 852 eodem
1165 794 1457 850 Timotheo
1501 795 1813 852 consulenti
1857 797 1965 854 hoc
2009 799 2176 855 modo

573 881 978 962 rescripseram
1005 906 1020 944 :
1053 887 1163 944 Eos
1198 888 1366 944 etiam
1397 888 1514 959 qui,
1548 903 1676 943 cum
1728 889 1939 944 scirent
1981 887 2174 944 Timo—

576 985 767 1040 theum
792 981 965 1039 fuisse
997 981 1342 1048 damnatum,
1379 979 1790 1036 communicare
1819 979 1910 1035 ille
1933 979 2052 1036 sine
2073 995 2172 1052 pe-

575 1077 751 1133 riculo
791 1073 1160 1142 crediderunt,
1197 1065 1490 1128 extraneos
1529 1087 1652 1128 esse
1699 1087 1732 1126 a
1785 1070 1881 1128 Dei
1927 1070 2172 1128 Ecclesia

570 1167 886 1239 judicamus
912 1204 930 1233 ,
978 1163 1282 1220 secundum
1351 1163 1804 1233 consequentiam
1863 1163 2170 1233 regularem

575 1259 726 1314 nulla
746 1257 829 1314 eis
856 1251 1017 1312 venia
1051 1269 1152 1312 nec
1188 1267 1291 1325 spe
1337 1253 1707 1311 restitutitmzs
1739 1253 1854 1310 ullo
1882 1255 2050 1310 modo
2082 1271 2172 1310 re-

574 1355 852 1416 manente,
877 1347 1022 1402 sicut
1043 1346 1116 1400 83
1140 1344 1325 1416 regula
1348 1345 1418 1400 de
1453 1344 1656 1401 talibus
1677 1353 1864 1414 aperte
1902 1344 2168 1412 decernit,

581 1439 742 1510 cujus
769 1437 990 1493 initium
1025 1445 1113 1492 est
1137 1453 1150 1490 :
1189 1435 1248 1490 Si
1270 1435 1396 1506 quis
1418 1436 1709 1506 episcopus
1745 1451 1776 1490 a
1801 1435 2037 1508 synodo,
2057 1445 2164 1492 etc.

573 1530 920 1602 Quapropter
968 1535 1024 1585 et
1076 1537 1266 1584 noster
1313 1528 1650 1598 apostolicus
1699 1528 1897 1584 merito
1951 1528 2166 1599 popubs

575 1623 752 1680 cilicia
785 1621 1104 1694 hujusmodi
1127 1621 1456 1677 clericorum
1498 1620 1800 1692 prohibuit,
1839 1636 2052 1688 eorum,
2074 1620 2164 1676 in-

573 1725 761 1788 quam,
790 1729 932 1786 quos
965 1727 1075 1768 non
1111 1721 1222 1767 tam
1249 1713 1365 1783 ipse
1400 1711 1682 1766 damnavit
1715 1725 1884 1782 quam
1905 1710 2162 1767 asanctis

2278 535 2498 606 giminis
2523 539 2888 611 adducuntur,
2922 545 3017 616 qui
3039 547 3134 602 Dei
3157 551 3330 622 magis
3351 551 3410 606 in
3439 569 3500 609 se
3523 553 3851 616 iracundiam

2277 641 2599 720 promovent
2645 647 2812 704 quam
2863 651 2961 720 per
3013 641 3336 712 semetipsos
3380 647 3603 715 populis
3649 649 3854 720 placare

2275 717 2594 779 debuerant.
2905 713 2916 726 ’

2343 809 2476 902 lure
2523 829 2656 886 ergo
2705 819 2879 874 nostri
2934 815 3199 892 tempatis
3244 823 3544 898 Gregorius
3599 831 3850 902 populum

2275 899 3072 997 hujusmodiprtcsumptorum
3091 913 3264 971 oﬂicia
3287 919 3531 992 recipere
3554 899 3849 997 prohibuit,

2273 1003 2413 1062 quos
2439 995 2822 1054 sanctissimus
2865 1003 3180 1072 atquivoeus
3219 1015 3274 1062 et
3311 1024 3542 1080 regnum
3573 1014 3732 1085 culpa
3757 995 3847 1073 sua

2271 1097 2634 1158 pnegravar'e,
2671 1100 2726 1147 et
2749 1091 2846 1148 Dei
2881 1095 3220 1154 iracundiam
3270 1100 3326 1155 in
3359 1119 3419 1157 se
3448 1104 3628 1176 magis
3661 1123 3846 1176 provo-

2271 1189 2400 1232 care
2419 1180 2656 1235 asseruit
2681 1199 2694 1236 :
2723 1183 2990 1254 scriptum
3016 1196 3099 1242 est
3131 1189 3276 1242 enim
3305 1206 3320 1244 :
3347 1191 3453 1257 Qui
3477 1197 3732 1249 averterit
3762 1215 3846 1250 au»

2272 1281 2380 1320 rem
2401 1283 2560 1323 suam
2584 1285 2647 1324 ne
2665 1272 3048 1346 audiatlegem,
3062 1280 3402 1336 exsecrabilis
3423 1273 3528 1336 erit
3546 1285 3661 1355 ejus
3682 1289 3843 1340 oratio

2271 1357 2453 1430 (Prov.
2485 1362 2699 1434 XXVIII).
2725 1363 2846 1432 Quo
2871 1367 3100 1424 crimine
3123 1385 3316 1428 omnes
3351 1374 3686 1446 obligantur,
3725 1380 3841 1448 qui-

2268 1463 2486 1521 cunque
2511 1455 2792 1511 canonicis
2828 1457 3205 1516 sanctionibus
3228 1462 3506 1520 obstinato
3543 1467 3730 1524 animo
3769 1486 3842 1524 re-

2267 1537 2584 1612 fragantur;
2633 1547 2780 1602 unde
2831 1556 2887 1602 ct
2933 1563 3124 1605 eorum
3165 1551 3339 1609 ofﬁcia
3381 1557 3584 1612 merito
3636 1559 3839 1629 populis

2265 1629 2666 1730 intcrdiCuntur
2705 1651 2940 1707 quorum
2981 1641 3258 1698 orationes
3303 1645 3652 1718 omnipotens
3709 1648 3838 1705 Deus

2264 1725 2374 1778 non
2408 1725 2534 1781 dico
2569 1741 2680 1782 non
2717 1729 2930 1800 recipit,
2975 1732 3070 1787 sed
3107 1744 3441 1790 exsecratur.
3488 1735 3597 1794 Sed
3624 1738 3739 1808 jam
3777 1739 3838 1796 ad

571 1805 829 1863 Patribus
884 1806 1208 1877 jamdudum
1267 1807 1558 1900 damnatos
1623 1818 1745 1900 esse
1806 1804 2152 1900 monstravit.
2193 1799 2236 1855 B
2261 1813 2441 1886 ipsum
2493 1815 2604 1874 vas
2645 1799 2929 1878 electionis
2953 1812 3286 1893 ,veniamus,
3340 1827 3436 1896 qui
3481 1836 3539 1883 et
3593 1799 3836 1900 presenti

569 1901 842 1958 Prmterea
875 1901 1259 1958 sanctissimus
1283 1909 1440 1971 ‘papa
1478 1898 1809 1964 Alexander,
1836 1912 1869 1952 a
1901 1897 1963 1952 Β.
1991 1897 2154 1954 Petro

569 1996 818 2067 quintus,
871 1993 968 2065 qui
1008 1993 1194 2064 potius
1253 1992 1308 2047 in
1359 1991 1580 2048 camino
1623 1991 1771 2063 ignis
1813 1991 2156 2046 concremari

568 2097 737 2158 quam
764 2085 985 2141 mentiri
1011 2082 1348 2139 fortissimus
1372 2081 1577 2137 athleta
1605 2079 1824 2152 delegit,
1859 2080 1976 2151 ipse
2004 2090 2154 2136 nam-

567 2186 676 2249 que
714 2190 814 2232 nec
837 2173 1170 2248 loquendum
1199 2174 1281 2229 eis
1301 2186 1424 2229 esse
1447 2180 1678 2229 testatur
1714 2171 1917 2242 quibus
1947 2178 2002 2226 et
2031 2171 2152 2241 epi-

567 2279 771 2340 scopus
815 2281 917 2338 pro
961 2265 1259 2321 sceleribus
1303 2277 1496 2319 eorum
1530 2261 1764 2319 sentitur
1789 2261 2072 2330 adversus,
2096 2269 2156 2317 et

565 2359 674 2415 hoc
700 2374 770 2414 ex
789 2357 962 2430 ipsius
984 2356 1247 2430 principis
1269 2355 1644 2425 apostolorum
1669 2353 1997 2408 auctoritate
2017 2367 2153 2408 con-4»

565 2449 772 2520 ﬁrmat,
797 2451 876 2504 ita
907 2449 1117 2515 dicens,
1149 2462 1274 2517 cap;
1295 2447 1331 2501 6
1357 2464 1372 2500 :
1397 2445 1460 2502 Β.
1499 2444 1694 2501 Petrus
1719 2444 1776 2499 in
1807 2443 2151 2500 ordinatione

565 2541 743 2596 sancti
795 2533 1214 2611 prmdecessoris
1281 2535 1456 2590 nostri
1502 2533 1802 2589 Clementis
1870 2533 2150 2588 instruens

565 2630 774 2684 clerum
801 2626 1140 2700 et‘populum
1175 2624 1253 2680 ait
1277 2641 1291 2680 :
1315 2623 1378 2680 Si
1403 2623 1662 2688 iniuticus
1690 2621 1858 2678 fuerit
1895 2621 2149 2677 Clemens

560 2721 728 2778 alicui
759 2735 862 2792 pro
901 2720 1119 2776 actibus
1169 2717 1308 2785 suis,
1357 2716 1530 2772 nolite
1563 2729 1663 2770 vos
1709 2723 2056 2786 exspectare,
2087 2721 2149 2770 ut

564 2815 684 2884 ipse
721 2813 880 2869 vobis
920 2813 1107 2869 dicat:
1143 2809 1283 2865 Cum
1315 2809 1408 2864 illo
1437 2807 1608 2864 nolite
1641 2807 1805 2862 amici
1845 2820 2008 2872 esse;
2049 2805 2148 2862 sed

561 2906 856 2961 observare
876 2902 1174 2974 prudenter
1193 2899 1404 2956 debetis
1429 2907 1488 2954 et
1505 2897 1774 2954 voluntati
1794 2897 1916 2970 ejus
1939 2895 2146 2969 absque

559 2994 991 3052 eommonitione
1021 2990 1396 3048 obsecundare
1415 3029 1431 3058 ,
1477 2998 1534 3044 et
1566 2995 1812 3044 avertere
1843 3001 1949 3042 vos.
1977 2985 2052 3042 ab
2077 2999 2146 3044 eo

559 3086 656 3144 cui
677 3087 858 3158 ipsum
867 3083 1097 3140 fseutitis
1119 3083 1442 3147 aditet-sum;
1473 3077 1571 3136 sed
1595 3093 1700 3134 nec
1729 3076 1879 3148 loqui
1907 3075 1996 3132 his
2017 3074 2144 3146 qui-

2253 1914 2464 1964 statuto
2497 1911 2674 1966 nostri
2709 1912 2994 1982 apostolici
3035 1905 3341 1970 consonare
3372 1932 3483 1972 non
3518 1917 3835 1974 dubitatur:

2254 1995 2316 2052 Si
2353 2015 2421 2066 Is,
2445 1999 2642 2070 inquit,
2694 2001 2786 2072 qui
2831 2002 3002 2072 fm'er
3038 2005 3372 2072 nomina-ar,
3403 2016 3484 2060 est
3513 2007 3834 2078 fornicator,

2252 2099 2344 2144 aut
2393 2107 2586 2146 avarus
2610 2133 2626 2158 ,
2681 2101 2776 2146 aut
2833 2092 2992 2148 idolis
3043 2096 3271 2150 serviens
3295 2137 3312 2163 ,
3361 2107 3458 2152 aut
3516 2099 3835 2172 maledicus,

2251 2192 2344 2238 aut
2389 2183 2646 2250 ebriosus,
2677 2192 2774 2238 aut
2819 2196 3014 2254 rapax,
3035 2201 3155 2240 eum
3188 2186 3495 2258 hujusmodi
3530 2205 3628 2245 nec
3669 2193 3836 2245 cibust

2249 2275 2441 2330 sumite
2476 2273 2530 2346 (Ι
2575 2274 2700 2332 Cor.
2735 2273 2844 2347 tu),
2875 2275 3123 2332 videlicet
3168 2278 3263 2349 qui
3312 2279 3508 2335 nolunt
3549 2281 3714 2352 juxta
3753 2297 3835 2338 ec-

2247 2365 2584 2422 clesiasticas
2609 2367 2923 2423 sanctiones
2957 2369 3256 2437 emendari,
3290 2371 3422 2426 licet
3444 2373 3618 2429 certis
3659 2382 3719 2428 et
3738 2389 3832 2444 pu-

2248 2455 2406 2512 blicis
2429 2457 2752 2514 criminibus
2779 2457 2891 2514 sint
2923 2459 3168 2530 obligati.
3193 2457 3328 2516 Item
3373 2461 3445 2516 ad
3482 2461 3833 2520 Thessalonb

2246 2565 2464 2608 censes:
2497 2550 2881 2606 Renuntiamus
2905 2560 3084 2606 autem
3109 2551 3274 2620 nobis,
3303 2554 3523 2624 fratres,
3547 2556 3608 2609 in
3629 2558 3832 2610 nomine

2247 2641 2463 2697 Domini
2519 2643 2686 2698 nostri
2735 2640 2864 2696 Iesu
2915 2640 3140 2710 Christi,
3177 2653 3236 2698 ut
3277 2644 3614 2699 sutili-altatis
3660 2646 3830 2699 noset

2245 2735 2390 2788 omni
2419 2734 2587 2805 fratre
2611 2733 2916 2791 ambulante
2960 2734 3262 2789 inordinate
3293 2744 3500 2789 etnon
3545 2741 3832 2790 secundum

2247 2827 2586 2882 traditionem
2604 2841 2763 2897 quam
2785 2834 3096 2897 acceperunt
3117 2843 3152 2880 a
3185 2826 3334 2880 nobis
3361 2825 3457 2898 '(II
3492 2825 3674 2883 Thess.
3716 2827 3825 2898 ιιι).

2246 2917 2312 2972 Et
2333 2917 2496 2988 paulo
2525 2925 2680 2986 post:
2715 2913 2775 2970 Si
2797 2916 2914 2987 quis
2951 2931 3056 2969 non
3084 2915 3258 2969 obedit
3301 2916 3456 2970 verba
3493 2925 3698 2982 metro,
3741 2931 3831 2986 per

2245 3007 2526 3078 epistolam
2569 3007 2705 3061 hunc
2745 3015 2942 3071 notate,
2967 3015 3018 3059 et
3083 3020 3188 3059 non
3216 3006 3672 3060 commiseeamini
3712 3021 3830 3060 esas

2243 3099 2361 3166 illo,
2393 3108 2454 3154 stt
2483 3097 2840 3168 confundatur
2869 3095 3084 3169 (υἱώ).
3107 3094 3248 3151 Cum
3268 3095 3474 3165 quibus
3503 3095 3828 3166 igiturApo—

560 3145 814 3248 bus
837 3189 949 3231 non
979 3173 1244 3244 loquitur,
1277 3179 1340 3226 ut
1363 3145 1742 3240 unusquisque
1769 3145 1865 3238 qui
1891 3167 1947 3222 in
1981 3167 2141 3236 culpa

2246 3145 2418 3247 stolas
2441 3145 2628 3246 ﬁdeles
2662 3203 2763 3244 nec
2791 3145 3131 3258 corporalem
3185 3145 3372 3242 cibum
3434 3145 3660 3243 sumere
3703 3145 3824 3258 pi-r-

517 3311 520 3314 ι
553 3279 664 3338 est,
707 3269 841 3326 dum
865 3267 1021 3340 cupit
1051 3265 1300 3321 omnium
1337 3269 1586 3320 vestrum
1636 3259 1907 3316 amicitias
1955 3257 2100 3316 ferre
2121 3295 2139 3324 ,

555 3359 781 3417 festinet
811 3353 1344 3414 eitiasreconciliari
1363 3353 1414 3409 ei
1444 3351 1540 3422 qui
1565 3350 1821 3406 omnibus
1844 3357 2061 3420 praeest,
2084 3357 2142 3406 et

557 3465 658 3522 per
696 3451 803 3522 hoc
831 3449 1034 3504 .nedeat
1057 3447 1133 3501 ad
1161 3445 1393 3502 salutem
1417 3483 1434 3510 ,
1479 3452 1608 3498 eum
1627 3440 1864 3496 obedire
1897 3439 2142 3508 .cteperit

559 3519 784 3600 monitis
818 3539 1179 3613 praesidentis.
1213 3538 1272 3593 Si
1295 3551 1424 3593 vero
1453 3537 1580 3607 quis
1609 3534 1820 3590 amicus
1858 3531 2024 3588 fuerit
2051 3531 2139 3590 his

553 3635 761 3709 quibus
796 3632 913 3704 ipse
952 3645 1062 3688 non
1105 3631 1367 3701 loqultur,
1399 3643 1546 3684 unus
1583 3634 1670 3682 est
1701 3635 1758 3682 et
1789 3626 1907 3696 ipse
1933 3639 2000 3680 ex
2031 3624 2138 3682 illis

553 3724 654 3798 qui
681 3722 1044 3780 exterminans
1075 3715 1173 3776 Dei
1197 3717 1498 3776 Ecclesium
1523 3715 1740 3782 volunt;
1765 3723 1824 3768 et
1854 3729 1989 3769 cum
2007 3728 2136 3769 cor-

555 3815 988 3890 porovobiseum
1007 3827 1132 3869 esse
1149 3811 1421 3876 videatur,
1451 3813 1711 3866 mentetet
1730 3806 1916 3861 animo
1943 3813 2135 3887 contra

553 3921 657 3966 sos
686 3915 800 3975 est;
840 3916 902 3963 et
927 3911 1024 3962 est
1057 3904 1231 3971 multo
1273 3901 1507 3974 nequior
1537 3899 1713 3956 hostis
1739 3898 1833 3955 hic
1855 3913 2022 3970 quam
2054 3898 2134 3956 illi

553 4003 654 4075 Qui
670 4001 805 4058 loris
834 4006 986 4066 sunt,
1018 4006 1078 4053 et
1113 3995 1390 4052 evidenter
1403 3991 1630 4048 inimici
1671 3999 1835 4058 sunt;
1874 3990 1962 4045 hic
1984 3989 2132 4046 enim

550 4107 652 4168 per
677 4091 1041 4150 amicitiarum
1055 4089 1302 4161 speciem
1331 4085 1704 4158 quae-bibam
1731 4092 1864 4142 sunt
1883 4085 2052 4156 gerit,
2079 4093 2133 4144 et

537 4185 854 4244 Ecclesium
879 4182 1149 4254 dispergit
1175 4195 1246 4236 ac
1271 4187 1477 4237 vastat.
1522 4174 1628 4233 Ubi
1661 4191 1792 4246 ergo
1813 4175 1938 4246 ipse
1980 4175 2131 4244 prin-

549 4289 682 4348 ceps
720 4273 1094 4345 apostolorum
1125 4277 1238 4325 tam
1279 4268 1467 4324 stricte
1489 4265 1750 4337 prohibet
1779 4280 1848 4319 ne
1891 4265 2016 4335 quis
2049 4263 2130 4320 eis

426 4424 432 4429 .
547 4369 744 4425 saltem
787 4365 1047 4436 loquatur
1059 4361 1156 4432 qui
1188 4357 1504 4430 apostolicis
1531 4354 1797 4413 institutis
1819 4369 1930 4412 non
1962 4353 2127 4411 obse-

543 4465 796 4523 cundare
832 4457 1311 4531 deprehendantur
1331 4495 1348 4522 ,
1399 4452 1477 4510 ibi
1515 4451 1684 4508 etiam
1723 4448 2128 4505 evidentissima

547 4565 700 4613 vetat
727 4569 799 4610 ne
829 4549 1300 4626 populusm-issas
1339 4555 1436 4603 aut
1458 4545 1682 4616 reliqua
1717 4541 1892 4599 cilicia
1932 4541 2126 4610 hujus-

547 4649 700 4706 modi
732 4648 802 4702 ab
845 4646 930 4702 eis
967 4641 1212 4712 recipiat.
1247 4637 1366 4693 Mos
1395 4637 1544 4692 enim
1586 4634 1776 4705 populi
1816 4632 1943 4700 Dei,
1969 4632 2127 4703 juxta

539 4740 914 4812 Augustinum
928 4777 944 4804 ,
977 4749 1080 4807 pro
1123 4733 1248 4804 lege
1303 4728 1568 4784 tenendus
1610 4725 1933 4796 comprobat
1953 4721 2125 4778 nobis

529 4843 676 4889 =cum
691 4827 1021 4890 canonibus,
1033 4833 1098 4880 ut
1109 4823 1289 4894 (forte,
1301 4815 1635 4890 ne),populus
1643 4814 2018 4884 cujuscunque
2029 4826 2124 4867 sa-

543 4921 786 4978 cerdotis
813 4919 1030 4974 missas,
1063 4912 1280 4977 audiat,
1295 4909 1416 4980 ejus
1455 4907 1620 4963 etiam
1659 4904 1889 4975 singulis
1912 4903 2120 4958 saluta—

543 5012 791 5070 tionibus
837 5010 906 5064 in‘
929 5009 1106 5064 sitim
1140 5003 1484 5074 mspond'eat.
1511 4999 1855 5069 Quapropter
1888 4995 2122 5066 populus

546 5105 762 5174 hujusm
772 5103 860 5152 odi
899 5100 1377 5170 pimaﬁcatorum
1411 5092 1944 5154 missasmu-ltatenus
1976 5090 2117 5146 reci-

2242 3281 2429 3346 mittit,
2485 3288 2542 3334 et
2587 3295 2620 3334 a
2672 3292 2909 3350 quorum
2965 3277 3250 3332 consortio
3303 3275 3492 3331 ﬁdeles
3545 3277 3826 3332 discedere

2238 3369 2512 3442 prmcipit,
2531 3368 2602 3426 de
2643 3368 2850 3426 eisdem
2895 3366 3210 3438 aposwlieat
3259 3366 3635 3423 institutionis
3693 3381 3824 3422 eon-

2238 3465 2600 3535 temptorihus
2624 3460 3084 3532 populoprmcipit
3113 3468 3300 3516 noster
3342 3461 3688 3532 apostolicus
3709 3501 3725 3529 ,
3765 3471 3824 3515 ut

2237 3559 2320 3615 eis
2355 3557 2550 3613 saltem
2572 3554 2641 3610 ad
2688 3552 3030 3609 Dominicam
3061 3567 3309 3608 mensam
3354 3568 3472 3609 non
3507 3553 3820 3610 communi-

2235 3657 2407 3716 caret,
2439 3656 2494 3703 et
2515 3659 2708 3702 eorum
2731 3642 2978 3700 societati
3005 3657 3066 3698 se
3087 3643 3282 3698 saltem
3311 3657 3379 3698 eo
3401 3653 3657 3714 tempore
3687 3645 3816 3700 sub-

2235 3739 2496 3807 traheret,
2529 3751 2656 3794 cum
2694 3735 2772 3792 illi
2792 3743 2984 3792 contra
3030 3733 3115 3791 fas
3139 3743 3197 3790 et
3227 3735 3319 3806 jus
3349 3750 3509 3791 sacra
3564 3735 3816 3808 mysteria

2235 3833 2291 3888 in
2338 3831 2635 3904 perniciem
2677 3845 2833 3886 suam
2854 3835 3236 3899 :usurpareut;
3287 3827 3446 3898 juxta
3491 3827 3818 3898 Apamiam

2233 3925 2380 3982 enim
2414 3942 2429 3979 ε
2461 3925 2756 3995 quicunque
2800 3919 3142 3975 ﬂaminicam
3190 3931 3378 3989 partem
3408 3926 3460 3970 et
3483 3917 3710 3971 calicem
3728 3931 3816 3970 sa-

2233 4019 2331 4074 mit
2363 4016 2596 4086 indigne,
2635 4010 2870 4084 corporis
2889 4019 2940 4065 et
2973 4009 3250 4080 sanguinis
3275 4007 3492 4062 Domini
3533 4007 3812 4078 reus_erit,

2229 4119 2280 4166 et
2299 4109 2566 4180 judicium
2597 4105 2697 4160 sibi
2727 4105 3012 4160 mandarat
3049 4112 3102 4156 et
3131 4101 3260 4162 bibit
3277 4099 3330 4172 (I
3359 4098 3488 4156 Cor.
3513 4104 3632 4170 si);
3670 4099 3814 4170 quod

2229 4211 2422 4256 mnnes
2451 4196 2678 4263 faciunt,
2703 4194 2802 4266 qui
2841 4191 3258 4248 fornicationem
3281 4197 3336 4245 et
3356 4190 3655 4245 avaritiam
3705 4204 3812 4244 non

2227 4291 2407 4349 solum
2435 4301 2712 4354 exercere,
2735 4285 2829 4343 sed
2847 4285 3013 4342 etiam
3034 4283 3311 4339 obstinato
3332 4281 3525 4337 animo
3549 4280 3815 4338 defende-

2227 4399 2288 4439 re
2313 4390 2696 4456 praesumunt:
2729 4381 2796 4437 de
2843 4379 3046 4449 quibus
3091 4375 3392 4447 Apostolus
3433 4375 3614 4432 dicit:
3663 4375 3810 4442 Duo.

2157 4483 2202 4539 ι)
2227 4475 2372 4529 niam
2395 4473 2486 4544 qui
2516 4471 2651 4526 talia
2690 4479 2874 4542 agunt,
2921 4485 3137 4540 regnum
3198 4466 3300 4536 Dei,
3318 4482 3425 4522 non
3465 4469 3808 4538 possidebunt

2229 4563 2374 4635 (Gal.
2403 4563 2490 4633 v):
2541 4561 2636 4632 qui
2667 4562 2834 4616 etiam
2883 4573 2983 4630 pro
3027 4558 3234 4615 eisdem
3261 4556 3616 4629 {criminibus
3649 4558 3804 4628 juxta

2225 4657 2518 4715 canonicos
2538 4657 2850 4713 sanctiones
2881 4652 3122 4713 damnati
3151 4651 3503 4709 interdictum
3543 4651 3652 4707 sibi
3691 4649 3806 4706 olli-

2225 4750 2370 4805 cium
2383 4748 2676 4804 temeraria
2699 4745 3055 4817 usurpatione
3072 4743 3442 4816 frequentant.
3459 4741 3671 4812 Nempe
3699 4741 3800 4810 ipsi

2223 4855 2362 4912 quos
2410 4840 2624 4911 proprie
2657 4853 2920 4896 vocamus
2957 4838 3316 4908 potnitentes,
3363 4837 3494 4892 licet
3545 4851 3652 4907 pro
3695 4835 3800 4888 hu-

2215 4931 2458 5004 iusmodi
2483 4929 3118 4987 Criminibuscanonicat
3137 4928 3441 5000 disciplina:
3481 4926 3624 4981 colla
3665 4925 3796 4981 sub-

2220 5025 2462 5092 mittant,
2479 5039 2590 5078 non
2615 5033 2798 5079 tamen
2823 5022 3024 5078 divinis
3045 5019 3410 5077 sacramentis
3439 5027 3554 5074 tam
3591 5027 3800 5076 tem'a-e

2218 5115 2616 5186 appret-timent.
2668 5111 2842 5180 Unde,
2889 5113 3044 5184 juxta
3083 5111 3411 5167 sententiam
3454 5108 3608 5166 beati
3637 5112 3800 5166 luno—
