  <div class='ocr_page' id='page_1' title='image "/cluster/home/n/w/nwhite01/storage/ocr_20150623/148/hvd.32044015471840/388.png"; bbox 0 0 3988 5328; ppageno 0'>
   <div class='ocr_carea' id='block_1_1' title="bbox 207 292 315 355">
    <p class='ocr_par' dir='ltr' id='par_1_1' title="bbox 207 292 315 355">
     <span class='ocr_line' id='line_1_1' title="bbox 207 292 315 355; baseline 0.009 -1"><span class='ocrx_word' id='word_1_1' title='bbox 207 292 315 355; x_wconf 68' lang='grc' dir='ltr'><strong>Πτ</strong></span> 
     </span>
    </p>
   </div>
   <div class='ocr_carea' id='block_1_2' title="bbox 1450 294 2287 362">
    <p class='ocr_par' dir='ltr' id='par_1_2' title="bbox 1450 294 2287 362">
     <span class='ocr_line' id='line_1_2' title="bbox 1450 294 2287 362; baseline 0.002 -3"><span class='ocrx_word' id='word_1_2' title='bbox 1450 294 1827 362; x_wconf 71' lang='lat' dir='ltr'><strong>CONCILIUM</strong></span> <span class='ocrx_word' id='word_1_3' title='bbox 1867 300 2208 362; x_wconf 69' lang='lat' dir='ltr'><strong>ROMANUM</strong></span> <span class='ocrx_word' id='word_1_4' title='bbox 2230 302 2287 362; x_wconf 61' lang='lat' dir='ltr'><strong>&#39;I.</strong></span> 
     </span>
    </p>
   </div>
   <div class='ocr_carea' id='block_1_3' title="bbox 3370 319 3476 375">
    <p class='ocr_par' dir='ltr' id='par_1_3' title="bbox 3370 319 3476 375">
     <span class='ocr_line' id='line_1_3' title="bbox 3370 319 3476 375; baseline 0.028 -3"><span class='ocrx_word' id='word_1_5' title='bbox 3370 319 3476 375; x_wconf 62' lang='grc' dir='ltr'><strong>πθ</strong></span> 
     </span>
    </p>
   </div>
   <div class='ocr_carea' id='block_1_4' title="bbox 203 417 3476 508">
    <p class='ocr_par' dir='ltr' id='par_1_4' title="bbox 203 417 3476 508">
     <span class='ocr_line' id='line_1_4' title="bbox 203 417 3476 508; baseline 0.006 -39"><span class='ocrx_word' id='word_1_6' title='bbox 203 417 566 485; x_wconf 84' lang='lat' dir='ltr'><strong>tisl’acientes,</strong></span> <span class='ocrx_word' id='word_1_7' title='bbox 596 418 798 474; x_wconf 80' lang='lat' dir='ltr'><strong>divinis</strong></span> <span class='ocrx_word' id='word_1_8' title='bbox 821 418 1512 489; x_wconf 88' lang='lat' dir='ltr'><strong>sacramentisjudicantur</strong></span> <span class='ocrx_word' id='word_1_9' title='bbox 1544 420 1785 492; x_wconf 86' lang='lat' dir='ltr'><strong>indigni,</strong></span> <span class='ocrx_word' id='word_1_10' title='bbox 1820 423 1864 478; x_wconf 80' lang='grc' dir='ltr'><strong>Α</strong></span> <span class='ocrx_word' id='word_1_11' title='bbox 1889 421 2189 490; x_wconf 77' lang='lat' dir='ltr'><strong>perniciem</strong></span> <span class='ocrx_word' id='word_1_12' title='bbox 2213 422 2577 492; x_wconf 78' lang='lat' dir='ltr'><strong>depravantes</strong></span> <span class='ocrx_word' id='word_1_13' title='bbox 2602 423 2680 480; x_wconf 79' lang='lat' dir='ltr'><strong>ita</strong></span> <span class='ocrx_word' id='word_1_14' title='bbox 2714 429 3074 497; x_wconf 79' lang='lat' dir='ltr'><strong>pronuntiant</strong></span> <span class='ocrx_word' id='word_1_15' title='bbox 3100 451 3115 487; x_wconf 89' lang='lat'><strong>:</strong></span> <span class='ocrx_word' id='word_1_16' title='bbox 3151 433 3476 508; x_wconf 74' lang='lat' dir='ltr'><strong>Quicunque</strong></span> 
     </span>
    </p>
   </div>
   <div class='ocr_carea' id='block_1_5' title="bbox 200 509 1788 581">
    <p class='ocr_par' dir='ltr' id='par_1_5' title="bbox 200 509 1788 581">
     <span class='ocr_line' id='line_1_5' title="bbox 200 509 1788 581; baseline 0.004 -21"><span class='ocrx_word' id='word_1_17' title='bbox 200 509 621 579; x_wconf 84' lang='lat' dir='ltr'><strong>quanto‘magis</strong></span> <span class='ocrx_word' id='word_1_18' title='bbox 648 509 728 563; x_wconf 84' lang='lat' dir='ltr'><strong>illi</strong></span> <span class='ocrx_word' id='word_1_19' title='bbox 757 509 850 579; x_wconf 85' lang='lat' dir='ltr'><strong>qui</strong></span> <span class='ocrx_word' id='word_1_20' title='bbox 873 524 981 564; x_wconf 92' lang='lat' dir='ltr'><strong>non</strong></span> <span class='ocrx_word' id='word_1_21' title='bbox 1007 509 1293 580; x_wconf 72' lang='lat' dir='ltr'><strong>poenitere,</strong></span> <span class='ocrx_word' id='word_1_22' title='bbox 1324 511 1419 566; x_wconf 89' lang='lat' dir='ltr'><strong>sed</strong></span> <span class='ocrx_word' id='word_1_23' title='bbox 1444 512 1633 581; x_wconf 79' lang='lat' dir='ltr'><strong>culpas</strong></span> <span class='ocrx_word' id='word_1_24' title='bbox 1657 527 1788 567; x_wconf 88' lang='lat' dir='ltr'><strong>suas</strong></span> 
     </span>
    </p>
   </div>
   <div class='ocr_carea' id='block_1_6' title="bbox 194 597 1787 672">
    <p class='ocr_par' dir='ltr' id='par_1_6' title="bbox 194 597 1787 672">
     <span class='ocr_line' id='line_1_6' title="bbox 194 597 1787 672; baseline 0.007 -21"><span class='ocrx_word' id='word_1_25' title='bbox 194 597 527 667; x_wconf 77' lang='lat' dir='ltr'><strong>jamdudum</strong></span> <span class='ocrx_word' id='word_1_26' title='bbox 551 598 856 670; x_wconf 87' lang='lat' dir='ltr'><strong>publicatas</strong></span> <span class='ocrx_word' id='word_1_27' title='bbox 885 603 1237 672; x_wconf 75' lang='lat' dir='ltr'><strong>pertinaciter</strong></span> <span class='ocrx_word' id='word_1_28' title='bbox 1267 603 1556 660; x_wconf 79' lang='lat' dir='ltr'><strong>defendere</strong></span> <span class='ocrx_word' id='word_1_29' title='bbox 1582 621 1787 661; x_wconf 86' lang='lat' dir='ltr'><strong>conan-</strong></span> 
     </span>
    </p>
   </div>
   <div class='ocr_carea' id='block_1_7' title="bbox 199 689 1785 767">
    <p class='ocr_par' dir='ltr' id='par_1_7' title="bbox 199 689 1785 767">
     <span class='ocr_line' id='line_1_7' title="bbox 199 689 1785 767; baseline 0.008 -28"><span class='ocrx_word' id='word_1_30' title='bbox 199 695 307 753; x_wconf 91' lang='lat' dir='ltr'><strong>tur,</strong></span> <span class='ocrx_word' id='word_1_31' title='bbox 337 689 439 758; x_wconf 88' lang='lat' dir='ltr'><strong>qui</strong></span> <span class='ocrx_word' id='word_1_32' title='bbox 464 698 519 744; x_wconf 91' lang='lat' dir='ltr'><strong>et</strong></span> <span class='ocrx_word' id='word_1_33' title='bbox 551 691 828 745; x_wconf 90' lang='lat' dir='ltr'><strong>obstinato</strong></span> <span class='ocrx_word' id='word_1_34' title='bbox 859 692 1045 746; x_wconf 89' lang='lat' dir='ltr'><strong>animo</strong></span> <span class='ocrx_word' id='word_1_35' title='bbox 1082 693 1398 748; x_wconf 85' lang='lat' dir='ltr'><strong>resistentes</strong></span> <span class='ocrx_word' id='word_1_36' title='bbox 1438 695 1602 751; x_wconf 89' lang='lat' dir='ltr'><strong>etiam</strong></span> <span class='ocrx_word' id='word_1_37' title='bbox 1658 695 1785 767; x_wconf 90' lang='lat' dir='ltr'><strong>Spi-</strong></span> 
     </span>
    </p>
   </div>
   <div class='ocr_carea' id='block_1_8' title="bbox 196 779 1783 856">
    <p class='ocr_par' dir='ltr' id='par_1_8' title="bbox 196 779 1783 856">
     <span class='ocr_line' id='line_1_8' title="bbox 196 779 1783 856; baseline 0.007 -22"><span class='ocrx_word' id='word_1_38' title='bbox 196 779 366 834; x_wconf 88' lang='lat' dir='ltr'><strong>ritum</strong></span> <span class='ocrx_word' id='word_1_39' title='bbox 391 790 648 837; x_wconf 85' lang='lat' dir='ltr'><strong>sanctum</strong></span> <span class='ocrx_word' id='word_1_40' title='bbox 700 783 1081 854; x_wconf 86' lang='lat' dir='ltr'><strong>blasphemare</strong></span> <span class='ocrx_word' id='word_1_41' title='bbox 1116 787 1457 856; x_wconf 82' lang='lat' dir='ltr'><strong>probantur?</strong></span> <span class='ocrx_word' id='word_1_42' title='bbox 1515 791 1605 847; x_wconf 85' lang='lat' dir='ltr'><strong>Sic</strong></span> <span class='ocrx_word' id='word_1_43' title='bbox 1638 791 1783 845; x_wconf 88' lang='lat' dir='ltr'><strong>enim</strong></span> 
     </span>
    </p>
   </div>
   <div class='ocr_carea' id='block_1_9' title="bbox 194 868 1785 945">
    <p class='ocr_par' dir='ltr' id='par_1_9' title="bbox 194 868 1785 945">
     <span class='ocr_line' id='line_1_9' title="bbox 194 868 1785 945; baseline 0.009 -22"><span class='ocrx_word' id='word_1_44' title='bbox 194 868 390 925; x_wconf 84' lang='lat' dir='ltr'><strong>beatus</strong></span> <span class='ocrx_word' id='word_1_45' title='bbox 420 870 691 928; x_wconf 82' lang='lat' dir='ltr'><strong>Damasus</strong></span> <span class='ocrx_word' id='word_1_46' title='bbox 714 890 854 945; x_wconf 88' lang='lat' dir='ltr'><strong>papa</strong></span> <span class='ocrx_word' id='word_1_47' title='bbox 883 874 940 929; x_wconf 92' lang='lat' dir='ltr'><strong>in</strong></span> <span class='ocrx_word' id='word_1_48' title='bbox 976 876 1207 945; x_wconf 91' lang='lat' dir='ltr'><strong>epistola</strong></span> <span class='ocrx_word' id='word_1_49' title='bbox 1247 879 1314 933; x_wconf 90' lang='lat' dir='ltr'><strong>ad</strong></span> <span class='ocrx_word' id='word_1_50' title='bbox 1340 889 1588 936; x_wconf 90' lang='lat' dir='ltr'><strong>sanctum</strong></span> <span class='ocrx_word' id='word_1_51' title='bbox 1612 882 1785 937; x_wconf 88' lang='lat' dir='ltr'><strong>Aure-</strong></span> 
     </span>
    </p>
   </div>
   <div class='ocr_carea' id='block_1_10' title="bbox 195 962 1785 1041">
    <p class='ocr_par' dir='ltr' id='par_1_10' title="bbox 195 962 1785 1041">
     <span class='ocr_line' id='line_1_10' title="bbox 195 962 1785 1041; baseline 0.009 -25"><span class='ocrx_word' id='word_1_52' title='bbox 195 963 328 1017; x_wconf 85' lang='lat' dir='ltr'><strong>lium</strong></span> <span class='ocrx_word' id='word_1_53' title='bbox 350 962 845 1038; x_wconf 87' lang='lat' dir='ltr'><strong>Carthaginensem</strong></span> <span class='ocrx_word' id='word_1_54' title='bbox 872 968 1345 1041; x_wconf 87' lang='lat' dir='ltr'><strong>archiepiscopum</strong></span> <span class='ocrx_word' id='word_1_55' title='bbox 1373 982 1623 1029; x_wconf 88' lang='lat' dir='ltr'><strong>testatur.</strong></span> <span class='ocrx_word' id='word_1_56' title='bbox 1654 974 1785 1031; x_wconf 83' lang='lat' dir='ltr'><strong>Vio-</strong></span> 
     </span>
    </p>
   </div>
   <div class='ocr_carea' id='block_1_11' title="bbox 195 1054 1782 1136">
    <p class='ocr_par' dir='ltr' id='par_1_11' title="bbox 195 1054 1782 1136">
     <span class='ocr_line' id='line_1_11' title="bbox 195 1054 1782 1136; baseline 0.009 -29"><span class='ocrx_word' id='word_1_57' title='bbox 195 1054 420 1121; x_wconf 87' lang='lat' dir='ltr'><strong>latores,</strong></span> <span class='ocrx_word' id='word_1_58' title='bbox 449 1056 649 1127; x_wconf 90' lang='lat' dir='ltr'><strong>inquit,</strong></span> <span class='ocrx_word' id='word_1_59' title='bbox 683 1074 957 1115; x_wconf 88' lang='lat' dir='ltr'><strong>canonum</strong></span> <span class='ocrx_word' id='word_1_60' title='bbox 979 1062 1276 1118; x_wconf 84' lang='lat' dir='ltr'><strong>voluntarii</strong></span> <span class='ocrx_word' id='word_1_61' title='bbox 1308 1066 1546 1136; x_wconf 80' lang='lat' dir='ltr'><strong>graviter</strong></span> <span class='ocrx_word' id='word_1_62' title='bbox 1594 1082 1625 1121; x_wconf 93' lang='lat' dir='ltr'><strong>a</strong></span> <span class='ocrx_word' id='word_1_63' title='bbox 1652 1082 1782 1122; x_wconf 85' lang='lat' dir='ltr'><strong>san-</strong></span> 
     </span>
    </p>
   </div>
   <div class='ocr_carea' id='block_1_12' title="bbox 194 1144 1784 1227">
    <p class='ocr_par' dir='ltr' id='par_1_12' title="bbox 194 1144 1784 1227">
     <span class='ocr_line' id='line_1_12' title="bbox 194 1144 1784 1227; baseline 0.008 -28"><span class='ocrx_word' id='word_1_64' title='bbox 194 1145 295 1200; x_wconf 88' lang='lat' dir='ltr'><strong>ctis</strong></span> <span class='ocrx_word' id='word_1_65' title='bbox 316 1144 579 1201; x_wconf 84' lang='lat' dir='ltr'><strong>Patribus</strong></span> <span class='ocrx_word' id='word_1_66' title='bbox 602 1146 941 1218; x_wconf 89' lang='lat' dir='ltr'><strong>judicantur,</strong></span> <span class='ocrx_word' id='word_1_67' title='bbox 982 1160 1037 1207; x_wconf 91' lang='lat' dir='ltr'><strong>et</strong></span> <span class='ocrx_word' id='word_1_68' title='bbox 1062 1168 1092 1207; x_wconf 92' lang='lat' dir='ltr'><strong>a</strong></span> <span class='ocrx_word' id='word_1_69' title='bbox 1126 1151 1333 1223; x_wconf 90' lang='lat' dir='ltr'><strong>Spiritu</strong></span> <span class='ocrx_word' id='word_1_70' title='bbox 1383 1164 1593 1221; x_wconf 90' lang='lat' dir='ltr'><strong>sancto,</strong></span> <span class='ocrx_word' id='word_1_71' title='bbox 1626 1156 1784 1227; x_wconf 86' lang='lat' dir='ltr'><strong>cujus</strong></span> 
     </span>
    </p>
   </div>
   <div class='ocr_carea' id='block_1_13' title="bbox 168 1234 1782 1317">
    <p class='ocr_par' dir='ltr' id='par_1_13' title="bbox 168 1234 1782 1317">
     <span class='ocr_line' id='line_1_13' title="bbox 168 1234 1782 1317; baseline 0.009 -29"><span class='ocrx_word' id='word_1_72' title='bbox 168 1234 464 1291; x_wconf 79' lang='lat' dir='ltr'><strong>instinctu</strong></span> <span class='ocrx_word' id='word_1_73' title='bbox 489 1251 556 1291; x_wconf 88' lang='lat' dir='ltr'><strong>ac</strong></span> <span class='ocrx_word' id='word_1_74' title='bbox 582 1238 728 1293; x_wconf 90' lang='lat' dir='ltr'><strong>dono</strong></span> <span class='ocrx_word' id='word_1_75' title='bbox 761 1238 917 1295; x_wconf 88' lang='lat' dir='ltr'><strong>ditati</strong></span> <span class='ocrx_word' id='word_1_76' title='bbox 945 1250 1096 1308; x_wconf 87' lang='lat' dir='ltr'><strong>sunt,</strong></span> <span class='ocrx_word' id='word_1_77' title='bbox 1131 1243 1484 1311; x_wconf 86' lang='lat' dir='ltr'><strong>damnantur,</strong></span> <span class='ocrx_word' id='word_1_78' title='bbox 1518 1246 1782 1317; x_wconf 88' lang='lat' dir='ltr'><strong>quoniam</strong></span> 
     </span>
    </p>
   </div>
   <div class='ocr_carea' id='block_1_14' title="bbox 195 1328 1782 1412">
    <p class='ocr_par' dir='ltr' id='par_1_14' title="bbox 195 1328 1782 1412">
     <span class='ocr_line' id='line_1_14' title="bbox 195 1328 1782 1412; baseline 0.009 -31"><span class='ocrx_word' id='word_1_79' title='bbox 195 1328 580 1398; x_wconf 83' lang='lat' dir='ltr'><strong>blasphemare</strong></span> <span class='ocrx_word' id='word_1_80' title='bbox 626 1329 889 1401; x_wconf 87' lang='lat' dir='ltr'><strong>Spiritum</strong></span> <span class='ocrx_word' id='word_1_81' title='bbox 938 1343 1189 1390; x_wconf 88' lang='lat' dir='ltr'><strong>sanctum</strong></span> <span class='ocrx_word' id='word_1_82' title='bbox 1213 1352 1322 1392; x_wconf 92' lang='lat' dir='ltr'><strong>non</strong></span> <span class='ocrx_word' id='word_1_83' title='bbox 1369 1337 1670 1412; x_wconf 78' lang='lat' dir='ltr'><strong>incengrue</strong></span> <span class='ocrx_word' id='word_1_84' title='bbox 1697 1341 1782 1395; x_wconf 87' lang='lat' dir='ltr'><strong>vi-</strong></span> 
     </span>
    </p>
   </div>
   <div class='ocr_carea' id='block_1_15' title="bbox 194 1414 1782 1491">
    <p class='ocr_par' dir='ltr' id='par_1_15' title="bbox 194 1414 1782 1491">
     <span class='ocr_line' id='line_1_15' title="bbox 194 1414 1782 1491; baseline 0.01 -18"><span class='ocrx_word' id='word_1_85' title='bbox 194 1419 411 1486; x_wconf 88' lang='lat' dir='ltr'><strong>dentur,</strong></span> <span class='ocrx_word' id='word_1_86' title='bbox 447 1422 546 1491; x_wconf 89' lang='lat' dir='ltr'><strong>qui</strong></span> <span class='ocrx_word' id='word_1_87' title='bbox 576 1422 741 1476; x_wconf 87' lang='lat' dir='ltr'><strong>etiam</strong></span> <span class='ocrx_word' id='word_1_88' title='bbox 791 1414 980 1480; x_wconf 28' lang='lat' dir='ltr'><strong>cintra</strong></span> <span class='ocrx_word' id='word_1_89' title='bbox 1010 1436 1232 1484; x_wconf 88' lang='lat' dir='ltr'><strong>sanctos</strong></span> <span class='ocrx_word' id='word_1_90' title='bbox 1269 1445 1512 1487; x_wconf 86' lang='lat' dir='ltr'><strong>canones</strong></span> <span class='ocrx_word' id='word_1_91' title='bbox 1547 1448 1656 1488; x_wconf 89' lang='lat' dir='ltr'><strong>non</strong></span> <span class='ocrx_word' id='word_1_92' title='bbox 1686 1449 1782 1489; x_wconf 91' lang='lat' dir='ltr'><strong>ne-</strong></span> 
     </span>
    </p>
   </div>
   <div class='ocr_carea' id='block_1_16' title="bbox 196 1511 1780 1593">
    <p class='ocr_par' dir='ltr' id='par_1_16' title="bbox 196 1511 1780 1593">
     <span class='ocr_line' id='line_1_16' title="bbox 196 1511 1780 1593; baseline 0.01 -28"><span class='ocrx_word' id='word_1_93' title='bbox 196 1511 459 1566; x_wconf 78' lang='lat' dir='ltr'><strong>cessitate</strong></span> <span class='ocrx_word' id='word_1_94' title='bbox 489 1513 784 1583; x_wconf 85' lang='lat' dir='ltr'><strong>compulsi,</strong></span> <span class='ocrx_word' id='word_1_95' title='bbox 827 1515 923 1571; x_wconf 92' lang='lat' dir='ltr'><strong>sed</strong></span> <span class='ocrx_word' id='word_1_96' title='bbox 956 1517 1211 1586; x_wconf 88' lang='lat' dir='ltr'><strong>libenter,</strong></span> <span class='ocrx_word' id='word_1_97' title='bbox 1259 1531 1318 1576; x_wconf 91' lang='lat' dir='ltr'><strong>ut</strong></span> <span class='ocrx_word' id='word_1_98' title='bbox 1348 1523 1631 1593; x_wconf 72' lang='lat' dir='ltr'><strong>prmﬁxum</strong></span> <span class='ocrx_word' id='word_1_99' title='bbox 1674 1535 1780 1592; x_wconf 89' lang='lat' dir='ltr'><strong>est,</strong></span> 
     </span>
    </p>
   </div>
   <div class='ocr_carea' id='block_1_17' title="bbox 195 1600 1779 1687">
    <p class='ocr_par' dir='ltr' id='par_1_17' title="bbox 195 1600 1779 1687">
     <span class='ocr_line' id='line_1_17' title="bbox 195 1600 1779 1687; baseline 0.011 -30"><span class='ocrx_word' id='word_1_100' title='bbox 195 1604 396 1675; x_wconf 82' lang='lat' dir='ltr'><strong>aliquid</strong></span> <span class='ocrx_word' id='word_1_101' title='bbox 434 1600 534 1661; x_wconf 82' lang='lat' dir='ltr'><strong>aut</strong></span> <span class='ocrx_word' id='word_1_102' title='bbox 560 1618 809 1677; x_wconf 72' lang='lat' dir='ltr'><strong>proterve</strong></span> <span class='ocrx_word' id='word_1_103' title='bbox 839 1606 1031 1681; x_wconf 76' lang='lat' dir='ltr'><strong>&#39;aguut,</strong></span> <span class='ocrx_word' id='word_1_104' title='bbox 1082 1622 1179 1669; x_wconf 90' lang='lat' dir='ltr'><strong>aut</strong></span> <span class='ocrx_word' id='word_1_105' title='bbox 1225 1614 1375 1686; x_wconf 85' lang='lat' dir='ltr'><strong>loqui</strong></span> <span class='ocrx_word' id='word_1_106' title='bbox 1423 1623 1779 1687; x_wconf 71' lang='lat' dir='ltr'><strong>przesumunt,</strong></span> 
     </span>
    </p>
   </div>
   <div class='ocr_carea' id='block_1_18' title="bbox 194 1693 1782 1773">
    <p class='ocr_par' dir='ltr' id='par_1_18' title="bbox 194 1693 1782 1773">
     <span class='ocr_line' id='line_1_18' title="bbox 194 1693 1782 1773; baseline 0.013 -25"><span class='ocrx_word' id='word_1_107' title='bbox 194 1705 286 1749; x_wconf 88' lang='lat' dir='ltr'><strong>aut</strong></span> <span class='ocrx_word' id='word_1_108' title='bbox 329 1693 519 1751; x_wconf 79' lang='lat' dir='ltr'><strong>facere</strong></span> <span class='ocrx_word' id='word_1_109' title='bbox 572 1697 883 1755; x_wconf 83' lang='lat' dir='ltr'><strong>volentibus</strong></span> <span class='ocrx_word' id='word_1_110' title='bbox 922 1712 1140 1773; x_wconf 69' lang='lat' dir='ltr'><strong>&#39;sponte</strong></span> <span class='ocrx_word' id='word_1_111' title='bbox 1210 1706 1579 1764; x_wconf 88' lang='lat' dir='ltr'><strong>consentiunt.</strong></span> <span class='ocrx_word' id='word_1_112' title='bbox 1644 1709 1782 1768; x_wconf 78' lang='lat' dir='ltr'><strong>falis</strong></span> 
     </span>
    </p>
   </div>
   <div class='ocr_carea' id='block_1_19' title="bbox 192 1784 1784 1867">
    <p class='ocr_par' dir='ltr' id='par_1_19' title="bbox 192 1784 1784 1867">
     <span class='ocr_line' id='line_1_19' title="bbox 192 1784 1784 1867; baseline 0.013 -30"><span class='ocrx_word' id='word_1_113' title='bbox 192 1784 338 1839; x_wconf 79' lang='lat' dir='ltr'><strong>enim</strong></span> <span class='ocrx_word' id='word_1_114' title='bbox 380 1788 746 1858; x_wconf 60' lang='lat' dir='ltr'><strong>praesumptio</strong></span> <span class='ocrx_word' id='word_1_115' title='bbox 780 1789 1072 1847; x_wconf 82' lang='lat' dir='ltr'><strong>manifeste</strong></span> <span class='ocrx_word' id='word_1_116' title='bbox 1117 1809 1289 1849; x_wconf 90' lang='lat' dir='ltr'><strong>unum</strong></span> <span class='ocrx_word' id='word_1_117' title='bbox 1334 1811 1507 1867; x_wconf 89' lang='lat' dir='ltr'><strong>genus</strong></span> <span class='ocrx_word' id='word_1_118' title='bbox 1530 1809 1613 1855; x_wconf 87' lang='lat' dir='ltr'><strong>est</strong></span> <span class='ocrx_word' id='word_1_119' title='bbox 1664 1801 1784 1856; x_wconf 87' lang='lat' dir='ltr'><strong>bla-</strong></span> 
     </span>
    </p>
   </div>
   <div class='ocr_carea' id='block_1_20' title="bbox 193 1879 1803 1973">
    <p class='ocr_par' dir='ltr' id='par_1_20' title="bbox 193 1879 1803 1973">
     <span class='ocr_line' id='line_1_20' title="bbox 193 1879 1803 1973; baseline 0.014 -43"><span class='ocrx_word' id='word_1_120' title='bbox 193 1879 609 1947; x_wconf 87' lang='lat' dir='ltr'><strong>sphemantium</strong></span> <span class='ocrx_word' id='word_1_121' title='bbox 647 1879 914 1952; x_wconf 88' lang='lat' dir='ltr'><strong>Spiritum</strong></span> <span class='ocrx_word' id='word_1_122' title='bbox 950 1895 1224 1955; x_wconf 90' lang='lat' dir='ltr'><strong>sanctum,</strong></span> <span class='ocrx_word' id='word_1_123' title='bbox 1250 1891 1537 1973; x_wconf 81' lang='lat' dir='ltr'><strong>quoniam,</strong></span> <span class='ocrx_word' id='word_1_124' title='bbox 1584 1904 1644 1950; x_wconf 94' lang='lat' dir='ltr'><strong>ut</strong></span> <span class='ocrx_word' id='word_1_125' title='bbox 1669 1895 1803 1966; x_wconf 87' lang='lat' dir='ltr'><strong>jam</strong></span> 
     </span>
    </p>
   </div>
   <div class='ocr_carea' id='block_1_21' title="bbox 193 1970 1786 2058">
    <p class='ocr_par' dir='ltr' id='par_1_21' title="bbox 193 1970 1786 2058">
     <span class='ocr_line' id='line_1_21' title="bbox 193 1970 1786 2058; baseline 0.012 -33"><span class='ocrx_word' id='word_1_126' title='bbox 193 1970 537 2039; x_wconf 64' lang='lat' dir='ltr'><strong>praelibatum</strong></span> <span class='ocrx_word' id='word_1_127' title='bbox 560 1981 665 2040; x_wconf 91' lang='lat' dir='ltr'><strong>est,</strong></span> <span class='ocrx_word' id='word_1_128' title='bbox 688 1984 881 2031; x_wconf 89' lang='lat' dir='ltr'><strong>contra</strong></span> <span class='ocrx_word' id='word_1_129' title='bbox 936 1992 1061 2032; x_wconf 89' lang='lat' dir='ltr'><strong>eum</strong></span> <span class='ocrx_word' id='word_1_130' title='bbox 1088 1980 1217 2051; x_wconf 88' lang='lat' dir='ltr'><strong>agit,</strong></span> <span class='ocrx_word' id='word_1_131' title='bbox 1246 1982 1405 2053; x_wconf 90' lang='lat' dir='ltr'><strong>cujus</strong></span> <span class='ocrx_word' id='word_1_132' title='bbox 1428 1970 1554 2041; x_wconf 88' lang='lat' dir='ltr'><strong>nisu</strong></span> <span class='ocrx_word' id='word_1_133' title='bbox 1584 1995 1639 2041; x_wconf 88' lang='lat' dir='ltr'><strong>et</strong></span> <span class='ocrx_word' id='word_1_134' title='bbox 1662 2003 1786 2058; x_wconf 88' lang='lat' dir='ltr'><strong>gra-</strong></span> 
     </span>
    </p>
   </div>
   <div class='ocr_carea' id='block_1_22' title="bbox 194 2063 1805 2147">
    <p class='ocr_par' dir='ltr' id='par_1_22' title="bbox 194 2063 1805 2147">
     <span class='ocr_line' id='line_1_22' title="bbox 194 2063 1805 2147; baseline 0.012 -32"><span class='ocrx_word' id='word_1_135' title='bbox 194 2063 263 2117; x_wconf 90' lang='lat' dir='ltr'><strong>tia</strong></span> <span class='ocrx_word' id='word_1_136' title='bbox 287 2063 455 2118; x_wconf 89' lang='lat' dir='ltr'><strong>iidem</strong></span> <span class='ocrx_word' id='word_1_137' title='bbox 494 2065 673 2121; x_wconf 83' lang='lat' dir='ltr'><strong>sancti</strong></span> <span class='ocrx_word' id='word_1_138' title='bbox 709 2067 952 2126; x_wconf 82' lang='lat' dir='ltr'><strong>canones</strong></span> <span class='ocrx_word' id='word_1_139' title='bbox 986 2069 1119 2125; x_wconf 63' lang='lat' dir='ltr'><strong>suut&#39;</strong></span> <span class='ocrx_word' id='word_1_140' title='bbox 1135 2073 1285 2128; x_wconf 90' lang='lat' dir='ltr'><strong>editi.</strong></span> <span class='ocrx_word' id='word_1_141' title='bbox 1339 2073 1528 2147; x_wconf 91' lang='lat' dir='ltr'><strong>Itaque</strong></span> <span class='ocrx_word' id='word_1_142' title='bbox 1568 2078 1646 2133; x_wconf 92' lang='lat' dir='ltr'><strong>illi</strong></span> <span class='ocrx_word' id='word_1_143' title='bbox 1691 2074 1805 2134; x_wconf 41' lang='lat' dir='ltr'><strong>sa?</strong></span> 
     </span>
    </p>
   </div>
   <div class='ocr_carea' id='block_1_23' title="bbox 191 2149 1785 2232">
    <p class='ocr_par' dir='ltr' id='par_1_23' title="bbox 191 2149 1785 2232">
     <span class='ocr_line' id='line_1_23' title="bbox 191 2149 1785 2232; baseline 0.012 -23"><span class='ocrx_word' id='word_1_144' title='bbox 191 2156 462 2224; x_wconf 75' lang='lat' dir='ltr'><strong>cerdotes,‘</strong></span> <span class='ocrx_word' id='word_1_145' title='bbox 488 2149 584 2228; x_wconf 78' lang='lat' dir='ltr'><strong>qui</strong></span> <span class='ocrx_word' id='word_1_146' title='bbox 616 2168 727 2215; x_wconf 90' lang='lat' dir='ltr'><strong>tam</strong></span> <span class='ocrx_word' id='word_1_147' title='bbox 756 2162 1099 2232; x_wconf 78' lang='lat' dir='ltr'><strong>gravissimis</strong></span> <span class='ocrx_word' id='word_1_148' title='bbox 1121 2167 1449 2227; x_wconf 85' lang='lat' dir='ltr'><strong>criminibus</strong></span> <span class='ocrx_word' id='word_1_149' title='bbox 1483 2178 1613 2229; x_wconf 84' lang='lat' dir='ltr'><strong>sunt</strong></span> <span class='ocrx_word' id='word_1_150' title='bbox 1646 2174 1785 2228; x_wconf 87' lang='lat' dir='ltr'><strong>obli-</strong></span> 
     </span>
    </p>
   </div>
   <div class='ocr_carea' id='block_1_24' title="bbox 189 2248 1785 2322">
    <p class='ocr_par' dir='ltr' id='par_1_24' title="bbox 189 2248 1785 2322">
     <span class='ocr_line' id='line_1_24' title="bbox 189 2248 1785 2322; baseline 0.014 -22"><span class='ocrx_word' id='word_1_151' title='bbox 189 2249 322 2318; x_wconf 84' lang='lat' dir='ltr'><strong>gati,</strong></span> <span class='ocrx_word' id='word_1_152' title='bbox 355 2250 602 2321; x_wconf 49' lang='lat' dir='ltr'><strong>imo&#39;qui</strong></span> <span class='ocrx_word' id='word_1_153' title='bbox 632 2268 733 2322; x_wconf 90' lang='lat' dir='ltr'><strong>pro</strong></span> <span class='ocrx_word' id='word_1_154' title='bbox 749 2251 957 2311; x_wconf 86' lang='lat' dir='ltr'><strong>eisdem</strong></span> <span class='ocrx_word' id='word_1_155' title='bbox 1000 2248 1302 2315; x_wconf 85' lang='lat' dir='ltr'><strong>secundum</strong></span> <span class='ocrx_word' id='word_1_156' title='bbox 1326 2264 1594 2321; x_wconf 89' lang='lat' dir='ltr'><strong>canonica</strong></span> <span class='ocrx_word' id='word_1_157' title='bbox 1626 2267 1785 2322; x_wconf 92' lang='lat' dir='ltr'><strong>insti-</strong></span> 
     </span>
    </p>
   </div>
   <div class='ocr_carea' id='block_1_25' title="bbox 188 2340 1783 2427">
    <p class='ocr_par' dir='ltr' id='par_1_25' title="bbox 188 2340 1783 2427">
     <span class='ocr_line' id='line_1_25' title="bbox 188 2340 1783 2427; baseline 0.015 -35"><span class='ocrx_word' id='word_1_158' title='bbox 188 2348 304 2394; x_wconf 88' lang='lat' dir='ltr'><strong>tuta</strong></span> <span class='ocrx_word' id='word_1_159' title='bbox 325 2340 445 2410; x_wconf 89' lang='lat' dir='ltr'><strong>jam</strong></span> <span class='ocrx_word' id='word_1_160' title='bbox 477 2353 611 2398; x_wconf 87' lang='lat' dir='ltr'><strong>sunt</strong></span> <span class='ocrx_word' id='word_1_161' title='bbox 634 2344 902 2415; x_wconf 85' lang='lat' dir='ltr'><strong>damnati,</strong></span> <span class='ocrx_word' id='word_1_162' title='bbox 930 2340 1244 2409; x_wconf 82' lang='lat' dir='ltr'><strong>nullatenus</strong></span> <span class='ocrx_word' id='word_1_163' title='bbox 1272 2353 1378 2410; x_wconf 92' lang='lat' dir='ltr'><strong>nisi</strong></span> <span class='ocrx_word' id='word_1_164' title='bbox 1408 2355 1463 2409; x_wconf 90' lang='lat' dir='ltr'><strong>in</strong></span> <span class='ocrx_word' id='word_1_165' title='bbox 1484 2357 1783 2427; x_wconf 89' lang='lat' dir='ltr'><strong>perniciem</strong></span> 
     </span>
    </p>
   </div>
   <div class='ocr_carea' id='block_1_26' title="bbox 190 2434 1784 2529">
    <p class='ocr_par' dir='ltr' id='par_1_26' title="bbox 190 2434 1784 2529">
     <span class='ocr_line' id='line_1_26' title="bbox 190 2434 1784 2529; baseline 0.014 -45"><span class='ocrx_word' id='word_1_166' title='bbox 190 2446 348 2485; x_wconf 87' lang='lat' dir='ltr'><strong>suam</strong></span> <span class='ocrx_word' id='word_1_167' title='bbox 374 2434 695 2491; x_wconf 77' lang='lat' dir='ltr'><strong>sacriﬁcare</strong></span> <span class='ocrx_word' id='word_1_168' title='bbox 717 2447 981 2507; x_wconf 87' lang='lat' dir='ltr'><strong>possunt.</strong></span> <span class='ocrx_word' id='word_1_169' title='bbox 1038 2438 1195 2497; x_wconf 89' lang='lat' dir='ltr'><strong>Unde</strong></span> <span class='ocrx_word' id='word_1_170' title='bbox 1228 2452 1283 2499; x_wconf 91' lang='lat' dir='ltr'><strong>et</strong></span> <span class='ocrx_word' id='word_1_171' title='bbox 1318 2445 1395 2529; x_wconf 66' lang='lat' dir='ltr'><strong>illi</strong></span> <span class='ocrx_word' id='word_1_172' title='bbox 1432 2462 1543 2503; x_wconf 90' lang='lat' dir='ltr'><strong>non</strong></span> <span class='ocrx_word' id='word_1_173' title='bbox 1588 2465 1784 2519; x_wconf 88' lang='lat' dir='ltr'><strong>parum</strong></span> 
     </span>
    </p>
   </div>
   <div class='ocr_carea' id='block_1_27' title="bbox 188 2522 1782 2612">
    <p class='ocr_par' dir='ltr' id='par_1_27' title="bbox 188 2522 1782 2612">
     <span class='ocr_line' id='line_1_27' title="bbox 188 2522 1782 2612; baseline 0.014 -36"><span class='ocrx_word' id='word_1_174' title='bbox 188 2522 743 2599; x_wconf 67' lang='lat' dir='ltr'><strong>deliqueruntIfa&#39;rte,</strong></span> <span class='ocrx_word' id='word_1_175' title='bbox 777 2530 1197 2608; x_wconf 87' lang='lat' dir='ltr'><strong>delinquerent],</strong></span> <span class='ocrx_word' id='word_1_176' title='bbox 1228 2522 1542 2611; x_wconf 73' lang='lat' dir='ltr'><strong>quicunque</strong></span> <span class='ocrx_word' id='word_1_177' title='bbox 1568 2542 1704 2612; x_wconf 84' lang='lat' dir='ltr'><strong>ipsis</strong></span> <span class='ocrx_word' id='word_1_178' title='bbox 1727 2544 1782 2598; x_wconf 90' lang='lat' dir='ltr'><strong>in</strong></span> 
     </span>
    </p>
   </div>
   <div class='ocr_carea' id='block_1_28' title="bbox 189 2616 1783 2704">
    <p class='ocr_par' dir='ltr' id='par_1_28' title="bbox 189 2616 1783 2704">
     <span class='ocr_line' id='line_1_28' title="bbox 189 2616 1783 2704; baseline 0.015 -36"><span class='ocrx_word' id='word_1_179' title='bbox 189 2616 469 2685; x_wconf 88' lang='lat' dir='ltr'><strong>propriam</strong></span> <span class='ocrx_word' id='word_1_180' title='bbox 494 2634 686 2674; x_wconf 85' lang='lat' dir='ltr'><strong>necem</strong></span> <span class='ocrx_word' id='word_1_181' title='bbox 713 2622 1025 2679; x_wconf 78' lang='lat' dir='ltr'><strong>sacrificare</strong></span> <span class='ocrx_word' id='word_1_182' title='bbox 1052 2631 1448 2699; x_wconf 87' lang='lat' dir='ltr'><strong>usurpautibus</strong></span> <span class='ocrx_word' id='word_1_183' title='bbox 1473 2648 1570 2704; x_wconf 88' lang='lat' dir='ltr'><strong>per</strong></span> <span class='ocrx_word' id='word_1_184' title='bbox 1595 2636 1783 2693; x_wconf 84' lang='lat' dir='ltr'><strong>solitas</strong></span> 
     </span>
    </p>
   </div>
   <div class='ocr_carea' id='block_1_29' title="bbox 190 2707 1784 2795">
    <p class='ocr_par' dir='ltr' id='par_1_29' title="bbox 190 2707 1784 2795">
     <span class='ocr_line' id='line_1_29' title="bbox 190 2707 1784 2795; baseline 0.014 -35"><span class='ocrx_word' id='word_1_185' title='bbox 190 2707 585 2775; x_wconf 81' lang='lat' dir='ltr'><strong>responsiones</strong></span> <span class='ocrx_word' id='word_1_186' title='bbox 611 2710 666 2764; x_wconf 91' lang='lat' dir='ltr'><strong>in</strong></span> <span class='ocrx_word' id='word_1_187' title='bbox 690 2713 867 2768; x_wconf 86' lang='lat' dir='ltr'><strong>missa</strong></span> <span class='ocrx_word' id='word_1_188' title='bbox 895 2715 1134 2773; x_wconf 90' lang='lat' dir='ltr'><strong>scienter</strong></span> <span class='ocrx_word' id='word_1_189' title='bbox 1164 2723 1451 2792; x_wconf 89' lang='lat' dir='ltr'><strong>cooperari</strong></span> <span class='ocrx_word' id='word_1_190' title='bbox 1484 2739 1784 2795; x_wconf 65' lang='lat' dir='ltr'><strong>praesume-</strong></span> 
     </span>
    </p>
   </div>
   <div class='ocr_carea' id='block_1_30' title="bbox 189 2796 1780 2891">
    <p class='ocr_par' dir='ltr' id='par_1_30' title="bbox 189 2796 1780 2891">
     <span class='ocr_line' id='line_1_30' title="bbox 189 2796 1780 2891; baseline 0.012 -39"><span class='ocrx_word' id='word_1_191' title='bbox 189 2805 325 2853; x_wconf 77' lang='lat' dir='ltr'><strong>rent.</strong></span> <span class='ocrx_word' id='word_1_192' title='bbox 383 2796 509 2853; x_wconf 82' lang='lat' dir='ltr'><strong>Non</strong></span> <span class='ocrx_word' id='word_1_193' title='bbox 557 2801 707 2856; x_wconf 88' lang='lat' dir='ltr'><strong>enim</strong></span> <span class='ocrx_word' id='word_1_194' title='bbox 743 2818 844 2873; x_wconf 93' lang='lat' dir='ltr'><strong>pro</strong></span> <span class='ocrx_word' id='word_1_195' title='bbox 890 2814 1065 2882; x_wconf 79' lang='lat' dir='ltr'><strong>parvo</strong></span> <span class='ocrx_word' id='word_1_196' title='bbox 1101 2809 1333 2891; x_wconf 82' lang='lat' dir='ltr'><strong>crimine</strong></span> <span class='ocrx_word' id='word_1_197' title='bbox 1356 2812 1684 2891; x_wconf 83' lang='lat' dir='ltr'><strong>haberetur,</strong></span> <span class='ocrx_word' id='word_1_198' title='bbox 1736 2817 1780 2871; x_wconf 89' lang='lat' dir='ltr'><strong>si</strong></span> 
     </span>
    </p>
   </div>
   <div class='ocr_carea' id='block_1_31' title="bbox 187 2884 1780 2962">
    <p class='ocr_par' dir='ltr' id='par_1_31' title="bbox 187 2884 1780 2962">
     <span class='ocr_line' id='line_1_31' title="bbox 187 2884 1780 2962; baseline 0.014 -22"><span class='ocrx_word' id='word_1_199' title='bbox 187 2888 312 2958; x_wconf 88' lang='lat' dir='ltr'><strong>quis</strong></span> <span class='ocrx_word' id='word_1_200' title='bbox 326 2889 504 2944; x_wconf 85' lang='lat' dir='ltr'><strong>alicui</strong></span> <span class='ocrx_word' id='word_1_201' title='bbox 536 2884 781 2962; x_wconf 84' lang='lat' dir='ltr'><strong>seipsum</strong></span> <span class='ocrx_word' id='word_1_202' title='bbox 807 2892 1104 2953; x_wconf 83' lang='lat' dir='ltr'><strong>crudeliter</strong></span> <span class='ocrx_word' id='word_1_203' title='bbox 1123 2884 1392 2957; x_wconf 82' lang='lat' dir='ltr'><strong>occidenti</strong></span> <span class='ocrx_word' id='word_1_204' title='bbox 1424 2885 1660 2961; x_wconf 86' lang='lat' dir='ltr'><strong>scienter</strong></span> <span class='ocrx_word' id='word_1_205' title='bbox 1684 2921 1780 2962; x_wconf 87' lang='lat' dir='ltr'><strong>co-</strong></span> 
     </span>
    </p>
   </div>
   <div class='ocr_carea' id='block_1_32' title="bbox 188 2982 1780 3068">
    <p class='ocr_par' dir='ltr' id='par_1_32' title="bbox 188 2982 1780 3068">
     <span class='ocr_line' id='line_1_32' title="bbox 188 2982 1780 3068; baseline 0.013 -35"><span class='ocrx_word' id='word_1_206' title='bbox 188 2990 534 3049; x_wconf 87' lang='lat' dir='ltr'><strong>operaretur.</strong></span> <span class='ocrx_word' id='word_1_207' title='bbox 567 2982 989 3054; x_wconf 82' lang='lat' dir='ltr'><strong>Sapientissime</strong></span> <span class='ocrx_word' id='word_1_208' title='bbox 1026 3003 1159 3061; x_wconf 89' lang='lat' dir='ltr'><strong>ergo</strong></span> <span class='ocrx_word' id='word_1_209' title='bbox 1186 2992 1273 3047; x_wconf 87' lang='lat' dir='ltr'><strong>vir</strong></span> <span class='ocrx_word' id='word_1_210' title='bbox 1321 2996 1656 3064; x_wconf 84' lang='lat' dir='ltr'><strong>apostolicus</strong></span> <span class='ocrx_word' id='word_1_211' title='bbox 1679 3013 1780 3068; x_wconf 88' lang='lat' dir='ltr'><strong>po-</strong></span> 
     </span>
    </p>
   </div>
   <div class='ocr_carea' id='block_1_33' title="bbox 186 3070 1861 3175">
    <p class='ocr_par' dir='ltr' id='par_1_33' title="bbox 186 3070 1861 3175">
     <span class='ocr_line' id='line_1_33' title="bbox 186 3070 1861 3175; baseline 0.013 -52"><span class='ocrx_word' id='word_1_212' title='bbox 186 3070 375 3140; x_wconf 83' lang='lat' dir='ltr'><strong>pulum</strong></span> <span class='ocrx_word' id='word_1_213' title='bbox 403 3072 725 3142; x_wconf 85' lang='lat' dir='ltr'><strong>hujusmodi</strong></span> <span class='ocrx_word' id='word_1_214' title='bbox 748 3088 1207 3169; x_wconf 64' lang='lat' dir='ltr'><strong>prmsumptorum</strong></span> <span class='ocrx_word' id='word_1_215' title='bbox 1228 3084 1861 3175; x_wconf 71' lang='lat' dir='ltr'><strong>usurpatioitibttsin--C</strong></span> 
     </span>
    </p>
   </div>
   <div class='ocr_carea' id='block_1_34' title="bbox 188 3162 1777 3249">
    <p class='ocr_par' dir='ltr' id='par_1_34' title="bbox 188 3162 1777 3249">
     <span class='ocr_line' id='line_1_34' title="bbox 188 3162 1777 3249; baseline 0.013 -34"><span class='ocrx_word' id='word_1_216' title='bbox 188 3168 393 3217; x_wconf 84' lang='lat' dir='ltr'><strong>teresse</strong></span> <span class='ocrx_word' id='word_1_217' title='bbox 415 3165 719 3245; x_wconf 83' lang='lat' dir='ltr'><strong>prohibuit,</strong></span> <span class='ocrx_word' id='word_1_218' title='bbox 739 3162 877 3237; x_wconf 79' lang='lat' dir='ltr'><strong>quas</strong></span> <span class='ocrx_word' id='word_1_219' title='bbox 896 3184 1007 3225; x_wconf 87' lang='lat' dir='ltr'><strong>non</strong></span> <span class='ocrx_word' id='word_1_220' title='bbox 1030 3172 1209 3227; x_wconf 90' lang='lat' dir='ltr'><strong>solum</strong></span> <span class='ocrx_word' id='word_1_221' title='bbox 1228 3168 1550 3234; x_wconf 86' lang='lat' dir='ltr'><strong>ductoribus</strong></span> <span class='ocrx_word' id='word_1_222' title='bbox 1564 3194 1777 3249; x_wconf 89' lang='lat' dir='ltr'><strong>eorum,</strong></span> 
     </span>
    </p>
   </div>
   <div class='ocr_carea' id='block_1_35' title="bbox 188 3252 1777 3342">
    <p class='ocr_par' dir='ltr' id='par_1_35' title="bbox 188 3252 1777 3342">
     <span class='ocr_line' id='line_1_35' title="bbox 188 3252 1777 3342; baseline 0.013 -34"><span class='ocrx_word' id='word_1_223' title='bbox 188 3254 282 3310; x_wconf 84' lang='lat' dir='ltr'><strong>sed</strong></span> <span class='ocrx_word' id='word_1_224' title='bbox 304 3253 363 3311; x_wconf 75' lang='lat' dir='ltr'><strong>’et</strong></span> <span class='ocrx_word' id='word_1_225' title='bbox 382 3252 783 3327; x_wconf 84' lang='lat' dir='ltr'><strong>receptoribus,</strong></span> <span class='ocrx_word' id='word_1_226' title='bbox 815 3263 1158 3331; x_wconf 89' lang='lat' dir='ltr'><strong>perniciosas</strong></span> <span class='ocrx_word' id='word_1_227' title='bbox 1187 3281 1309 3322; x_wconf 90' lang='lat' dir='ltr'><strong>esse</strong></span> <span class='ocrx_word' id='word_1_228' title='bbox 1326 3283 1438 3324; x_wconf 89' lang='lat' dir='ltr'><strong>non</strong></span> <span class='ocrx_word' id='word_1_229' title='bbox 1485 3271 1777 3342; x_wconf 85' lang='lat' dir='ltr'><strong>ignoravit.</strong></span> 
     </span>
    </p>
   </div>
   <div class='ocr_carea' id='block_1_36' title="bbox 190 3342 1802 3441">
    <p class='ocr_par' dir='ltr' id='par_1_36' title="bbox 190 3342 1802 3441">
     <span class='ocr_line' id='line_1_36' title="bbox 190 3342 1802 3441; baseline 0.015 -40"><span class='ocrx_word' id='word_1_230' title='bbox 190 3342 281 3401; x_wconf 85' lang='lat' dir='ltr'><strong>Sic</strong></span> <span class='ocrx_word' id='word_1_231' title='bbox 300 3349 453 3402; x_wconf 89' lang='lat' dir='ltr'><strong>enim</strong></span> <span class='ocrx_word' id='word_1_232' title='bbox 468 3346 586 3418; x_wconf 87' lang='lat' dir='ltr'><strong>ipse</strong></span> <span class='ocrx_word' id='word_1_233' title='bbox 608 3342 877 3407; x_wconf 79' lang='lat' dir='ltr'><strong>Dominus</strong></span> <span class='ocrx_word' id='word_1_234' title='bbox 893 3370 923 3424; x_wconf 83' lang='lat' dir='ltr'><strong>a</strong></span> <span class='ocrx_word' id='word_1_235' title='bbox 941 3353 1327 3429; x_wconf 76' lang='lat' dir='ltr'><strong>core&#39;ejusque</strong></span> <span class='ocrx_word' id='word_1_236' title='bbox 1342 3363 1802 3441; x_wconf 50' lang='lat' dir='ltr'><strong>sequacibusjsa¥</strong></span> 
     </span>
    </p>
   </div>
   <div class='ocr_carea' id='block_1_37' title="bbox 185 3436 1781 3524">
    <p class='ocr_par' dir='ltr' id='par_1_37' title="bbox 185 3436 1781 3524">
     <span class='ocr_line' id='line_1_37' title="bbox 185 3436 1781 3524; baseline 0.014 -32"><span class='ocrx_word' id='word_1_237' title='bbox 185 3436 755 3497; x_wconf 22' lang='lat' dir='ltr'><strong>cﬁﬁcandioﬂiéium‘</strong></span> <span class='ocrx_word' id='word_1_238' title='bbox 799 3447 1196 3516; x_wconf 88' lang='lat' dir='ltr'><strong>usurpantibus</strong></span> <span class='ocrx_word' id='word_1_239' title='bbox 1216 3451 1461 3524; x_wconf 88' lang='lat' dir='ltr'><strong>reliquos</strong></span> <span class='ocrx_word' id='word_1_240' title='bbox 1514 3436 1781 3513; x_wconf 9' lang='lat' dir='ltr'><strong>ﬁliosrls-</strong></span> 
     </span>
    </p>
   </div>
   <div class='ocr_carea' id='block_1_38' title="bbox 190 3530 1783 3609">
    <p class='ocr_par' dir='ltr' id='par_1_38' title="bbox 190 3530 1783 3609">
     <span class='ocr_line' id='line_1_38' title="bbox 190 3530 1783 3609; baseline 0.013 -26"><span class='ocrx_word' id='word_1_241' title='bbox 190 3530 301 3584; x_wconf 79' lang='lat' dir='ltr'><strong>rael</strong></span> <span class='ocrx_word' id='word_1_242' title='bbox 335 3531 627 3587; x_wconf 85' lang='lat' dir='ltr'><strong>discedere</strong></span> <span class='ocrx_word' id='word_1_243' title='bbox 651 3535 928 3606; x_wconf 73' lang='lat' dir='ltr'><strong>praecepit,</strong></span> <span class='ocrx_word' id='word_1_244' title='bbox 954 3553 1023 3593; x_wconf 90' lang='lat' dir='ltr'><strong>ne</strong></span> <span class='ocrx_word' id='word_1_245' title='bbox 1057 3541 1300 3609; x_wconf 87' lang='lat' dir='ltr'><strong>peccatis</strong></span> <span class='ocrx_word' id='word_1_246' title='bbox 1324 3558 1514 3600; x_wconf 89' lang='lat' dir='ltr'><strong>eorum</strong></span> <span class='ocrx_word' id='word_1_247' title='bbox 1540 3545 1783 3602; x_wconf 79' lang='lat' dir='ltr'><strong>involve-</strong></span> 
     </span>
    </p>
   </div>
   <div class='ocr_carea' id='block_1_39' title="bbox 188 3621 1782 3704">
    <p class='ocr_par' dir='ltr' id='par_1_39' title="bbox 188 3621 1782 3704">
     <span class='ocr_line' id='line_1_39' title="bbox 188 3621 1782 3704; baseline 0.014 -32"><span class='ocrx_word' id='word_1_248' title='bbox 188 3631 397 3687; x_wconf 86' lang='lat' dir='ltr'><strong>rentur,</strong></span> <span class='ocrx_word' id='word_1_249' title='bbox 420 3621 616 3691; x_wconf 87' lang='lat' dir='ltr'><strong>sicque</strong></span> <span class='ocrx_word' id='word_1_250' title='bbox 639 3624 1020 3697; x_wconf 85' lang='lat' dir='ltr'><strong>crudelissima</strong></span> <span class='ocrx_word' id='word_1_251' title='bbox 1051 3636 1227 3700; x_wconf 70' lang='lat' dir='ltr'><strong>marte</strong></span> <span class='ocrx_word' id='word_1_252' title='bbox 1249 3642 1374 3704; x_wconf 81' lang='lat' dir='ltr'><strong>cum</strong></span> <span class='ocrx_word' id='word_1_253' title='bbox 1397 3634 1602 3692; x_wconf 77' lang='lat' dir='ltr'><strong>eiSdem</strong></span> <span class='ocrx_word' id='word_1_254' title='bbox 1626 3638 1782 3693; x_wconf 89' lang='lat' dir='ltr'><strong>dam-</strong></span> 
     </span>
    </p>
   </div>
   <div class='ocr_carea' id='block_1_40' title="bbox 186 3710 1785 3794">
    <p class='ocr_par' dir='ltr' id='par_1_40' title="bbox 186 3710 1785 3794">
     <span class='ocr_line' id='line_1_40' title="bbox 186 3710 1785 3794; baseline 0.013 -31"><span class='ocrx_word' id='word_1_255' title='bbox 186 3711 302 3764; x_wconf 83' lang='lat' dir='ltr'><strong>n&#39;ari</strong></span> <span class='ocrx_word' id='word_1_256' title='bbox 325 3712 335 3751; x_wconf 72' lang='grc' dir='ltr'>ἶ</span> <span class='ocrx_word' id='word_1_257' title='bbox 357 3710 737 3791; x_wconf 80' lang='lat' dir='ltr'><strong>mererentur.</strong></span> <span class='ocrx_word' id='word_1_258' title='bbox 769 3713 907 3771; x_wconf 90' lang='lat' dir='ltr'><strong>Nam</strong></span> <span class='ocrx_word' id='word_1_259' title='bbox 951 3718 1056 3787; x_wconf 89' lang='lat' dir='ltr'><strong>ipsi</strong></span> <span class='ocrx_word' id='word_1_260' title='bbox 1091 3719 1499 3794; x_wconf 61' lang='lat' dir='ltr'><strong>haresiarcbm,</strong></span> <span class='ocrx_word' id='word_1_261' title='bbox 1532 3729 1785 3786; x_wconf 84' lang='lat' dir='ltr'><strong>videlicet</strong></span> 
     </span>
    </p>
   </div>
   <div class='ocr_carea' id='block_1_41' title="bbox 184 3798 1801 3881">
    <p class='ocr_par' dir='ltr' id='par_1_41' title="bbox 184 3798 1801 3881">
     <span class='ocr_line' id='line_1_41' title="bbox 184 3798 1801 3881; baseline 0.014 -27"><span class='ocrx_word' id='word_1_262' title='bbox 184 3798 340 3865; x_wconf 84' lang='lat' dir='ltr'><strong>Core,</strong></span> <span class='ocrx_word' id='word_1_263' title='bbox 366 3800 612 3868; x_wconf 87' lang='lat' dir='ltr'><strong>Dathan,</strong></span> <span class='ocrx_word' id='word_1_264' title='bbox 631 3813 694 3858; x_wconf 85' lang='lat' dir='ltr'><strong>et</strong></span> <span class='ocrx_word' id='word_1_265' title='bbox 718 3803 944 3873; x_wconf 79' lang='lat' dir='ltr'><strong>Abiron,</strong></span> <span class='ocrx_word' id='word_1_266' title='bbox 969 3823 1095 3863; x_wconf 86' lang='lat' dir='ltr'><strong>cum</strong></span> <span class='ocrx_word' id='word_1_267' title='bbox 1122 3810 1376 3869; x_wconf 87' lang='lat' dir='ltr'><strong>universa</strong></span> <span class='ocrx_word' id='word_1_268' title='bbox 1390 3830 1590 3881; x_wconf 84' lang='lat' dir='ltr'><strong>eorum</strong></span> <span class='ocrx_word' id='word_1_269' title='bbox 1621 3820 1801 3875; x_wconf 76' lang='lat' dir='ltr'><strong>subs-&#39;</strong></span> 
     </span>
    </p>
   </div>
   <div class='ocr_carea' id='block_1_42' title="bbox 185 3892 1801 3978">
    <p class='ocr_par' dir='ltr' id='par_1_42' title="bbox 185 3892 1801 3978">
     <span class='ocr_line' id='line_1_42' title="bbox 185 3892 1801 3978; baseline 0.014 -33"><span class='ocrx_word' id='word_1_270' title='bbox 185 3892 355 3946; x_wconf 78' lang='lat' dir='ltr'><strong>lautia</strong></span> <span class='ocrx_word' id='word_1_271' title='bbox 380 3892 494 3947; x_wconf 84' lang='lat' dir='ltr'><strong>vivi</strong></span> <span class='ocrx_word' id='word_1_272' title='bbox 519 3894 587 3948; x_wconf 88' lang='lat' dir='ltr'><strong>ad</strong></span> <span class='ocrx_word' id='word_1_273' title='bbox 619 3894 901 3952; x_wconf 82' lang='lat' dir='ltr'><strong>infernum</strong></span> <span class='ocrx_word' id='word_1_274' title='bbox 931 3913 997 3953; x_wconf 75' lang='lat' dir='ltr'><strong>ex</strong></span> <span class='ocrx_word' id='word_1_275' title='bbox 1026 3899 1326 3969; x_wconf 87' lang='lat' dir='ltr'><strong>improviso</strong></span> <span class='ocrx_word' id='word_1_276' title='bbox 1350 3898 1801 3978; x_wconf 39' lang='lat' dir='ltr'><strong>descenderunta</strong></span> 
     </span>
    </p>
   </div>
   <div class='ocr_carea' id='block_1_43' title="bbox 184 3978 1781 4071">
    <p class='ocr_par' dir='ltr' id='par_1_43' title="bbox 184 3978 1781 4071">
     <span class='ocr_line' id='line_1_43' title="bbox 184 3978 1781 4071; baseline 0.015 -36"><span class='ocrx_word' id='word_1_277' title='bbox 184 3999 455 4055; x_wconf 83' lang='lat' dir='ltr'><strong>sequaces</strong></span> <span class='ocrx_word' id='word_1_278' title='bbox 484 4001 620 4041; x_wconf 86' lang='lat' dir='ltr'><strong>vero</strong></span> <span class='ocrx_word' id='word_1_279' title='bbox 668 4002 860 4043; x_wconf 88' lang='lat' dir='ltr'><strong>eorum</strong></span> <span class='ocrx_word' id='word_1_280' title='bbox 895 4006 991 4060; x_wconf 81' lang='lat' dir='ltr'><strong>per</strong></span> <span class='ocrx_word' id='word_1_281' title='bbox 1024 3989 1203 4064; x_wconf 86' lang='lat' dir='ltr'><strong>ignem</strong></span> <span class='ocrx_word' id='word_1_282' title='bbox 1243 4010 1273 4049; x_wconf 93' lang='lat' dir='ltr'><strong>a</strong></span> <span class='ocrx_word' id='word_1_283' title='bbox 1307 3978 1535 4054; x_wconf 78' lang='lat' dir='ltr'><strong>Domino</strong></span> <span class='ocrx_word' id='word_1_284' title='bbox 1564 4004 1781 4071; x_wconf 90' lang='lat' dir='ltr'><strong>penitus</strong></span> 
     </span>
    </p>
   </div>
   <div class='ocr_carea' id='block_1_44' title="bbox 184 4077 1783 4163">
    <p class='ocr_par' dir='ltr' id='par_1_44' title="bbox 184 4077 1783 4163">
     <span class='ocr_line' id='line_1_44' title="bbox 184 4077 1783 4163; baseline 0.012 -33"><span class='ocrx_word' id='word_1_285' title='bbox 184 4077 437 4131; x_wconf 85' lang='lat' dir='ltr'><strong>comburi</strong></span> <span class='ocrx_word' id='word_1_286' title='bbox 494 4088 820 4135; x_wconf 86' lang='lat' dir='ltr'><strong>meruerunt</strong></span> <span class='ocrx_word' id='word_1_287' title='bbox 870 4080 1068 4151; x_wconf 85' lang='lat' dir='ltr'><strong>(Num.</strong></span> <span class='ocrx_word' id='word_1_288' title='bbox 1131 4086 1272 4156; x_wconf 71' lang='lat' dir='ltr'><strong>xw).</strong></span> <span class='ocrx_word' id='word_1_289' title='bbox 1321 4085 1529 4144; x_wconf 86' lang='lat' dir='ltr'><strong>Horum</strong></span> <span class='ocrx_word' id='word_1_290' title='bbox 1598 4092 1783 4163; x_wconf 88' lang='lat' dir='ltr'><strong>itaque</strong></span> 
     </span>
    </p>
   </div>
   <div class='ocr_carea' id='block_1_45' title="bbox 185 4169 1783 4254">
    <p class='ocr_par' dir='ltr' id='par_1_45' title="bbox 185 4169 1783 4254">
     <span class='ocr_line' id='line_1_45' title="bbox 185 4169 1783 4254; baseline 0.011 -31"><span class='ocrx_word' id='word_1_291' title='bbox 185 4169 538 4225; x_wconf 86' lang='lat' dir='ltr'><strong>subitaneam</strong></span> <span class='ocrx_word' id='word_1_292' title='bbox 564 4180 620 4225; x_wconf 89' lang='lat' dir='ltr'><strong>et</strong></span> <span class='ocrx_word' id='word_1_293' title='bbox 641 4172 1079 4253; x_wconf 81' lang='lat' dir='ltr'><strong>crudelissimam</strong></span> <span class='ocrx_word' id='word_1_294' title='bbox 1104 4178 1370 4254; x_wconf 86' lang='lat' dir='ltr'><strong>ultionem</strong></span> <span class='ocrx_word' id='word_1_295' title='bbox 1395 4179 1473 4235; x_wconf 91' lang='lat' dir='ltr'><strong>illi</strong></span> <span class='ocrx_word' id='word_1_296' title='bbox 1499 4181 1783 4254; x_wconf 80' lang='lat' dir='ltr'><strong>diligenter</strong></span> 
     </span>
    </p>
   </div>
   <div class='ocr_carea' id='block_1_46' title="bbox 184 4252 1781 4345">
    <p class='ocr_par' dir='ltr' id='par_1_46' title="bbox 184 4252 1781 4345">
     <span class='ocr_line' id='line_1_46' title="bbox 184 4252 1781 4345; baseline 0.011 -32"><span class='ocrx_word' id='word_1_297' title='bbox 184 4261 492 4325; x_wconf 85' lang='lat' dir='ltr'><strong>attendant,</strong></span> <span class='ocrx_word' id='word_1_298' title='bbox 528 4262 633 4341; x_wconf 86' lang='lat' dir='ltr'><strong>qui</strong></span> <span class='ocrx_word' id='word_1_299' title='bbox 678 4272 871 4318; x_wconf 89' lang='lat' dir='ltr'><strong>contra</strong></span> <span class='ocrx_word' id='word_1_300' title='bbox 900 4252 1201 4334; x_wconf 81' lang='lat' dir='ltr'><strong>apestolica</strong></span> <span class='ocrx_word' id='word_1_301' title='bbox 1256 4270 1528 4345; x_wconf 72' lang='lat' dir='ltr'><strong>praecepta</strong></span> <span class='ocrx_word' id='word_1_302' title='bbox 1556 4252 1781 4329; x_wconf 74' lang='lat' dir='ltr'><strong>interdi-</strong></span> 
     </span>
    </p>
   </div>
   <div class='ocr_carea' id='block_1_47' title="bbox 184 4336 1782 4421">
    <p class='ocr_par' dir='ltr' id='par_1_47' title="bbox 184 4336 1782 4421">
     <span class='ocr_line' id='line_1_47' title="bbox 184 4336 1782 4421; baseline 0.009 -16"><span class='ocrx_word' id='word_1_303' title='bbox 184 4358 330 4405; x_wconf 87' lang='lat' dir='ltr'><strong>ctum</strong></span> <span class='ocrx_word' id='word_1_304' title='bbox 357 4351 467 4405; x_wconf 88' lang='lat' dir='ltr'><strong>sibi</strong></span> <span class='ocrx_word' id='word_1_305' title='bbox 496 4336 839 4408; x_wconf 78' lang='lat' dir='ltr'><strong>sacerdotale</strong></span> <span class='ocrx_word' id='word_1_306' title='bbox 882 4353 1126 4413; x_wconf 82' lang='lat' dir='ltr'><strong>ofﬁcium</strong></span> <span class='ocrx_word' id='word_1_307' title='bbox 1152 4336 1453 4416; x_wconf 44' lang='lat' dir='ltr'><strong>obstinata—</strong></span> <span class='ocrx_word' id='word_1_308' title='bbox 1478 4345 1782 4421; x_wconf 74' lang='lat' dir='ltr'><strong>temeritate</strong></span> 
     </span>
    </p>
   </div>
   <div class='ocr_carea' id='block_1_48' title="bbox 188 4442 1784 4523">
    <p class='ocr_par' dir='ltr' id='par_1_48' title="bbox 188 4442 1784 4523">
     <span class='ocr_line' id='line_1_48' title="bbox 188 4442 1784 4523; baseline 0.01 -28"><span class='ocrx_word' id='word_1_309' title='bbox 188 4442 491 4514; x_wconf 83' lang='lat' dir='ltr'><strong>usurpant;</strong></span> <span class='ocrx_word' id='word_1_310' title='bbox 531 4459 633 4523; x_wconf 86' lang='lat' dir='ltr'><strong>nec</strong></span> <span class='ocrx_word' id='word_1_311' title='bbox 702 4445 881 4502; x_wconf 82' lang='lat' dir='ltr'><strong>otiose</strong></span> <span class='ocrx_word' id='word_1_312' title='bbox 926 4457 1157 4506; x_wconf 86' lang='lat' dir='ltr'><strong>mortem</strong></span> <span class='ocrx_word' id='word_1_313' title='bbox 1211 4450 1369 4509; x_wconf 66' lang='lat' dir='ltr'><strong>Oscae</strong></span> <span class='ocrx_word' id='word_1_314' title='bbox 1413 4456 1784 4523; x_wconf 89' lang='lat' dir='ltr'><strong>considerent,</strong></span> 
     </span>
    </p>
   </div>
   <div class='ocr_carea' id='block_1_49' title="bbox 187 4522 1781 4605">
    <p class='ocr_par' dir='ltr' id='par_1_49' title="bbox 187 4522 1781 4605">
     <span class='ocr_line' id='line_1_49' title="bbox 187 4522 1781 4605; baseline 0.013 -20"><span class='ocrx_word' id='word_1_315' title='bbox 187 4535 301 4603; x_wconf 90' lang='lat' dir='ltr'><strong>qui,</strong></span> <span class='ocrx_word' id='word_1_316' title='bbox 324 4549 454 4589; x_wconf 89' lang='lat' dir='ltr'><strong>cum</strong></span> <span class='ocrx_word' id='word_1_317' title='bbox 480 4522 652 4591; x_wconf 74' lang='lat' dir='ltr'><strong>David</strong></span> <span class='ocrx_word' id='word_1_318' title='bbox 678 4552 866 4593; x_wconf 86' lang='lat' dir='ltr'><strong>arcam</strong></span> <span class='ocrx_word' id='word_1_319' title='bbox 888 4538 1107 4596; x_wconf 85' lang='lat' dir='ltr'><strong>Domini</strong></span> <span class='ocrx_word' id='word_1_320' title='bbox 1133 4542 1200 4598; x_wconf 90' lang='lat' dir='ltr'><strong>de</strong></span> <span class='ocrx_word' id='word_1_321' title='bbox 1233 4541 1528 4603; x_wconf 87' lang='lat' dir='ltr'><strong>Pbilistiim</strong></span> <span class='ocrx_word' id='word_1_322' title='bbox 1560 4548 1618 4603; x_wconf 90' lang='lat' dir='ltr'><strong>in</strong></span> <span class='ocrx_word' id='word_1_323' title='bbox 1639 4564 1781 4605; x_wconf 88' lang='lat' dir='ltr'><strong>novo</strong></span> 
     </span>
    </p>
   </div>
   <div class='ocr_carea' id='block_1_50' title="bbox 187 4616 1781 4706">
    <p class='ocr_par' dir='ltr' id='par_1_50' title="bbox 187 4616 1781 4706">
     <span class='ocr_line' id='line_1_50' title="bbox 187 4616 1781 4706; baseline 0.009 -26"><span class='ocrx_word' id='word_1_324' title='bbox 187 4626 436 4696; x_wconf 84' lang='lat' dir='ltr'><strong>plaustro</strong></span> <span class='ocrx_word' id='word_1_325' title='bbox 460 4616 773 4694; x_wconf 80' lang='lat' dir='ltr'><strong>reduceret,</strong></span> <span class='ocrx_word' id='word_1_326' title='bbox 806 4646 837 4686; x_wconf 93' lang='lat' dir='ltr'><strong>a</strong></span> <span class='ocrx_word' id='word_1_327' title='bbox 864 4629 1099 4689; x_wconf 80' lang='lat' dir='ltr'><strong>Domin’o</strong></span> <span class='ocrx_word' id='word_1_328' title='bbox 1128 4649 1427 4704; x_wconf 89' lang='lat' dir='ltr'><strong>percussus</strong></span> <span class='ocrx_word' id='word_1_329' title='bbox 1466 4639 1692 4706; x_wconf 88' lang='lat' dir='ltr'><strong>interiit,</strong></span> <span class='ocrx_word' id='word_1_330' title='bbox 1715 4656 1781 4695; x_wconf 82' lang='lat' dir='ltr'><strong>eo</strong></span> 
     </span>
    </p>
   </div>
   <div class='ocr_carea' id='block_1_51' title="bbox 187 4719 1799 4801">
    <p class='ocr_par' dir='ltr' id='par_1_51' title="bbox 187 4719 1799 4801">
     <span class='ocr_line' id='line_1_51' title="bbox 187 4719 1799 4801; baseline 0.011 -29"><span class='ocrx_word' id='word_1_331' title='bbox 187 4719 332 4789; x_wconf 88' lang='lat' dir='ltr'><strong>quod</strong></span> <span class='ocrx_word' id='word_1_332' title='bbox 381 4735 603 4801; x_wconf 79' lang='lat' dir='ltr'><strong>arcam,</strong></span> <span class='ocrx_word' id='word_1_333' title='bbox 650 4721 780 4797; x_wconf 85' lang='lat' dir='ltr'><strong>licet</strong></span> <span class='ocrx_word' id='word_1_334' title='bbox 803 4722 917 4793; x_wconf 90' lang='lat' dir='ltr'><strong>jam</strong></span> <span class='ocrx_word' id='word_1_335' title='bbox 948 4739 1227 4793; x_wconf 85' lang='lat' dir='ltr'><strong>casuram,</strong></span> <span class='ocrx_word' id='word_1_336' title='bbox 1260 4736 1426 4784; x_wconf 86' lang='lat' dir='ltr'><strong>manu</strong></span> <span class='ocrx_word' id='word_1_337' title='bbox 1472 4739 1799 4789; x_wconf 84' lang='lat' dir='ltr'><strong>sustentare‘</strong></span> 
     </span>
    </p>
   </div>
   <div class='ocr_carea' id='block_1_52' title="bbox 188 4806 1782 4893">
    <p class='ocr_par' dir='ltr' id='par_1_52' title="bbox 188 4806 1782 4893">
     <span class='ocr_line' id='line_1_52' title="bbox 188 4806 1782 4893; baseline 0.009 -26"><span class='ocrx_word' id='word_1_338' title='bbox 188 4806 625 4882; x_wconf 68' lang='lat' dir='ltr'><strong>praesumpserit.</strong></span> <span class='ocrx_word' id='word_1_339' title='bbox 654 4812 712 4867; x_wconf 89' lang='lat' dir='ltr'><strong>Si</strong></span> <span class='ocrx_word' id='word_1_340' title='bbox 736 4815 881 4870; x_wconf 87' lang='lat' dir='ltr'><strong>enim</strong></span> <span class='ocrx_word' id='word_1_341' title='bbox 906 4816 996 4871; x_wconf 90' lang='lat' dir='ltr'><strong>ille</strong></span> <span class='ocrx_word' id='word_1_342' title='bbox 1024 4818 1222 4873; x_wconf 86' lang='lat' dir='ltr'><strong>merito</strong></span> <span class='ocrx_word' id='word_1_343' title='bbox 1266 4820 1428 4890; x_wconf 89' lang='lat' dir='ltr'><strong>periit</strong></span> <span class='ocrx_word' id='word_1_344' title='bbox 1451 4822 1546 4893; x_wconf 90' lang='lat' dir='ltr'><strong>qui</strong></span> <span class='ocrx_word' id='word_1_345' title='bbox 1578 4833 1782 4880; x_wconf 86' lang='lat' dir='ltr'><strong>temere</strong></span> 
     </span>
    </p>
   </div>
   <div class='ocr_carea' id='block_1_53' title="bbox 187 4901 1801 4996">
    <p class='ocr_par' dir='ltr' id='par_1_53' title="bbox 187 4901 1801 4996">
     <span class='ocr_line' id='line_1_53' title="bbox 187 4901 1801 4996; baseline 0.009 -42"><span class='ocrx_word' id='word_1_346' title='bbox 187 4901 435 4970; x_wconf 83' lang='lat' dir='ltr'><strong>quidem,</strong></span> <span class='ocrx_word' id='word_1_347' title='bbox 463 4904 560 4958; x_wconf 89' lang='lat' dir='ltr'><strong>sed</strong></span> <span class='ocrx_word' id='word_1_348' title='bbox 584 4902 837 4984; x_wconf 74' lang='lat' dir='ltr'><strong>benigne,</strong></span> <span class='ocrx_word' id='word_1_349' title='bbox 876 4920 1061 4962; x_wconf 89' lang='lat' dir='ltr'><strong>arcam</strong></span> <span class='ocrx_word' id='word_1_350' title='bbox 1094 4907 1552 4996; x_wconf 72' lang='lat' dir='ltr'><strong>Domini‘tantu’m</strong></span> <span class='ocrx_word' id='word_1_351' title='bbox 1586 4904 1801 4985; x_wconf 41' lang='lat' dir='ltr'><strong>tetigitf</strong></span> 
     </span>
    </p>
   </div>
   <div class='ocr_carea' id='block_1_54' title="bbox 187 4994 1795 5075">
    <p class='ocr_par' dir='ltr' id='par_1_54' title="bbox 187 4994 1795 5075">
     <span class='ocr_line' id='line_1_54' title="bbox 187 4994 1795 5075; baseline 0.007 -28"><span class='ocrx_word' id='word_1_352' title='bbox 187 5001 400 5075; x_wconf 81' lang='lat' dir='ltr'><strong>quanto</strong></span> <span class='ocrx_word' id='word_1_353' title='bbox 434 4994 612 5065; x_wconf 89' lang='lat' dir='ltr'><strong>magis</strong></span> <span class='ocrx_word' id='word_1_354' title='bbox 655 4994 869 5067; x_wconf 46' lang='lat' dir='ltr'><strong>illevqui</strong></span> <span class='ocrx_word' id='word_1_355' title='bbox 904 5006 1097 5054; x_wconf 92' lang='lat' dir='ltr'><strong>contra</strong></span> <span class='ocrx_word' id='word_1_356' title='bbox 1136 4998 1219 5054; x_wconf 83' lang='lat' dir='ltr'><strong>fas</strong></span> <span class='ocrx_word' id='word_1_357' title='bbox 1240 5008 1296 5056; x_wconf 90' lang='lat' dir='ltr'><strong>et</strong></span> <span class='ocrx_word' id='word_1_358' title='bbox 1321 4994 1628 5072; x_wconf 81' lang='lat' dir='ltr'><strong>jusipsum</strong></span> <span class='ocrx_word' id='word_1_359' title='bbox 1654 5006 1795 5059; x_wconf 52' lang='grc' dir='ltr'><strong>σοι’-κ</strong></span> 
     </span>
    </p>
   </div>
   <div class='ocr_carea' id='block_1_55' title="bbox 186 5080 1781 5173">
    <p class='ocr_par' dir='ltr' id='par_1_55' title="bbox 186 5080 1781 5173">
     <span class='ocr_line' id='line_1_55' title="bbox 186 5080 1781 5173; baseline 0.009 -38"><span class='ocrx_word' id='word_1_360' title='bbox 186 5098 289 5152; x_wconf 90' lang='lat' dir='ltr'><strong>pus</strong></span> <span class='ocrx_word' id='word_1_361' title='bbox 324 5082 552 5138; x_wconf 88' lang='lat' dir='ltr'><strong>Domini</strong></span> <span class='ocrx_word' id='word_1_362' title='bbox 605 5080 948 5144; x_wconf 78' lang='lat' dir='ltr'><strong>contrectare</strong></span> <span class='ocrx_word' id='word_1_363' title='bbox 980 5084 1197 5170; x_wconf 79' lang='lat' dir='ltr'><strong>Sibique</strong></span> <span class='ocrx_word' id='word_1_364' title='bbox 1251 5091 1603 5173; x_wconf 81' lang='lat' dir='ltr'><strong>incorporare</strong></span> <span class='ocrx_word' id='word_1_365' title='bbox 1645 5110 1781 5165; x_wconf 70' lang='lat' dir='ltr'><strong>prte-</strong></span> 
     </span>
    </p>
   </div>
   <div class='ocr_carea' id='block_1_56' title="bbox 185 5173 1205 5228">
    <p class='ocr_par' dir='ltr' id='par_1_56' title="bbox 185 5173 1205 5228">
     <span class='ocr_line' id='line_1_56' title="bbox 185 5173 1205 5228; baseline 0.005 -2"><span class='ocrx_word' id='word_1_366' title='bbox 185 5173 357 5227; x_wconf 83' lang='lat' dir='ltr'><strong>sumit</strong></span> <span class='ocrx_word' id='word_1_367' title='bbox 387 5173 686 5228; x_wconf 61' lang='lat' dir='ltr'><strong>indignus?</strong></span> <span class='ocrx_word' id='word_1_368' title='bbox 1120 5190 1125 5193; x_wconf 73' lang='lat'><em>‘</em></span> <span class='ocrx_word' id='word_1_369' title='bbox 1202 5198 1205 5205; x_wconf 60' lang='grc' dir='ltr'><em>ν</em></span> 
     </span>
    </p>
   </div>
   <div class='ocr_carea' id='block_1_57' title="bbox 1888 509 3473 593">
    <p class='ocr_par' dir='ltr' id='par_1_57' title="bbox 1888 509 3473 593">
     <span class='ocr_line' id='line_1_57' title="bbox 1888 509 3473 593; baseline 0.011 -27"><span class='ocrx_word' id='word_1_370' title='bbox 1888 511 2227 566; x_wconf 71' lang='lat' dir='ltr'><strong>recusaverit</strong></span> <span class='ocrx_word' id='word_1_371' title='bbox 2256 509 2483 569; x_wconf 77' lang='lat' dir='ltr'><strong>missam</strong></span> <span class='ocrx_word' id='word_1_372' title='bbox 2529 510 3157 593; x_wconf 59' lang='lat' dir='ltr'><strong>coniugathpreshyteri»,</strong></span> <span class='ocrx_word' id='word_1_373' title='bbox 3182 527 3473 585; x_wconf 73' lang='lat' dir='ltr'><strong>anathema</strong></span> 
     </span>
    </p>
   </div>
   <div class='ocr_carea' id='block_1_58' title="bbox 1887 596 3472 671">
    <p class='ocr_par' dir='ltr' id='par_1_58' title="bbox 1887 596 3472 671">
     <span class='ocr_line' id='line_1_58' title="bbox 1887 596 3472 671; baseline 0.011 -15"><span class='ocrx_word' id='word_1_374' title='bbox 1887 600 1986 666; x_wconf 87' lang='lat' dir='ltr'><strong>sit,</strong></span> <span class='ocrx_word' id='word_1_375' title='bbox 2019 596 2272 656; x_wconf 83' lang='lat' dir='ltr'><strong>videlicet</strong></span> <span class='ocrx_word' id='word_1_376' title='bbox 2315 609 2378 656; x_wconf 90' lang='lat' dir='ltr'><strong>ut</strong></span> <span class='ocrx_word' id='word_1_377' title='bbox 2414 616 2511 658; x_wconf 87' lang='lat' dir='ltr'><strong>eos</strong></span> <span class='ocrx_word' id='word_1_378' title='bbox 2553 606 3043 666; x_wconf 83' lang='lat' dir='ltr'><strong>anathematizatos</strong></span> <span class='ocrx_word' id='word_1_379' title='bbox 3090 610 3223 669; x_wconf 80' lang='lat' dir='ltr'><strong>esse</strong></span> <span class='ocrx_word' id='word_1_380' title='bbox 3239 614 3472 671; x_wconf 86' lang='lat' dir='ltr'><strong>demon-</strong></span> 
     </span>
    </p>
   </div>
   <div class='ocr_carea' id='block_1_59' title="bbox 1886 693 3471 764">
    <p class='ocr_par' dir='ltr' id='par_1_59' title="bbox 1886 693 3471 764">
     <span class='ocr_line' id='line_1_59' title="bbox 1886 693 3471 764; baseline 0.011 -16"><span class='ocrx_word' id='word_1_381' title='bbox 1886 698 2064 748; x_wconf 83' lang='lat' dir='ltr'><strong>strent</strong></span> <span class='ocrx_word' id='word_1_382' title='bbox 2091 693 2188 763; x_wconf 93' lang='lat' dir='ltr'><strong>qui</strong></span> <span class='ocrx_word' id='word_1_383' title='bbox 2229 696 2548 764; x_wconf 85' lang='lat' dir='ltr'><strong>apostolicis</strong></span> <span class='ocrx_word' id='word_1_384' title='bbox 2570 698 2857 757; x_wconf 83' lang='lat' dir='ltr'><strong>institutis</strong></span> <span class='ocrx_word' id='word_1_385' title='bbox 2878 702 3438 764; x_wconf 66' lang='lat' dir='ltr'><strong>obedientesinconti</strong></span> <span class='ocrx_word' id='word_1_386' title='bbox 3454 734 3471 751; x_wconf 77' lang='grc' dir='ltr'><strong><em>ο</em></strong></span> 
     </span>
    </p>
   </div>
   <div class='ocr_carea' id='block_1_60' title="bbox 1885 778 3470 863">
    <p class='ocr_par' dir='ltr' id='par_1_60' title="bbox 1885 778 3470 863">
     <span class='ocr_line' id='line_1_60' title="bbox 1885 778 3470 863; baseline 0.012 -27"><span class='ocrx_word' id='word_1_387' title='bbox 1885 784 2134 838; x_wconf 90' lang='lat' dir='ltr'><strong>nentium</strong></span> <span class='ocrx_word' id='word_1_388' title='bbox 2163 778 2520 841; x_wconf 73' lang='lat' dir='ltr'><strong>sacerdOtu&#39;m’</strong></span> <span class='ocrx_word' id='word_1_389' title='bbox 2530 789 2734 846; x_wconf 76' lang='lat' dir='ltr'><strong>missas</strong></span> <span class='ocrx_word' id='word_1_390' title='bbox 2751 791 2992 863; x_wconf 78' lang='lat' dir='ltr'><strong>recipere</strong></span> <span class='ocrx_word' id='word_1_391' title='bbox 3011 792 3334 854; x_wconf 83' lang='lat' dir='ltr'><strong>detrectant.</strong></span> <span class='ocrx_word' id='word_1_392' title='bbox 3361 797 3470 855; x_wconf 76' lang='lat' dir='ltr'><strong>Sed</strong></span> 
     </span>
    </p>
   </div>
   <div class='ocr_carea' id='block_1_61' title="bbox 1884 870 3473 952">
    <p class='ocr_par' dir='ltr' id='par_1_61' title="bbox 1884 870 3473 952">
     <span class='ocr_line' id='line_1_61' title="bbox 1884 870 3473 952; baseline 0.013 -26"><span class='ocrx_word' id='word_1_393' title='bbox 1884 870 2120 940; x_wconf 82' lang='lat' dir='ltr'><strong>frustra;</strong></span> <span class='ocrx_word' id='word_1_394' title='bbox 2158 889 2288 929; x_wconf 88' lang='lat' dir='ltr'><strong>nam</strong></span> <span class='ocrx_word' id='word_1_395' title='bbox 2336 877 2657 946; x_wconf 64' lang='lat' dir='ltr'><strong>pradietum</strong></span> <span class='ocrx_word' id='word_1_396' title='bbox 2710 891 2878 952; x_wconf 90' lang='lat' dir='ltr'><strong>caput</strong></span> <span class='ocrx_word' id='word_1_397' title='bbox 2927 883 3052 940; x_wconf 82' lang='lat' dir='ltr'><strong>illos</strong></span> <span class='ocrx_word' id='word_1_398' title='bbox 3077 880 3301 944; x_wconf 78' lang='lat' dir='ltr'><strong>tantum</strong></span> <span class='ocrx_word' id='word_1_399' title='bbox 3334 902 3473 947; x_wconf 55' lang='lat' dir='ltr'><strong>ana-ﬁ</strong></span> 
     </span>
    </p>
   </div>
   <div class='ocr_carea' id='block_1_62' title="bbox 1884 966 3472 1049">
    <p class='ocr_par' dir='ltr' id='par_1_62' title="bbox 1884 966 3472 1049">
     <span class='ocr_line' id='line_1_62' title="bbox 1884 966 3472 1049; baseline 0.013 -30"><span class='ocrx_word' id='word_1_400' title='bbox 1884 966 2204 1023; x_wconf 80' lang='lat' dir='ltr'><strong>thematizat</strong></span> <span class='ocrx_word' id='word_1_401' title='bbox 2227 968 2323 1039; x_wconf 91' lang='lat' dir='ltr'><strong>qui</strong></span> <span class='ocrx_word' id='word_1_402' title='bbox 2344 981 2612 1040; x_wconf 83' lang='lat' dir='ltr'><strong>respuunt</strong></span> <span class='ocrx_word' id='word_1_403' title='bbox 2633 975 2935 1047; x_wconf 84' lang='lat' dir='ltr'><strong>presbyteri</strong></span> <span class='ocrx_word' id='word_1_404' title='bbox 2969 972 3324 1049; x_wconf 83' lang='lat' dir='ltr'><strong>oblationem,</strong></span> <span class='ocrx_word' id='word_1_405' title='bbox 3355 994 3472 1039; x_wconf 81' lang='lat' dir='ltr'><strong>non</strong></span> 
     </span>
    </p>
   </div>
   <div class='ocr_carea' id='block_1_63' title="bbox 1884 1057 3463 1137">
    <p class='ocr_par' dir='ltr' id='par_1_63' title="bbox 1884 1057 3463 1137">
     <span class='ocr_line' id='line_1_63' title="bbox 1884 1057 3463 1137; baseline 0.011 -27"><span class='ocrx_word' id='word_1_406' title='bbox 1884 1057 1978 1127; x_wconf 92' lang='lat' dir='ltr'><strong>qui</strong></span> <span class='ocrx_word' id='word_1_407' title='bbox 2005 1058 2172 1113; x_wconf 89' lang='lat' dir='ltr'><strong>modo</strong></span> <span class='ocrx_word' id='word_1_408' title='bbox 2204 1059 2390 1127; x_wconf 84' lang='lat' dir='ltr'><strong>habet,</strong></span> <span class='ocrx_word' id='word_1_409' title='bbox 2419 1062 2514 1117; x_wconf 88' lang='lat' dir='ltr'><strong>sed</strong></span> <span class='ocrx_word' id='word_1_410' title='bbox 2555 1063 2651 1134; x_wconf 87' lang='lat' dir='ltr'><strong>qui</strong></span> <span class='ocrx_word' id='word_1_411' title='bbox 2680 1067 2959 1137; x_wconf 87' lang='lat' dir='ltr'><strong>quondam</strong></span> <span class='ocrx_word' id='word_1_412' title='bbox 2987 1070 3181 1127; x_wconf 84' lang='lat' dir='ltr'><strong>habuit</strong></span> <span class='ocrx_word' id='word_1_413' title='bbox 3213 1089 3463 1130; x_wconf 70' lang='lat' dir='ltr'><strong>uxorem.</strong></span> 
     </span>
    </p>
   </div>
   <div class='ocr_carea' id='block_1_64' title="bbox 1884 1145 3468 1233">
    <p class='ocr_par' dir='ltr' id='par_1_64' title="bbox 1884 1145 3468 1233">
     <span class='ocr_line' id='line_1_64' title="bbox 1884 1145 3468 1233; baseline 0.013 -32"><span class='ocrx_word' id='word_1_414' title='bbox 1884 1145 1964 1202; x_wconf 89' lang='lat' dir='ltr'><strong>Eo</strong></span> <span class='ocrx_word' id='word_1_415' title='bbox 1992 1149 2141 1204; x_wconf 89' lang='lat' dir='ltr'><strong>enim</strong></span> <span class='ocrx_word' id='word_1_416' title='bbox 2175 1158 2442 1223; x_wconf 88' lang='lat' dir='ltr'><strong>tempore,</strong></span> <span class='ocrx_word' id='word_1_417' title='bbox 2472 1162 2534 1209; x_wconf 90' lang='lat' dir='ltr'><strong>ut</strong></span> <span class='ocrx_word' id='word_1_418' title='bbox 2565 1157 2828 1229; x_wconf 76' lang='lat' dir='ltr'><strong>prologue</strong></span> <span class='ocrx_word' id='word_1_419' title='bbox 2871 1160 3208 1233; x_wconf 86' lang='lat' dir='ltr'><strong>Gangrensis</strong></span> <span class='ocrx_word' id='word_1_420' title='bbox 3247 1166 3468 1223; x_wconf 82' lang='lat' dir='ltr'><strong>concilii</strong></span> 
     </span>
    </p>
   </div>
   <div class='ocr_carea' id='block_1_65' title="bbox 1885 1242 3468 1320">
    <p class='ocr_par' dir='ltr' id='par_1_65' title="bbox 1885 1242 3468 1320">
     <span class='ocr_line' id='line_1_65' title="bbox 1885 1242 3468 1320; baseline 0.013 -28"><span class='ocrx_word' id='word_1_421' title='bbox 1885 1246 2137 1305; x_wconf 88' lang='lat' dir='ltr'><strong>testatur,</strong></span> <span class='ocrx_word' id='word_1_422' title='bbox 2165 1249 2324 1295; x_wconf 88' lang='lat' dir='ltr'><strong>erant</strong></span> <span class='ocrx_word' id='word_1_423' title='bbox 2349 1242 2591 1299; x_wconf 63' lang='lat' dir='ltr'><strong>haeretici</strong></span> <span class='ocrx_word' id='word_1_424' title='bbox 2625 1254 2923 1305; x_wconf 86' lang='lat' dir='ltr'><strong>sectatores</strong></span> <span class='ocrx_word' id='word_1_425' title='bbox 2951 1252 3237 1320; x_wconf 81' lang='lat' dir='ltr'><strong>cujusdam</strong></span> <span class='ocrx_word' id='word_1_426' title='bbox 3267 1253 3468 1311; x_wconf 85' lang='lat' dir='ltr'><strong>Eusta-</strong></span> 
     </span>
    </p>
   </div>
   <div class='ocr_carea' id='block_1_66' title="bbox 1883 1328 3464 1410">
    <p class='ocr_par' dir='ltr' id='par_1_66' title="bbox 1883 1328 3464 1410">
     <span class='ocr_line' id='line_1_66' title="bbox 1883 1328 3464 1410; baseline 0.014 -29"><span class='ocrx_word' id='word_1_427' title='bbox 1883 1328 2006 1395; x_wconf 89' lang='lat' dir='ltr'><strong>thii,</strong></span> <span class='ocrx_word' id='word_1_428' title='bbox 2039 1330 2135 1401; x_wconf 92' lang='lat' dir='ltr'><strong>qui</strong></span> <span class='ocrx_word' id='word_1_429' title='bbox 2178 1331 2451 1402; x_wconf 88' lang='lat' dir='ltr'><strong>legitimas</strong></span> <span class='ocrx_word' id='word_1_430' title='bbox 2490 1337 2710 1407; x_wconf 82' lang='lat' dir='ltr'><strong>nuptias</strong></span> <span class='ocrx_word' id='word_1_431' title='bbox 2763 1341 2925 1410; x_wconf 87' lang='lat' dir='ltr'><strong>quasi</strong></span> <span class='ocrx_word' id='word_1_432' title='bbox 2976 1346 3207 1400; x_wconf 80' lang='lat' dir='ltr'><strong>mortale</strong></span> <span class='ocrx_word' id='word_1_433' title='bbox 3252 1348 3464 1403; x_wconf 85' lang='lat' dir='ltr'><strong>crimen</strong></span> 
     </span>
    </p>
   </div>
   <div class='ocr_carea' id='block_1_67' title="bbox 1883 1421 3470 1510">
    <p class='ocr_par' dir='ltr' id='par_1_67' title="bbox 1883 1421 3470 1510">
     <span class='ocr_line' id='line_1_67' title="bbox 1883 1421 3470 1510; baseline 0.013 -36"><span class='ocrx_word' id='word_1_434' title='bbox 1883 1421 2364 1492; x_wconf 87' lang='lat' dir='ltr'><strong>condemnabant,</strong></span> <span class='ocrx_word' id='word_1_435' title='bbox 2429 1438 2742 1486; x_wconf 81' lang='lat' dir='ltr'><strong>asserentes</strong></span> <span class='ocrx_word' id='word_1_436' title='bbox 2793 1433 3003 1488; x_wconf 90' lang='lat' dir='ltr'><strong>nullum</strong></span> <span class='ocrx_word' id='word_1_437' title='bbox 3070 1436 3127 1490; x_wconf 89' lang='lat' dir='ltr'><strong>in</strong></span> <span class='ocrx_word' id='word_1_438' title='bbox 3191 1437 3470 1510; x_wconf 86' lang='lat' dir='ltr'><strong>conjugali</strong></span> 
     </span>
    </p>
   </div>
   <div class='ocr_carea' id='block_1_68' title="bbox 1884 1512 3469 1596">
    <p class='ocr_par' dir='ltr' id='par_1_68' title="bbox 1884 1512 3469 1596">
     <span class='ocr_line' id='line_1_68' title="bbox 1884 1512 3469 1596; baseline 0.013 -31"><span class='ocrx_word' id='word_1_439' title='bbox 1884 1512 2055 1581; x_wconf 88' lang='lat' dir='ltr'><strong>gradu</strong></span> <span class='ocrx_word' id='word_1_440' title='bbox 2089 1515 2330 1584; x_wconf 87' lang='lat' dir='ltr'><strong>positum</strong></span> <span class='ocrx_word' id='word_1_441' title='bbox 2379 1531 2532 1587; x_wconf 88' lang='lat' dir='ltr'><strong>spem</strong></span> <span class='ocrx_word' id='word_1_442' title='bbox 2564 1520 2766 1578; x_wconf 86' lang='lat' dir='ltr'><strong>habere</strong></span> <span class='ocrx_word' id='word_1_443' title='bbox 2795 1525 2940 1595; x_wconf 90' lang='lat' dir='ltr'><strong>apud</strong></span> <span class='ocrx_word' id='word_1_444' title='bbox 2971 1524 3295 1596; x_wconf 89' lang='lat' dir='ltr'><strong>Dominum;</strong></span> <span class='ocrx_word' id='word_1_445' title='bbox 3324 1530 3469 1586; x_wconf 85' lang='lat' dir='ltr'><strong>unde</strong></span> 
     </span>
    </p>
   </div>
   <div class='ocr_carea' id='block_1_69' title="bbox 1882 1604 3467 1681">
    <p class='ocr_par' dir='ltr' id='par_1_69' title="bbox 1882 1604 3467 1681">
     <span class='ocr_line' id='line_1_69' title="bbox 1882 1604 3467 1681; baseline 0.011 -23"><span class='ocrx_word' id='word_1_446' title='bbox 1882 1612 1939 1658; x_wconf 89' lang='lat' dir='ltr'><strong>et</strong></span> <span class='ocrx_word' id='word_1_447' title='bbox 1956 1604 2261 1667; x_wconf 87' lang='lat' dir='ltr'><strong>oblationes</strong></span> <span class='ocrx_word' id='word_1_448' title='bbox 2279 1609 2721 1681; x_wconf 78' lang='lat' dir='ltr'><strong>presbyterorum</strong></span> <span class='ocrx_word' id='word_1_449' title='bbox 2738 1615 2903 1672; x_wconf 90' lang='lat' dir='ltr'><strong>etiam</strong></span> <span class='ocrx_word' id='word_1_450' title='bbox 2924 1626 3050 1673; x_wconf 84' lang='lat' dir='ltr'><strong>ante</strong></span> <span class='ocrx_word' id='word_1_451' title='bbox 3072 1618 3467 1676; x_wconf 85' lang='lat' dir='ltr'><strong>ordinationem</strong></span> 
     </span>
    </p>
   </div>
   <div class='ocr_carea' id='block_1_70' title="bbox 1883 1695 3474 1786">
    <p class='ocr_par' dir='ltr' id='par_1_70' title="bbox 1883 1695 3474 1786">
     <span class='ocr_line' id='line_1_70' title="bbox 1883 1695 3474 1786; baseline 0.013 -37"><span class='ocrx_word' id='word_1_452' title='bbox 1883 1695 2124 1768; x_wconf 86' lang='lat' dir='ltr'><strong>legitime</strong></span> <span class='ocrx_word' id='word_1_453' title='bbox 2173 1700 2593 1772; x_wconf 84' lang='lat' dir='ltr'><strong>conjugatorum</strong></span> <span class='ocrx_word' id='word_1_454' title='bbox 2620 1708 2899 1778; x_wconf 86' lang='lat' dir='ltr'><strong>respuisse</strong></span> <span class='ocrx_word' id='word_1_455' title='bbox 2933 1712 3246 1780; x_wconf 85' lang='lat' dir='ltr'><strong>traduntur,</strong></span> <span class='ocrx_word' id='word_1_456' title='bbox 3269 1714 3474 1786; x_wconf 72' lang='lat' dir='ltr'><strong>quipje</strong></span> 
     </span>
    </p>
   </div>
   <div class='ocr_carea' id='block_1_71' title="bbox 1816 1772 3472 1890">
    <p class='ocr_par' dir='ltr' id='par_1_71' title="bbox 1816 1772 3472 1890">
     <span class='ocr_line' id='line_1_71' title="bbox 1816 1772 3472 1890; baseline 0.011 -48"><span class='ocrx_word' id='word_1_457' title='bbox 1816 1772 1861 1827; x_wconf 79' lang='grc' dir='ltr'>Β</span> <span class='ocrx_word' id='word_1_458' title='bbox 1886 1789 2190 1860; x_wconf 88' lang='lat' dir='ltr'><strong>legitimum</strong></span> <span class='ocrx_word' id='word_1_459' title='bbox 2223 1792 2544 1863; x_wconf 73' lang='lat' dir='ltr'><strong>coniugium</strong></span> <span class='ocrx_word' id='word_1_460' title='bbox 2564 1811 2665 1866; x_wconf 90' lang='lat' dir='ltr'><strong>pro</strong></span> <span class='ocrx_word' id='word_1_461' title='bbox 2702 1772 2921 1855; x_wconf 78' lang='lat' dir='ltr'><strong>mortali</strong></span> <span class='ocrx_word' id='word_1_462' title='bbox 2941 1801 3173 1857; x_wconf 88' lang='lat' dir='ltr'><strong>crimine</strong></span> <span class='ocrx_word' id='word_1_463' title='bbox 3205 1772 3472 1890; x_wconf 47' lang='lat' dir='ltr'><strong>deputo-af</strong></span> 
     </span>
    </p>
   </div>
   <div class='ocr_carea' id='block_1_72' title="bbox 1890 1880 3476 1963">
    <p class='ocr_par' dir='ltr' id='par_1_72' title="bbox 1890 1880 3476 1963">
     <span class='ocr_line' id='line_1_72' title="bbox 1890 1880 3476 1963; baseline 0.01 -30"><span class='ocrx_word' id='word_1_464' title='bbox 1890 1885 2000 1945; x_wconf 85' lang='lat' dir='ltr'><strong>tes;</strong></span> <span class='ocrx_word' id='word_1_465' title='bbox 2035 1880 2227 1949; x_wconf 88' lang='lat' dir='ltr'><strong>quales</strong></span> <span class='ocrx_word' id='word_1_466' title='bbox 2269 1882 2435 1937; x_wconf 90' lang='lat' dir='ltr'><strong>etiam</strong></span> <span class='ocrx_word' id='word_1_467' title='bbox 2471 1884 2518 1939; x_wconf 88' lang='lat' dir='ltr'><strong>si</strong></span> <span class='ocrx_word' id='word_1_468' title='bbox 2548 1885 2801 1955; x_wconf 47' lang='lat' dir='ltr'><strong>quis‘hoc</strong></span> <span class='ocrx_word' id='word_1_469' title='bbox 2843 1897 3088 1960; x_wconf 78' lang='lat' dir='ltr'><strong>tempere</strong></span> <span class='ocrx_word' id='word_1_470' title='bbox 3125 1884 3476 1963; x_wconf 67' lang='lat' dir='ltr'><strong>perpetrasse</strong></span> 
     </span>
    </p>
   </div>
   <div class='ocr_carea' id='block_1_73' title="bbox 1886 1971 3475 2056">
    <p class='ocr_par' dir='ltr' id='par_1_73' title="bbox 1886 1971 3475 2056">
     <span class='ocr_line' id='line_1_73' title="bbox 1886 1971 3475 2056; baseline 0.009 -29"><span class='ocrx_word' id='word_1_471' title='bbox 1886 1971 2178 2043; x_wconf 82' lang='lat' dir='ltr'><strong>detegitur,</strong></span> <span class='ocrx_word' id='word_1_472' title='bbox 2213 1975 2379 2030; x_wconf 83' lang='lat' dir='ltr'><strong>altari</strong></span> <span class='ocrx_word' id='word_1_473' title='bbox 2404 1976 2721 2035; x_wconf 88' lang='lat' dir='ltr'><strong>ministrare</strong></span> <span class='ocrx_word' id='word_1_474' title='bbox 2740 1980 2899 2050; x_wconf 73' lang='lat' dir='ltr'><strong>juxta</strong></span> <span class='ocrx_word' id='word_1_475' title='bbox 2929 1990 3171 2040; x_wconf 82' lang='lat' dir='ltr'><strong>canones</strong></span> <span class='ocrx_word' id='word_1_476' title='bbox 3195 1999 3309 2040; x_wconf 84' lang='lat' dir='ltr'><strong>non</strong></span> <span class='ocrx_word' id='word_1_477' title='bbox 3346 2001 3475 2056; x_wconf 61' lang='lat' dir='ltr'><strong>pera</strong></span> 
     </span>
    </p>
   </div>
   <div class='ocr_carea' id='block_1_74' title="bbox 1888 2062 3476 2139">
    <p class='ocr_par' dir='ltr' id='par_1_74' title="bbox 1888 2062 3476 2139">
     <span class='ocr_line' id='line_1_74' title="bbox 1888 2062 3476 2139; baseline 0.011 -24"><span class='ocrx_word' id='word_1_478' title='bbox 1888 2062 2142 2118; x_wconf 90' lang='lat' dir='ltr'><strong>mittitur.</strong></span> <span class='ocrx_word' id='word_1_479' title='bbox 2166 2062 2361 2120; x_wconf 84' lang='lat' dir='ltr'><strong>Merito</strong></span> <span class='ocrx_word' id='word_1_480' title='bbox 2381 2070 3075 2139; x_wconf 71' lang='lat' dir='ltr'><strong>ergo&#39;anathematisantur‘</strong></span> <span class='ocrx_word' id='word_1_481' title='bbox 3105 2075 3268 2130; x_wconf 84' lang='lat' dir='ltr'><strong>iidem</strong></span> <span class='ocrx_word' id='word_1_482' title='bbox 3305 2074 3476 2131; x_wconf 64' lang='lat' dir='ltr'><strong>hazre‘</strong></span> 
     </span>
    </p>
   </div>
   <div class='ocr_carea' id='block_1_75' title="bbox 1890 2152 3474 2234">
    <p class='ocr_par' dir='ltr' id='par_1_75' title="bbox 1890 2152 3474 2234">
     <span class='ocr_line' id='line_1_75' title="bbox 1890 2152 3474 2234; baseline 0.009 -27"><span class='ocrx_word' id='word_1_483' title='bbox 1890 2153 1982 2210; x_wconf 90' lang='lat' dir='ltr'><strong>tici</strong></span> <span class='ocrx_word' id='word_1_484' title='bbox 2029 2155 2467 2227; x_wconf 83' lang='lat' dir='ltr'><strong>dogmatizantes</strong></span> <span class='ocrx_word' id='word_1_485' title='bbox 2503 2168 2697 2216; x_wconf 90' lang='lat' dir='ltr'><strong>contra</strong></span> <span class='ocrx_word' id='word_1_486' title='bbox 2734 2162 2867 2218; x_wconf 81' lang='lat' dir='ltr'><strong>illud</strong></span> <span class='ocrx_word' id='word_1_487' title='bbox 2896 2154 3143 2234; x_wconf 78' lang='lat' dir='ltr'><strong>Apestoli</strong></span> <span class='ocrx_word' id='word_1_488' title='bbox 3172 2184 3185 2220; x_wconf 90' lang='lat'>:</span> <span class='ocrx_word' id='word_1_489' title='bbox 3230 2152 3290 2221; x_wconf 79' lang='lat' dir='ltr'><strong>Si</strong></span> <span class='ocrx_word' id='word_1_490' title='bbox 3317 2162 3474 2221; x_wconf 75' lang='lat' dir='ltr'><strong>acce-</strong></span> 
     </span>
    </p>
   </div>
   <div class='ocr_carea' id='block_1_76' title="bbox 1885 2245 3470 2325">
    <p class='ocr_par' dir='ltr' id='par_1_76' title="bbox 1885 2245 3470 2325">
     <span class='ocr_line' id='line_1_76' title="bbox 1885 2245 3470 2325; baseline 0.01 -29"><span class='ocrx_word' id='word_1_491' title='bbox 1885 2245 2301 2313; x_wconf 62' lang='lat' dir='ltr'><strong>perissuxorem,</strong></span> <span class='ocrx_word' id='word_1_492' title='bbox 2339 2263 2443 2301; x_wconf 82' lang='lat' dir='ltr'><strong>non</strong></span> <span class='ocrx_word' id='word_1_493' title='bbox 2492 2252 2724 2318; x_wconf 78' lang='lat' dir='ltr'><strong>peccasti</strong></span> <span class='ocrx_word' id='word_1_494' title='bbox 2736 2251 2824 2323; x_wconf 62' lang='grc'><strong>⁴(1</strong></span> <span class='ocrx_word' id='word_1_495' title='bbox 2853 2251 2978 2308; x_wconf 86' lang='lat' dir='ltr'><strong>Cor.</strong></span> <span class='ocrx_word' id='word_1_496' title='bbox 3009 2254 3164 2325; x_wconf 80' lang='lat' dir='ltr'><strong>v11);</strong></span> <span class='ocrx_word' id='word_1_497' title='bbox 3217 2265 3274 2311; x_wconf 91' lang='lat' dir='ltr'><strong>et</strong></span> <span class='ocrx_word' id='word_1_498' title='bbox 3292 2256 3424 2312; x_wconf 85' lang='lat' dir='ltr'><strong>illud</strong></span> <span class='ocrx_word' id='word_1_499' title='bbox 3456 2275 3470 2311; x_wconf 92' lang='lat'><strong>:</strong></span> 
     </span>
    </p>
   </div>
   <div class='ocr_carea' id='block_1_77' title="bbox 1890 2331 3476 2419">
    <p class='ocr_par' dir='ltr' id='par_1_77' title="bbox 1890 2331 3476 2419">
     <span class='ocr_line' id='line_1_77' title="bbox 1890 2331 3476 2419; baseline 0.008 -26"><span class='ocrx_word' id='word_1_500' title='bbox 1890 2336 2110 2408; x_wconf 79' lang='lat' dir='ltr'><strong>Oportet</strong></span> <span class='ocrx_word' id='word_1_501' title='bbox 2131 2331 2430 2412; x_wconf 73' lang='lat' dir='ltr'><strong>episcopum</strong></span> <span class='ocrx_word' id='word_1_502' title='bbox 2442 2344 2604 2399; x_wconf 69' lang='lat' dir='ltr'><strong>unius</strong></span> <span class='ocrx_word' id='word_1_503' title='bbox 2621 2338 2804 2400; x_wconf 69' lang='lat' dir='ltr'><strong>uxoris</strong></span> <span class='ocrx_word' id='word_1_504' title='bbox 2814 2338 2925 2401; x_wconf 76' lang='lat' dir='ltr'><strong>esse</strong></span> <span class='ocrx_word' id='word_1_505' title='bbox 2943 2348 3112 2403; x_wconf 59' lang='lat' dir='ltr'><strong>virum</strong></span> <span class='ocrx_word' id='word_1_506' title='bbox 3133 2347 3187 2419; x_wconf 86' lang='grc'><strong>(1</strong></span> <span class='ocrx_word' id='word_1_507' title='bbox 3214 2348 3348 2403; x_wconf 74' lang='lat' dir='ltr'><strong>Tim.</strong></span> <span class='ocrx_word' id='word_1_508' title='bbox 3365 2351 3476 2417; x_wconf 63' lang='lat' dir='ltr'><strong>tu);</strong></span> 
     </span>
    </p>
   </div>
   <div class='ocr_carea' id='block_1_78' title="bbox 1889 2426 3475 2507">
    <p class='ocr_par' dir='ltr' id='par_1_78' title="bbox 1889 2426 3475 2507">
     <span class='ocr_line' id='line_1_78' title="bbox 1889 2426 3475 2507; baseline 0.008 -23"><span class='ocrx_word' id='word_1_509' title='bbox 1889 2426 2043 2500; x_wconf 66' lang='lat' dir='ltr'><strong>Saepe</strong></span> <span class='ocrx_word' id='word_1_510' title='bbox 2076 2432 2320 2503; x_wconf 90' lang='lat' dir='ltr'><strong>positum</strong></span> <span class='ocrx_word' id='word_1_511' title='bbox 2375 2442 2559 2490; x_wconf 84' lang='lat' dir='ltr'><strong>autem</strong></span> <span class='ocrx_word' id='word_1_512' title='bbox 2603 2437 2781 2492; x_wconf 89' lang='lat' dir='ltr'><strong>nostri</strong></span> <span class='ocrx_word' id='word_1_513' title='bbox 2808 2438 3123 2507; x_wconf 43' lang='lat' dir='ltr'><strong>apostolici.</strong></span> <span class='ocrx_word' id='word_1_514' title='bbox 3160 2439 3475 2496; x_wconf 82' lang='lat' dir='ltr'><strong>institutum</strong></span> 
     </span>
    </p>
   </div>
   <div class='ocr_carea' id='block_1_79' title="bbox 1888 2522 3474 2606">
    <p class='ocr_par' dir='ltr' id='par_1_79' title="bbox 1888 2522 3474 2606">
     <span class='ocr_line' id='line_1_79' title="bbox 1888 2522 3474 2606; baseline 0.01 -32"><span class='ocrx_word' id='word_1_515' title='bbox 1888 2522 2023 2575; x_wconf 90' lang='lat' dir='ltr'><strong>nulli</strong></span> <span class='ocrx_word' id='word_1_516' title='bbox 2050 2524 2303 2593; x_wconf 87' lang='lat' dir='ltr'><strong>prohibet</strong></span> <span class='ocrx_word' id='word_1_517' title='bbox 2330 2527 2523 2582; x_wconf 91' lang='lat' dir='ltr'><strong>audire</strong></span> <span class='ocrx_word' id='word_1_518' title='bbox 2565 2529 2802 2585; x_wconf 71' lang='lat' dir='ltr'><strong>missam.</strong></span> <span class='ocrx_word' id='word_1_519' title='bbox 2836 2531 2984 2588; x_wconf 88' lang='lat' dir='ltr'><strong>illius</strong></span> <span class='ocrx_word' id='word_1_520' title='bbox 3007 2524 3312 2605; x_wconf 87' lang='lat' dir='ltr'><strong>presbyteri</strong></span> <span class='ocrx_word' id='word_1_521' title='bbox 3344 2536 3474 2606; x_wconf 90' lang='lat' dir='ltr'><strong>qui,</strong></span> 
     </span>
    </p>
   </div>
   <div class='ocr_carea' id='block_1_80' title="bbox 1881 2612 3475 2691">
    <p class='ocr_par' dir='ltr' id='par_1_80' title="bbox 1881 2612 3475 2691">
     <span class='ocr_line' id='line_1_80' title="bbox 1881 2612 3475 2691; baseline 0.009 -23"><span class='ocrx_word' id='word_1_522' title='bbox 1881 2612 2043 2683; x_wconf 79' lang='lat' dir='ltr'><strong>juxta</strong></span> <span class='ocrx_word' id='word_1_523' title='bbox 2070 2618 2430 2686; x_wconf 86' lang='lat' dir='ltr'><strong>apostolicam</strong></span> <span class='ocrx_word' id='word_1_524' title='bbox 2453 2622 2897 2691; x_wconf 83' lang='lat' dir='ltr'><strong>permissionem,</strong></span> <span class='ocrx_word' id='word_1_525' title='bbox 2920 2634 3297 2683; x_wconf 20' lang='lat' dir='ltr'><strong>antessacrum</strong></span> <span class='ocrx_word' id='word_1_526' title='bbox 3319 2630 3475 2685; x_wconf 57' lang='lat' dir='ltr'><strong>ordia</strong></span> 
     </span>
    </p>
   </div>
   <div class='ocr_carea' id='block_1_81' title="bbox 1886 2696 3478 2785">
    <p class='ocr_par' dir='ltr' id='par_1_81' title="bbox 1886 2696 3478 2785">
     <span class='ocr_line' id='line_1_81' title="bbox 1886 2696 3478 2785; baseline 0.01 -28"><span class='ocrx_word' id='word_1_527' title='bbox 1886 2718 2011 2759; x_wconf 89' lang='lat' dir='ltr'><strong>nem</strong></span> <span class='ocrx_word' id='word_1_528' title='bbox 2047 2696 2216 2761; x_wconf 80' lang='lat' dir='ltr'><strong>unam</strong></span> <span class='ocrx_word' id='word_1_529' title='bbox 2258 2708 2473 2765; x_wconf 84' lang='lat' dir='ltr'><strong>tantum</strong></span> <span class='ocrx_word' id='word_1_530' title='bbox 2508 2713 2996 2778; x_wconf 68' lang='lat' dir='ltr'><strong>uxorem&#39;habuit,</strong></span> <span class='ocrx_word' id='word_1_531' title='bbox 3028 2700 3326 2785; x_wconf 82' lang='lat' dir='ltr'><strong>quandoct</strong></span> <span class='ocrx_word' id='word_1_532' title='bbox 3358 2719 3478 2775; x_wconf 82' lang='lat' dir='ltr'><strong>sine</strong></span> 
     </span>
    </p>
   </div>
   <div class='ocr_carea' id='block_1_82' title="bbox 1885 2788 3475 2880">
    <p class='ocr_par' dir='ltr' id='par_1_82' title="bbox 1885 2788 3475 2880">
     <span class='ocr_line' id='line_1_82' title="bbox 1885 2788 3475 2880; baseline 0.009 -30"><span class='ocrx_word' id='word_1_533' title='bbox 1885 2788 2117 2852; x_wconf 79' lang='lat' dir='ltr'><strong>crimine</strong></span> <span class='ocrx_word' id='word_1_534' title='bbox 2159 2807 2388 2854; x_wconf 75' lang='lat' dir='ltr'><strong>uxorem</strong></span> <span class='ocrx_word' id='word_1_535' title='bbox 2414 2800 2615 2857; x_wconf 82' lang='lat' dir='ltr'><strong>ducere</strong></span> <span class='ocrx_word' id='word_1_536' title='bbox 2636 2804 2846 2874; x_wconf 83' lang='lat' dir='ltr'><strong>potuit;</strong></span> <span class='ocrx_word' id='word_1_537' title='bbox 2877 2806 2971 2860; x_wconf 91' lang='lat' dir='ltr'><strong>sed</strong></span> <span class='ocrx_word' id='word_1_538' title='bbox 2997 2805 3147 2863; x_wconf 76' lang='lat' dir='ltr'><strong>illius</strong></span> <span class='ocrx_word' id='word_1_539' title='bbox 3172 2810 3475 2880; x_wconf 71' lang='lat' dir='ltr'><strong>presbyteri</strong></span> 
     </span>
    </p>
   </div>
   <div class='ocr_carea' id='block_1_83' title="bbox 1885 2884 3476 2961">
    <p class='ocr_par' dir='ltr' id='par_1_83' title="bbox 1885 2884 3476 2961">
     <span class='ocr_line' id='line_1_83' title="bbox 1885 2884 3476 2961; baseline 0.013 -22"><span class='ocrx_word' id='word_1_540' title='bbox 1885 2887 2009 2958; x_wconf 90' lang='lat' dir='ltr'><strong>qui,</strong></span> <span class='ocrx_word' id='word_1_541' title='bbox 2061 2884 2253 2947; x_wconf 85' lang='lat' dir='ltr'><strong>contra</strong></span> <span class='ocrx_word' id='word_1_542' title='bbox 2305 2890 2661 2961; x_wconf 75' lang='lat' dir='ltr'><strong>Aposmlum,</strong></span> <span class='ocrx_word' id='word_1_543' title='bbox 2715 2895 2770 2949; x_wconf 89' lang='lat' dir='ltr'><strong>in</strong></span> <span class='ocrx_word' id='word_1_544' title='bbox 2817 2897 3053 2953; x_wconf 84' lang='lat' dir='ltr'><strong>crimine</strong></span> <span class='ocrx_word' id='word_1_545' title='bbox 3090 2888 3476 2959; x_wconf 78' lang='lat' dir='ltr'><strong>fornicationis</strong></span> 
     </span>
    </p>
   </div>
   <div class='ocr_carea' id='block_1_84' title="bbox 1884 2979 3474 3065">
    <p class='ocr_par' dir='ltr' id='par_1_84' title="bbox 1884 2979 3474 3065">
     <span class='ocr_line' id='line_1_84' title="bbox 1884 2979 3474 3065; baseline 0.008 -30"><span class='ocrx_word' id='word_1_546' title='bbox 1884 2979 2155 3051; x_wconf 83' lang='lat' dir='ltr'><strong>detegitur</strong></span> <span class='ocrx_word' id='word_1_547' title='bbox 2203 2982 2407 3052; x_wconf 83' lang='lat' dir='ltr'><strong>jacere,</strong></span> <span class='ocrx_word' id='word_1_548' title='bbox 2440 3000 2606 3056; x_wconf 91' lang='lat' dir='ltr'><strong>quem</strong></span> <span class='ocrx_word' id='word_1_549' title='bbox 2653 2986 2771 3057; x_wconf 89' lang='lat' dir='ltr'><strong>ipse</strong></span> <span class='ocrx_word' id='word_1_550' title='bbox 2819 2987 3141 3058; x_wconf 80' lang='lat' dir='ltr'><strong>Apostolus,</strong></span> <span class='ocrx_word' id='word_1_551' title='bbox 3192 3000 3256 3046; x_wconf 86' lang='lat' dir='ltr'><strong>et</strong></span> <span class='ocrx_word' id='word_1_552' title='bbox 3277 2993 3474 3065; x_wconf 82' lang='lat' dir='ltr'><strong>reliqui</strong></span> 
     </span>
    </p>
   </div>
   <div class='ocr_carea' id='block_1_85' title="bbox 1861 3070 3474 3167">
    <p class='ocr_par' dir='ltr' id='par_1_85' title="bbox 1861 3070 3474 3167">
     <span class='ocr_line' id='line_1_85' title="bbox 1861 3070 3474 3167; baseline 0.011 -41"><span class='ocrx_word' id='word_1_553' title='bbox 1861 3073 2062 3147; x_wconf 50' lang='lat' dir='ltr'><strong>\saacti</strong></span> <span class='ocrx_word' id='word_1_554' title='bbox 2104 3073 2329 3131; x_wconf 47' lang='lat' dir='ltr'><strong>nPatnes:</strong></span> <span class='ocrx_word' id='word_1_555' title='bbox 2354 3071 2989 3167; x_wconf 55' lang='lat' dir='ltr'><strong>successorquei&#39;eorum</strong></span> <span class='ocrx_word' id='word_1_556' title='bbox 3022 3073 3211 3140; x_wconf 67' lang='lat' dir='ltr'><strong>noster</strong></span> <span class='ocrx_word' id='word_1_557' title='bbox 3231 3095 3474 3157; x_wconf 17' lang='lat' dir='ltr'><strong>eaposto‘</strong></span> 
     </span>
    </p>
   </div>
   <div class='ocr_carea' id='block_1_86' title="bbox 1884 3158 3472 3248">
    <p class='ocr_par' dir='ltr' id='par_1_86' title="bbox 1884 3158 3472 3248">
     <span class='ocr_line' id='line_1_86' title="bbox 1884 3158 3472 3248; baseline 0.009 -33"><span class='ocrx_word' id='word_1_558' title='bbox 1884 3161 2024 3218; x_wconf 89' lang='lat' dir='ltr'><strong>licus</strong></span> <span class='ocrx_word' id='word_1_559' title='bbox 2046 3177 2079 3217; x_wconf 88' lang='lat' dir='ltr'><strong>a</strong></span> <span class='ocrx_word' id='word_1_560' title='bbox 2122 3158 2499 3222; x_wconf 84' lang='lat' dir='ltr'><strong>saeratissimo</strong></span> <span class='ocrx_word' id='word_1_561' title='bbox 2521 3159 2710 3225; x_wconf 79' lang='lat' dir='ltr'><strong>ofﬁcio</strong></span> <span class='ocrx_word' id='word_1_562' title='bbox 2746 3184 3120 3243; x_wconf 83' lang='lat' dir='ltr'><strong>segregavere.</strong></span> <span class='ocrx_word' id='word_1_563' title='bbox 3146 3173 3317 3247; x_wconf 89' lang='lat' dir='ltr'><strong>Igitur</strong></span> <span class='ocrx_word' id='word_1_564' title='bbox 3347 3178 3472 3248; x_wconf 81' lang='lat' dir='ltr'><strong>qui-</strong></span> 
     </span>
    </p>
   </div>
   <div class='ocr_carea' id='block_1_87' title="bbox 1883 3258 3469 3340">
    <p class='ocr_par' dir='ltr' id='par_1_87' title="bbox 1883 3258 3469 3340">
     <span class='ocr_line' id='line_1_87' title="bbox 1883 3258 3469 3340; baseline 0.008 -27"><span class='ocrx_word' id='word_1_565' title='bbox 1883 3273 2103 3329; x_wconf 86' lang='lat' dir='ltr'><strong>cunque</strong></span> <span class='ocrx_word' id='word_1_566' title='bbox 2126 3258 2448 3330; x_wconf 84' lang='lat' dir='ltr'><strong>hujusmodi</strong></span> <span class='ocrx_word' id='word_1_567' title='bbox 2495 3263 2938 3335; x_wconf 80' lang='lat' dir='ltr'><strong>presbyterorum</strong></span> <span class='ocrx_word' id='word_1_568' title='bbox 2986 3267 3187 3324; x_wconf 88' lang='lat' dir='ltr'><strong>missas</strong></span> <span class='ocrx_word' id='word_1_569' title='bbox 3226 3272 3469 3340; x_wconf 85' lang='lat' dir='ltr'><strong>respuit,</strong></span> 
     </span>
    </p>
   </div>
   <div class='ocr_carea' id='block_1_88' title="bbox 1884 3340 3473 3440">
    <p class='ocr_par' dir='ltr' id='par_1_88' title="bbox 1884 3340 3473 3440">
     <span class='ocr_line' id='line_1_88' title="bbox 1884 3340 3473 3440; baseline 0.011 -38"><span class='ocrx_word' id='word_1_570' title='bbox 1884 3349 2197 3408; x_wconf 84' lang='lat' dir='ltr'><strong>nullatenus</strong></span> <span class='ocrx_word' id='word_1_571' title='bbox 2230 3340 2413 3407; x_wconf 80' lang='lat' dir='ltr'><strong>tamen</strong></span> <span class='ocrx_word' id='word_1_572' title='bbox 2425 3354 3227 3440; x_wconf 42' lang='lat' dir='ltr'><strong>&quot;superioriiEustathianorunr</strong></span> <span class='ocrx_word' id='word_1_573' title='bbox 3245 3363 3473 3418; x_wconf 79' lang='lat' dir='ltr'><strong>anatth</strong></span> 
     </span>
    </p>
   </div>
   <div class='ocr_carea' id='block_1_89' title="bbox 1884 3446 3471 3530">
    <p class='ocr_par' dir='ltr' id='par_1_89' title="bbox 1884 3446 3471 3530">
     <span class='ocr_line' id='line_1_89' title="bbox 1884 3446 3471 3530; baseline 0.01 -32"><span class='ocrx_word' id='word_1_574' title='bbox 1884 3446 2016 3500; x_wconf 79' lang='lat' dir='ltr'><strong>mati</strong></span> <span class='ocrx_word' id='word_1_575' title='bbox 2041 3446 2364 3517; x_wconf 86' lang='lat' dir='ltr'><strong>subjacebit,</strong></span> <span class='ocrx_word' id='word_1_576' title='bbox 2385 3464 2513 3504; x_wconf 91' lang='lat' dir='ltr'><strong>cum</strong></span> <span class='ocrx_word' id='word_1_577' title='bbox 2536 3449 2740 3520; x_wconf 87' lang='lat' dir='ltr'><strong>optime</strong></span> <span class='ocrx_word' id='word_1_578' title='bbox 2761 3451 3025 3523; x_wconf 70' lang='lat' dir='ltr'><strong>Apostono</strong></span> <span class='ocrx_word' id='word_1_579' title='bbox 3047 3454 3359 3513; x_wconf 80' lang='lat' dir='ltr'><strong>consentiat</strong></span> <span class='ocrx_word' id='word_1_580' title='bbox 3376 3462 3471 3530; x_wconf 85' lang='lat' dir='ltr'><strong>qui</strong></span> 
     </span>
    </p>
   </div>
   <div class='ocr_carea' id='block_1_90' title="bbox 1881 3539 3473 3623">
    <p class='ocr_par' dir='ltr' id='par_1_90' title="bbox 1881 3539 3473 3623">
     <span class='ocr_line' id='line_1_90' title="bbox 1881 3539 3473 3623; baseline 0.01 -31"><span class='ocrx_word' id='word_1_581' title='bbox 1881 3544 1938 3592; x_wconf 88' lang='lat' dir='ltr'><strong>et</strong></span> <span class='ocrx_word' id='word_1_582' title='bbox 1970 3539 2347 3596; x_wconf 85' lang='lat' dir='ltr'><strong>sacerdotibus</strong></span> <span class='ocrx_word' id='word_1_583' title='bbox 2366 3542 3002 3623; x_wconf 78' lang='lat' dir='ltr'><strong>continentiamindicit</strong></span> <span class='ocrx_word' id='word_1_584' title='bbox 3028 3547 3290 3607; x_wconf 79' lang='lat' dir='ltr'><strong>et-ildeles</strong></span> <span class='ocrx_word' id='word_1_585' title='bbox 3327 3566 3473 3623; x_wconf 56' lang='lat' dir='ltr'><strong>prima</strong></span> 
     </span>
    </p>
   </div>
   <div class='ocr_carea' id='block_1_91' title="bbox 1883 3622 3470 3715">
    <p class='ocr_par' dir='ltr' id='par_1_91' title="bbox 1883 3622 3470 3715">
     <span class='ocr_line' id='line_1_91' title="bbox 1883 3622 3470 3715; baseline 0.012 -33"><span class='ocrx_word' id='word_1_586' title='bbox 1883 3629 2281 3687; x_wconf 79' lang='lat' dir='ltr'><strong>varicatoribus</strong></span> <span class='ocrx_word' id='word_1_587' title='bbox 2326 3622 2643 3690; x_wconf 79' lang='lat' dir='ltr'><strong>sermonum</strong></span> <span class='ocrx_word' id='word_1_588' title='bbox 2689 3631 2811 3707; x_wconf 84' lang='lat' dir='ltr'><strong>ejus</strong></span> <span class='ocrx_word' id='word_1_589' title='bbox 2860 3632 3150 3696; x_wconf 76' lang='lat' dir='ltr'><strong>admisceri</strong></span> <span class='ocrx_word' id='word_1_590' title='bbox 3196 3632 3308 3699; x_wconf 82' lang='lat' dir='ltr'><strong>non</strong></span> <span class='ocrx_word' id='word_1_591' title='bbox 3343 3661 3470 3715; x_wconf 86' lang='lat' dir='ltr'><strong>per—</strong></span> 
     </span>
    </p>
   </div>
   <div class='ocr_carea' id='block_1_92' title="bbox 1883 3719 3470 3806">
    <p class='ocr_par' dir='ltr' id='par_1_92' title="bbox 1883 3719 3470 3806">
     <span class='ocr_line' id='line_1_92' title="bbox 1883 3719 3470 3806; baseline 0.011 -32"><span class='ocrx_word' id='word_1_592' title='bbox 1883 3719 2071 3775; x_wconf 89' lang='lat' dir='ltr'><strong>mittit.</strong></span> <span class='ocrx_word' id='word_1_593' title='bbox 2104 3720 2417 3778; x_wconf 86' lang='lat' dir='ltr'><strong>Notandum</strong></span> <span class='ocrx_word' id='word_1_594' title='bbox 2465 3734 2650 3781; x_wconf 86' lang='lat' dir='ltr'><strong>autem</strong></span> <span class='ocrx_word' id='word_1_595' title='bbox 2692 3728 2840 3799; x_wconf 85' lang='lat' dir='ltr'><strong>quod</strong></span> <span class='ocrx_word' id='word_1_596' title='bbox 2880 3732 3084 3786; x_wconf 65' lang='lat' dir='ltr'><strong>hoster</strong></span> <span class='ocrx_word' id='word_1_597' title='bbox 3125 3732 3470 3806; x_wconf 68' lang='lat' dir='ltr'><strong>Gregorius,</strong></span> 
     </span>
    </p>
   </div>
   <div class='ocr_carea' id='block_1_93' title="bbox 1878 3810 3470 3894">
    <p class='ocr_par' dir='ltr' id='par_1_93' title="bbox 1878 3810 3470 3894">
     <span class='ocr_line' id='line_1_93' title="bbox 1878 3810 3470 3894; baseline 0.013 -30"><span class='ocrx_word' id='word_1_598' title='bbox 1878 3811 2039 3880; x_wconf 83' lang='lat' dir='ltr'><strong>juxta</strong></span> <span class='ocrx_word' id='word_1_599' title='bbox 2084 3822 2406 3869; x_wconf 87' lang='lat' dir='ltr'><strong>sanctorum</strong></span> <span class='ocrx_word' id='word_1_600' title='bbox 2449 3814 2963 3890; x_wconf 67' lang='lat' dir='ltr'><strong>Patrum&#39;statuta,</strong></span> <span class='ocrx_word' id='word_1_601' title='bbox 3014 3824 3169 3894; x_wconf 90' lang='lat' dir='ltr'><strong>prius</strong></span> <span class='ocrx_word' id='word_1_602' title='bbox 3230 3810 3470 3885; x_wconf 83' lang='lat' dir='ltr'><strong>inconti—</strong></span> 
     </span>
    </p>
   </div>
   <div class='ocr_carea' id='block_1_94' title="bbox 1883 3899 3471 3987">
    <p class='ocr_par' dir='ltr' id='par_1_94' title="bbox 1883 3899 3471 3987">
     <span class='ocr_line' id='line_1_94' title="bbox 1883 3899 3471 3987; baseline 0.011 -30"><span class='ocrx_word' id='word_1_603' title='bbox 1883 3899 2092 3959; x_wconf 43' lang='lat' dir='ltr'><strong>nentes‘</strong></span> <span class='ocrx_word' id='word_1_604' title='bbox 2135 3905 2484 3977; x_wconf 77' lang='lat' dir='ltr'><strong>presbyteros</strong></span> <span class='ocrx_word' id='word_1_605' title='bbox 2541 3910 2722 3967; x_wconf 78' lang='lat' dir='ltr'><strong>cilicio</strong></span> <span class='ocrx_word' id='word_1_606' title='bbox 2783 3912 3059 3983; x_wconf 86' lang='lat' dir='ltr'><strong>privavit,</strong></span> <span class='ocrx_word' id='word_1_607' title='bbox 3119 3922 3471 3987; x_wconf 85' lang='lat' dir='ltr'><strong>postmodum</strong></span> 
     </span>
    </p>
   </div>
   <div class='ocr_carea' id='block_1_95' title="bbox 1883 3991 3470 4079">
    <p class='ocr_par' dir='ltr' id='par_1_95' title="bbox 1883 3991 3470 4079">
     <span class='ocr_line' id='line_1_95' title="bbox 1883 3991 3470 4079; baseline 0.013 -32"><span class='ocrx_word' id='word_1_608' title='bbox 1883 3991 2125 4065; x_wconf 80' lang='lat' dir='ltr'><strong>pepulo,</strong></span> <span class='ocrx_word' id='word_1_609' title='bbox 2189 4012 2258 4051; x_wconf 94' lang='lat' dir='ltr'><strong>ne</strong></span> <span class='ocrx_word' id='word_1_610' title='bbox 2324 4014 2515 4054; x_wconf 86' lang='lat' dir='ltr'><strong>eorum</strong></span> <span class='ocrx_word' id='word_1_611' title='bbox 2567 4003 2749 4058; x_wconf 83' lang='lat' dir='ltr'><strong>ollicia’</strong></span> <span class='ocrx_word' id='word_1_612' title='bbox 2796 3998 3095 4076; x_wconf 77' lang='lat' dir='ltr'><strong>reciperet,</strong></span> <span class='ocrx_word' id='word_1_613' title='bbox 3154 3998 3470 4079; x_wconf 77' lang='lat' dir='ltr'><strong>interdixit;</strong></span> 
     </span>
    </p>
   </div>
   <div class='ocr_carea' id='block_1_96' title="bbox 1883 4089 3470 4181">
    <p class='ocr_par' dir='ltr' id='par_1_96' title="bbox 1883 4089 3470 4181">
     <span class='ocr_line' id='line_1_96' title="bbox 1883 4089 3470 4181; baseline 0.011 -40"><span class='ocrx_word' id='word_1_614' title='bbox 1883 4089 2028 4143; x_wconf 89' lang='lat' dir='ltr'><strong>unde</strong></span> <span class='ocrx_word' id='word_1_615' title='bbox 2078 4102 2191 4143; x_wconf 90' lang='lat' dir='ltr'><strong>non</strong></span> <span class='ocrx_word' id='word_1_616' title='bbox 2234 4098 2347 4143; x_wconf 89' lang='lat' dir='ltr'><strong>tam</strong></span> <span class='ocrx_word' id='word_1_617' title='bbox 2373 4090 3057 4181; x_wconf 70' lang='lat' dir='ltr'><strong>&#39;incontinentium‘quam</strong></span> <span class='ocrx_word' id='word_1_618' title='bbox 3101 4113 3202 4169; x_wconf 89' lang='lat' dir='ltr'><strong>pro</strong></span> <span class='ocrx_word' id='word_1_619' title='bbox 3235 4103 3470 4181; x_wconf 27' lang='lat' dir='ltr'><strong>incentis</strong></span> 
     </span>
    </p>
   </div>
   <div class='ocr_carea' id='block_1_97' title="bbox 1882 4168 3473 4260">
    <p class='ocr_par' dir='ltr' id='par_1_97' title="bbox 1882 4168 3473 4260">
     <span class='ocr_line' id='line_1_97' title="bbox 1882 4168 3473 4260; baseline 0.009 -25"><span class='ocrx_word' id='word_1_620' title='bbox 1882 4168 2069 4236; x_wconf 83' lang='lat' dir='ltr'><strong>nentia</strong></span> <span class='ocrx_word' id='word_1_621' title='bbox 2108 4182 2494 4239; x_wconf 82' lang='lat' dir='ltr'><strong>damnatorum</strong></span> <span class='ocrx_word' id='word_1_622' title='bbox 2542 4186 2744 4242; x_wconf 83' lang='lat' dir='ltr'><strong>missas</strong></span> <span class='ocrx_word' id='word_1_623' title='bbox 2788 4177 2980 4244; x_wconf 81' lang='lat' dir='ltr'><strong>audire</strong></span> <span class='ocrx_word' id='word_1_624' title='bbox 3032 4176 3351 4260; x_wconf 74' lang='lat' dir='ltr'><strong>prohibuit,</strong></span> <span class='ocrx_word' id='word_1_625' title='bbox 3400 4178 3473 4250; x_wconf 75' lang='lat' dir='ltr'><strong>ne</strong></span> 
     </span>
    </p>
   </div>
   <div class='ocr_carea' id='block_1_98' title="bbox 1881 4260 3472 4363">
    <p class='ocr_par' dir='ltr' id='par_1_98' title="bbox 1881 4260 3472 4363">
     <span class='ocr_line' id='line_1_98' title="bbox 1881 4260 3472 4363; baseline 0.009 -37"><span class='ocrx_word' id='word_1_626' title='bbox 1881 4280 1936 4326; x_wconf 89' lang='lat' dir='ltr'><strong>et</strong></span> <span class='ocrx_word' id='word_1_627' title='bbox 1971 4260 2209 4343; x_wconf 86' lang='lat' dir='ltr'><strong>populus</strong></span> <span class='ocrx_word' id='word_1_628' title='bbox 2236 4280 2324 4327; x_wconf 90' lang='lat' dir='ltr'><strong>se</strong></span> <span class='ocrx_word' id='word_1_629' title='bbox 2374 4274 2531 4344; x_wconf 81' lang='lat' dir='ltr'><strong>juxta</strong></span> <span class='ocrx_word' id='word_1_630' title='bbox 2556 4275 2977 4343; x_wconf 64' lang='lat' dir='ltr'><strong>jAntiochenum</strong></span> <span class='ocrx_word' id='word_1_631' title='bbox 3021 4283 3321 4363; x_wconf 72' lang='lat' dir='ltr'><strong>concilium</strong></span> <span class='ocrx_word' id='word_1_632' title='bbox 3351 4286 3472 4341; x_wconf 70' lang='lat' dir='ltr'><strong>‘suli</strong></span> 
     </span>
    </p>
   </div>
   <div class='ocr_carea' id='block_1_99' title="bbox 1882 4364 3473 4455">
    <p class='ocr_par' dir='ltr' id='par_1_99' title="bbox 1882 4364 3473 4455">
     <span class='ocr_line' id='line_1_99' title="bbox 1882 4364 3473 4455; baseline 0.008 -35"><span class='ocrx_word' id='word_1_633' title='bbox 1882 4364 2453 4423; x_wconf 77' lang='lat' dir='ltr'><strong>excommunicatione</strong></span> <span class='ocrx_word' id='word_1_634' title='bbox 2490 4374 2751 4440; x_wconf 86' lang='lat' dir='ltr'><strong>poneret,</strong></span> <span class='ocrx_word' id='word_1_635' title='bbox 2817 4372 2866 4426; x_wconf 90' lang='lat' dir='ltr'><strong>si</strong></span> <span class='ocrx_word' id='word_1_636' title='bbox 2915 4380 3109 4431; x_wconf 85' lang='lat' dir='ltr'><strong>eorum</strong></span> <span class='ocrx_word' id='word_1_637' title='bbox 3160 4375 3349 4455; x_wconf 21' lang='lat' dir='ltr'><strong>cilicia,</strong></span> <span class='ocrx_word' id='word_1_638' title='bbox 3378 4372 3473 4433; x_wconf 53' lang='lat' dir='ltr'><strong>rei</strong></span> 
     </span>
    </p>
   </div>
   <div class='ocr_carea' id='block_1_100' title="bbox 1819 4454 3474 4536">
    <p class='ocr_par' dir='ltr' id='par_1_100' title="bbox 1819 4454 3474 4536">
     <span class='ocr_line' id='line_1_100' title="bbox 1819 4454 3474 4536; baseline 0.008 -26"><span class='ocrx_word' id='word_1_639' title='bbox 1819 4456 1869 4510; x_wconf 83' lang='lat' dir='ltr'><strong>D</strong></span> <span class='ocrx_word' id='word_1_640' title='bbox 1887 4455 2068 4527; x_wconf 87' lang='lat' dir='ltr'><strong>cipere</strong></span> <span class='ocrx_word' id='word_1_641' title='bbox 2104 4467 2478 4528; x_wconf 65' lang='lat' dir='ltr'><strong>praesumeret.</strong></span> <span class='ocrx_word' id='word_1_642' title='bbox 2528 4457 2648 4530; x_wconf 91' lang='lat' dir='ltr'><strong>Ipse</strong></span> <span class='ocrx_word' id='word_1_643' title='bbox 2704 4454 2909 4518; x_wconf 82' lang='lat' dir='ltr'><strong>autem</strong></span> <span class='ocrx_word' id='word_1_644' title='bbox 2947 4461 3186 4536; x_wconf 85' lang='lat' dir='ltr'><strong>Spiritus</strong></span> <span class='ocrx_word' id='word_1_645' title='bbox 3238 4454 3474 4523; x_wconf 76' lang='lat' dir='ltr'><strong>’sanctus&#39;</strong></span> 
     </span>
    </p>
   </div>
   <div class='ocr_carea' id='block_1_101' title="bbox 1882 4547 3475 4628">
    <p class='ocr_par' dir='ltr' id='par_1_101' title="bbox 1882 4547 3475 4628">
     <span class='ocr_line' id='line_1_101' title="bbox 1882 4547 3475 4628; baseline 0.007 -24"><span class='ocrx_word' id='word_1_646' title='bbox 1882 4547 2316 4627; x_wconf 18' lang='lat' dir='ltr'><strong>per&#39;Sam‘ueletn</strong></span> <span class='ocrx_word' id='word_1_647' title='bbox 2348 4553 2852 4623; x_wconf 87' lang='lat' dir='ltr'><strong>prophetam-docet</strong></span> <span class='ocrx_word' id='word_1_648' title='bbox 2884 4558 3148 4628; x_wconf 89' lang='lat' dir='ltr'><strong>populum</strong></span> <span class='ocrx_word' id='word_1_649' title='bbox 3197 4566 3260 4614; x_wconf 91' lang='lat' dir='ltr'><strong>ut</strong></span> <span class='ocrx_word' id='word_1_650' title='bbox 3301 4550 3475 4617; x_wconf 67' lang='grc' dir='ltr'><strong>ρειηοῖ</strong></span> 
     </span>
    </p>
   </div>
   <div class='ocr_carea' id='block_1_102' title="bbox 1882 4634 3475 4727">
    <p class='ocr_par' dir='ltr' id='par_1_102' title="bbox 1882 4634 3475 4727">
     <span class='ocr_line' id='line_1_102' title="bbox 1882 4634 3475 4727; baseline 0.006 -32"><span class='ocrx_word' id='word_1_651' title='bbox 1882 4640 2024 4698; x_wconf 81' lang='lat' dir='ltr'><strong>uicis</strong></span> <span class='ocrx_word' id='word_1_652' title='bbox 2055 4641 2495 4700; x_wconf 84' lang='lat' dir='ltr'><strong>institutionibus</strong></span> <span class='ocrx_word' id='word_1_653' title='bbox 2519 4646 2695 4724; x_wconf 84' lang='lat' dir='ltr'><strong>nostri</strong></span> <span class='ocrx_word' id='word_1_654' title='bbox 2711 4649 3001 4727; x_wconf 79' lang='lat' dir='ltr'><strong>apoStolici</strong></span> <span class='ocrx_word' id='word_1_655' title='bbox 3037 4648 3220 4721; x_wconf 85' lang='lat' dir='ltr'><strong>potius</strong></span> <span class='ocrx_word' id='word_1_656' title='bbox 3253 4634 3475 4709; x_wconf 70' lang='lat' dir='ltr'><strong>obedia&#39;t</strong></span> 
     </span>
    </p>
   </div>
   <div class='ocr_carea' id='block_1_103' title="bbox 1882 4726 3479 4813">
    <p class='ocr_par' dir='ltr' id='par_1_103' title="bbox 1882 4726 3479 4813">
     <span class='ocr_line' id='line_1_103' title="bbox 1882 4726 3479 4813; baseline -0.002 -11"><span class='ocrx_word' id='word_1_657' title='bbox 1882 4726 2048 4802; x_wconf 57' lang='lat' dir='ltr'><strong>quam</strong></span> <span class='ocrx_word' id='word_1_658' title='bbox 2079 4733 2396 4805; x_wconf 68' lang='lat' dir='ltr'><strong>huiuSIBOdi</strong></span> <span class='ocrx_word' id='word_1_659' title='bbox 2432 4726 2892 4807; x_wconf 60' lang='lat' dir='ltr'><strong>praeumptorum</strong></span> <span class='ocrx_word' id='word_1_660' title='bbox 2923 4741 3194 4798; x_wconf 81' lang='lat' dir='ltr'><strong>sacriﬁcia</strong></span> <span class='ocrx_word' id='word_1_661' title='bbox 3225 4737 3295 4796; x_wconf 79' lang='lat' dir='ltr'><strong>in&#39;</strong></span> <span class='ocrx_word' id='word_1_662' title='bbox 3328 4728 3479 4813; x_wconf 69' lang='lat' dir='ltr'><strong>peri-3</strong></span> 
     </span>
    </p>
   </div>
   <div class='ocr_carea' id='block_1_104' title="bbox 1884 4816 3481 4913">
    <p class='ocr_par' dir='ltr' id='par_1_104' title="bbox 1884 4816 3481 4913">
     <span class='ocr_line' id='line_1_104' title="bbox 1884 4816 3481 4913; baseline 0.007 -35"><span class='ocrx_word' id='word_1_663' title='bbox 1884 4816 2067 4879; x_wconf 79' lang='lat' dir='ltr'><strong>culum</strong></span> <span class='ocrx_word' id='word_1_664' title='bbox 2103 4841 2265 4906; x_wconf 84' lang='lat' dir='ltr'><strong>suum</strong></span> <span class='ocrx_word' id='word_1_665' title='bbox 2316 4827 2564 4898; x_wconf 85' lang='lat' dir='ltr'><strong>recipiat.</strong></span> <span class='ocrx_word' id='word_1_666' title='bbox 2615 4828 2757 4912; x_wconf 82' lang='lat' dir='ltr'><strong>Dicit</strong></span> <span class='ocrx_word' id='word_1_667' title='bbox 2791 4831 2947 4887; x_wconf 89' lang='lat' dir='ltr'><strong>&#39;enim</strong></span> <span class='ocrx_word' id='word_1_668' title='bbox 2980 4832 3226 4913; x_wconf 66' lang='grc' dir='ltr'><strong>,ε’Μειῑρν</strong></span> <span class='ocrx_word' id='word_1_669' title='bbox 3246 4842 3327 4889; x_wconf 80' lang='lat' dir='ltr'><strong>est</strong></span> <span class='ocrx_word' id='word_1_670' title='bbox 3356 4828 3481 4888; x_wconf 68' lang='lat' dir='ltr'><strong>cbo-5</strong></span> 
     </span>
    </p>
   </div>
   <div class='ocr_carea' id='block_1_105' title="bbox 1883 4898 3486 4994">
    <p class='ocr_par' dir='ltr' id='par_1_105' title="bbox 1883 4898 3486 4994">
     <span class='ocr_line' id='line_1_105' title="bbox 1883 4898 3486 4994; baseline 0.01 -27"><span class='ocrx_word' id='word_1_671' title='bbox 1883 4915 2085 4970; x_wconf 81' lang='lat' dir='ltr'><strong>dientia</strong></span> <span class='ocrx_word' id='word_1_672' title='bbox 2132 4898 2291 4988; x_wconf 69' lang='lat' dir='ltr'><strong>quam</strong></span> <span class='ocrx_word' id='word_1_673' title='bbox 2348 4918 2607 4984; x_wconf 75' lang='lat' dir='ltr'><strong>victim,</strong></span> <span class='ocrx_word' id='word_1_674' title='bbox 2649 4927 2702 4973; x_wconf 82' lang='lat' dir='ltr'><strong>et</strong></span> <span class='ocrx_word' id='word_1_675' title='bbox 2742 4904 3053 4976; x_wconf 69' lang='lat' dir='ltr'><strong>auscultare</strong></span> <span class='ocrx_word' id='word_1_676' title='bbox 3107 4905 3279 4993; x_wconf 67' lang='lat' dir='ltr'><strong>magis</strong></span> <span class='ocrx_word' id='word_1_677' title='bbox 3304 4920 3486 4994; x_wconf 62' lang='grc' dir='ltr'><strong>’σαὶιηὶ</strong></span> 
     </span>
    </p>
   </div>
   <div class='ocr_carea' id='block_1_106' title="bbox 1885 5003 3497 5093">
    <p class='ocr_par' dir='ltr' id='par_1_106' title="bbox 1885 5003 3497 5093">
     <span class='ocr_line' id='line_1_106' title="bbox 1885 5003 3497 5093; baseline 0.005 -33"><span class='ocrx_word' id='word_1_678' title='bbox 1885 5007 2072 5078; x_wconf 60' lang='grc' dir='ltr'><strong>ὅππη</strong></span> <span class='ocrx_word' id='word_1_679' title='bbox 2092 5007 2562 5077; x_wconf 76' lang='lat' dir='ltr'><strong>adipem&#39;arietum,</strong></span> <span class='ocrx_word' id='word_1_680' title='bbox 2583 5013 2835 5093; x_wconf 70' lang='lat' dir='ltr'><strong>quoniam</strong></span> <span class='ocrx_word' id='word_1_681' title='bbox 2854 5013 3013 5092; x_wconf 57' lang='lat' dir='ltr'><strong>euasi</strong></span> <span class='ocrx_word' id='word_1_682' title='bbox 3032 5003 3319 5093; x_wconf 59' lang='lat' dir='ltr'><strong>percutiant</strong></span> <span class='ocrx_word' id='word_1_683' title='bbox 3337 5009 3497 5081; x_wconf 53' lang='lat' dir='ltr'><strong>aria).</strong></span> 
     </span>
    </p>
   </div>
   <div class='ocr_carea' id='block_1_107' title="bbox 1881 5090 3508 5171">
    <p class='ocr_par' dir='ltr' id='par_1_107' title="bbox 1881 5090 3508 5171">
     <span class='ocr_line' id='line_1_107' title="bbox 1881 5090 3508 5171; baseline 0.009 -21"><span class='ocrx_word' id='word_1_684' title='bbox 1881 5097 2037 5153; x_wconf 69' lang='lat' dir='ltr'><strong>laudi</strong></span> <span class='ocrx_word' id='word_1_685' title='bbox 2056 5105 2134 5153; x_wconf 79' lang='lat' dir='ltr'><strong>est</strong></span> <span class='ocrx_word' id='word_1_686' title='bbox 2163 5103 2474 5167; x_wconf 77' lang='lat' dir='ltr'><strong>repugnare,</strong></span> <span class='ocrx_word' id='word_1_687' title='bbox 2495 5109 2548 5153; x_wconf 79' lang='lat' dir='ltr'><strong>et</strong></span> <span class='ocrx_word' id='word_1_688' title='bbox 2568 5102 2725 5171; x_wconf 73' lang='lat' dir='ltr'><strong>quasi</strong></span> <span class='ocrx_word' id='word_1_689' title='bbox 2748 5090 2919 5157; x_wconf 67' lang='lat' dir='ltr'><strong>sectus</strong></span> <span class='ocrx_word' id='word_1_690' title='bbox 2940 5090 3308 5162; x_wconf 15' lang='lat' dir='ltr'><strong>Vidololatriiz&#39;</strong></span> <span class='ocrx_word' id='word_1_691' title='bbox 3331 5100 3508 5168; x_wconf 64' lang='grc' dir='ltr'><strong>πὶ)Ηέ</strong></span> 
     </span>
    </p>
   </div>
   <div class='ocr_carea' id='block_1_108' title="bbox 1887 5184 3507 5228">
    <p class='ocr_par' dir='ltr' id='par_1_108' title="bbox 1887 5184 3507 5228">
     <span class='ocr_line' id='line_1_108' title="bbox 1887 5184 3507 5228; baseline 0 0"><span class='ocrx_word' id='word_1_692' title='bbox 1887 5189 2212 5228; x_wconf 60' lang='grc' dir='ltr'><strong>πρωίην-’νο</strong></span> <span class='ocrx_word' id='word_1_693' title='bbox 2258 5185 2312 5228; x_wconf 69' lang='grc'><strong><em>[1</em></strong></span> <span class='ocrx_word' id='word_1_694' title='bbox 2337 5186 2441 5228; x_wconf 66' lang='lat' dir='ltr'><strong>Rbn</strong></span> <span class='ocrx_word' id='word_1_695' title='bbox 2488 5188 2581 5228; x_wconf 57' lang='grc' dir='ltr'><strong>τιὴ</strong></span> <span class='ocrx_word' id='word_1_696' title='bbox 2667 5189 2847 5228; x_wconf 64' lang='lat' dir='ltr'><strong>loitur&#39;</strong></span> <span class='ocrx_word' id='word_1_697' title='bbox 2879 5196 3118 5228; x_wconf 64' lang='grc' dir='ltr'><strong>Μτξηι..-</strong></span> <span class='ocrx_word' id='word_1_698' title='bbox 3168 5184 3507 5228; x_wconf 47' lang='lat' dir='ltr'><strong>amabilia“:</strong></span> 
     </span>
    </p>
   </div>
  </div>
