3988 5328
531 299 640 354 779

1022 296 1076 352 S.
1119 296 1444 353 GREGORli
1480 296 1569 349 Vll
1606 295 1808 350 ΡΑΡΑΞ
1844 295 2124 351 OPERUBI
2173 295 2349 350 PARS
2389 294 2472 350 lii.
2509 327 2578 336 -—
2615 294 2932 351 CONCILIA
2971 295 3275 357 ROMANA.

3689 300 3786 357 180

532 409 620 466 cui
649 408 995 479 potissimum
1022 417 1107 464 est
1137 409 1523 474 miserendum,
1550 424 1713 478 quam
1759 423 1884 463 cum
1927 407 2112 463 inobc~
2141 415 2185 470 Α
2213 406 2588 463 ὴωτθείθτοὶιὶε
2617 406 2779 462 [idem
2811 415 3121 463 sanctorum
3165 407 3384 464 Patrum
3440 409 3785 489 impugnent.

532 502 755 566 dientia,
783 510 878 556 aut
911 517 1006 571 per
1027 516 1084 556 se
1109 509 1202 555 aut
1231 501 1397 555 alium
1434 499 1668 554 Domino
1709 498 1900 553 offerat
1937 498 2105 553 sacri-

532 591 739 646 licium.
778 590 932 646 Libet
958 598 1138 644 autem
1200 590 1550 646 considerare
1592 603 1756 659 quam
1813 589 2105 645 clementer

533 689 719 736 noster
747 679 1080 750 apostolicus
1121 679 1284 734 etiam
1322 679 1471 748 ipsos
1496 685 1898 748 contemptores
1933 691 2103 733 cano-

530 787 662 827 num
689 772 742 826 in
773 770 1148 840 superioribus
1176 771 1394 826 statutis
1419 769 1689 836 tractavit,
1712 784 1854 840 quos
1889 776 2102 824 tantum

529 880 562 918 a
593 864 685 918 tali
711 863 885 919 ollicio
915 863 1161 930 removit,
1187 861 1335 934 quod
1363 870 1543 917 tamen
1564 859 1876 917 nullatenus
1909 860 2016 916 nisi
2045 861 2102 916 in

528 954 818 1025 perniciem
842 969 998 1010 suam
1021 955 1295 1010 celebrare
1320 961 1564 1024 possent,
1591 952 1639 1007 si
1668 951 1951 1008 canonicis
1973 968 2104 1007 san-

528 1043 800 1104 ctionibus
830 1052 1194 1114 repugnantes
1220 1045 1399 1114 ipsum
1424 1042 1685 1113 Spiritum
1713 1051 1963 1099 sanctum
1992 1043 2102 1099 bla-

527 1135 813 1203 sphemare
845 1151 954 1190 non
986 1135 1327 1192 desisterent.
1351 1134 1599 1206 ipsorum
1629 1151 1760 1191 sane
1785 1135 2097 1191 diuturnam

526 1225 946 1281 obstinationem
993 1226 1317 1297 jamdudum
1371 1226 1553 1282 acrius
1582 1227 1920 1297 plectendam
1955 1243 2096 1283 non-

524 1316 653 1370 dum
689 1316 870 1372 debita
906 1318 1195 1374 severitate
1233 1319 1463 1390 punivit.
1509 1319 1615 1375 Sed
1648 1319 1792 1386 illos,
1815 1329 1877 1375 ut
1905 1321 2095 1376 saltem

523 1407 701 1462 adhuc
735 1408 973 1463 redirent
1000 1408 1069 1463 ad
1104 1424 1220 1476 cor,
1241 1418 1468 1480 paterno
1496 1409 1692 1466 all‘ectu
1741 1411 2093 1481 exspectavit,

525 1509 584 1552 ut
607 1500 692 1554 vel
718 1502 772 1555 in
800 1500 903 1556 hoc
922 1516 1078 1557 suam
1099 1501 1504 1558 damnationem
1523 1517 1852 1574 cognoscere
1873 1503 2091 1571 vellent,

522 1606 646 1645 cum
682 1593 942 1663 populum
967 1609 1000 1648 a
1023 1593 1348 1664 recipiendis
1368 1609 1562 1649 eorum
1584 1593 1772 1650 olIiciis
1792 1594 2094 1667 justissime

522 1684 854 1752 prohibitum
877 1701 1074 1757 negare
1108 1702 1215 1740 non
1241 1697 1481 1757 possent.

590 1775 706 1830 XX.
739 1807 807 1815 -——
835 1776 1106 1834 Fortassis
1141 1787 1320 1833 autem
1357 1779 1554 1850 aliquis
1574 1779 1704 1834 dicit
1729 1798 1742 1834 :
1768 1778 1878 1834 Cur
1905 1789 2092 1836 noster

519 1868 810 1940 Gregorius
836 1879 946 1924 tam
967 1870 1240 1926 contraria
1261 1879 1461 1925 nostrze
1483 1870 1862 1926 consuetudini
1890 1879 2091 1927 statuta

518 1957 793 2015 observari
829 1961 1162 2030 praeceperit,
1189 1975 1289 2016 cur
1313 1975 1424 2025 non
1458 1960 1640 2030 potius
1675 1969 1919 2016 nostram
1959 1977 2092 2017 con-

515 2048 857 2105 suetudinem
899 2048 1056 2120 quasi
1089 2049 1427 2106 misericordi
1474 2049 1910 2105 dissimulatione
1951 2049 2090 2104 tole-

515 2139 682 2193 rarit?
717 2138 821 2195 Sed
853 2139 940 2198 ille
978 2141 1164 2196 audiat
1197 2141 1328 2213 quid
1361 2139 1420 2194 Β.
1449 2140 1558 2196 Leo
1581 2156 1740 2211 papa,
1765 2141 1860 2211 qui
1907 2156 2093 2197 sacra-

517 2232 726 2288 tissimo
770 2233 1200 2290 Cbaleedoncnsi
1241 2232 1472 2289 concilio
1523 2231 1756 2303 praefuit,
1801 2233 2085 2301 decernat;

513 2325 608 2396 qui
648 2326 884 2381 Anatolii
928 2325 1178 2397 praesulis
1210 2323 1796 2394 Constantinopolitani
1833 2339 2091 2395 prmsum-

512 2416 752 2486 ptionem
775 2416 1034 2472 cohibens
1065 2417 1139 2472 ita
1171 2418 1487 2488 pronuntiat
1519 2435 1532 2470 :
1578 2415 1725 2486 quod
1777 2415 1833 2470 in
1873 2424 2086 2472 reatum

514 2504 746 2561 Romani
790 2507 1060 2578 pontiﬁcis
1102 2507 1410 2578 deputetur,
1437 2505 1485 2562 si
1514 2505 1785 2562 institutio
1813 2521 2085 2562 canonum

511 2613 624 2653 non
655 2599 992 2669 prohibente,
1025 2607 1080 2654 et
1108 2599 1163 2654 in
1201 2599 1306 2654 hoc
1337 2597 1496 2670 quasi
1522 2597 1845 2654 connivente
1886 2599 2086 2655 alicubi

513 2688 762 2743 violetur.
791 2687 920 2744 item
947 2688 1329 2745 sanctissimus
1358 2688 1532 2744 nostri
1569 2688 1853 2759 apostolici
1891 2689 2088 2744 homo-

512 2796 708 2852 nymus
742 2781 987 2837 scribens
1034 2778 1238 2836 Victori
1274 2779 1528 2852 episcopo
1587 2780 1728 2836 hanc
1788 2780 2084 2837 terribilem

510 2886 565 2933 et
589 2878 893 2950 generalem
923 2878 1248 2933 sententiam
1290 2877 1515 2949 protulit
1544 2896 1557 2933 :
1587 2876 1847 2950 Quisquis
1880 2875 1948 2932 ad
1978 2875 2084 2930 hoc

510 2967 742 3037 facinus,
772 2969 1020 3026 videlicet
1061 2968 1383 3026 Simoniacze
1409 2978 1505 3026 aut
1533 2971 1931 3041 neophytorum
1971 2969 2083 3024 lue-

510 3075 712 3128 reseos,
739 3061 1136 3117 emendandum
1171 3059 1328 3117 ollicii
1350 3062 1435 3118 sui
1465 3061 1895 3118 consideratione
1917 3060 2080 3116 vehe—

509 3160 718 3208 menter
740 3167 850 3207 non
871 3152 1085 3218 arserit,
1114 3167 1238 3208 cum
1273 3151 1391 3223 ipso
1416 3169 1475 3209 se
1503 3153 1701 3208 habere
1723 3167 1834 3208 non
1875 3152 2084 3207 dubitet

509 3232 812 3312 portionem
855 3256 887 3296 a
911 3256 1022 3312 quo
1054 3242 1206 3313 prius
1235 3243 1340 3299 hoc
1390 3243 1666 3314 piaculare
1716 3242 1981 3315 flagitium
2027 3251 2084 3298 et

507 3334 716 3390 crimen
752 3335 986 3405 sumpsit
1004 3336 1307 3391 exordium.
1341 3335 1508 3408 Igitur
1531 3346 1586 3391 et
1606 3335 1694 3391 ille
1727 3335 2081 3390 nihilominus

508 3421 730 3478 Ebionis
760 3424 1135 3480 haeresiarchas
1163 3424 1432 3495 particeps
1455 3425 1742 3494 detegitur,
1767 3424 2080 3494 quicunque

510 3529 608 3583 pro
638 3514 820 3568 debito
847 3513 1006 3569 oliicii
1027 3515 1170 3570 illius
1192 3515 1464 3582 lueresim,
1490 3514 1543 3570 id
1567 3523 1652 3570 est
1668 3512 1950 3570 Iudaicam
1994 3515 2079 3569 in-

509 3604 918 3673 continentiam,
948 3605 1224 3662 modernis
1245 3605 1617 3662 sacerdotibus
1645 3604 1932 3676 prohibere
1966 3620 2076 3660 non

509 3698 795 3753 studuerit.
819 3697 940 3769 ipsa
959 3713 1177 3770 quoque
1199 3698 1567 3754 sacratissima
1598 3697 1846 3764 concilia,
1867 3712 1934 3752 ex
1963 3697 2080 3766 qui-

509 3788 610 3845 bus
640 3798 842 3845 statuta
866 3791 1037 3864 nostri
1061 3790 1345 3861 apostolici
1376 3789 1766 3860 produxerant,
1790 3788 1926 3844 adeo
1959 3803 2076 3843 am-

508 3877 704 3947 plexati
732 3887 861 3934 sunt
883 3879 1055 3934 sancti
1076 3879 1285 3948 Patres,
1312 3887 1396 3947 ut,
1424 3878 1568 3934 sicut
1595 3879 1839 3949 ipsorum
1874 3878 2074 3948 scripta

509 3974 804 4033 testantur,
829 3967 1009 4037 potius
1034 3969 1242 4040 seipsos
1282 3968 1512 4024 diversis
1550 3967 1837 4023 tormentis
1886 3968 2070 4040 allligi,

506 4055 616 4111 imo
651 4073 709 4112 se
729 4059 912 4128 potius
933 4059 1222 4116 crudeliter
1256 4059 1428 4116 occidi
1481 4058 1853 4129 permitterent
1908 4074 2072 4130 quam

505 4147 856 4206 violatoribus
878 4151 1190 4207 earumdem
1221 4151 1568 4206 sanctionum
1614 4149 1923 4206 consentire
1963 4150 2075 4205 vel-

503 4239 630 4298 lent.
646 4239 726 4296 Ob
748 4241 889 4298 hanc
909 4257 1130 4299 causam
1158 4258 1388 4315 magnus
1409 4242 1743 4298 Athanasius
1764 4241 2073 4312 patriarcha

500 4330 898 4389 Alexandrinus
919 4341 1043 4402 post
1064 4333 1307 4388 diversas
1336 4332 1670 4388 calamitates
1711 4331 1766 4386 in
1819 4331 2071 4387 exsilium

2209 504 2388 550 tamen
2417 509 2608 550 eorum
2638 495 2936 552 moralibus
2958 497 3176 552 statutis
3222 513 3347 553 cum
3399 499 3518 570 ipsa
3564 499 3783 572 quidem

2207 585 2308 640 [ide
2330 600 2424 655 per
2438 585 2656 640 eosdem
2675 593 2892 641 sanctos
2911 584 3099 643 Patres
3117 586 3306 644 eodem
3328 597 3573 660 tempore
3593 590 3785 646 eadem

2205 673 2605 744 subscriptione
2628 675 2896 730 roboratis
2923 676 3194 732 obstinate
3235 678 3530 747 resistunt,
3561 695 3692 751 quas
3733 691 3784 736 ct

2203 779 2329 820 eum
2353 765 2542 820 eadem
2565 765 2670 820 fide
2702 781 2768 820 ex
2792 766 3166 824 sacratissimo
3197 767 3346 825 fonte
3369 768 3784 842 Scripturarum

2202 871 2563 912 emanaverun
2569 865 2607 912 ι.

2276 949 2380 1006 Sed
2402 951 2455 1005 in
2489 951 2593 1006 hac
2623 964 2815 1006 eorum
2846 951 3236 1010 nefandissima
3275 954 3571 1012 rebellione
3615 958 3776 1013 etiam

2201 1040 2375 1111 ipsam
2395 1041 2555 1096 ﬁdem
2580 1041 2755 1098 sancti
2788 1040 2975 1098 Patres
3002 1043 3301 1114 probantur
3326 1046 3632 1114 adnullare,
3653 1063 3773 1104 cum

2200 1133 2256 1187 in
2282 1132 2610 1188 authenticis
2633 1133 3006 1190 sanctionibus
3035 1136 3413 1192 auctoritatem
3437 1139 3658 1194 illorum
3682 1156 3775 1210 pro

2199 1224 2368 1278 nihilo
2408 1224 2616 1279 ducunt
2641 1224 2736 1295 qui
2764 1234 2818 1280 et
2838 1225 2998 1280 fidem
3020 1242 3121 1282 sua
3142 1229 3774 1286 auctoritate'contimts-

2197 1325 2410 1371 verunt.
2459 1315 2778 1372 Nullatenus
2822 1317 3146 1395 sane.alieui
3179 1318 3311 1376 fides
3332 1329 3655 1378 sanctorum
3681 1322 3774 1378 Pa-

2197 1416 2342 1462 trum
2361 1406 2600 1478 proderit
2625 1408 2720 1478 qui
2755 1423 2947 1463 eorum
2975 1410 3254 1466 canonicis
3275 1420 3439 1482 atque
3473 1414 3777 1472 moralibus

2195 1500 2474 1570 praeceptis
2496 1515 2606 1554 non
2628 1499 2871 1568 obedire,
2893 1500 2986 1555 sed
3016 1501 3365 1571 pertinaciter
3386 1504 3647 1562 resistere
3665 1515 3776 1562 stu-

2191 1591 2395 1658 duerit;
2449 1607 2598 1658 nam,
2624 1600 2686 1647 ut
2717 1590 2955 1648 Iacobus
2992 1591 3160 1649 frater
3210 1592 3430 1650 Domini
3474 1603 3712 1652 testatur
3753 1617 3768 1652 :

2197 1681 2356 1736 Fides
2387 1683 2500 1737 sine
2522 1685 2762 1753 operibus
2787 1693 2998 1739 mortua
3033 1694 3111 1738 est
3147 1683 3288 1756 (Jac.
3322 1686 3415 1758 II);
3453 1688 3678 1758 qualem
3719 1699 3776 1745 et

2127 1755 2167 1810 Β
2191 1774 2464 1830 daemones
2500 1774 2698 1830 habere
2737 1774 2955 1831 fatetur.
3005 1775 3124 1832 Non
3157 1755 3304 1849 ergo
3352 1755 3544 1835 minus
3572 1788 3656 1835 est
3687 1795 3773 1835 re-

2189 1867 2489 1923 sistendum
2514 1867 2879 1937 pertinacibus
2901 1869 3336 1926 authenticarum
3362 1871 3770 1928 institutionum

2188 1959 2665 2031 impugnatoribus
2689 1974 2855 2030 quam
2881 1975 3051 2017 sacra:
3078 1961 3203 2016 ﬁdei
3237 1963 3620 2026 violatoribus,
3645 1979 3772 2020 cum

2186 2061 2241 2106 et
2281 2051 2620 2106 dmmonibus
2673 2052 3045 2108 assimilentur
3105 2053 3418 2124 quicunque
3471 2055 3771 2112 institutio-

2187 2159 2311 2198 nem
2342 2152 2654 2198 sanctorum
2688 2141 2908 2198 Patrum
2940 2143 2995 2198 in
3021 2143 3125 2199 fide
3150 2153 3359 2200 tantum
3385 2154 3441 2200 et
3465 2161 3578 2200 non
3603 2148 3768 2202 etiam
3853 2181 3856 2184 ~

2188 2235 2244 2289 in
2274 2234 2688 2290 conversatione
2732 2250 2832 2304 pro
2872 2235 3081 2290 viribus
3141 2245 3505 2304 assectantur,
3569 2238 3664 2308 qui
3715 2246 3770 2293 et

2185 2327 2422 2399 culpam,
2449 2328 2578 2398 quia
2609 2320 2909 2383 humanum
2939 2326 3044 2384 fuit
3087 2330 3446 2399 committere,
3490 2332 3767 2389 diabolica

2184 2419 2444 2476 instinctu
2474 2434 2583 2474 non
2611 2419 2805 2475 timent
2831 2420 3180 2492 pertinaciter
3192 2422 3501 2480 defendere.
3516 2425 3765 2496 Amplius

2184 2511 2362 2583 ipsum
2401 2509 2505 2566 Vas
2533 2510 2814 2568 electionis
2835 2512 2890 2567 in
2921 2528 3020 2568 sua
3045 2527 3279 2582 persona
3307 2515 3568 2571 omnibus
3589 2518 3765 2573 eccle-

2182 2599 2420 2656 siasticis
2443 2599 2753 2670 pastoribus
2783 2600 2916 2657 dicit
2943 2620 2956 2656 :
2989 2600 3050 2656 Si
3083 2604 3531 2675 euangelizavero,
3554 2624 3660 2660 non
3685 2615 3762 2662 est

2183 2691 2312 2746 mihi
2334 2691 2528 2763 gloria,
2561 2692 2847 2747 necessitas
2880 2693 3020 2747 enim
3053 2693 3183 2748 mihi
3205 2694 3498 2762 incumbit;
3527 2714 3607 2752 ea:
3625 2699 3763 2752 enim

2181 2793 2256 2838 est
2283 2783 2434 2850 mihi,
2457 2785 2504 2837 si
2534 2800 2637 2837 non
2659 2783 3080 2856 euangelizavero
3112 2785 3167 2857 (1
3188 2786 3311 2842 Cor.
3345 2789 3446 2858 rx).
3475 2786 3758 2856 Quomodo

2181 2891 2310 2948 ergo
2340 2886 2526 2932 noster
2557 2877 2890 2948 apostolicus
2920 2877 3067 2934 istud
3097 2895 3174 2933 ea:
3219 2878 3597 2953 subterfugere
3641 2897 3765 2952 pos-

2181 2975 2282 3033 set,
2309 2967 2356 3023 si
2386 2982 2599 3039 gregem
2628 2967 2732 3022 sibi
2755 2968 3108 3023 eommissum
3137 2970 3292 3040 juxta
3321 2971 3497 3040 ipsius
3517 2972 3764 3042 Aprrstoli

2180 3067 2446 3130 prmeepta
2493 3059 2776 3115 instituere
2812 3059 3136 3131 negligeret?
3173 3061 3406 3117 Sanctus
3441 3063 3612 3118 etiam
3649 3061 3766 3133 Spi-

2181 3150 2320 3206 ritus
2359 3165 2453 3220 per
2508 3150 2845 3206 Ezechielem
2901 3151 3221 3221 prophetam
3273 3153 3497 3208 cuilibet
3552 3155 3765 3226 pastori

2182 3242 2477 3296 terribilem
2524 3241 2778 3312 proponit
2824 3242 3188 3296 conditionem
3225 3261 3236 3296 :
3275 3241 3355 3308 Si,
3407 3244 3611 3314 inquit,
3661 3260 3762 3298 non

2180 3331 2376 3384 dixeris
2410 3331 2674 3401 peccatori
2700 3371 2716 3396 ,
2769 3329 2937 3384 Morte
2963 3332 3223 3397 morieris,
3266 3341 3317 3385 et
3365 3334 3663 3388 ostenderis
3705 3341 3764 3387 ut

2180 3421 2387 3476 recedat
2411 3422 2475 3476 ab
2505 3421 2873 3492 iniquitatibus
2902 3423 3036 3489 suis,
3061 3423 3170 3493 ipse
3201 3423 3411 3494 quidem
3447 3425 3507 3478 in
3527 3427 3765 3496 peccatis

2177 3512 2289 3566 suis
2331 3513 2603 3579 morietur,
2647 3511 2952 3584 sanguinem
2993 3522 3168 3566 autent
3203 3513 3317 3582 ejus
3358 3513 3423 3568 de
3468 3533 3635 3571 manu
3669 3527 3762 3572 tua

2178 3604 2462 3674 requiram.
2515 3600 2576 3658 Si
2605 3613 2781 3657 autem
2816 3604 3040 3670 dixeris,
3083 3611 3132 3658 et
3171 3603 3262 3659 ille
3295 3610 3670 3677 contempserit
3709 3620 3759 3664 et

2177 3711 2280 3749 non
2318 3695 2591 3762 obedierit,
2633 3693 2727 3748 ille
2771 3696 2827 3748 in
2873 3694 3152 3750 sceleribus
3204 3697 3316 3750 suis
3359 3699 3654 3765 morietur;
3703 3709 3758 3754 tu

2176 3795 2353 3840 autem
2393 3787 2634 3852 animant
2676 3794 2823 3839 tuam
2862 3785 3107 3840 liberabis
3135 3785 3350 3857 (Bacch.
3377 3792 3603 3860 xxxiii).
3649 3790 3760 3847 Hac

2175 3877 2394 3948 quidem
2425 3876 2777 3932 translatione
2809 3875 2866 3931 S.
2908 3878 3248 3949 Augustinus
3293 3879 3350 3934 in
3402 3896 3664 3938 sermone
3693 3884 3758 3938 de

2174 3969 2384 4039 psalmo
2417 3985 2541 4023 xm
2572 3970 2763 4036 utitur,
2795 3970 3086 4040 statimque
3118 3971 3233 4025 suis
3263 3972 3613 4029 auditoribus
3637 3976 3758 4029 sub-

2169 4059 2350 4130 jungit
2385 4078 2396 4113 :
2429 4058 2559 4114 Dico
2582 4061 2755 4126 vobis,
2772 4060 2942 4113 libero
2967 4059 3204 4114 animam
3227 4076 3444 4129 meam;
3469 4063 3528 4116 in
3560 4079 3758 4135 magno

2173 4149 2317 4203 enim
2373 4165 2495 4204 sum
2549 4165 2659 4205 non
2717 4150 2960 4220 periculo
3009 4151 3104 4205 sed
3156 4150 3324 4205 exitio
3381 4154 3755 4220 constitutus,

2174 4239 2221 4295 si
2249 4246 2492 4295 tacuero.
2526 4238 2669 4293 Satis
2693 4254 2822 4310 ergo
2842 4247 2991 4310 patet
3017 4255 3183 4310 quam
3205 4240 3482 4295 immerito
3529 4243 3760 4314 quidam

2174 4339 2363 4386 nostro
2409 4331 2707 4402 apostolico
2764 4347 2863 4400 pro
2921 4332 3293 4401 superioribus
3342 4335 3568 4390 statutis
3623 4335 3758 4390 indi.

500 4422 834 4494 deportatur.
857 4421 940 4480 Ob
973 4425 1078 4479 hoc
1108 4423 1272 4478 etiam
1302 4422 1450 4478 Felix
1503 4439 1637 4495 papa
1682 4421 1962 4478 Romanus
2001 4423 2070 4477 ab
2101 4459 2148 4512 υ
2173 4432 2407 4496 gnentur
2459 4423 2555 4493 qui
2612 4431 2723 4476 tam
2779 4422 3075 4477 inevitabili
3137 4424 3464 4479 necessitate
3522 4435 3758 4480 coactus

499 4516 812 4586 episcopatu
839 4513 1119 4585 depositus
1144 4515 1404 4585 martyrio
1447 4513 1644 4585 legitur
1680 4521 1992 4580 coronatus,
2016 4523 2071 4568 et
2168 4515 2354 4570 eadem
2413 4513 2716 4568 instituisse
2769 4512 3056 4585 detegitur,
3105 4513 3356 4568 videlicet
3401 4529 3472 4569 ne
3515 4519 3756 4585 propriae

498 4605 656 4661 multi
679 4607 799 4676 ejus
822 4605 1144 4678 presbyteri,
1168 4604 1424 4660 diacones
1453 4613 1507 4658 et
1534 4603 1729 4673 reliqui
1781 4619 1848 4657 ex
1899 4602 2066 4668 clero,

498 4696 658 4752 etiam
675 4697 815 4752 intra
834 4695 1152 4763 Ecclesiam,
1165 4695 1236 4751 ob
1250 4695 1494 4750 eamdem
1516 4709 1758 4761 causam,
1779 4693 1914 4748 heu!
1953 4709 2073 4748 cru-

498 4787 773 4844 delissime
803 4787 972 4844 occisi
1003 4788 1278 4858 leguntur,
1309 4785 1558 4841 videlicet
1611 4785 1739 4855 quia
1787 4783 2072 4839 sectatori-

498 4878 602 4933 bus
639 4881 752 4934 Arii
788 4881 843 4933 in
892 4880 1240 4935 violationem
1291 4876 1495 4934 Nicreni
1547 4876 1766 4931 concilii
1818 4875 2070 4931 assentiri

497 4970 772 5024 nolebant.
793 4969 916 5027 Haec
938 4981 1118 5026 autem
1141 4980 1195 5025 et
1224 4959 1536 5039 hlljuSﬂlOdl
1567 4967 1980 5021 innumerabilia
2003 4983 2072 5021 ex

496 5060 880 5115 ecclesiasticis
936 5062 1182 5138 historiis
1253 5061 1456 5116 all‘atim
1521 5059 1772 5129 colligere
1839 5058 2064 5129 poteris.

498 5151 535 5162 τι

2171 4607 2361 4662 mortis
2394 4606 2597 4662 crimen
2624 4605 2941 4670 incurreret,
2967 4604 3014 4658 si
3040 4619 3140 4660 nos
3168 4592 3440 4661 ex'debito
3469 4605 3638 4662 ofﬁcii
3666 4607 3757 4662 sui

2171 4698 2450 4753 instituere
2470 4695 2781 4767 negligeret.

2239 4786 2381 4840 XXI.
2413 4816 2484 4826 —
2502 4784 2768 4839 Praeterea
2792 4783 2840 4839 si
2869 4784 2940 4839 ob
2974 4785 3080 4839 hoc
3110 4795 3299 4840 nostro
3325 4788 3633 4857 apostolico
3668 4789 3754 4843 in-

2171 4877 2382 4950 dignari
2429 4883 2700 4947 satagunt,
2733 4891 2830 4932 cur
2877 4891 2986 4930 non
3033 4877 3214 4946 potius
3262 4877 3369 4933 illis
3408 4877 3514 4933 518
3544 4879 3753 4936 sanctis

2170 4973 2422 5028 Patribus
2451 4959 2714 5026 in'Nicma
2735 4971 3181 5042 congregatisrut
3201 4970 3381 5044 [forte,
3407 4979 3524 5036 aut,
3546 4970 3752 5043 lixam]

2170 5065 2274 5120 650
2301 5063 2553 5118 Patribus
2578 5062 2632 5116 in
2654 5061 2996 5116 Chalcedone
3022 5061 3364 5133 congregatis
3393 5071 3447 5114 et
3476 5062 3754 5115 coaduna-

3450 5158 3495 5168 ιη
3567 5148 3676 5168 O‘ﬁ.
3703 5165 3714 5167 -
