3988 5328
191 282 283 337 781
1400 273 1772 331 CONCILIUM
1818 272 2155 329 ROMANL‘M
2197 275 2237 329 I.
2545 334 2551 339 ,
3363 270 3467 334 382
3545 274 3552 283 ’

184 396 253 450 ab
278 392 476 450 altaris
493 392 673 449 ollicio
692 392 1006 460 removerit,
1037 390 1184 462 quod
1209 390 1374 446 etiam
1422 390 1779 446 cohabitatio-
1808 391 1854 447 Α
1880 403 2226 459 praepropere
2271 388 2360 460 agi
2389 403 2422 445 a
2451 403 2781 460 quacunque
2827 397 2984 459 parte
3007 389 3282 452 videatur.
3334 392 3465 462 quia

184 501 313 543 nem
338 495 729 542 extranearum
761 483 1089 540 feminarum
1148 483 1364 538 clericis
1414 482 1774 553 prohibuerit,

179 579 330 651 quod
391 577 692 633 violatores
748 575 1063 646 huiusmodi
1131 574 1493 630 institutionis
1548 588 1778 645 prrrsus

184 669 752 730 anathmatizaverit.
816 666 1172 739 Indignamur
1232 666 1397 722 etiam
1457 666 1778 723 beatissimo

181 776 341 832 papa
396 760 666 818 Silvestre
684 803 701 828 ,
737 761 833 832 qui
886 760 943 817 in
986 761 1288 832 apostolica
1336 760 1464 816 sede
1513 759 1780 815 constitu-

185 863 271 909 tus
331 854 791 911 incontinentiam
840 852 1021 923 totius
1066 853 1257 910 mundi
1312 852 1679 924 presbyteris,
1721 861 1781 907 ut

182 946 512 1016 praedictum
557 954 664 1014 est,
714 945 1015 1016 prohibuit,
1038 953 1094 1000 et
1137 961 1333 1001 omnes
1387 945 1517 1001 huic
1559 945 1779 1001 decreto

182 1046 561 1109 repugnantes
611 1039 667 1093 in
718 1045 1044 1109 perpetuum
1094 1036 1437 1094 damnandos
1489 1052 1612 1093 esse
1680 1038 1777 1093 de-

179 1128 374 1183 crevit.
434 1128 794 1201 lndignentur
832 1128 1000 1184 etiam
1052 1128 1215 1185 beato
1267 1128 1494 1200 martyri
1541 1128 1779 1185 Damaso

184 1234 356 1289 papas,
379 1219 549 1289 cujus
564 1218 892 1275 auctoritate
912 1220 1151 1275 secunda
1184 1219 1514 1275 universalis
1537 1219 1782 1291 synodus

183 1308 796 1383 Constantinopolitana
819 1311 1017 1382 lcgitur
1036 1312 1313 1368 roborata.
1337 1311 1469 1367 Item
1496 1312 1782 1373 sanctissi-

185 1415 272 1457 mo
292 1417 458 1473 papa
486 1401 661 1459 Leoni
683 1402 1215 1460 Chalcedonensinm
1239 1419 1513 1460 canonum
1544 1405 1777 1469 auctori,

182 1510 423 1565 quorum
462 1504 693 1567 uterque
720 1498 913 1553 eadem
944 1506 1001 1554 et
1034 1498 1335 1569 apostolica
1379 1500 1705 1557 auctoritate
1722 1502 1781 1556 in

183 1584 421 1659 decretis
469 1585 612 1652 suis,
656 1586 746 1641 ille
768 1586 1011 1658 quidem,
1039 1602 1161 1657 cap.
1208 1588 1261 1655 4,
1300 1589 1389 1645 hic
1419 1598 1777 1662 autem,cap.

182 1673 253 1739 5,
305 1674 386 1731 ita
442 1675 773 1746 generaliter
819 1677 1110 1735 decrevere
1164 1697 1181 1733 :
1240 1676 1435 1734 Omnia
1480 1680 1778 1738 decretalis

182 1773 517 1822 cunctorum
569 1768 889 1838 pontiﬁcum
941 1770 1408 1840 praedecessorum
1456 1781 1773 1829 nostrorum
1810 1750 1853 1804 Β

181 1856 509 1921 constituta,
535 1873 664 1929 quae
691 1860 760 1915 de
788 1861 1177 1919 ecclesiasticis
1210 1864 1499 1921 ordinibus
1525 1875 1579 1920 et
1602 1881 1775 1922 cano-

181 1961 316 2001 num
349 1948 705 2018 promulgata
740 1959 869 2005 sunt
888 1950 1215 2021 disciplinis,
1271 1952 1341 2008 ita
1374 1954 1633 2012 omnibus
1655 1957 1774 2027 epi-

183 2038 370 2109 scopis
396 2053 467 2094 ac
490 2041 706 2096 cunctis
738 2043 1067 2112 generaliter
1098 2046 1478 2103 sacerdotibus
1500 2049 1777 2104 custodire

178 2127 383 2182 debere
438 2129 769 2186 mandamus
816 2141 876 2186 ut
924 2131 972 2188 si
1019 2133 1145 2204 quis
1192 2134 1250 2188 in
1283 2134 1373 2190 illa
1408 2138 1774 2204 commiserit,

179 2220 399 2273 veniam
437 2220 542 2276 sibi
570 2222 827 2293 deinceps
862 2225 1078 2281 noverit
1102 2226 1381 2297 denegari.
1425 2227 1779 2301 Indignentur

182 2312 347 2365 etiam
407 2314 747 2369 sanctissimi
803 2316 979 2372 nostri
1028 2319 1317 2389 apostolici
1355 2322 1639 2391 aequivoco
1684 2323 1779 2395 qui

183 2402 286 2456 sub
317 2404 568 2473 generali
599 2408 948 2464 anathemate
988 2409 1270 2466 damnavit
1293 2426 1486 2470 omnes
1514 2430 1546 2468 a
1589 2431 1777 2471 sacra-

188 2494 418 2550 tissimis
460 2508 702 2568 quatuor
742 2502 992 2559 conciliis
1035 2502 1440 2562 dissentientes.
1502 2505 1609 2564 Sed
1653 2525 1778 2565 cum

188 2587 372 2642 nullus
420 2604 574 2646 sanae
621 2594 822 2648 mentis
886 2594 1203 2665 hujusmodi
1258 2598 1464 2654 sanctis
1525 2597 1781 2657 Patribus

184 2674 376 2748 uerte,
412 2679 663 2749 Patrum,
687 2683 840 2740 Hann
860 2684 902 2759 ].
933 2687 1219 2744 sententiis
1262 2688 1595 2761 indignetur,
1632 2701 1783 2763 patet

186 2768 599 2829 evidentissime
623 2790 792 2844 quam
849 2777 1297 2835 irrationabiliter
1342 2782 1565 2852 quidam
1604 2784 1781 2840 nostri

185 2863 479 2932 apostolici
500 2865 771 2924 institutis
794 2868 1165 2940 indignentur,
1190 2871 1249 2927 in
1276 2888 1512 2944 quorum
1535 2878 1782 2945 promul-

180 2955 408 3023 gatioue
454 2956 771 3016 nullatenus
819 2974 851 3015 a
902 2962 1111 3019 sanctis
1134 2961 1391 3021 Patribus
1431 2965 1761 3037 discrepavit

185 3056 413 3117 excepto
465 3046 575 3104 hoc
603 3057 841 3117 tantum,
868 3053 1016 3123 quod
1055 3070 1165 3109 non
1195 3065 1306 3111 tam
1347 3072 1562 3125 severe,
1589 3067 1648 3113 ut
1684 3059 1779 3127 illi,

186 3141 662 3210 contemptoribus
684 3158 956 3199 canonum
974 3147 1232 3203 obviavit.
1248 3146 1373 3205 Illos
1386 3150 1534 3205 enim
1555 3151 1784 3207 clericos

184 3229 254 3283 ab
275 3229 463 3286 oﬁicio
495 3240 713 3289 tantum
738 3235 991 3306 privavit,
1026 3238 1229 3310 quibus
1259 3241 1437 3297 sancti
1456 3240 1649 3299 Patres
1671 3259 1784 3300 non

184 3323 352 3378 modo
399 3325 674 3395 cilicium,
727 3328 824 3384 sed
869 3338 925 3385 et
976 3332 1224 3401 veniam,
1272 3341 1326 3389 et
1353 3334 1783 3393 ecclesiasticam

186 3418 640 3474 communionem
673 3420 1027 3493 dcuegavere.
1060 3423 1149 3479 Nil
1184 3425 1421 3497 denique
1444 3427 1571 3483 novi
1599 3437 1785 3485 noster

187 3510 532 3575 apostolicus
556 3512 718 3570 nobis
742 3513 1146 3572 observandum
1174 3518 1432 3589 injunxit,
1455 3521 1601 3591 quod
1619 3522 1783 3577 etiam

188 3605 237 3660 si
258 3605 510 3673 fecisset,
547 3620 659 3661 non
697 3614 880 3663 tamen
912 3609 1032 3665 sine
1077 3610 1322 3681 periculo
1352 3612 1472 3682 ejus
1507 3616 1783 3669 contemni

187 3705 526 3768 przeeeptum
551 3705 763 3767 posset.
797 3697 935 3755 Nam
960 3702 1263 3771 apostolica
1298 3703 1455 3758 sedes
1502 3719 1569 3759 ex
1599 3705 1784 3762 divina

188 3776 542 3845 confessione
560 3782 745 3863 [forte
771 3792 1146 3861 concessione,
1174 3791 1376 3866 Iliam]
1398 3795 1543 3852 hunc
1571 3813 1785 3869 semper

189 3882 430 3937 obtinuit
474 3891 531 3937 et
575 3882 846 3939 obtinebit
894 3883 1224 3954 primatum,
1269 3894 1331 3941 ut
1377 3888 1546 3945 totius
1594 3891 1781 3945 mundi

188 3970 467 4031 Ecclesias
501 3990 616 4030 non
662 3975 842 4030 solum
887 3976 1128 4048 antiquis
1152 3977 1439 4046 institutis,
1482 3981 1577 4036 sed
1617 3982 1782 4036 etiam

186 4066 345 4121 novis
366 4066 649 4137 disponat,
681 4061 846 4137 ﬁent
874 4069 1217 4124 diversorum
1252 4071 1549 4126 necessitas
1576 4082 1785 4142 tenipo-

192 4173 311 4212 rum
336 4159 601 4228 postulat.
628 4158 846 4231 Cogunt
881 4160 1050 4227 enim,
1083 4162 1159 4216 ait
1186 4172 1411 4219 sanctus
1444 4164 1783 4234 Augustinus

185 4249 257 4304 ad
274 4247 647 4317 Bonifacium,
663 4252 868 4306 multas
887 4252 1130 4307 invenire
1144 4254 1462 4327 medicinas,
1485 4256 1780 4311 multorum

190 4342 567 4411 experimenta
600 4344 946 4398 morborum.
979 4343 1093 4400 Hoc
1125 4345 1315 4416 utique
1344 4346 1557 4402 diversa
1581 4346 1782 4403 Roma-

1804 3113 1852 3171 C

1876 496 1976 553 per
2009 482 2417 554 subreptionem
2454 483 2626 537 multa
2656 483 3004 553 proveniunt.
3054 482 3187 539 lure
3217 500 3351 556 ergo
3389 485 3468 540 illi

1877 572 2089 641 absque
2136 571 2371 628 induciis
2399 571 2739 631 damnantur
2770 573 2866 644 qui
2893 572 3111 644 culpam
3138 590 3296 632 suam
3317 575 3467 647 jam-

1878 660 2087 715 dudum
2137 676 2168 715 a
2213 662 2421 717 sanctis
2463 660 2720 719 Patribus
2752 663 2979 719 diliinite
3007 665 3323 723 damnatam
3355 680 3468 723 non

1879 765 2097 822 negare,
2126 751 2224 806 sed
2244 752 2465 821 publice
2488 762 2681 808 contra
2700 754 2998 825 apostolica
3033 762 3235 812 statuta
3260 773 3471 815 conan-

1881 848 1970 895 tur
1995 839 2301 897 defensare.
2329 839 2534 913 Nempe
2557 842 2618 897 Β.
2656 843 2971 917 Gregorius,
3004 847 3075 903 ab
3103 848 3253 904 omni
3274 850 3470 922 catho-

1881 932 1986 987 lico
2030 941 2252 1003 pastore
2281 933 2481 988 merito
2519 934 2836 1003 imitandus,
2873 947 3278 1011 contemptores
3322 940 3470 998 sedis

1880 1026 2192 1094 apostolica
2219 1026 2384 1081 etiam
2421 1035 2549 1083 ante
2588 1037 2866 1098 peractam
2897 1032 3117 1102 culpam
3142 1034 3355 1089 solebat
3372 1049 3468 1089 ex-

1878 1118 2327 1173 communicare:
2366 1118 2446 1174 sic
2469 1119 2618 1175 enim
2640 1119 2935 1178 Maximum
2970 1139 3068 1195 per
3104 1125 3464 1183 ambitionem

1882 1203 2203 1262 Salonitano
2222 1209 2561 1279 episcopatui
2582 1210 3033 1281 inthronizatum,
3055 1223 3111 1271 et
3130 1228 3320 1274 omnes
3344 1216 3466 1288 ejus

1880 1298 2227 1356 ordinatores
2272 1302 2800 1371 excommunicavit,
2852 1320 2994 1376 quos
3027 1308 3216 1364 eadem
3243 1325 3467 1368 excom-

1882 1393 2199 1459 municatio,
2232 1396 2479 1451 nondum
2508 1408 2729 1467 peracta
2773 1401 2935 1471 culpa
2979 1418 3080 1473 pro
3110 1419 3218 1476 qua
3243 1422 3465 1463 excom-

1882 1485 2145 1543 municati
2181 1497 2330 1555 sunt,
2358 1489 2648 1561 obligavit;
2682 1508 2807 1548 nam
2839 1494 3160 1566 priusquam
3196 1492 3468 1557 Maximus

1882 1578 2249 1647 ordinaretur,
2288 1579 2394 1636 sub
2422 1585 2993 1643 excommunicatione
3032 1590 3313 1659 prohibuit
3340 1608 3468 1648 san-

1883 1677 2006 1725 ctus
2053 1669 2352 1742 Gregorius
2401 1688 2469 1728 ne
2498 1673 2604 1729 hoc
2635 1674 3081 1745 'praesumeretur
3100 1699 3120 1748 η;
3148 1684 3295 1752 quod
3324 1698 3467 1756 pras-

1878 1771 2094 1833 ccptum
2117 1773 2524 1822 contemnentes
2549 1767 2812 1839 episcopi,
2826 1785 2954 1825 cum
2975 1773 3296 1832 ordinarent
3318 1793 3471 1833 eum-

1876 1854 1998 1908 dem
2035 1853 2356 1920 Maximum,
2386 1865 2514 1912 ante
2547 1867 2828 1929 peractam
2863 1863 3264 1921 ordinationem
3309 1878 3471 1925 erant

1876 1946 2356 2014 excommunicati,
2364 1948 2523 2015 juxta
2538 1952 2941 2008 attestationem
2960 1953 3018 2009 S.
3033 1954 3279 2029 Gregorii
3296 1977 3310 2025 ;
3336 1960 3469 2014 scri-

1877 2036 1957 2092 bit
1998 2037 2145 2093 enim
2194 2038 2249 2093 in
2303 2038 2535 2109 epistola
2567 2041 2641 2097 ad
2690 2045 2947 2100 eumdem
2985 2045 3283 2103 Maximum
3329 2065 3469 2121 pra:-

1879 2137 2216 2197 sumptorem
2243 2172 2258 2194 ,
2318 2131 2393 2186 ita
2443 2131 2723 2190 detestans
2774 2134 2894 2206 ejus
2944 2139 3414 2197 consecrationem
3452 2160 3467 2197 :

1879 2217 2054 2285 Quam
2079 2234 2214 2283 rem,
2246 2220 2444 2290 inquit,
2477 2238 2579 2278 nos
2616 2226 3091 2283 consecrationem
3116 2229 3296 2286 dicere
3318 2232 3471 2287 nullo

1881 2311 2043 2366 modo
2065 2327 2378 2381 possumus,
2402 2314 2531 2385 quia
2564 2316 2636 2371 ab
2670 2319 3163 2376 excommunicatis
3194 2322 3470 2381 celebrata

1878 2410 1982 2458 est.
2033 2402 2152 2458 Non
2185 2404 2334 2459 enim
2364 2416 2489 2477 post
2534 2408 2941 2465 ordinationem
2988 2415 3474 2472 excommunicau-

1881 2495 2131 2579 dosLsed
2156 2496 2212 2551 in
2255 2498 2371 2568 ipsa
2408 2499 2757 2558 ordinatione
2779 2501 2916 2558 dixit
2938 2506 3468 2565 excommunicatos.

1884 2587 1976 2644 Sic
1995 2589 2137 2646 idem
2152 2592 2489 2661 apostolicus
2506 2606 2602 2663 per
2624 2593 3016 2652 subdiaconem
3041 2613 3203 2654 suum
3224 2597 3470 2656 Natalem

1885 2681 2261 2739 Salonitanum
2307 2686 2627 2757 episcopum
2671 2688 2881 2758 absque
2929 2689 3185 2757 induciis,
3230 2691 3277 2749 si
3322 2708 3468 2764 prte-

1883 2784 2041 2846 cepto
2083 2775 2204 2847 ejus
2234 2792 2372 2832 non
2393 2778 2697 2844 obedisset,
2761 2780 2928 2849 pallio
2982 2790 3038 2835 et
3084 2785 3472 2839 communium

1883 2868 2101 2925 censuit
2120 2869 2446 2940 privandum
2473 2885 2615 2926 esse.
2648 2870 2760 2937 Sic,
2783 2872 3031 2942 inquam,
3056 2872 3172 2945 ipse
3199 2883 3254 2929 et
3272 2875 3471 2947 reliqui

1883 2962 2141 3032 ejusdcm'
2173 2963 2319 3019 sedis
2347 2963 2591 3034 episcopi
2622 2963 2899 3034 quoslibet
2919 2974 2972 3020 ct
2998 2966 3205 3037 absque
3235 2968 3472 3024 induciis

1885 3052 2305 3119 damnaverunt,
2341 3054 2437 3123 qui
2466 3052 2708 3124 aliquam
2743 3069 2858 3109 rem
2891 3055 2996 3110 sub
3024 3054 3473 3113 excommunica-

1886 3144 2036 3201 tione
2074 3145 2160 3199 vel
2197 3144 2360 3201 oﬂicii
2403 3147 2769 3216 suspensione
2810 3146 3143 3216 prohibitam
3174 3150 3475 3206 temerarie

1884 3244 2309 3306 usurpaverunt.
2349 3234 2461 3293 Has
2484 3253 2616 3308 ergo
2650 3246 2706 3294 et
2734 3237 3051 3309 hujusmodi
3086 3240 3326 3298 rationes
3347 3255 3473 3298 mo-

1883 3329 2037 3385 derni
2064 3337 2489 3401 praesumptores
2510 3340 2670 3385 caute
2694 3330 3061 3398 considerent,
3088 3347 3191 3388 nec
3214 3333 3474 3405 deinceps

1885 3419 2087 3491 injuste
2132 3434 2193 3475 se
2241 3419 2449 3490 absque
2497 3419 2734 3475 induciis
2774 3420 3065 3477 damnatos
3107 3436 3231 3478 esse
3279 3423 3474 3480 existi-

1884 3519 2054 3565 ment.
2090 3508 2347 3575 Forsitan
2366 3517 2556 3564 autem
2601 3509 2803 3580 aliquis
2833 3510 2969 3591 adeo
3005 3510 3220 3580 delirat,
3245 3523 3307 3568 ut
3344 3516 3477 3571 sub-

1884 3604 2029 3660 ditos
2058 3603 2351 3675 cujuslibet
2383 3604 2627 3674 episcopi
2656 3619 2754 3675 per
2778 3604 2960 3676 ipsUm
2985 3613 3197 3661 tantum
3232 3623 3343 3664 non
3378 3624 3476 3680 per

1887 3698 2195 3752 Romanum
2224 3697 2538 3767 pontiﬁcem
2567 3697 2819 3752 damnari
2845 3708 3011 3768 pnsse
3037 3698 3202 3755 dicat.

1954 3788 2144 3844 XXIII.
2183 3787 2293 3845 Sed
2324 3790 2402 3843 illi
2426 3791 2544 3860 ipsa
2568 3788 2787 3846 Veritas
2817 3789 2872 3845 in
2918 3789 3212 3863 Evangelio
3253 3803 3476 3850 comra-

1884 3880 2035 3947 dicit,
2059 3896 2182 3951 qua:
2202 3879 2265 3934 Β.
2310 3880 2474 3935 Petro
2498 3879 2873 3950 principaliter
2904 3879 3048 3936 inter
3069 3882 3311 3953 reliquos
3340 3898 3477 3954 apo-

1885 3970 2056 4024 stolos
2088 3969 2194 4024 hoc
2220 3969 2562 4040 privilegium
2599 3968 2911 4025 concessit:
2944 3968 3306 4045 Quodcunque
3330 3968 3476 4045 liga-

1884 4061 2020 4114 veris
2030 4068 2410 4129 superterram,
2427 4060 2531 4113 erit
2552 4058 2776 4129 ligatum
2795 4068 2847 4113 et
2860 4061 2917 4113 in
2937 4062 3083 4133 caelis
3097 4061 3316 4132 (Matt/1.
3340 4064 3473 4133 xw);

1884 4151 1977 4221 qui
2028 4149 2174 4204 enim
2226 4149 2554 4220 generaliter
2601 4163 2798 4203 omnes
2846 4150 3161 4220 apostolicae
3219 4154 3474 4222 potestati

1885 4244 2139 4315 subjecit,
2172 4244 2323 4299 nullo
2347 4244 2511 4299 modo
2534 4243 2770 4319 alicujus
2797 4245 3039 4316 episcopi
3068 4246 3345 4302 subditum
3380 4262 3447 4303 ex

1880 4338 2045 4408 cepit.
2100 4335 2257 4394 Unde
2311 4337 2453 4392 idem
2501 4337 2800 4408 Apostolus
2847 4348 2902 4394 et
2944 4352 2975 4393 a
3016 4339 3333 4420 senioribus!
3388 4343 3473 4397 sui

192 4449 388 4489 norum
426 4434 751 4515 pontiﬁcum
788 4437 1002 4493 decreta
1033 4446 1330 4505 testantur,
1357 4438 1412 4493 in
1444 4439 1642 4511 quibus
1681 4442 1783 4512 ipsi

1892 4430 2172 4501 temporis,
2214 4430 2265 4485 id
2308 4437 2393 4485 est
2431 4429 2784 4502 presbyteris,
2826 4430 2942 4486 sive
2976 4430 3270 4501 episcopis,
3308 4440 3363 4486 et
3406 4433 3475 4486 ab

192 4526 426 4584 diversis
464 4512 787 4600 temporum
834 4529 1257 4587 necessitatibus
1303 4531 1649 4588 consuluisse
1704 4534 1783 4590 lc-

1890 4538 2079 4577 eornm
2114 4522 2366 4589 subditis,
2391 4512 2755 4577 Obedientiam
2787 4522 3111 4591 generaliter
3135 4522 3474 4593 exegit,cum

191 4628 418 4689 guntur.
1252 4610 1255 4613 ’
1890 4626 2000 4669 tam
2038 4614 2272 4671 subditis
2299 4630 2463 4684 quam
2489 4615 2753 4685 praelatis,
2791 4624 2904 4670 tam
2940 4614 3157 4670 feminis
3187 4631 3353 4685 quam
3389 4615 3477 4671 vi-

262 4711 428 4786 XXII.
456 4711 745 4770 Incassum
768 4721 955 4769 autem
982 4713 1183 4784 publici
1223 4724 1623 4786 contemptores
1658 4732 1787 4786 apo—
1891 4707 1986 4771 ris,
2013 4706 2273 4776 specialia
2296 4706 2513 4761 vivendi
2533 4715 2803 4778 przeccpta
2836 4707 2891 4760 in
2920 4705 3179 4776 Epistolis
3210 4706 3327 4762 suis
3360 4717 3445 4763 tra
3467 4741 3481 4750 -

194 4785 402 4860 διοιίαέ
461 4805 830 4861 institutionis
891 4796 1141 4860 inducias
1193 4822 1307 4861 sua:
1340 4785 1709 4861 damnationis
1756 4823 1786 4861 a
1888 4799 2123 4866 (ﬁdem;
2161 4799 2308 4870 Ψιοά
2343 4800 2625 4855 incassum
2661 4801 2777 4870 ipse
2810 4797 3032 4865 faceret,
3070 4800 3119 4855 εί
3161 4815 3273 4855 ηοη
3311 4816 3484 4870 αδηε-

190 4904 381 4949 nostro
408 4896 714 4966 apostolico
745 4910 857 4966 qua
878 4904 1022 4960 runt,
1049 4910 1212 4965 quos,
1246 4904 1307 4950 ut
1332 4895 1650 4966 praedictum
1681 4905 1784 4962 est,
1892 4890 2079 4946 raliter
2126 4906 2319 4945 omnes
2369 4890 2488 4960 ejus
2548 4890 2878 4948 institutioni
2926 4890 3148 4947 obedire
3169 4961 3173 4965 _
3198 4889 3494 4969 deberent,

193 4987 366 5041 sancti
411 4986 604 5043 Patres
656 4988 850 5056 absqm
898 4986 1156 5041 omnibus
1206 4986 1441 5041 induciis
1489 4986 1784 5042 damnavc-
1893 4982 2088 5038 Beatus
2112 4981 2663 5054 quoqueAnacletus,
2691 4982 2904 5051 abipso
2931 4983 3178 5055 principe
3204 4984 3514 5053 apostolo-

194 5088 317 5110 vnn!
400 5077 456 5110 ,τι
496 5079 676 5110 Ᾱιιιιῖἶο
715 5077 862 5110 Ληῖηι
921 5078 1081 5110 ..θινὶ-ιο
1156 5078 1277 5110 Ιῖηηο
1326 5078 1467 5110 ιγιιιαῖο
1542 5078 1783 5110 “Ana-Im

1892 5091 2012 5110 rum
2058 5074 2339 5110 “machinor
2359 5071 2650 5110 nrdinntna
2722 5075 2773 5110 in
2812 5073 3041 5110 Anni-otia
3081 5075 3197 5110 οηῖα
3263 5088 3368 5110 non
3432 5078 3483 5110 2

1542 5078 1783 5110 ..Λευὶ-ιω
1892 5091 2012 5110 rum
2058 5074 2339 5110 “machinor
2359 5073 2650 5110 nrdinntna
2722 5075 2773 5110 in
2812 5073 3041 5110 Anni-otia
3081 5092 3144 5110 cn

715 5077 862 5110 Ληῖηι
921 5078 1081 5110 ..θινὶ-ιο
1156 5078 1277 5110 Ιῖηηο
1326 5078 1467 5110 ιγιιιαῖο
1542 5078 1783 5110 “Ana-Im
1892 5091 2012 5110 rum
