3988 5328
523 327 626 380 787»

1204 322 1258 375 S.
1298 316 1624 376 GREGORII
1666 317 1756 370 VII
1792 315 1940 372 OPP.
1983 317 2164 372 PARS
2205 317 2290 372 [ΙΙ.
2331 349 2402 358 --
2427 316 2747 376 CONCILIA
2789 319 3093 376 ROMANA.

3682 317 3783 375 7M

519 441 617 496 sia:
643 435 874 493 Domino
900 437 1222 508 disponente
1251 442 1534 503 reguntur.
1579 431 1711 486 Item
1752 430 1812 484 Β.
1859 431 2108 486 Gclasius
2139 436 2184 490 Α
2211 433 2514 502 apostolico
2556 417 2722 504 quam
2769 416 3282 506 proprio-episcopo
3333 433 3558 489 obedire
3608 433 3784 500 dem.

521 533 711 587 doctor
729 530 1088 599 apostolicus,
1131 541 1250 596 cap.
1299 526 1360 579 Η
1394 545 1405 579 :
1453 525 1664 578 Cuncta
1701 538 1800 593 per
1843 523 2107 578 mundum

507 621 676 677 novit
707 618 954 677 Ecclesia
1001 617 1147 688 quod
1179 624 1533 671 sacrosancta
1576 613 1827 668 Romana
1865 612 2106 670 Ecclesia

525 713 594 769 de
621 713 774 768 omni
807 709 1050 766 EccleSia
1076 708 1159 763 fas
1195 708 1391 763 habeat
1417 707 1688 778 judicare,
1715 719 1816 760 nec
1853 705 2110 775 cuiquam

507 803 592 858 de
621 802 741 873 ejus
764 800 925 855 liceat
944 798 1194 869 judicare
1216 797 1452 868 judicio;
1481 797 1750 868 siquidem
1775 798 1844 853 ad
1869 798 2017 852 illam
2043 799 2110 854 de

435 898 452 910 ’
525 895 767 968 qualibet
786 891 974 946 mundi
999 897 1151 961 parte
1177 889 1556 960 appellandum
1578 899 1681 957 est,
1719 891 1788 946 ab
1811 890 1901 945 illa
1931 881 2110 945 autem

524 984 728 1041 nemini
755 983 1027 1054 appellare
1047 981 1267 1036 licitum
1294 989 1397 1036 est.
2073 969 2078 1009 ἶ

598 1075 705 1132 Sed
739 1091 842 1131 nec
879 1073 1363 1144 illa'prteterimus,
1407 1072 1554 1142 quod
1599 1073 1899 1143 apostolica
1935 1072 2109 1140 sedes,

526 1171 646 1227 sine
681 1170 790 1225 ulla
815 1169 1025 1241 synodo
1054 1167 1422 1237 praacedentc,
1447 1164 1923 1236 exsolvendi‘quos
1945 1181 2110 1238 syno-

505 1263 631 1319 tdus
650 1261 836 1332 iniqua
855 1261 1227 1325 damnaverat,
1250 1265 1304 1312 et
1318 1257 1612 1312 damnandi
1629 1301 1643 1324 ,
1678 1257 1823 1312 nulla
1850 1258 2114 1312 existente

508 1354 765 1426 synodo,
791 1369 932 1424 quos
963 1351 1224 1422 oportuit,
1263 1349 1514 1404 habuerit
1540 1347 1871 1403 facultatem.
1916 1348 1982 1403 Et
2012 1349 2115 1403 ho'c

531 1443 791 1498 nimirum
825 1458 923 1512 pro
963 1457 1064 1496 suo
1091 1439 1418 1511 principatu,
1448 1453 1609 1508 quem
1652 1435 1710 1491 Β.
1753 1437 1945 1492 Petrus
1983 1445 2115 1507 apo-

529 1535 705 1590 stolus
735 1532 948 1588 Domini
989 1547 1122 1586 voce
1169 1539 1224 1585 et
1269 1531 1462 1597 tenuit,
1507 1540 1560 1584 et
1592 1545 1804 1599 semper
1839 1529 2110 1584 retinebit.

531 1625 629 1683 His
664 1635 846 1682 autem
893 1623 1229 1681 sanctissimi
1265 1621 1454 1677 Patres
1493 1620 1772 1688 Callistus,
1817 1620 2112 1687 Fabianus,

532 1718 741 1785 Sixtus,
781 1717 1063 1786 Silvester,
1104 1715 1312 1781 Julius,
1340 1722 1395 1768 et
1453 1713 1646 1783 reliqui
1693 1711 2116 1766 innumerabiles

531 1811 956 1880 adstipulantur,
985 1808 1082 1880 qui
1103 1809 1238 1862 adeo
1261 1806 1550 1876 amplexati
1569 1815 1696 1860 sunt
1721 1806 2024 1872 veritatem,
2055 1813 2115 1858 ut

529 1903 712 1972 potius
739 1902 878 1956 mori
901 1915 1067 1970 quam
1088 1899 1312 1954 mentiri
1347 1898 1741 1952 desiderarent.
1781 1895 1953 1967 Hujus
1985 1911 2114 1968 ergo

532 1991 798 2062 privilegii
828 1990 1153 2045 auctoritate
1187 1987 1247 2042 Β.
1299 1987 1616 2057 Simplicius
1643 2002 1780 2057 papa
1814 2001 1939 2039 ηιξ
1981 1984 2116 2040 Gre-

533 2087 746 2158 gorium
793 2084 1150 2140 Mutinensem
1187 2082 1505 2153 episcopum
1565 2079 1898 2136 Ravennatis
1931 2078 2114 2134 archi-

537 2175 781 2246 episcOpi
820 2175 1226 2244 suﬂ‘raganeum
1257 2188 1291 2227 a
1326 2172 1532 2226 ditione
1556 2171 1802 2242 ejusdem
1848 2169 2116 2240 archiepi-

531 2267 683 2337 scopi
731 2266 965 2337 penitus;
991 2263 1246 2330 absolvit,
1276 2272 1330 2318 et
1359 2264 1463 2318 hoc
1495 2262 1637 2330 ideo,
1677 2263 1805 2332 quia
1836 2262 1979 2317 idem
2022 2259 2114 2317 ari-

517 2355 912 2429 .chiepiscop'us
947 2371 1073 2411 eum
1121 2355 1350 2408 invitum
1390 2352 1682 2407 Mutinensi
1717 2353 1988 2407 cathedrae
2028 2353 2114 2407 in'-

516 2449 880 2506 .thronizavit.
917 2446 1069 2513 Item,
1100 2446 1158 2500 S.
1187 2445 1480 2516 Gregorius
1513 2442 1852 2498 “oneratum
1896 2442 2112 2498 Saloni:-

532 2555 674 2600 tana:
695 2543 952 2600 Ecclesiae
982 2539 1448 2606 archidiaconum,
1483 2539 1577 2609 qui
1600 2538 1713 2608 jam
1748 2553 1814 2593 ex
1840 2537 2115 2593 archidia-

521 2649 733 2695 conatu
770 2639 837 2693 ad
865 2635 1264 2708 presbyterium
1289 2633 1526 2698 devenit,
1575 2632 1747 2687 invito
1783 2631 1950 2687 etiam
1997 2631 2114 2701 epi-

521 2745 699 2800 scOpo
722 2731 786 2785 ad
813 2727 1102 2798 pristinum
1125 2725 1352 2797 gradum
1376 2724 1613 2792 reduxit,
1627 2723 1874 2794 deposito
1897 2722 2116 2793 quidem

514 2836 596 2874 .eo
630 2835 792 2889 quem
829 2818 969 2872 idem
995 2815 1348 2878 Salonitanus
1378 2814 1664 2884 episcopus
1694 2814 1754 2868 in
1781 2813 1963 2868 locum
1997 2812 2116 2882 ejus

531 2913 823 2968 ordinavit.
881 2909 1224 2980 Quapropter
1260 2907 1602 2977 apertissime
1625 2905 1920 2976 desipiunt,
1950 2919 2118 2974 seque

534 3020 658 3058 reos
715 3001 1028 3077 apostolica:
1077 2999 1418 3054 auctoritatis
1462 2996 1736 3064 eﬂlciunt,
1805 2996 2116 3066 quicunque

519 3094 957 3166 ejus-potestati
989 3099 1188 3146 temere
1228 3088 1606 3159 praejudicant,
1656 3102 1781 3144 cum
1827 3085 2116 3156 cujuslibet

534 3187 778 3258 episcOpi
806 3185 1057 3240 subditos
1085 3199 1195 3238 non
1217 3197 1314 3252 per
1339 3181 1646 3236 Romanum
1667 3179 1999 3250 pontiﬁcem,
2021 3178 2114 3232 sed

535 3297 631 3351 per
677 3278 960 3349 proprium
1017 3273 1398 3329 tantummodo
1443 3272 1770 3338 antistitem,
1825 3270 1983 3342 ligari
2033 3269 2115 3322 vel

537 3371 674 3426 solvi
712 3385 872 3440 posse
923 3366 1255 3437 conﬁngant.
1300 3365 1568 3419 Praeterea
1600 3362 1659 3417 Β.
1686 3361 1796 3416 Leo
1827 3376 1987 3432 papa,
2021 3360 2115 3430 qui

537 3470 792 3532 quartam
819 3457 1180 3514 universalem
1209 3456 1477 3528 synodum
1511 3453 1852 3508 Chalcedone
1884 3466 2114 3521 congre-

538 3551 704 3621 gavit,
737 3551 866 3604 item
897 3547 1129 3617 .Vigilius
1159 3561 1317 3615 papa,
1346 3545 1449 3600 sub
1475 3559 1585 3614 quo
1615 3543 1805 3613 quinta
1843 3542 2119 3597 universa-

539 3642 606 3696 lis
641 3639 882 3711 synodus
923 3635 1395 3705 Constantinopoli
1439 3635 1715 3701 convenit,
1756 3634 1885 3688 item
1925 3633 2117 3688 beatus

542 3732 702 3786 Pater
728 3727 1044 3802 Gregorius,
1077 3729 1159 3795 bi,
1194 3729 1438 3798 inquam,
1461 3727 1670 3798 singuli
1700 3726 1889 3782 eadem
1926 3735 2116 3780 aucto.-

543 3825 701 3878 ritate
744 3821 1197 3892 praecipui,pene
1233 3817 1422 3874 eadem
1461 3833 1592 3874 voce
1635 3818 1691 3871 in
1723 3817 1958 3872 decretis
2004 3817 2118 3870 s'uis

539 3913 822 3970 verissime
851 3911 1257 3974 testanturhoc
1271 3910 1440 3983 modo
1459 3928 1488 3980 ε,
1509 3907 1708 3963 Sancta
1735 3907 1981 3962 Romana
2013 3906 2117 3961 Ec-

541 4007 710 4061 clesia
731 4006 878 4060 vices
912 4019 1044 4060 suas
1085 4003 1160 4059 ita
1191 4003 1312 4058 aliis
1338 4002 1636 4072 impertivit
1673 4001 1933 4057 Ecclesiis
1963 4010 2023 4056 ut
2060 4000 2118 4054 in

539 4106 750 4168 partem
784 4104 992 4152 vocata:
1026 4096 1134 4152 sint
1173 4093 1578 4159 sollicitudinis,
1611 4107 1722 4148 non
1753 4093 1806 4147 in
1830 4091 2120 4162 plenitudi-

540 4201 662 4243 nem
689 4187 1012 4264 potestatis.
1047 4184 1201 4242 Unde
1250 4184 1458 4255 liquido
1498 4184 1909 4239 demonstratur
1973 4184 2118 4254 quod

539 4278 767 4349 quilibet
809 4279 1100 4349 episcopus
1132 4293 1231 4334 nec
1274 4287 1438 4346 super
1467 4290 1683 4346 gregem
1709 4275 1810 4330 sibi
1856 4275 2118 4330 eorumis-

539 4385 664 4424 sum
687 4378 893 4424 tantam
925 4377 1246 4438 potestatem
1280 4367 1762 4436 habeatquantum
1783 4364 1937 4437 [Pro,
1952 4380 2121 4434 quan-

541 4461 674 4534 tam]
703 4461 900 4532 pmsul
945 4461 1278 4532 apostolicus
1306 4481 1317 4515 :
1359 4461 1453 4530 qui
1485 4460 1610 4514 licet
1640 4473 1829 4512 curam
1862 4473 2018 4512 suam
2060 4458 2113 4511 in
2149 4466 2192 4519 Ι)

540 4553 786 4624 singulos
822 4553 1108 4623 episcOpos
1139 4551 1406 4617 diviserit,
1439 4550 1592 4605 nullo
1621 4549 1783 4605 modo
1812 4557 1997 4603 tamen
2027 4562 2115 4601 se-

541 4644 720 4712 ipsum
757 4658 856 4698 sua
900 4643 1195 4698 universali
1224 4651 1278 4696 et
1306 4641 1591 4711 principali
1636 4649 1903 4711 potestate
1938 4640 2117 4709 priva-

540 4734 644 4799 vit;
669 4733 811 4787 sicut
836 4747 935 4787 nec
954 4747 1047 4797 rex
1075 4747 1232 4798 suam
1263 4732 1497 4802 regalem
1522 4729 2115 4801 potentiam-diminuit,

541 4821 668 4876 licet
700 4837 925 4893 regnum
952 4838 1112 4878 suum
1140 4823 1194 4876 in
1227 4822 1474 4876 diversos
1520 4821 1707 4886 duces,
1745 4820 1973 4875 comites
2004 4819 2118 4874 sive

535 4911 748 4980 judices
778 4912 1042 4967 diviserit.
1070 4911 1207 4966 Cum
1235 4913 1397 4983 igitur
1421 4911 1674 4972 dominus
1691 4910 2031 4980 apostolicus
2061 4909 2117 4962 in

541 5001 690 5054 omni
723 5000 961 5060 Ecclesia
1008 5013 1110 5058 tam
1162 5003 1515 5074 principalem
1547 5010 1868 5072 potestatem
1900 5001 2114 5065 habeat,

2209 541 2333 581 cum
2361 527 2657 582 auctoritas
2687 513 2890 597 proprii
2917 528 3224 581 nullatenus
3247 542 3372 580 eum
3397 526 3466 580 ab
3488 525 3786 596 apostolica

2209 619 2558 674 damnatione
2589 621 2764 674 valeat
2787 621 3040 686 liberare,
3075 619 3122 674 si
3158 618 3475 688 apostolicis
3503 620 3788 688 praeceptis

2211 711 2528 768 inobediens
2555 712 2841 768 exstiterit.
2897 710 2964 766 Et
2984 718 3207 767 econtra
3233 711 3491 766 dominus
3521 706 3786 780 apostoli-

2211 819 2330 871 cus,
2360 803 2414 858 si'
2433 804 2483 858 ei
2505 803 2798 870 'obedierit,
2831 803 3080 858 eumdem
3103 801 3172 857 ab
3201 801 3353 855 Omni
3375 801 3636 855 violentia
3665 814 3788 868 pm-

2210 895 2315 966 prii
2367 895 2607 966 episcopi
2643 894 2898 950 facillime
2933 895 3130 965 poterit
3175 892 3465 949 defendere
3489 935 3502 958 ,
3539 891 3790 945 videlicct

2191 998 2266 1046 'et
2289 991 2466 1058 ipsum
2491 988 2883 1057 paroChianum
2909 988 3028 1058 ejus
3057 987 3262 1041 ditione
3295 986 3516 1054 penitus
3548 984 3791 1038 emanci-

2199 1083 2392 1153 ‘pando
2416 1089 2469 1134 et
2490 1079 2806 1150 episcopum
2845 1079 2915 1134 ab
2946 1078 3146 1148 injuria
3189 1093 3282 1147 per
3314 1076 3712 1146 correptionem
3736 1082 3790 1126 et

2213 1173 2616 1232 damnationem
2644 1172 2940 1242 apoStolica
2969 1169 3290 1224 auctoritate
3312 1166 3663 1222 refrenando.
3696 1165 3791 1218 At-

2213 1268 2397 1332 tendat
2441 1281 2572 1320 sane
2615 1263 2858 1334 cujusvis
2899 1261 3141 1332 episcopi
3168 1260 3436 1325 subditus,
3467 1274 3535 1312 ne
3555 1257 3639 1311 vel
3669 1274 3793 1326 pro-

2213 1359 2334 1430 prio
2363 1357 2616 1428 episcopo
2640 1364 2830 1410 contra
2860 1353 3155 1423 apostolica
3178 1347 3447 1421 praecepta
3488 1348 3707 1402 obediat
3738 1347 3790 1399 in

2196 1450 2417 1522 'aliquo,
2464 1465 2590 1505 eum
2635 1446 2693 1502 S.
2735 1447 3030 1518 Gregorius
3075 1444 3529 1500 archidiaconum
3587 1439 3793 1493 Salcni-

2195 1553 2426 1610 -tanum,
2456 1544 2512 1597 in
2536 1543 2719 1598 locum
2740 1535 3004 1594 Honorati
3029 1539 3141 1608 jam
3163 1535 3392 1607 depositi
3414 1532 3791 1604 subrogatum,

2215 1635 2546 1709 deposuerit,
2586 1636 2662 1690 'eo'
2703 1633 2849 1703 quod
2900 1632 3042 1687 idem
3091 1633 3311 1700 preprio
3348 1622 3612 1698 episcopo
3636 1640 3694 1679 se
3741 1625 3793 1677 in

2217 1735 2397 1788 locum
2443 1730 2587 1784 illius
2632 1724 2875 1783 ordinari
2926 1733 3050 1796 post
3078 1722 3432 1794 apostolicam
3464 1711 3792 1790 probibitio-

2218 1841 2340 1880 nem
2371 1821 2652 1879 obedierit.
2686 1818 2826 1872 Hinc
2863 1815 3026 1872 etiam
3065 1822 3213 1887 patet
3246 1827 3412 1884 quam
3451 1805 3794 1880 apertissime

2205 1919 2294 1974 ‘illi
2324 1912 2594 1986 desipiant
2619 1912 2710 1984 qui
2739 1912 2928 1966 dicunt
2955 1907 3101 1980 quod
3131 1900 3332 1961 subditi
3358 1902 3659 1973 cujuslibet
3686 1899 3795 1968 epi-

2217 2007 2368 2078 scopi
2397 2001 2707 2076 apostolica:
2732 2000 2847 2057 sedi
2878 1999 3188 2053 nullatenus
3217 1987 3437 2049 obedire
3466 1991 3726 2052 debeant,
3753 1987 3794 2040 si

2203 2100 2438 2174 proprio
2469 2096 2703 2154 antistiti
2733 2093 3007 2157 obcdiant,
3035 2105 3157 2145 cum
3187 2105 3217 2143 a
3250 2086 3306 2142 S'.
3339 2084 3610 2156 Gregorio
3632 2093 3685 2136 et
3713 2081 3794 2133 ille

2203 2173 2413 2250 'merito
2437 2189 2825 2262 degradaretur
2849 2183 2942 2254 qui
2969 2190 3024 2237 et
3049 2197 3144 2251 per
3163 2177 3532 2234 obedientiam
3558 2173 3794 2244 episcopi

2218 2288 2302 2344 sui
2326 2281 2634 2358 apostolicae
2659 2280 2771 2336 sedi
2797 2278 3056 2333 adversus
3078 2273 3246 2328 fuisse
3265 2270 3559 2340 detegitur.
3594 2265 3791 2333 Nempe

2217 2355 2400 2434 nullus
2440 2375 2677 2432 debitam
2710 2368 3069 2425 obedientiam
3106 2363 3324 2435 proprio
3357 2360 3624 2431 episc0po
3652 2355 3796 2411 exbi~

2204 2474 2346 2528 'bere
2383 2467 2597 2540 peterit,
2640 2463 2745 2518 nisi
2774 2460 2867 2531 qui
2914 2456 3226 2528 apostolicae
3270 2451 3385 2508 sedi
3426 2447 3798 2522 principalitr

2218 2538 2437 2621 obedire
2461 2557 2750 2617 'Studuerit.
2789 2553 2981 2626 Omnis
3005 2550 3151 2606 enim
3179 2547 3274 2618 qui
3304 2546 3419 2600 vult
3439 2538 3573 2599 esse
3592 2542 3797 2613 episeo—

2203 2657 2458 2729 ‘pus,hoc
2477 2651 2712 2708 maxime
2733 2644 2965 2703 subditis
2987 2643 3101 2698 suis
3116 2639 3376 2706 inculcat,
3399 2631 3462 2691 ut
3484 2643 3796 2691 sanctorum

2218 2723 2439 2805 i’atrum
2481 2741 2744 2800 institutis
2773 2737 2978 2806 alisque
3021 2730 3171 2788 omni
3205 2726 3641 2784 contradictione
3667 2723 3796 2776 obe-

2206 2843 2399 2906 ‘diant;
2423 2841 2571 2908 quae,
2597 2844 2656 2890 ut
2682 2830 2997 2903 przedictum
3027 2833 3131 2892 est,
3162 2821 3478 2904 apostolicae
3505 2817 3619 2874 sedi
3648 2815 3798 2887 prino

2205 2931 2467 3003 'cipaliter
2497 2928 2564 2983 ab
2592 2923 2846 2980 omnibus
2885 2915 3246 2973 obediendum
3288 2926 3410 2966 esse
3453 2907 3794 2964 denuntiant.

2220 2997 2542 3090 Quicunque
2585 3032 2713 3086 ergo
2745 3026 2845 3068 suo
2888 3004 3364 3080 legitimo'pastori
3400 3002 3644 3056 debitam
3673 2997 3800 3052 obe-

2143 3129 2186 3183 ε
2219 3112 2478 3168 dientiam
2529 3103 2873 3168 exhibuerit,
2929 3103 3093 3155 etiam
3145 3095 3522 3168 principaliter
3580 3091 3800 3146 domino

2218 3203 2516 3274 apostolico
2547 3199 2763 3256 obedire
2794 3195 3048 3252 studebit.
3094 3189 3228 3245 Nam
3252 3189 3408 3258 juxta
3437 3185 3618 3255 ipsius
3647 3181 3799 3237 Veri-

2209 3297 2342 3351 tatis
2363 3294 2599 3349 edictum
2636 3308 2648 3344 :
2681 3288 2988 3357 Discipulus
3013 3299 3121 3339 non
3147 3290 3230 3336 est
3255 3275 3615 3334 honorandus
3644 3289 3802 3344 super

2209 3387 2541 3458 magistrum
2583 3381 2798 3456 (Matth.
2828 3379 2905 3450 ι).
2953 3377 3008 3431 Si
3039 3385 3218 3430 autem
3252 3371 3522 3426 Dominus
3545 3368 3801 3438 apestoli-

2208 3481 2316 3535 cus
2355 3476 2573 3549 proprio
2629 3484 2682 3528 et
2730 3471 2971 3543 legitimo
3016 3465 3221 3538 pastori
3268 3464 3393 3534 jure
3445 3460 3799 3532 prmponitur,

2212 3581 2424 3643 "quanto
2456 3567 2630 3639 magis
2660 3565 2735 3620 illi
2769 3562 2861 3635 qui
2891 3577 2990 3616 nec
3019 3559 3212 3614 nititur
3238 3570 3359 3611 esse
3387 3553 3539 3624 quod
3583 3552 3798 3606 dicitur.

2220 3638 2328 3722 llas
2365 3681 2495 3737 ergo
2521 3638 2576 3718 et
2617 3658 2929 3732 hujusmodi
2959 3655 3196 3710 rationes
3224 3638 3564 3721 quicunque,
3611 3645 3800 3701 saltem

2219 3778 2284 3816 ex
2315 3758 2562 3822 rudibus,
2589 3754 2817 3810 ﬁdeliter
2843 3747 3110 3819 inspicere
3133 3741 3470 3815 dignabitur,
3489 3738 3805 3794 nullatenus

2219 3851 2476 3923 praedicta
2506 3846 2678 3902 nostri
2705 3841 2987 3914 apostolici
3016 3845 3220 3895 statuta
3254 3832 3606 3905 proscribere
3641 3844 3802 3885 cona-

2220 3919 2396 4006 bitur;
2444 3936 2742 4010 praesertim
2776 3949 2902 3989 cum
2952 3930 3133 3985 videat
3159 3923 3568 3981 evidentissime
3617 3919 3801 3975 eadem

2219 4050 2286 4088 ex
2339 4039 2653 4087 sanctorum
2709 4025 2932 4081 Patrum
2971 4019 3276 4084 sententiis,
3322 4016 3436 4070 imo
3482 4029 3554 4068 ex
3606 4011 3804 4068 divinis

2213 4122 2542 4194 'Scripturis,
2592 4132 2896 4175 emanasse.
2959 4113 3227 4194 Praeterea
3270 4123 3402 4163 vero
3448 4103 3804 4175 quamplures

2221 4192 2362 4272 alias
2384 4211 2624 4270 rationes
2665 4206 3041 4280 superioribus
3070 4192 3362 4260 annectcre
3388 4208 3445 4254 et
3486 4198 3802 4251 innumera-

2221 4306 2350 4362 bilia
2380 4312 2695 4360 sanctorum
2744 4299 2970 4354 Patrum
3011 4293 3258 4363 exempla
3304 4288 3551 4361 praefatis
3585 4285 3802 4343 statutis

2221 4399 2521 4468 assignare,
2551 4396 2654 4449 hac
2689 4388 3121 4449 consideratione
3149 4382 3495 4456 praetermisi,
3525 4396 3598 4435 ne
3629 4377 3800 4451 gravis

2218 4505 2394 4546 essem
2424 4487 2629 4554 idiotis,
2656 4483 2855 4556 quibus
2886 4482 2977 4536 hic
3002 4479 3309 4550 Specialiter
3337 4473 3661 4530 satisfacere
3681 4487 3800 4542 pro-

2219 4580 2376 4652 posui
2419 4600 2432 4634 :
2477 4580 2686 4650 quibus
2736 4591 2908 4647 pauca
2961 4589 3029 4628 ex
3079 4570 3266 4626 multis
3311 4577 3423 4625 tam
3485 4566 3801 4621 indubitatae

2219 4671 2462 4728 veritatis
2502 4669 2748 4725 sullieere
2773 4671 3024 4743 possunt,
3055 4663 3102 4718 si
3135 4658 3455 4730 indagandae
3482 4658 3673 4727 p0tius
3707 4669 3800 4710 vce

2219 4767 2365 4822 ritati
2413 4780 2580 4836 quam
2626 4761 2980 4817 infructuosae
3023 4753 3359 4813 contentioni
3409 4767 3636 4822 operam
3674 4750 3800 4805 dare

2217 4861 2422 4915 volunt.

2521 4960 2848 5005 OBSERVATIO
2874 4957 3102 4998 PHILIPPI
3130 4955 3317 5005 LABBE,
3349 4953 3395 4993 S.
3427 4954 3472 4992 1.

2297 5051 2365 5092 ηρ
2387 5052 2566 5092 pallam
2598 5059 2797 5092 umnam
2823 5029 3055 5092 Romam)
3084 5058 3355 5092 occasione
3383 5040 3800 5092 consecrationis
