3988 5328
525 375 633 439 ’18⁵1

1201 376 1258 432 S.
1301 373 1631 431 GREGORII
1670 373 1782 428 Vill
1821 371 1969 429 OPP.
2013 371 2194 425 PARS
2231 369 2317 422 ill.
2351 399 2419 408 ——
2450 367 2768 424 CONCILIA
2807 365 3111 422 ROMANA.

3687 365 3785 420 788

523 493 673 561 coni,
702 493 798 562 qui
826 492 881 546 in
921 491 1149 548 crimine
1192 489 1569 545 fornicationis
1607 489 1846 558 iaceant,
1877 487 2105 540 interdi-
2137 489 2181 544 Α
2207 484 2422 539 vestris.
2450 483 2555 551 Qui
2580 499 2708 538 vero
2729 483 2858 538 huic
2891 480 3249 537 saluberrimo
3276 487 3549 550 praecepto
3575 480 3790 536 obedire

525 584 704 640 cimus
731 586 814 640 eis
861 601 927 639 ex
955 582 1048 639 Dei
1080 593 1234 652 parte
1255 581 1644 652 omnipotentis
1674 591 1727 635 et
1750 580 1926 636 sancti
1960 579 2106 634 Petri

527 673 850 729 auctoritate
917 672 1219 738 introitum,
1268 687 1444 742 usque
1500 670 1632 725 dum
1703 670 2002 740 pmniteant
2053 678 2107 722 et

525 763 833 818 emendent.
862 760 918 818 Si
961 761 1054 831 qui
1098 777 1228 816 vero
1253 761 1308 815 in
1344 770 1568 832 peccato
1607 775 1708 815 suo
1758 773 2104 829 perseverare

525 855 836 920 maluerint,
860 853 1070 909 nullum
1087 865 1332 910 vestrum
1357 869 1548 910 eorum
1594 851 1784 908 audire
1809 858 2104 922 praesumat

522 944 779 1012 cilicium,
806 945 936 1015 quia
967 945 1272 1002 benedictio
1305 961 1495 1004 eorum
1544 945 1777 1001 vertitur
1801 944 1855 998 in
1885 943 2105 998 maledi-

2214 576 2506 642 noiuerint,
2535 575 2851 631 idololatriae
2880 581 3162 645 peccatum
3189 572 3502 637 incurrunt,
3541 569 3790 626 Samueie

2211 677 2350 722 teste
2369 676 2423 722 et
2457 667 2616 722 beato
2635 666 2896 737 Gregorio
2935 665 3238 720 instruente
3265 683 3277 717 :
3311 662 3606 719 Peccatum
3646 665 3787 719 ario-

2211 757 2356 813 iandi
2403 766 2486 813 est
2528 773 2637 813 non
2685 757 2906 812 obedire
2959 765 3014 812 et
3060 757 3238 812 scelus
3287 755 3611 814 idololatria:
3651 755 3792 811 nolle

2211 851 2576 921 acquiescere.
2624 849 2913 906 Peccatum
2957 850 3124 921 igitur
3175 849 3507 920 paganitatis
3563 848 3792 903 incurrit

2208 945 2461 1015 quisquis
2505 945 2636 998 dum
2673 943 3044 1000 Christianum
3087 943 3386 1012 seasserit,
3417 942 3535 998 sedi
3574 949 3791 1012 aposto-

521 1034 777 1102 etionem,
825 1043 880 1090 et
918 1037 1095 1091 oratio
1149 1037 1206 1091 in
1253 1047 1557 1107 peccatum,
1591 1035 1824 1092 Domino
1875 1043 2108 1090 testante
2208 1037 2328 1093 licae
2349 1037 2571 1093 obedire
2591 1036 2914 1092 contemnit.

520 1142 618 1196 per
650 1127 968 1198 prophetam
999 1149 1010 1182 :
1045 1129 1386 1195 Maledicam,
1415 1131 1608 1200 inquit,
1639 1127 2108 1182 benedictionibus

532 1326 3776 1356 ..ΝΜ-Μ

1295 1486 1959 1581 CONCILIUM
2039 1485 2636 1580 ROMANUM
2715 1468 3021 1613 ιιμεθ),

1130 1682 1272 1760 Pro
1319 1682 1717 1762 reformando
1744 1680 2027 1744 Ecclesia
2055 1679 2430 1744 celebratum
2473 1701 2638 1744 anno
2690 1684 2946 1744 Domini
2978 1685 3150 1746 1075.

1670 1843 1850 1918 (Apud
1873 1843 2042 1902 Mans.
2082 1843 2290 1900 Concil.
2321 1843 2440 1911 XX,
2481 1845 2633 1914 445.)

584 2117 742 2171 Anno
795 2115 864 2170 ab
915 2113 1294 2172 incarnatione
1342 2115 1559 2171 Domini
1604 2113 1755 2190 (450)
1805 2115 2098 2170 millesimo
2130 2123 2172 2178 Β
2199 2114 2495 2192 Gregorius
2525 2133 2670 2174 anno
2695 2119 2831 2192 40,7}
2856 2121 3125 2192 synodum
3159 2120 3354 2176 indixit
3385 2121 3622 2177 exordio
3646 2121 3783 2188 Qua-

511 2206 916 2276 septuagesimo
972 2215 1213 2276 quarto,
1277 2206 1627 2276 pontificatus
1690 2220 1819 2260 vero
1881 2204 2098 2261 Domini

509 2297 759 2369 Gregorii
783 2315 935 2369 papa:
963 2299 1110 2372 (451)
1144 2299 1403 2365 secundo,
1431 2298 1724 2354 indictione
1752 2298 1833 2366 i5,
1858 2297 2099 2354 celebra-

510 2389 592 2445 vit
618 2391 733 2461 ipse
763 2389 1020 2446 dominus
1043 2390 1340 2462 Gregorius
1361 2406 1500 2461 papa
1543 2390 1731 2444 Romae
1770 2390 2036 2461 synodum
2067 2407 2098 2444 a

509 2490 667 2537 sexto
720 2481 992 2538 Kalendas
1052 2481 1232 2538 Martii
1275 2499 1449 2554 usque
1492 2483 1560 2538 ad
1607 2482 1780 2554 pridie
1830 2480 2100 2538 Kalendas

513 2573 838 2646 (sequentis)
867 2575 1124 2646 praeteriti
1154 2576 1379 2630 mensis.
1408 2573 1511 2630 Ubi
1546 2575 1794 2630 interfuit
1833 2574 2100 2644 archiepi-

510 2679 830 2736 scoporum,
869 2666 1251 2737 episcoporum
1287 2676 1341 2721 et
1375 2667 1632 2722 abbatum
1681 2666 1970 2722 multitudo
2017 2674 2101 2720 at-

511 2771 621 2827 que
661 2755 864 2812 diversi
910 2759 1121 2813 ordinis
1146 2759 1475 2815 clericorum
1513 2769 1566 2814 et
1609 2758 1874 2813 laicorum
1920 2758 2095 2827 copia.

514 2846 576 2900 in
613 2863 721 2917 qua
773 2847 914 2904 inter
960 2858 1153 2905 caetera
1204 2851 1419 2906 decreta
1450 2867 1572 2921 qua:
1616 2851 1688 2904 ibi
1737 2859 1887 2920 gesta
1929 2859 2096 2914 sunt,

514 2940 759 3010 quinque
796 2940 862 2994 de
907 2939 1112 2996 familia
1161 2941 1303 3014 regis
1349 2941 1776 2996 Teutonicorum
1803 2982 1818 3008 ,
1863 2955 2096 3010 quorum

515 3031 748 3087 consilio
777 3033 1019 3088 ecclesia:
1043 3034 1354 3089 venduntur
1390 3033 1842 3106 (vendebantur),
1895 3048 1926 3086 a
1957 3031 2100 3086 limi-

513 3123 679 3178 nibus
721 3134 924 3180 sauctte
953 3125 1209 3181 Ecclesia:
1249 3125 1552 3197 separavit,
1586 3126 1660 3180 ita
1707 3132 1768 3180 ut
1811 3125 1857 3179 si
1904 3123 2101 3179 abinde

515 3230 692 3286 usque
713 3216 781 3270 ad
813 3215 1081 3272 Kalendas
1102 3215 1250 3271 Junii
1273 3217 1504 3272 Romam
1526 3232 1636 3272 non
1661 3218 1909 3272 venirent
1930 3224 1984 3270 et
2006 3232 2098 3271 sa-

515 3306 866 3374 tisfacerent,
914 3309 1373 3364 cxcommunicati
1427 3310 1778 3365 haberentur.
1817 3307 2100 3378 Philippus

513 3414 611 3452 rex
649 3397 983 3454 Francorum
1013 3442 1029 3467 ,
1062 3400 1106 3454 si
1141 3403 1348 3456 nuntiis
1382 3419 1534 3472 papa:
1579 3402 1647 3456 ad
1693 3400 1894 3456 Gallias
1940 3399 2100 3455 ituris

513 3491 581 3544 de
611 3489 985 3545 satisfactione
1007 3507 1106 3546 sua
1127 3501 1182 3546 et
1201 3493 1579 3548 emendatione
1610 3492 1956 3548 securitatem
1992 3508 2101 3545 non
2131 3495 2172 3552 C

512 3581 726 3648 fecerit,
765 3581 1032 3637 habeatur
1062 3585 1591 3640 excommunicatus.
1625 3583 1938 3639 Liemarum
1970 3582 2100 3637 Bre-

513 3687 759 3728 mensem
799 3675 1270 3746 archiepiscopum
1305 3692 1406 3747 pro
1436 3677 1800 3732 inobedientia
1832 3675 2100 3746 superbia:

519 3780 634 3820 sua:
667 3767 738 3821 ab
765 3767 1060 3838 episc0paii
1094 3768 1270 3822 oliicio
1308 3769 1613 3838 suspendit,
1645 3776 1700 3823 et
1730 3784 1760 3820 a
1792 3781 2020 3837 corpore
2045 3777 2100 3822 et

514 3858 781 3928 sanguine
824 3858 1039 3914 Domini
1072 3859 1368 3915 interdixit.
1399 3859 1763 3915 Guarnerium
1809 3857 2100 3914 Strazbur—

516 3961 738 4023 gensem
764 3950 834 4004 ab
855 3952 1150 4022 episcopali
1174 3963 1228 4008 et
1250 3953 1572 4009 sacerdotali
1595 3953 1769 4009 cilicio
1793 3954 2094 4024 suspendit.

518 4034 810 4094 Henricum
837 4040 1144 4111 Spirensem
1172 4045 1472 4115 suspendit.
1494 4044 1921 4101 Ilenrimannum
1945 4045 2101 4102 Bam-

517 4127 861 4200 bergensem,
909 4132 957 4188 si
1003 4143 1128 4189 ante
1161 4135 1370 4192 Pascha
1401 4153 1512 4191 non
1550 4139 1756 4193 venerit
1789 4137 2099 4194 satisfactu-

517 4235 634 4285 rus,
666 4221 915 4279 similiter
943 4228 1245 4297 suspendit.
1289 4227 1423 4283 Item
1467 4229 1524 4284 in
1558 4229 1934 4302 Longobardia
1968 4231 2100 4287 Gui-

517 4308 766 4366 lielmum
779 4313 1099 4384 Papiensem
1121 4316 1540 4375 etCunibertum
1556 4319 1950 4376 Taurinenscm
1975 4338 2100 4377 sus-

519 4401 724 4470 pendit.
791 4403 1111 4478 Dionysium
1162 4408 1542 4466 Placentinum
1572 4411 1841 4482 deposuit.
1893 4411 2102 4469 Rober-

517 4505 637 4551 tum
669 4498 861 4554 ducem
905 4500 1112 4570 Apuliae
1152 4502 1267 4572 jam
1315 4503 1852 4571 anathematizatum,
1895 4515 1949 4560 et
1990 4504 2103 4562 Ro-

519 4587 734 4645 bertum
760 4590 827 4646 de
857 4589 1115 4646 Loritcllo
1154 4592 1434 4649 invasores
1464 4593 1731 4649 bonorum
1774 4593 1958 4652 Sancti
2002 4595 2103 4652 Pe-

521 4680 612 4750 tri,
644 4683 1154 4740 excommunicavit.

994 4791 1150 4830 NOTAE
1192 4791 1435 4830 SEV’EBINI
1471 4793 1619 4831 BIN".

598 4858 911 4918 Concilium.
937 4862 1018 4918 Ad
1046 4863 1451 4919 reformandam
1473 4863 1731 4921 Ecclesia:
1755 4866 2098 4938 disciplinam
2133 4854 2177 4908 Ῑ)

590 4974 746 5032 {4-29)
785 4975 843 5030 In
867 4979 970 5032 hoc
999 4980 1229 5032 concilio
1258 4980 1462 5032 editum
1496 4979 1664 5032 fuisse
1690 4982 1925 5032 primum
1969 4999 2102 5032 cnn—

2200 2187 2520 2261 dragesimze
2555 2193 2682 2244 anni
2713 2190 2850 2246 1075
2872 2187 3272 2257 celebrandam,
3303 2194 3371 2246 ad
3408 2208 3583 2261 quam
3628 2187 3779 2248 voca-

2200 2259 2279 2313 vit
2317 2259 2593 2332 imprimis
2637 2261 2852 2332 longius
2874 2261 3136 2317 distantes
3177 2259 3471 2317 Britannos
3502 2264 3782 2332 episcopos

2199 2339 2254 2383 et
2270 2331 2524 2402 abbates,
2555 2330 2975 2402 Tullen'semque
2999 2333 3312 2401 episc0pum
3344 2333 3413 2387 de
3443 2330 3707 2386 Simonia
3731 2345 3780 2387 et

2200 2400 2603 2474 cohabitatione
2627 2400 3213 2474 cum_muliere,’qu_am
3247 2403 3475 2458 haberet
3506 2413 3566 2456 ut
3600 2405 3781 2473 conju-

2199 2486 2342 2543 gem,
2368 2472 2727 2543 diffamatum.
2754 2471 3083 2528 isembertus
3109 2471 3448 2528 Pictavensis
3472 2471 3779 2543 episcopus,

2198 2541 2294 2610 qui
2339 2558 2435 2615 per
2465 2541 2665 2615 milites
2709 2544 2943 2598 irruerat
2971 2544 3026 2597 in
3057 2543 3341 2615 episcopos
3371 2541 3605 2615 causam
3639 2541 3776 2598 ince-

2199 2613 2601 2684 stuosicomitis
2625 2623 3033 2684 cognoscentes,
3050 2613 3349 2684 eorumque
3370 2614 3648 2683 quosdam
3670 2629 3779 2667 ver-

2198 2681 2440 2749 beribus,
2469 2681 2737 2753 quosdam
2781 2685 3128 2740 contumeliis
3167 2681 3424 2739 affecerat
3446 2726 3462 2750 ,
3505 2685 3577 2738 ab
3613 2684 3779 2739 oﬂicio

2199 2766 2501 2824 suspensus
2525 2795 2542 2821 ,
2579 2755 2771 2824 jussus
2794 2762 2879 2810 est
2903 2754 3133 2808 Romam
3168 2755 3352 2809 venire
3376 2795 3393 2818 ,
3437 2754 3582 2824 sicut
3621 2755 3776 2808 etiam

2199 2821 2386 2896 Benno
2408 2821 2628 2896 Gsrnab'u
2637 2825 2844 2896 rgensis
2858 2826 3147 2895 episcopus
3164 2834 3218 2896 et
3236 2826 3412 2896 abbas
3433 2823 3780 2896 Corbeiensis

2199 2892 2340 2946 inter
2372 2910 2432 2949 se
2456 2892 2748 2965 litigantes.
2773 2892 2972 2950 Citavit
2998 2892 3162 2950 etiam
3186 2894 3501 2950 Liemarum
3527 2893 3781 2950 Bremen-

2199 2978 2314 3036 sem
2337 2965 2826 3036 AarcliiepiscOpum
2867 2967 2940 3021 ob
2985 2981 3209 3020 causam
3245 2981 3411 3036 supra
3447 2975 3775 3019 enarratam.

2202 3031 2557 3106 Sigefridunf
2579 3031 2954 3106 Mog-untinum
2991 3031 3461 3106 archiepiscopum
3497 3051 3631 3106 cum
3666 3051 3780 3106 om-

2199 3105 2361 3159 nibus
2386 3107 2502 3161 suis
2527 3105 2887 3178 sum-aganeis
2907 3105 3374 3178 episcopis’eidem
3400 3105 3619 3176 synodo
3645 3105 3781 3178 assi-

2199 3184 2342 3229 stere
2375 3187 2670 3244 prtesentes
2701 3175 2994 3232 mandavit.
3029 3175 3111 3230 Ab
3139 3175 3375 3231 Henrico
3409 3175 3542 3246 rege
3563 3191 3678 3246 per
3700 3176 3782 3229 iit-

2199 3252 2346 3300 teras
2374 3247 2531 3328 petiit
2555 3256 2615 3302 ut
2644 3248 2851 3328 legatos
2897 3249 2965 3328 ad
3014 3249 3282 3328 synodum
3322 3245 3527 3327 mittat,
3552 3245 3783 3328 illosque

2200 3329 2308 3388 non
2353 3316 2539 3388 audiat
2576 3318 2670 3388 qui
2702 3315 3010 3373 discordias
3046 3315 3188 3372 inter
3209 3332 3268 3372 se
3292 3317 3588 3388 seminant.
3622 3315 3783 3370 Cuni—

2200 3385 2414 3458 bertum
2447 3385 2840 3458 Taurinenscm
2875 3389 3215 3458 episcopum,
3242 3387 3336 3457 qui
3358 3388 3425 3442 de
3442 3387 3650 3458 inraso
3674 3402 3783 3458 mo-

2205 3456 2445 3530 nasterio
2474 3456 2658 3530 Sancti
2676 3459 2877 3530 Angeli
2903 3456 3282 3530 accusabatur,
3310 3457 3482 3530 jussit
3501 3459 3672 3530 etiam
3697 3457 3784 3512 ad—

2205 3527 2410 3592 venire,
2443 3527 2584 3582 sicut
2617 3527 2796 3583 etiam'
2818 3528 3163 3584 Guilielmum
3205 3527 3528 3596 Papiensem
3555 3528 3629 3582 ob
3662 3544 3784 3582 cau-

2205 3611 2323 3668 sam
2363 3598 2582 3653 divortii
2618 3599 2758 3653 inter
2782 3599 3022 3653 Azonem
3053 3609 3107 3654 et
3132 3597 3464 3652 Mathildem.
3502 3597 3782 3668 llugonem

2203 3667 2450 3738 militem,
2501 3669 2593 3738 qui
2636 3670 2776 3725 bona
2805 3669 3158 3725 Taurinensis
3195 3668 3452 3723 Ecclesia:
3485 3667 3780 3731 invaserat,

2203 3737 2270 3808 ad
2315 3737 2644 3793 reddendam
2675 3741 2940 3794 rationem
2984 3741 3189 3794 citavit.
3237 3739 3313 3794 Ea
3349 3755 3474 3808 quae
3519 3754 3690 3808 supra
3722 3738 3787 3791 de

2204 3806 2520 3881 llerimanni
2566 3809 2980 3881 Bambergensis
3013 3810 3251 3880 episcopi
3287 3806 3693 3881 sus—pensione,
3733 3818 3786 3881 et

2204 3877 2460 3951 Dionysii
2494 3877 3076 3951 Placentini'episcopi
3123 3877 3481 3951 depositione,
3536 3881 3595 3933 in
3640 3879 3783 3951 Actis

2204 3949 2993 4035 synodalibus"recensentur,_
3027 3949 3383 4035 illveniup‘tur
3430 3951 3600 4035 etiam
3646 3949 3784 4032 apud

2203 4020 2524 4090 Gregorium
2548 4021 2672 4076 libri
2715 4038 2774 4087 ιι,
2801 4021 3031 4090 epistola
3060 4023 3128 4077 54
3163 4031 3219 4077 et
3250 4021 3336 4085 76,
3370 4028 3426 4075 et
3471 4020 3601 4074 libri
3627 4020 3782 4090 tertii

2202 4088 2438 4172 epistola.
2489 4092 2552 4172 '5._
2599 4091 2657 4172 ln
2708 4088 2898 4172 eadem
2963 4090 3567 4172 synodo__eompositas
3617 4088 3783 4171 fuisse

2203 4160 2506 4218 discordias
2539 4163 2679 4216 inter
2720 4160 3046 4233 Pragensein
3074 4171 3128 4217 et
3167 4160 3543 4233 Moravensem
3570 4161 3782 4230 episeo-

2203 4247 2303 4302 pos
2329 4233 2568 4288 declarat
2591 4231 2849 4304 Gregorii
2866 4234 3094 4304 epistola
3121 4233 3190 4287 95
3215 4233 3338 4286 libri
3384 4247 3444 4304 ll.
3475 4231 3782 4304 constituta

2204 4304 2485 4372 synodalia
2513 4320 2609 4374 per
2632 4302 2948 4359 universum
2977 4305 3164 4361 orbem
3188 4302 3524 4375 promulgari
3556 4303 3783 4360 litanda—

2201 4375 2326 4445 vit,”
2344 4375 2670 4445 scriptisque
2692 4376 2758 4429 ad
2798 4385 3047 4431 sanctum
3077 4376 3362 4430 Annonem
3399 4375 3782 4430 Goloniensem

2203 4453 2257 4500 et
2297 4443 2624 4516 Sigefriduin
2667 4445 3044 4516 Moguntinum
3080 4447 3364 4516 episcopos
3405 4445 3658 4514 epistolis
3684 4460 3782 4516 vo—

2204 4515 2307 4570 luit
2332 4515 2400 4569 ab
2427 4515 2620 4570 iisdem
2643 4515 2984 4587 congregatis
3009 4518 3062 4571 in
3107 4515 3205 4570 sua
3247 4515 3468 4571 dimcesi
3516 4515 3780 4577 conciliis,

2203 4601 2266 4640 ea
2292 4587 2560 4656 praecipue
2593 4602 2715 4655 qua:
2747 4587 2813 4640 de
2845 4588 3175 4642 continentia
3212 4587 3537 4641 clericorum
3569 4593 3627 4639 et
3661 4601 3780 4654 pra-

2203 4655 2371 4711 vitate
2411 4655 2720 4710 Simoniaea
2763 4657 3079 4712 corrigenda
3126 4659 3340 4712 decreta
3388 4664 3446 4711 et
3488 4657 3782 4711 constituta

2205 4725 2459 4792 fuerant,
2509 4727 2864 4796 promulgari.
2916 4725 3184 4783 Baronius
3235 4742 3380 4783 anno
3441 4726 3626 4796 1075,
3682 4743 3783 4781 nu-

2206 4812 2358 4852 mero
2387 4798 2451 4851 l0
2471 4807 2526 4852 et
2550 4797 2922 4867 sequentibus.

2209 4984 2374 5030 tinnis
2410 4981 2650 5030 Virginis
2677 5025 2689 5030 -
2742 4993 2794 5030 (ιι
2833 4985 3226 5028 incarnationis
3279 4984 3435 5028 VPl'hl
3491 5002 3785 5028 mirum-nne
