  <div class='ocr_page' id='page_1' title='image "/cluster/home/n/w/nwhite01/storage/ocr_20150623/148/hvd.32044015471840/394.png"; bbox 0 0 3988 5328; ppageno 0'>
   <div class='ocr_carea' id='block_1_1' title="bbox 1419 356 2309 430">
    <p class='ocr_par' dir='ltr' id='par_1_1' title="bbox 1419 356 2309 430">
     <span class='ocr_line' id='line_1_1' title="bbox 1419 356 2309 430; baseline 0.022 -19"><span class='ocrx_word' id='word_1_1' title='bbox 1419 356 1792 419; x_wconf 72' lang='lat' dir='ltr'><strong>CONCILIUM</strong></span> <span class='ocrx_word' id='word_1_2' title='bbox 1834 365 2176 428; x_wconf 76' lang='lat' dir='ltr'><strong>ROMANUM</strong></span> <span class='ocrx_word' id='word_1_3' title='bbox 2226 375 2309 430; x_wconf 90' lang='lat' dir='ltr'><strong>Ill.</strong></span> 
     </span>
    </p>
   </div>
   <div class='ocr_carea' id='block_1_2' title="bbox 3403 397 3506 451">
    <p class='ocr_par' dir='ltr' id='par_1_2' title="bbox 3403 397 3506 451">
     <span class='ocr_line' id='line_1_2' title="bbox 3403 397 3506 451; baseline -0.029 0"><span class='ocrx_word' id='word_1_4' title='bbox 3403 397 3506 451; x_wconf 82' lang='lat'><strong>790</strong></span> 
     </span>
    </p>
   </div>
   <div class='ocr_carea' id='block_1_3' title="bbox 223 467 2932 536">
    <p class='ocr_par' dir='ltr' id='par_1_3' title="bbox 223 467 2932 536">
     <span class='ocr_line' id='line_1_3' title="bbox 223 467 2932 536; baseline 0.003 -51"><span class='ocrx_word' id='word_1_5' title='bbox 223 467 2932 536; x_wconf 34' lang='grc' dir='ltr'><strong>..Μ-*ἠ</strong></span> 
     </span>
    </p>
   </div>
   <div class='ocr_carea' id='block_1_4' title="bbox 1054 603 2662 721">
    <p class='ocr_par' dir='ltr' id='par_1_4' title="bbox 1054 603 2662 721">
     <span class='ocr_line' id='line_1_4' title="bbox 1054 603 2662 721; baseline 0.017 -27"><span class='ocrx_word' id='word_1_6' title='bbox 1054 603 1722 702; x_wconf 83' lang='lat' dir='ltr'><strong>CONCILIUM</strong></span> <span class='ocrx_word' id='word_1_7' title='bbox 1797 615 2396 717; x_wconf 80' lang='lat' dir='ltr'><strong>ROMANUM</strong></span> <span class='ocrx_word' id='word_1_8' title='bbox 2476 633 2662 721; x_wconf 90' lang='lat' dir='ltr'><strong>IlI.</strong></span> 
     </span>
    </p>
   </div>
   <div class='ocr_carea' id='block_1_5' title="bbox 220 783 3032 917">
    <p class='ocr_par' dir='ltr' id='par_1_5' title="bbox 220 783 3032 917">
     <span class='ocr_line' id='line_1_5' title="bbox 220 783 3032 917; baseline 0.012 -57"><span class='ocrx_word' id='word_1_9' title='bbox 220 783 360 860; x_wconf 70' lang='lat' dir='ltr'><strong>0W</strong></span> <span class='ocrx_word' id='word_1_10' title='bbox 393 785 713 850; x_wconf 70' lang='grc' dir='ltr'><strong>Πεπνῖσυε</strong></span> <span class='ocrx_word' id='word_1_11' title='bbox 766 791 1714 917; x_wconf 48' lang='grc' dir='ltr'><strong>Ἠωξὲῗπξηίωνῃξςίθθίξίάαε</strong></span> <span class='ocrx_word' id='word_1_12' title='bbox 1739 807 2181 887; x_wconf 79' lang='lat' dir='ltr'><strong>Moguntinus,</strong></span> <span class='ocrx_word' id='word_1_13' title='bbox 2224 815 2567 882; x_wconf 78' lang='lat' dir='ltr'><strong>Wilielmus</strong></span> <span class='ocrx_word' id='word_1_14' title='bbox 2617 825 3032 917; x_wconf 70' lang='lat' dir='ltr'><strong>Trajectensis</strong></span> 
     </span>
     <span class='ocr_line' id='line_1_6' title="bbox 1076 889 2938 917; baseline 0 0"><span class='ocrx_word' id='word_1_15' title='bbox 1076 893 1106 917; x_wconf 68' lang='grc' dir='ltr'><strong><em>ρ</em></strong></span> <span class='ocrx_word' id='word_1_16' title='bbox 1159 893 1243 917; x_wconf 65' lang='grc' dir='ltr'><strong>οπο</strong></span> <span class='ocrx_word' id='word_1_17' title='bbox 1275 894 1302 917; x_wconf 74' lang='grc' dir='ltr'><strong>ρ</strong></span> <span class='ocrx_word' id='word_1_18' title='bbox 1354 895 1550 917; x_wconf 61' lang='lat' dir='ltr'><strong>iet-nm:</strong></span> <span class='ocrx_word' id='word_1_19' title='bbox 1601 889 2223 917; x_wconf 54' lang='lat' dir='ltr'><strong>nmnnmm..nl-_“4--_.</strong></span> <span class='ocrx_word' id='word_1_20' title='bbox 2314 914 2419 917; x_wconf 30' lang='lat' dir='ltr'><strong>_,-A_</strong></span> <span class='ocrx_word' id='word_1_21' title='bbox 2515 899 2556 917; x_wconf 58' lang='grc' dir='ltr'>ἢ</span> <span class='ocrx_word' id='word_1_22' title='bbox 2673 902 2684 912; x_wconf 76' lang='grc' dir='ltr'><strong>ο</strong></span> <span class='ocrx_word' id='word_1_23' title='bbox 2795 908 2938 917; x_wconf 45' lang='grc' dir='ltr'>.-.μμ</span> 
     </span>
    </p>
   </div>
   <div class='ocr_carea' id='block_1_6' title="bbox 771 870 3080 1000">
    <p class='ocr_par' dir='ltr' id='par_1_6' title="bbox 771 870 3080 1000">
     <span class='ocr_line' id='line_1_7' title="bbox 771 870 3080 1000; baseline 0.018 -69"><span class='ocrx_word' id='word_1_24' title='bbox 771 870 1243 952; x_wconf 74' lang='lat' dir='ltr'><strong>Bambergensis</strong></span> <span class='ocrx_word' id='word_1_25' title='bbox 1275 870 1556 959; x_wconf 52' lang='lat' dir='ltr'><strong>episcopi</strong></span> <span class='ocrx_word' id='word_1_26' title='bbox 1599 870 2262 967; x_wconf 31' lang='lat' dir='ltr'><strong>excommunican—t—dr,</strong></span> 
     </span>
    </p>
   </div>
   <div class='ocr_carea' id='block_1_7' title="bbox 3088 838 3502 912">
    <p class='ocr_par' dir='ltr' id='par_1_7' title="bbox 3088 838 3502 912">
     <span class='ocr_line' id='line_1_8' title="bbox 3088 838 3502 912; baseline 0.012 -19"><span class='ocrx_word' id='word_1_27' title='bbox 3088 843 3140 894; x_wconf 75' lang='lat' dir='ltr'><strong>et</strong></span> <span class='ocrx_word' id='word_1_28' title='bbox 3196 838 3502 912; x_wconf 61' lang='lat' dir='ltr'><strong>Ruperat:</strong></span> 
     </span>
    </p>
   </div>
   <div class='ocr_carea' id='block_1_8' title="bbox 3042 939 3292 994">
    <p class='ocr_par' dir='ltr' id='par_1_8' title="bbox 3042 939 3292 994">
     <span class='ocr_line' id='line_1_9' title="bbox 3042 939 3292 994; baseline 0.004 -9"><span class='ocrx_word' id='word_1_29' title='bbox 3042 939 3292 994; x_wconf 34' lang='lat' dir='ltr'><strong>\l‘r/z&quot;</strong></span> 
     </span>
    </p>
   </div>
   <div class='ocr_carea' id='block_1_9' title="bbox 1513 1045 2255 1130">
    <p class='ocr_par' dir='ltr' id='par_1_9' title="bbox 1513 1045 2255 1130">
     <span class='ocr_line' id='line_1_10' title="bbox 1513 1045 2255 1130; baseline 0.018 -30"><span class='ocrx_word' id='word_1_30' title='bbox 1513 1045 1702 1115; x_wconf 68' lang='lat' dir='ltr'><strong>(MANSI</strong></span> <span class='ocrx_word' id='word_1_31' title='bbox 1731 1048 1934 1108; x_wconf 76' lang='lat' dir='ltr'><strong>Concil.</strong></span> <span class='ocrx_word' id='word_1_32' title='bbox 1959 1051 2078 1124; x_wconf 74' lang='lat' dir='ltr'><strong>XX,</strong></span> <span class='ocrx_word' id='word_1_33' title='bbox 2103 1057 2255 1130; x_wconf 72' lang='grc'><strong>467.)</strong></span> 
     </span>
    </p>
   </div>
   <div class='ocr_carea' id='block_1_10' title="bbox 290 1209 1883 1291">
    <p class='ocr_par' dir='ltr' id='par_1_10' title="bbox 290 1209 1883 1291">
     <span class='ocr_line' id='line_1_11' title="bbox 290 1209 1883 1291; baseline 0.006 -23"><span class='ocrx_word' id='word_1_34' title='bbox 290 1215 454 1268; x_wconf 74' lang='lat' dir='ltr'><strong>Anno</strong></span> <span class='ocrx_word' id='word_1_35' title='bbox 479 1211 551 1270; x_wconf 85' lang='lat' dir='ltr'><strong>ab</strong></span> <span class='ocrx_word' id='word_1_36' title='bbox 569 1209 944 1269; x_wconf 71' lang='lat' dir='ltr'><strong>incarnatione</strong></span> <span class='ocrx_word' id='word_1_37' title='bbox 967 1211 1184 1270; x_wconf 82' lang='lat' dir='ltr'><strong>Domini</strong></span> <span class='ocrx_word' id='word_1_38' title='bbox 1208 1215 1498 1273; x_wconf 90' lang='lat' dir='ltr'><strong>millesimo</strong></span> <span class='ocrx_word' id='word_1_39' title='bbox 1519 1227 1806 1291; x_wconf 78' lang='lat' dir='ltr'><strong>septuage-</strong></span> <span class='ocrx_word' id='word_1_40' title='bbox 1838 1224 1883 1282; x_wconf 81' lang='grc' dir='ltr'>Α</span> 
     </span>
    </p>
   </div>
   <div class='ocr_carea' id='block_1_11' title="bbox 220 1307 1813 1382">
    <p class='ocr_par' dir='ltr' id='par_1_11' title="bbox 220 1307 1813 1382">
     <span class='ocr_line' id='line_1_12' title="bbox 220 1307 1813 1382; baseline 0.001 -15"><span class='ocrx_word' id='word_1_41' title='bbox 220 1312 363 1367; x_wconf 85' lang='lat' dir='ltr'><strong>simo</strong></span> <span class='ocrx_word' id='word_1_42' title='bbox 377 1310 597 1382; x_wconf 87' lang='lat' dir='ltr'><strong>quinto,</strong></span> <span class='ocrx_word' id='word_1_43' title='bbox 627 1307 814 1364; x_wconf 90' lang='lat' dir='ltr'><strong>indict.</strong></span> <span class='ocrx_word' id='word_1_44' title='bbox 832 1324 944 1374; x_wconf 79' lang='lat' dir='ltr'><strong>xw,</strong></span> <span class='ocrx_word' id='word_1_45' title='bbox 964 1308 1544 1382; x_wconf 70' lang='lat' dir='ltr'><strong>celebravitipse(452)</strong></span> <span class='ocrx_word' id='word_1_46' title='bbox 1556 1311 1813 1369; x_wconf 90' lang='lat' dir='ltr'><strong>dominus</strong></span> 
     </span>
    </p>
   </div>
   <div class='ocr_carea' id='block_1_12' title="bbox 218 1401 1811 1474">
    <p class='ocr_par' dir='ltr' id='par_1_12' title="bbox 218 1401 1811 1474">
     <span class='ocr_line' id='line_1_13' title="bbox 218 1401 1811 1474; baseline 0.001 -15"><span class='ocrx_word' id='word_1_47' title='bbox 218 1403 522 1474; x_wconf 83' lang='lat' dir='ltr'><strong>Gregorius</strong></span> <span class='ocrx_word' id='word_1_48' title='bbox 554 1417 693 1473; x_wconf 90' lang='lat' dir='ltr'><strong>papa</strong></span> <span class='ocrx_word' id='word_1_49' title='bbox 729 1401 918 1458; x_wconf 83' lang='lat' dir='ltr'><strong>Roma</strong></span> <span class='ocrx_word' id='word_1_50' title='bbox 943 1403 1215 1474; x_wconf 86' lang='lat' dir='ltr'><strong>synodum</strong></span> <span class='ocrx_word' id='word_1_51' title='bbox 1243 1403 1298 1457; x_wconf 92' lang='lat' dir='ltr'><strong>in</strong></span> <span class='ocrx_word' id='word_1_52' title='bbox 1337 1403 1568 1459; x_wconf 82' lang='lat' dir='ltr'><strong>ecclesia</strong></span> <span class='ocrx_word' id='word_1_53' title='bbox 1593 1403 1811 1460; x_wconf 91' lang='lat' dir='ltr'><strong>Domini</strong></span> 
     </span>
    </p>
   </div>
   <div class='ocr_carea' id='block_1_13' title="bbox 221 1493 1814 1567">
    <p class='ocr_par' dir='ltr' id='par_1_13' title="bbox 221 1493 1814 1567">
     <span class='ocr_line' id='line_1_14' title="bbox 221 1493 1814 1567; baseline 0.001 -15"><span class='ocrx_word' id='word_1_54' title='bbox 221 1496 548 1564; x_wconf 84' lang='lat' dir='ltr'><strong>Salvatoris,</strong></span> <span class='ocrx_word' id='word_1_55' title='bbox 576 1511 699 1567; x_wconf 86' lang='lat' dir='ltr'><strong>qua</strong></span> <span class='ocrx_word' id='word_1_56' title='bbox 722 1494 1181 1550; x_wconf 70' lang='lat' dir='ltr'><strong>Constantiniana</strong></span> <span class='ocrx_word' id='word_1_57' title='bbox 1203 1493 1422 1562; x_wconf 89' lang='lat' dir='ltr'><strong>dicitur,</strong></span> <span class='ocrx_word' id='word_1_58' title='bbox 1453 1495 1544 1552; x_wconf 90' lang='lat' dir='ltr'><strong>ubi</strong></span> <span class='ocrx_word' id='word_1_59' title='bbox 1567 1497 1814 1554; x_wconf 76' lang='lat' dir='ltr'><strong>interfuit</strong></span> 
     </span>
    </p>
   </div>
   <div class='ocr_carea' id='block_1_14' title="bbox 218 1589 1812 1661">
    <p class='ocr_par' dir='ltr' id='par_1_14' title="bbox 218 1589 1812 1661">
     <span class='ocr_line' id='line_1_15' title="bbox 218 1589 1812 1661; baseline 0.003 -18"><span class='ocrx_word' id='word_1_60' title='bbox 218 1591 614 1660; x_wconf 88' lang='lat' dir='ltr'><strong>episcoporum</strong></span> <span class='ocrx_word' id='word_1_61' title='bbox 645 1598 700 1644; x_wconf 87' lang='lat' dir='ltr'><strong>et</strong></span> <span class='ocrx_word' id='word_1_62' title='bbox 726 1589 1010 1656; x_wconf 81' lang='lat' dir='ltr'><strong>abbatum,</strong></span> <span class='ocrx_word' id='word_1_63' title='bbox 1038 1598 1204 1661; x_wconf 90' lang='lat' dir='ltr'><strong>atque</strong></span> <span class='ocrx_word' id='word_1_64' title='bbox 1231 1590 1432 1646; x_wconf 84' lang='lat' dir='ltr'><strong>diversi</strong></span> <span class='ocrx_word' id='word_1_65' title='bbox 1463 1590 1674 1648; x_wconf 86' lang='lat' dir='ltr'><strong>ordinis</strong></span> <span class='ocrx_word' id='word_1_66' title='bbox 1704 1593 1812 1648; x_wconf 91' lang='lat' dir='ltr'><strong>ele-</strong></span> 
     </span>
    </p>
   </div>
   <div class='ocr_carea' id='block_1_15' title="bbox 218 1682 1810 1757">
    <p class='ocr_par' dir='ltr' id='par_1_15' title="bbox 218 1682 1810 1757">
     <span class='ocr_line' id='line_1_16' title="bbox 218 1682 1810 1757; baseline 0.006 -20"><span class='ocrx_word' id='word_1_67' title='bbox 218 1683 467 1738; x_wconf 78' lang='lat' dir='ltr'><strong>ricorum</strong></span> <span class='ocrx_word' id='word_1_68' title='bbox 514 1691 570 1738; x_wconf 87' lang='lat' dir='ltr'><strong>et</strong></span> <span class='ocrx_word' id='word_1_69' title='bbox 604 1682 871 1739; x_wconf 90' lang='lat' dir='ltr'><strong>laicorum</strong></span> <span class='ocrx_word' id='word_1_70' title='bbox 901 1683 1059 1754; x_wconf 90' lang='lat' dir='ltr'><strong>copia</strong></span> <span class='ocrx_word' id='word_1_71' title='bbox 1085 1725 1100 1751; x_wconf 91' lang='lat'><strong>,</strong></span> <span class='ocrx_word' id='word_1_72' title='bbox 1154 1685 1209 1740; x_wconf 88' lang='lat' dir='ltr'><strong>in</strong></span> <span class='ocrx_word' id='word_1_73' title='bbox 1240 1702 1381 1757; x_wconf 91' lang='lat' dir='ltr'><strong>qua,</strong></span> <span class='ocrx_word' id='word_1_74' title='bbox 1426 1686 1568 1744; x_wconf 84' lang='lat' dir='ltr'><strong>inter</strong></span> <span class='ocrx_word' id='word_1_75' title='bbox 1616 1699 1810 1746; x_wconf 84' lang='lat' dir='ltr'><strong>catera</strong></span> 
     </span>
    </p>
   </div>
   <div class='ocr_carea' id='block_1_16' title="bbox 216 1775 1809 1854">
    <p class='ocr_par' dir='ltr' id='par_1_16' title="bbox 216 1775 1809 1854">
     <span class='ocr_line' id='line_1_17' title="bbox 216 1775 1809 1854; baseline 0.005 -23"><span class='ocrx_word' id='word_1_76' title='bbox 216 1775 431 1832; x_wconf 81' lang='lat' dir='ltr'><strong>decreta</strong></span> <span class='ocrx_word' id='word_1_77' title='bbox 465 1792 592 1848; x_wconf 86' lang='lat' dir='ltr'><strong>qua</strong></span> <span class='ocrx_word' id='word_1_78' title='bbox 627 1776 703 1831; x_wconf 87' lang='lat' dir='ltr'><strong>ibi</strong></span> <span class='ocrx_word' id='word_1_79' title='bbox 741 1785 893 1848; x_wconf 85' lang='lat' dir='ltr'><strong>gesta</strong></span> <span class='ocrx_word' id='word_1_80' title='bbox 923 1785 1072 1844; x_wconf 91' lang='lat' dir='ltr'><strong>sunt,</strong></span> <span class='ocrx_word' id='word_1_81' title='bbox 1120 1780 1618 1838; x_wconf 80' lang='lat' dir='ltr'><strong>excommunicavit</strong></span> <span class='ocrx_word' id='word_1_82' title='bbox 1653 1782 1809 1854; x_wconf 82' lang='lat' dir='ltr'><strong>Sige-</strong></span> 
     </span>
    </p>
   </div>
   <div class='ocr_carea' id='block_1_17' title="bbox 215 1868 1813 1942">
    <p class='ocr_par' dir='ltr' id='par_1_17' title="bbox 215 1868 1813 1942">
     <span class='ocr_line' id='line_1_18' title="bbox 215 1868 1813 1942; baseline 0.004 -20"><span class='ocrx_word' id='word_1_83' title='bbox 215 1868 417 1924; x_wconf 76' lang='lat' dir='ltr'><strong>fridum</strong></span> <span class='ocrx_word' id='word_1_84' title='bbox 451 1868 835 1940; x_wconf 80' lang='lat' dir='ltr'><strong>Moguntinum</strong></span> <span class='ocrx_word' id='word_1_85' title='bbox 884 1871 1357 1942; x_wconf 81' lang='lat' dir='ltr'><strong>archiepiscopum</strong></span> <span class='ocrx_word' id='word_1_86' title='bbox 1410 1873 1469 1928; x_wconf 89' lang='lat' dir='ltr'><strong>in</strong></span> <span class='ocrx_word' id='word_1_87' title='bbox 1513 1873 1659 1930; x_wconf 89' lang='lat' dir='ltr'><strong>hunc</strong></span> <span class='ocrx_word' id='word_1_88' title='bbox 1693 1891 1813 1929; x_wconf 86' lang='lat' dir='ltr'><strong>mo-</strong></span> 
     </span>
    </p>
   </div>
   <div class='ocr_carea' id='block_1_18' title="bbox 211 1960 1812 2037">
    <p class='ocr_par' dir='ltr' id='par_1_18' title="bbox 211 1960 1812 2037">
     <span class='ocr_line' id='line_1_19' title="bbox 211 1960 1812 2037; baseline 0.002 -20"><span class='ocrx_word' id='word_1_89' title='bbox 211 1961 344 2017; x_wconf 62' lang='lat' dir='ltr'><strong>dum</strong></span> <span class='ocrx_word' id='word_1_90' title='bbox 371 1979 392 2016; x_wconf 85' lang='lat'>:</span> <span class='ocrx_word' id='word_1_91' title='bbox 421 1960 758 2033; x_wconf 84' lang='lat' dir='ltr'><strong>Sigefridum</strong></span> <span class='ocrx_word' id='word_1_92' title='bbox 790 1961 1167 2034; x_wconf 84' lang='lat' dir='ltr'><strong>Moguntinum</strong></span> <span class='ocrx_word' id='word_1_93' title='bbox 1201 1965 1692 2036; x_wconf 78' lang='lat' dir='ltr'><strong>archiepiscopum,</strong></span> <span class='ocrx_word' id='word_1_94' title='bbox 1716 1966 1812 2037; x_wconf 88' lang='lat' dir='ltr'><strong>qui</strong></span> 
     </span>
    </p>
   </div>
   <div class='ocr_carea' id='block_1_19' title="bbox 214 2054 1813 2129">
    <p class='ocr_par' dir='ltr' id='par_1_19' title="bbox 214 2054 1813 2129">
     <span class='ocr_line' id='line_1_20' title="bbox 214 2054 1813 2129; baseline 0.004 -22"><span class='ocrx_word' id='word_1_95' title='bbox 214 2063 452 2110; x_wconf 83' lang='lat' dir='ltr'><strong>conatus</strong></span> <span class='ocrx_word' id='word_1_96' title='bbox 479 2063 564 2109; x_wconf 85' lang='lat' dir='ltr'><strong>est</strong></span> <span class='ocrx_word' id='word_1_97' title='bbox 588 2054 874 2126; x_wconf 84' lang='lat' dir='ltr'><strong>episcopos</strong></span> <span class='ocrx_word' id='word_1_98' title='bbox 907 2065 1072 2126; x_wconf 83' lang='lat' dir='ltr'><strong>atque</strong></span> <span class='ocrx_word' id='word_1_99' title='bbox 1109 2057 1334 2112; x_wconf 85' lang='lat' dir='ltr'><strong>abbates</strong></span> <span class='ocrx_word' id='word_1_100' title='bbox 1364 2059 1517 2129; x_wconf 86' lang='lat' dir='ltr'><strong>regni</strong></span> <span class='ocrx_word' id='word_1_101' title='bbox 1545 2057 1813 2113; x_wconf 86' lang='lat' dir='ltr'><strong>Teutoni-</strong></span> 
     </span>
    </p>
   </div>
   <div class='ocr_carea' id='block_1_20' title="bbox 213 2147 1813 2222">
    <p class='ocr_par' dir='ltr' id='par_1_20' title="bbox 213 2147 1813 2222">
     <span class='ocr_line' id='line_1_21' title="bbox 213 2147 1813 2222; baseline 0.004 -20"><span class='ocrx_word' id='word_1_102' title='bbox 213 2163 407 2202; x_wconf 89' lang='lat' dir='ltr'><strong>corum</strong></span> <span class='ocrx_word' id='word_1_103' title='bbox 432 2163 467 2203; x_wconf 89' lang='lat' dir='ltr'><strong>a</strong></span> <span class='ocrx_word' id='word_1_104' title='bbox 492 2156 686 2205; x_wconf 87' lang='lat' dir='ltr'><strong>saneta</strong></span> <span class='ocrx_word' id='word_1_105' title='bbox 712 2147 961 2206; x_wconf 80' lang='lat' dir='ltr'><strong>Romana</strong></span> <span class='ocrx_word' id='word_1_106' title='bbox 979 2149 1244 2214; x_wconf 87' lang='lat' dir='ltr'><strong>Ecclesia,</strong></span> <span class='ocrx_word' id='word_1_107' title='bbox 1269 2150 1519 2207; x_wconf 86' lang='lat' dir='ltr'><strong>videlicet</strong></span> <span class='ocrx_word' id='word_1_108' title='bbox 1541 2151 1813 2222; x_wconf 87' lang='lat' dir='ltr'><strong>spirituali</strong></span> 
     </span>
    </p>
   </div>
   <div class='ocr_carea' id='block_1_21' title="bbox 215 2244 1815 2316">
    <p class='ocr_par' dir='ltr' id='par_1_21' title="bbox 215 2244 1815 2316">
     <span class='ocr_line' id='line_1_22' title="bbox 215 2244 1815 2316; baseline 0.002 -18"><span class='ocrx_word' id='word_1_109' title='bbox 215 2252 389 2300; x_wconf 84' lang='lat' dir='ltr'><strong>matre</strong></span> <span class='ocrx_word' id='word_1_110' title='bbox 412 2259 540 2311; x_wconf 90' lang='lat' dir='ltr'><strong>sua,</strong></span> <span class='ocrx_word' id='word_1_111' title='bbox 567 2244 834 2310; x_wconf 87' lang='lat' dir='ltr'><strong>scindere,</strong></span> <span class='ocrx_word' id='word_1_112' title='bbox 858 2245 1068 2316; x_wconf 81' lang='lat' dir='ltr'><strong>judicio</strong></span> <span class='ocrx_word' id='word_1_113' title='bbox 1093 2246 1268 2301; x_wconf 89' lang='lat' dir='ltr'><strong>sancti</strong></span> <span class='ocrx_word' id='word_1_114' title='bbox 1298 2244 1534 2315; x_wconf 90' lang='lat' dir='ltr'><strong>Spiritus</strong></span> <span class='ocrx_word' id='word_1_115' title='bbox 1554 2253 1608 2301; x_wconf 92' lang='lat' dir='ltr'><strong>et</strong></span> <span class='ocrx_word' id='word_1_116' title='bbox 1629 2254 1815 2301; x_wconf 89' lang='lat' dir='ltr'><strong>aucto-</strong></span> 
     </span>
    </p>
   </div>
   <div class='ocr_carea' id='block_1_22' title="bbox 215 2337 1812 2409">
    <p class='ocr_par' dir='ltr' id='par_1_22' title="bbox 215 2337 1812 2409">
     <span class='ocr_line' id='line_1_23' title="bbox 215 2337 1812 2409; baseline -0.001 -17"><span class='ocrx_word' id='word_1_117' title='bbox 215 2338 374 2393; x_wconf 84' lang='lat' dir='ltr'><strong>ritate</strong></span> <span class='ocrx_word' id='word_1_118' title='bbox 394 2337 689 2393; x_wconf 84' lang='lat' dir='ltr'><strong>beatorum</strong></span> <span class='ocrx_word' id='word_1_119' title='bbox 715 2338 1089 2409; x_wconf 84' lang='lat' dir='ltr'><strong>apostolorum</strong></span> <span class='ocrx_word' id='word_1_120' title='bbox 1118 2337 1265 2394; x_wconf 90' lang='lat' dir='ltr'><strong>Petri</strong></span> <span class='ocrx_word' id='word_1_121' title='bbox 1291 2347 1348 2393; x_wconf 89' lang='lat' dir='ltr'><strong>et</strong></span> <span class='ocrx_word' id='word_1_122' title='bbox 1371 2337 1526 2393; x_wconf 86' lang='lat' dir='ltr'><strong>Pauli</strong></span> <span class='ocrx_word' id='word_1_123' title='bbox 1558 2338 1627 2392; x_wconf 87' lang='lat' dir='ltr'><strong>ab</strong></span> <span class='ocrx_word' id='word_1_124' title='bbox 1661 2338 1812 2392; x_wconf 91' lang='lat' dir='ltr'><strong>omni</strong></span> 
     </span>
    </p>
   </div>
   <div class='ocr_carea' id='block_1_23' title="bbox 212 2429 1812 2502">
    <p class='ocr_par' dir='ltr' id='par_1_23' title="bbox 212 2429 1812 2502">
     <span class='ocr_line' id='line_1_24' title="bbox 212 2429 1812 2502; baseline 0 -17"><span class='ocrx_word' id='word_1_125' title='bbox 212 2431 519 2501; x_wconf 85' lang='lat' dir='ltr'><strong>episcopali</strong></span> <span class='ocrx_word' id='word_1_126' title='bbox 556 2429 734 2487; x_wconf 77' lang='lat' dir='ltr'><strong>ofﬁcio</strong></span> <span class='ocrx_word' id='word_1_127' title='bbox 773 2431 1160 2502; x_wconf 89' lang='lat' dir='ltr'><strong>suspendimus</strong></span> <span class='ocrx_word' id='word_1_128' title='bbox 1185 2473 1200 2499; x_wconf 94' lang='lat'><strong>,</strong></span> <span class='ocrx_word' id='word_1_129' title='bbox 1244 2440 1299 2486; x_wconf 91' lang='lat' dir='ltr'><strong>et</strong></span> <span class='ocrx_word' id='word_1_130' title='bbox 1346 2447 1378 2486; x_wconf 88' lang='lat' dir='ltr'><strong>a</strong></span> <span class='ocrx_word' id='word_1_131' title='bbox 1425 2430 1812 2486; x_wconf 88' lang='lat' dir='ltr'><strong>communione</strong></span> 
     </span>
    </p>
   </div>
   <div class='ocr_carea' id='block_1_24' title="bbox 214 2521 1811 2594">
    <p class='ocr_par' dir='ltr' id='par_1_24' title="bbox 214 2521 1811 2594">
     <span class='ocr_line' id='line_1_25' title="bbox 214 2521 1811 2594; baseline 0 -16"><span class='ocrx_word' id='word_1_132' title='bbox 214 2522 468 2594; x_wconf 89' lang='lat' dir='ltr'><strong>corporis</strong></span> <span class='ocrx_word' id='word_1_133' title='bbox 495 2531 552 2578; x_wconf 92' lang='lat' dir='ltr'><strong>et</strong></span> <span class='ocrx_word' id='word_1_134' title='bbox 574 2522 861 2593; x_wconf 78' lang='lat' dir='ltr'><strong>sanguinis</strong></span> <span class='ocrx_word' id='word_1_135' title='bbox 885 2521 1105 2578; x_wconf 88' lang='lat' dir='ltr'><strong>Domini</strong></span> <span class='ocrx_word' id='word_1_136' title='bbox 1133 2538 1474 2594; x_wconf 88' lang='lat' dir='ltr'><strong>separamus,</strong></span> <span class='ocrx_word' id='word_1_137' title='bbox 1519 2522 1625 2578; x_wconf 89' lang='lat' dir='ltr'><strong>nisi</strong></span> <span class='ocrx_word' id='word_1_138' title='bbox 1671 2521 1811 2578; x_wconf 87' lang='lat' dir='ltr'><strong>forte</strong></span> 
     </span>
    </p>
   </div>
   <div class='ocr_carea' id='block_1_25' title="bbox 214 2615 1813 2688">
    <p class='ocr_par' dir='ltr' id='par_1_25' title="bbox 214 2615 1813 2688">
     <span class='ocr_line' id='line_1_26' title="bbox 214 2615 1813 2688; baseline -0.002 -16"><span class='ocrx_word' id='word_1_139' title='bbox 214 2617 413 2673; x_wconf 89' lang='lat' dir='ltr'><strong>mortis</strong></span> <span class='ocrx_word' id='word_1_140' title='bbox 452 2615 758 2688; x_wconf 86' lang='lat' dir='ltr'><strong>periculum</strong></span> <span class='ocrx_word' id='word_1_141' title='bbox 802 2616 1190 2688; x_wconf 89' lang='lat' dir='ltr'><strong>superveniat,</strong></span> <span class='ocrx_word' id='word_1_142' title='bbox 1225 2615 1299 2670; x_wconf 87' lang='lat' dir='ltr'><strong>ita</strong></span> <span class='ocrx_word' id='word_1_143' title='bbox 1324 2624 1506 2671; x_wconf 89' lang='lat' dir='ltr'><strong>tamen</strong></span> <span class='ocrx_word' id='word_1_144' title='bbox 1535 2624 1598 2670; x_wconf 89' lang='lat' dir='ltr'><strong>ut</strong></span> <span class='ocrx_word' id='word_1_145' title='bbox 1636 2616 1813 2686; x_wconf 80' lang='lat' dir='ltr'><strong>pani-</strong></span> 
     </span>
    </p>
   </div>
   <div class='ocr_carea' id='block_1_26' title="bbox 215 2703 1809 2781">
    <p class='ocr_par' dir='ltr' id='par_1_26' title="bbox 215 2703 1809 2781">
     <span class='ocr_line' id='line_1_27' title="bbox 215 2703 1809 2781; baseline -0.002 -15"><span class='ocrx_word' id='word_1_146' title='bbox 215 2710 387 2766; x_wconf 86' lang='lat' dir='ltr'><strong>tentia</strong></span> <span class='ocrx_word' id='word_1_147' title='bbox 447 2709 648 2766; x_wconf 88' lang='lat' dir='ltr'><strong>ductus</strong></span> <span class='ocrx_word' id='word_1_148' title='bbox 705 2709 1014 2781; x_wconf 87' lang='lat' dir='ltr'><strong>resipiscat.</strong></span> <span class='ocrx_word' id='word_1_149' title='bbox 1076 2709 1315 2766; x_wconf 84' lang='lat' dir='ltr'><strong>Cateros</strong></span> <span class='ocrx_word' id='word_1_150' title='bbox 1351 2703 1502 2765; x_wconf 60' lang='lat' dir='ltr'><strong>&#39;vero</strong></span> <span class='ocrx_word' id='word_1_151' title='bbox 1552 2709 1648 2780; x_wconf 89' lang='lat' dir='ltr'><strong>qui</strong></span> <span class='ocrx_word' id='word_1_152' title='bbox 1710 2723 1809 2764; x_wconf 90' lang='lat' dir='ltr'><strong>sua</strong></span> 
     </span>
    </p>
   </div>
   <div class='ocr_carea' id='block_1_27' title="bbox 214 2801 1807 2874">
    <p class='ocr_par' dir='ltr' id='par_1_27' title="bbox 214 2801 1807 2874">
     <span class='ocr_line' id='line_1_28' title="bbox 214 2801 1807 2874; baseline -0.001 -16"><span class='ocrx_word' id='word_1_153' title='bbox 214 2811 416 2874; x_wconf 79' lang='lat' dir='ltr'><strong>sponte</strong></span> <span class='ocrx_word' id='word_1_154' title='bbox 443 2802 565 2874; x_wconf 82' lang='lat' dir='ltr'><strong>ejus</strong></span> <span class='ocrx_word' id='word_1_155' title='bbox 593 2801 878 2859; x_wconf 86' lang='lat' dir='ltr'><strong>schismati</strong></span> <span class='ocrx_word' id='word_1_156' title='bbox 905 2803 1299 2872; x_wconf 87' lang='lat' dir='ltr'><strong>consentiendo</strong></span> <span class='ocrx_word' id='word_1_157' title='bbox 1329 2801 1807 2872; x_wconf 87' lang='lat' dir='ltr'><strong>subscripserunt,</strong></span> 
     </span>
    </p>
   </div>
   <div class='ocr_carea' id='block_1_28' title="bbox 214 2893 1812 2966">
    <p class='ocr_par' dir='ltr' id='par_1_28' title="bbox 214 2893 1812 2966">
     <span class='ocr_line' id='line_1_29' title="bbox 214 2893 1812 2966; baseline 0 -16"><span class='ocrx_word' id='word_1_158' title='bbox 214 2902 268 2950; x_wconf 91' lang='lat' dir='ltr'><strong>et</strong></span> <span class='ocrx_word' id='word_1_159' title='bbox 301 2895 358 2950; x_wconf 92' lang='lat' dir='ltr'><strong>in</strong></span> <span class='ocrx_word' id='word_1_160' title='bbox 388 2910 458 2950; x_wconf 84' lang='lat' dir='ltr'><strong>ea</strong></span> <span class='ocrx_word' id='word_1_161' title='bbox 493 2893 782 2966; x_wconf 78' lang='lat' dir='ltr'><strong>iniquitate</strong></span> <span class='ocrx_word' id='word_1_162' title='bbox 824 2894 1122 2965; x_wconf 84' lang='lat' dir='ltr'><strong>perdurare</strong></span> <span class='ocrx_word' id='word_1_163' title='bbox 1167 2895 1398 2960; x_wconf 90' lang='lat' dir='ltr'><strong>volunt,</strong></span> <span class='ocrx_word' id='word_1_164' title='bbox 1448 2894 1699 2950; x_wconf 87' lang='lat' dir='ltr'><strong>similiter</strong></span> <span class='ocrx_word' id='word_1_165' title='bbox 1741 2895 1812 2950; x_wconf 90' lang='lat' dir='ltr'><strong>ab</strong></span> 
     </span>
    </p>
   </div>
   <div class='ocr_carea' id='block_1_29' title="bbox 215 2985 1810 3058">
    <p class='ocr_par' dir='ltr' id='par_1_29' title="bbox 215 2985 1810 3058">
     <span class='ocr_line' id='line_1_30' title="bbox 215 2985 1810 3058; baseline 0.001 -18"><span class='ocrx_word' id='word_1_166' title='bbox 215 2987 367 3042; x_wconf 87' lang='lat' dir='ltr'><strong>omni</strong></span> <span class='ocrx_word' id='word_1_167' title='bbox 419 2987 719 3058; x_wconf 87' lang='lat' dir='ltr'><strong>episc0pali</strong></span> <span class='ocrx_word' id='word_1_168' title='bbox 775 2985 951 3043; x_wconf 80' lang='lat' dir='ltr'><strong>ollicio</strong></span> <span class='ocrx_word' id='word_1_169' title='bbox 1012 2986 1417 3058; x_wconf 87' lang='lat' dir='ltr'><strong>suspendimus.</strong></span> <span class='ocrx_word' id='word_1_170' title='bbox 1489 2985 1616 3041; x_wconf 88' lang='lat' dir='ltr'><strong>Illos</strong></span> <span class='ocrx_word' id='word_1_171' title='bbox 1682 3002 1810 3042; x_wconf 87' lang='lat' dir='ltr'><strong>vero</strong></span> 
     </span>
    </p>
   </div>
   <div class='ocr_carea' id='block_1_30' title="bbox 217 3076 1808 3150">
    <p class='ocr_par' dir='ltr' id='par_1_30' title="bbox 217 3076 1808 3150">
     <span class='ocr_line' id='line_1_31' title="bbox 217 3076 1808 3150; baseline 0.001 -18"><span class='ocrx_word' id='word_1_172' title='bbox 217 3078 308 3150; x_wconf 86' lang='lat' dir='ltr'><strong>qui</strong></span> <span class='ocrx_word' id='word_1_173' title='bbox 351 3094 468 3134; x_wconf 88' lang='lat' dir='ltr'><strong>non</strong></span> <span class='ocrx_word' id='word_1_174' title='bbox 517 3088 712 3150; x_wconf 86' lang='lat' dir='ltr'><strong>sponte</strong></span> <span class='ocrx_word' id='word_1_175' title='bbox 745 3089 1180 3147; x_wconf 87' lang='lat' dir='ltr'><strong>consenserunt,</strong></span> <span class='ocrx_word' id='word_1_176' title='bbox 1218 3094 1394 3150; x_wconf 87' lang='lat' dir='ltr'><strong>usque</strong></span> <span class='ocrx_word' id='word_1_177' title='bbox 1434 3077 1500 3133; x_wconf 87' lang='lat' dir='ltr'><strong>ad</strong></span> <span class='ocrx_word' id='word_1_178' title='bbox 1540 3076 1808 3134; x_wconf 86' lang='lat' dir='ltr'><strong>festivita-</strong></span> 
     </span>
    </p>
   </div>
   <div class='ocr_carea' id='block_1_31' title="bbox 217 3169 1806 3242">
    <p class='ocr_par' dir='ltr' id='par_1_31' title="bbox 217 3169 1806 3242">
     <span class='ocr_line' id='line_1_32' title="bbox 217 3169 1806 3242; baseline 0.001 -16"><span class='ocrx_word' id='word_1_179' title='bbox 217 3179 328 3226; x_wconf 89' lang='lat' dir='ltr'><strong>tem</strong></span> <span class='ocrx_word' id='word_1_180' title='bbox 359 3172 542 3227; x_wconf 86' lang='lat' dir='ltr'><strong>sancti</strong></span> <span class='ocrx_word' id='word_1_181' title='bbox 583 3169 729 3227; x_wconf 84' lang='lat' dir='ltr'><strong>Petri</strong></span> <span class='ocrx_word' id='word_1_182' title='bbox 773 3172 1084 3228; x_wconf 84' lang='lat' dir='ltr'><strong>sull‘erimus</strong></span> <span class='ocrx_word' id='word_1_183' title='bbox 1107 3213 1122 3240; x_wconf 92' lang='lat'><strong>,</strong></span> <span class='ocrx_word' id='word_1_184' title='bbox 1160 3187 1228 3228; x_wconf 89' lang='lat' dir='ltr'><strong>eo</strong></span> <span class='ocrx_word' id='word_1_185' title='bbox 1261 3172 1480 3242; x_wconf 89' lang='lat' dir='ltr'><strong>quidem</strong></span> <span class='ocrx_word' id='word_1_186' title='bbox 1517 3181 1763 3241; x_wconf 89' lang='lat' dir='ltr'><strong>respectu</strong></span> <span class='ocrx_word' id='word_1_187' title='bbox 1791 3213 1806 3237; x_wconf 91' lang='lat'><strong>,</strong></span> 
     </span>
    </p>
   </div>
   <div class='ocr_carea' id='block_1_32' title="bbox 219 3261 1809 3335">
    <p class='ocr_par' dir='ltr' id='par_1_32' title="bbox 219 3261 1809 3335">
     <span class='ocr_line' id='line_1_33' title="bbox 219 3261 1809 3335; baseline 0.001 -17"><span class='ocrx_word' id='word_1_188' title='bbox 219 3271 280 3318; x_wconf 78' lang='lat' dir='ltr'><strong>ut</strong></span> <span class='ocrx_word' id='word_1_189' title='bbox 323 3263 374 3319; x_wconf 88' lang='lat' dir='ltr'><strong>si</strong></span> <span class='ocrx_word' id='word_1_190' title='bbox 427 3261 573 3319; x_wconf 80' lang='lat' dir='ltr'><strong>infra</strong></span> <span class='ocrx_word' id='word_1_191' title='bbox 623 3264 794 3320; x_wconf 80' lang='lat' dir='ltr'><strong>istum</strong></span> <span class='ocrx_word' id='word_1_192' title='bbox 845 3263 1142 3320; x_wconf 77' lang='lat' dir='ltr'><strong>terminum</strong></span> <span class='ocrx_word' id='word_1_193' title='bbox 1195 3264 1446 3320; x_wconf 88' lang='lat' dir='ltr'><strong>idoneam</strong></span> <span class='ocrx_word' id='word_1_194' title='bbox 1497 3272 1591 3318; x_wconf 91' lang='lat' dir='ltr'><strong>aut</strong></span> <span class='ocrx_word' id='word_1_195' title='bbox 1622 3280 1718 3335; x_wconf 90' lang='lat' dir='ltr'><strong>per</strong></span> <span class='ocrx_word' id='word_1_196' title='bbox 1750 3280 1809 3320; x_wconf 91' lang='lat' dir='ltr'><strong>se</strong></span> 
     </span>
    </p>
   </div>
   <div class='ocr_carea' id='block_1_33' title="bbox 217 3355 1794 3431">
    <p class='ocr_par' dir='ltr' id='par_1_33' title="bbox 217 3355 1794 3431">
     <span class='ocr_line' id='line_1_34' title="bbox 217 3355 1794 3431; baseline -0.003 -17"><span class='ocrx_word' id='word_1_197' title='bbox 217 3368 312 3416; x_wconf 87' lang='lat' dir='ltr'><strong>aut</strong></span> <span class='ocrx_word' id='word_1_198' title='bbox 350 3374 453 3431; x_wconf 88' lang='lat' dir='ltr'><strong>per</strong></span> <span class='ocrx_word' id='word_1_199' title='bbox 496 3358 722 3414; x_wconf 88' lang='lat' dir='ltr'><strong>nuntios</strong></span> <span class='ocrx_word' id='word_1_200' title='bbox 762 3373 892 3414; x_wconf 89' lang='lat' dir='ltr'><strong>suos</strong></span> <span class='ocrx_word' id='word_1_201' title='bbox 923 3355 1351 3414; x_wconf 79' lang='lat' dir='ltr'><strong>satisfactionem</strong></span> <span class='ocrx_word' id='word_1_202' title='bbox 1381 3357 1683 3426; x_wconf 78' lang='lat' dir='ltr'><strong>praesentia</strong></span> <span class='ocrx_word' id='word_1_203' title='bbox 1709 3372 1794 3410; x_wconf 89' lang='lat' dir='ltr'><strong>no-</strong></span> 
     </span>
    </p>
   </div>
   <div class='ocr_carea' id='block_1_34' title="bbox 218 3445 1808 3520">
    <p class='ocr_par' dir='ltr' id='par_1_34' title="bbox 218 3445 1808 3520">
     <span class='ocr_line' id='line_1_35' title="bbox 218 3445 1808 3520; baseline -0.003 -15"><span class='ocrx_word' id='word_1_204' title='bbox 218 3458 346 3506; x_wconf 86' lang='lat' dir='ltr'><strong>stra</strong></span> <span class='ocrx_word' id='word_1_205' title='bbox 371 3466 489 3508; x_wconf 88' lang='lat' dir='ltr'><strong>non</strong></span> <span class='ocrx_word' id='word_1_206' title='bbox 513 3449 849 3518; x_wconf 89' lang='lat' dir='ltr'><strong>obtulerint,</strong></span> <span class='ocrx_word' id='word_1_207' title='bbox 881 3448 1177 3520; x_wconf 87' lang='lat' dir='ltr'><strong>episcopali</strong></span> <span class='ocrx_word' id='word_1_208' title='bbox 1209 3447 1467 3517; x_wconf 88' lang='lat' dir='ltr'><strong>deinceps</strong></span> <span class='ocrx_word' id='word_1_209' title='bbox 1497 3445 1674 3501; x_wconf 82' lang='lat' dir='ltr'><strong>olllcio</strong></span> <span class='ocrx_word' id='word_1_210' title='bbox 1696 3448 1808 3516; x_wconf 77' lang='lat' dir='ltr'><strong>pii-</strong></span> 
     </span>
    </p>
   </div>
   <div class='ocr_carea' id='block_1_35' title="bbox 217 3553 435 3599">
    <p class='ocr_par' dir='ltr' id='par_1_35' title="bbox 217 3553 435 3599">
     <span class='ocr_line' id='line_1_36' title="bbox 217 3553 435 3599; baseline 0 -1"><span class='ocrx_word' id='word_1_211' title='bbox 217 3553 435 3599; x_wconf 84' lang='lat' dir='ltr'><strong>ventur.</strong></span> 
     </span>
    </p>
   </div>
   <div class='ocr_carea' id='block_1_36' title="bbox 357 3630 1677 3703">
    <p class='ocr_par' dir='ltr' id='par_1_36' title="bbox 357 3630 1677 3703">
     <span class='ocr_line' id='line_1_37' title="bbox 357 3630 1677 3703; baseline -0.005 -12"><span class='ocrx_word' id='word_1_212' title='bbox 357 3634 864 3691; x_wconf 68' lang='lat' dir='ltr'><strong>Excommunicatio</strong></span> <span class='ocrx_word' id='word_1_213' title='bbox 888 3633 1252 3703; x_wconf 77' lang='lat' dir='ltr'><strong>episcoporum</strong></span> <span class='ocrx_word' id='word_1_214' title='bbox 1275 3630 1677 3703; x_wconf 67' lang='lat' dir='ltr'><strong>Longobardia’.</strong></span> 
     </span>
    </p>
   </div>
   <div class='ocr_carea' id='block_1_37' title="bbox 286 3723 1809 3798">
    <p class='ocr_par' dir='ltr' id='par_1_37' title="bbox 286 3723 1809 3798">
     <span class='ocr_line' id='line_1_38' title="bbox 286 3723 1809 3798; baseline -0.003 -14"><span class='ocrx_word' id='word_1_215' title='bbox 286 3726 598 3798; x_wconf 76' lang='lat' dir='ltr'><strong>Episcopos</strong></span> <span class='ocrx_word' id='word_1_216' title='bbox 624 3725 1038 3797; x_wconf 81' lang='lat' dir='ltr'><strong>Longobardia,</strong></span> <span class='ocrx_word' id='word_1_217' title='bbox 1075 3724 1192 3796; x_wconf 91' lang='lat' dir='ltr'><strong>qui,</strong></span> <span class='ocrx_word' id='word_1_218' title='bbox 1241 3735 1423 3795; x_wconf 90' lang='lat' dir='ltr'><strong>spreta</strong></span> <span class='ocrx_word' id='word_1_219' title='bbox 1467 3723 1732 3779; x_wconf 86' lang='lat' dir='ltr'><strong>canonica</strong></span> <span class='ocrx_word' id='word_1_220' title='bbox 1755 3732 1809 3779; x_wconf 90' lang='lat' dir='ltr'><strong>et</strong></span> 
     </span>
    </p>
   </div>
   <div class='ocr_carea' id='block_1_38' title="bbox 217 3814 1806 3893">
    <p class='ocr_par' dir='ltr' id='par_1_38' title="bbox 217 3814 1806 3893">
     <span class='ocr_line' id='line_1_39' title="bbox 217 3814 1806 3893; baseline -0.004 -17"><span class='ocrx_word' id='word_1_221' title='bbox 217 3819 522 3893; x_wconf 90' lang='lat' dir='ltr'><strong>apostolica</strong></span> <span class='ocrx_word' id='word_1_222' title='bbox 561 3819 905 3886; x_wconf 86' lang='lat' dir='ltr'><strong>auctoritate,</strong></span> <span class='ocrx_word' id='word_1_223' title='bbox 935 3825 1127 3873; x_wconf 90' lang='lat' dir='ltr'><strong>contra</strong></span> <span class='ocrx_word' id='word_1_224' title='bbox 1168 3817 1385 3873; x_wconf 90' lang='lat' dir='ltr'><strong>beatum</strong></span> <span class='ocrx_word' id='word_1_225' title='bbox 1410 3814 1633 3872; x_wconf 87' lang='lat' dir='ltr'><strong>Petrum</strong></span> <span class='ocrx_word' id='word_1_226' title='bbox 1672 3827 1806 3886; x_wconf 87' lang='lat' dir='ltr'><strong>apo-</strong></span> 
     </span>
    </p>
   </div>
   <div class='ocr_carea' id='block_1_39' title="bbox 1911 1221 3500 1326">
    <p class='ocr_par' dir='ltr' id='par_1_39' title="bbox 1911 1221 3500 1326">
     <span class='ocr_line' id='line_1_40' title="bbox 1911 1221 3500 1326; baseline 0.02 -47"><span class='ocrx_word' id='word_1_227' title='bbox 1911 1221 2322 1326; x_wconf 73' lang='lat' dir='ltr'><strong>(lmbertum_de</strong></span> <span class='ocrx_word' id='word_1_228' title='bbox 2356 1233 2651 1310; x_wconf 85' lang='lat' dir='ltr'><strong>Bellojoco)</strong></span> <span class='ocrx_word' id='word_1_229' title='bbox 2680 1249 2903 1313; x_wconf 87' lang='lat' dir='ltr'><strong>propter</strong></span> <span class='ocrx_word' id='word_1_230' title='bbox 2936 1244 3316 1308; x_wconf 82' lang='lat' dir='ltr'><strong>infestationes</strong></span> <span class='ocrx_word' id='word_1_231' title='bbox 3355 1252 3500 1326; x_wconf 56' lang='lat' dir='ltr'><strong>Lug.</strong></span> 
     </span>
    </p>
   </div>
   <div class='ocr_carea' id='block_1_40' title="bbox 1915 1317 3504 1411">
    <p class='ocr_par' dir='ltr' id='par_1_40' title="bbox 1915 1317 3504 1411">
     <span class='ocr_line' id='line_1_41' title="bbox 1915 1317 3504 1411; baseline 0.019 -38"><span class='ocrx_word' id='word_1_232' title='bbox 1915 1317 2180 1379; x_wconf 91' lang='lat' dir='ltr'><strong>dunensis</strong></span> <span class='ocrx_word' id='word_1_233' title='bbox 2226 1323 2500 1395; x_wconf 88' lang='lat' dir='ltr'><strong>Ecclesia;</strong></span> <span class='ocrx_word' id='word_1_234' title='bbox 2533 1328 2857 1390; x_wconf 89' lang='lat' dir='ltr'><strong>Podienscm</strong></span> <span class='ocrx_word' id='word_1_235' title='bbox 2903 1337 3297 1411; x_wconf 88' lang='lat' dir='ltr'><strong>Simoniacum,</strong></span> <span class='ocrx_word' id='word_1_236' title='bbox 3325 1317 3504 1402; x_wconf 51' lang='lat' dir='ltr'><strong>homvi-</strong></span> 
     </span>
    </p>
   </div>
   <div class='ocr_carea' id='block_1_41' title="bbox 1915 1411 3500 1499">
    <p class='ocr_par' dir='ltr' id='par_1_41' title="bbox 1915 1411 3500 1499">
     <span class='ocr_line' id='line_1_42' title="bbox 1915 1411 3500 1499; baseline 0.017 -33"><span class='ocrx_word' id='word_1_237' title='bbox 1915 1411 2094 1469; x_wconf 87' lang='lat' dir='ltr'><strong>cidam</strong></span> <span class='ocrx_word' id='word_1_238' title='bbox 2123 1413 2482 1487; x_wconf 87' lang='lat' dir='ltr'><strong>Stephanum,</strong></span> <span class='ocrx_word' id='word_1_239' title='bbox 2508 1421 2714 1480; x_wconf 88' lang='lat' dir='ltr'><strong>scilicet</strong></span> <span class='ocrx_word' id='word_1_240' title='bbox 2741 1441 2773 1482; x_wconf 92' lang='lat' dir='ltr'><strong>a</strong></span> <span class='ocrx_word' id='word_1_241' title='bbox 2807 1427 3000 1499; x_wconf 78' lang='lat' dir='ltr'><strong>legatis</strong></span> <span class='ocrx_word' id='word_1_242' title='bbox 3034 1435 3238 1491; x_wconf 85' lang='lat' dir='ltr'><strong>nostris</strong></span> <span class='ocrx_word' id='word_1_243' title='bbox 3278 1451 3500 1492; x_wconf 87' lang='lat' dir='ltr'><strong>excom-</strong></span> 
     </span>
    </p>
   </div>
   <div class='ocr_carea' id='block_1_42' title="bbox 1915 1506 3500 1600">
    <p class='ocr_par' dir='ltr' id='par_1_42' title="bbox 1915 1506 3500 1600">
     <span class='ocr_line' id='line_1_43' title="bbox 1915 1506 3500 1600; baseline 0.016 -41"><span class='ocrx_word' id='word_1_244' title='bbox 1915 1506 2256 1566; x_wconf 89' lang='lat' dir='ltr'><strong>municatum</strong></span> <span class='ocrx_word' id='word_1_245' title='bbox 2289 1523 2306 1578; x_wconf 87' lang='lat'><strong>,</strong></span> <span class='ocrx_word' id='word_1_246' title='bbox 2338 1521 2394 1569; x_wconf 91' lang='lat' dir='ltr'><strong>et</strong></span> <span class='ocrx_word' id='word_1_247' title='bbox 2419 1512 2676 1571; x_wconf 87' lang='lat' dir='ltr'><strong>Pontium</strong></span> <span class='ocrx_word' id='word_1_248' title='bbox 2707 1516 3272 1593; x_wconf 87' lang='lat' dir='ltr'><strong>Gratianopolitanum</strong></span> <span class='ocrx_word' id='word_1_249' title='bbox 3301 1570 3315 1595; x_wconf 94' lang='lat'><strong>,</strong></span> <span class='ocrx_word' id='word_1_250' title='bbox 3360 1544 3500 1600; x_wconf 91' lang='lat' dir='ltr'><strong>quo-</strong></span> 
     </span>
    </p>
   </div>
   <div class='ocr_carea' id='block_1_43' title="bbox 1915 1604 3503 1690">
    <p class='ocr_par' dir='ltr' id='par_1_43' title="bbox 1915 1604 3503 1690">
     <span class='ocr_line' id='line_1_44' title="bbox 1915 1604 3503 1690; baseline 0.014 -34"><span class='ocrx_word' id='word_1_251' title='bbox 1915 1616 2092 1673; x_wconf 90' lang='lat' dir='ltr'><strong>usque</strong></span> <span class='ocrx_word' id='word_1_252' title='bbox 2141 1604 2468 1676; x_wconf 78' lang='lat' dir='ltr'><strong>resipiscat,</strong></span> <span class='ocrx_word' id='word_1_253' title='bbox 2519 1613 3104 1682; x_wconf 81' lang='lat' dir='ltr'><strong>excommunicamus;</strong></span> <span class='ocrx_word' id='word_1_254' title='bbox 3158 1626 3215 1674; x_wconf 89' lang='lat' dir='ltr'><strong>et</strong></span> <span class='ocrx_word' id='word_1_255' title='bbox 3265 1634 3329 1674; x_wconf 91' lang='lat' dir='ltr'><strong>ea</strong></span> <span class='ocrx_word' id='word_1_256' title='bbox 3382 1636 3503 1690; x_wconf 83' lang='lat' dir='ltr'><strong>qua</strong></span> 
     </span>
    </p>
   </div>
   <div class='ocr_carea' id='block_1_44' title="bbox 1915 1691 3503 1773">
    <p class='ocr_par' dir='ltr' id='par_1_44' title="bbox 1915 1691 3503 1773">
     <span class='ocr_line' id='line_1_45' title="bbox 1915 1691 3503 1773; baseline 0.012 -26"><span class='ocrx_word' id='word_1_257' title='bbox 1915 1691 2131 1750; x_wconf 91' lang='lat' dir='ltr'><strong>Diensis</strong></span> <span class='ocrx_word' id='word_1_258' title='bbox 2185 1695 2476 1767; x_wconf 81' lang='lat' dir='ltr'><strong>episcopus</strong></span> <span class='ocrx_word' id='word_1_259' title='bbox 2524 1697 2581 1752; x_wconf 92' lang='lat' dir='ltr'><strong>in</strong></span> <span class='ocrx_word' id='word_1_260' title='bbox 2631 1701 2949 1773; x_wconf 86' lang='lat' dir='ltr'><strong>episcopatu</strong></span> <span class='ocrx_word' id='word_1_261' title='bbox 3010 1704 3196 1762; x_wconf 90' lang='lat' dir='ltr'><strong>Diensi</strong></span> <span class='ocrx_word' id='word_1_262' title='bbox 3245 1708 3313 1764; x_wconf 89' lang='lat' dir='ltr'><strong>de</strong></span> <span class='ocrx_word' id='word_1_263' title='bbox 3356 1710 3503 1766; x_wconf 81' lang='lat' dir='ltr'><strong>deci-</strong></span> 
     </span>
    </p>
   </div>
   <div class='ocr_carea' id='block_1_45' title="bbox 1914 1784 3503 1872">
    <p class='ocr_par' dir='ltr' id='par_1_45' title="bbox 1914 1784 3503 1872">
     <span class='ocr_line' id='line_1_46' title="bbox 1914 1784 3503 1872; baseline 0.012 -33"><span class='ocrx_word' id='word_1_264' title='bbox 1914 1784 2021 1840; x_wconf 90' lang='lat' dir='ltr'><strong>mis</strong></span> <span class='ocrx_word' id='word_1_265' title='bbox 2061 1794 2120 1841; x_wconf 90' lang='lat' dir='ltr'><strong>et</strong></span> <span class='ocrx_word' id='word_1_266' title='bbox 2161 1787 2419 1857; x_wconf 87' lang='lat' dir='ltr'><strong>primitiis</strong></span> <span class='ocrx_word' id='word_1_267' title='bbox 2465 1798 2520 1844; x_wconf 90' lang='lat' dir='ltr'><strong>et</strong></span> <span class='ocrx_word' id='word_1_268' title='bbox 2560 1789 2820 1849; x_wconf 85' lang='lat' dir='ltr'><strong>Ecclesiis</strong></span> <span class='ocrx_word' id='word_1_269' title='bbox 2854 1793 3020 1863; x_wconf 89' lang='lat' dir='ltr'><strong>fecit,</strong></span> <span class='ocrx_word' id='word_1_270' title='bbox 3061 1806 3116 1852; x_wconf 88' lang='lat' dir='ltr'><strong>et</strong></span> <span class='ocrx_word' id='word_1_271' title='bbox 3149 1808 3345 1856; x_wconf 88' lang='lat' dir='ltr'><strong>catera</strong></span> <span class='ocrx_word' id='word_1_272' title='bbox 3381 1818 3503 1872; x_wconf 87' lang='lat' dir='ltr'><strong>qua</strong></span> 
     </span>
    </p>
   </div>
   <div class='ocr_carea' id='block_1_46' title="bbox 1915 1877 3500 1962">
    <p class='ocr_par' dir='ltr' id='par_1_46' title="bbox 1915 1877 3500 1962">
     <span class='ocr_line' id='line_1_47' title="bbox 1915 1877 3500 1962; baseline 0.013 -30"><span class='ocrx_word' id='word_1_273' title='bbox 1915 1879 1968 1932; x_wconf 89' lang='lat' dir='ltr'><strong>in</strong></span> <span class='ocrx_word' id='word_1_274' title='bbox 2023 1877 2291 1952; x_wconf 80' lang='lat' dir='ltr'><strong>legatione</strong></span> <span class='ocrx_word' id='word_1_275' title='bbox 2339 1891 2526 1939; x_wconf 88' lang='lat' dir='ltr'><strong>nostra</strong></span> <span class='ocrx_word' id='word_1_276' title='bbox 2579 1886 2809 1954; x_wconf 88' lang='lat' dir='ltr'><strong>statuit,</strong></span> <span class='ocrx_word' id='word_1_277' title='bbox 2869 1903 2969 1945; x_wconf 92' lang='lat' dir='ltr'><strong>nos</strong></span> <span class='ocrx_word' id='word_1_278' title='bbox 3025 1906 3246 1962; x_wconf 89' lang='lat' dir='ltr'><strong>quoque</strong></span> <span class='ocrx_word' id='word_1_279' title='bbox 3297 1896 3500 1955; x_wconf 70' lang='lat' dir='ltr'><strong>confli:-</strong></span> 
     </span>
    </p>
   </div>
   <div class='ocr_carea' id='block_1_47' title="bbox 1915 1987 2150 2029">
    <p class='ocr_par' dir='ltr' id='par_1_47' title="bbox 1915 1987 2150 2029">
     <span class='ocr_line' id='line_1_48' title="bbox 1915 1987 2150 2029; baseline 0.004 -3"><span class='ocrx_word' id='word_1_280' title='bbox 1915 1987 2150 2029; x_wconf 72' lang='lat' dir='ltr'><strong>namus.</strong></span> 
     </span>
    </p>
   </div>
   <div class='ocr_carea' id='block_1_48' title="bbox 2025 2072 3388 2154">
    <p class='ocr_par' dir='ltr' id='par_1_48' title="bbox 2025 2072 3388 2154">
     <span class='ocr_line' id='line_1_49' title="bbox 2025 2072 3388 2154; baseline 0.013 -29"><span class='ocrx_word' id='word_1_281' title='bbox 2025 2072 2518 2131; x_wconf 74' lang='lat' dir='ltr'><strong>Excommunicatio</strong></span> <span class='ocrx_word' id='word_1_282' title='bbox 2552 2077 2771 2135; x_wconf 82' lang='lat' dir='ltr'><strong>Henrici</strong></span> <span class='ocrx_word' id='word_1_283' title='bbox 2801 2084 2935 2154; x_wconf 79' lang='lat' dir='ltr'><strong>regis</strong></span> <span class='ocrx_word' id='word_1_284' title='bbox 2966 2083 3388 2143; x_wconf 78' lang='lat' dir='ltr'><strong>Teutonicorum.</strong></span> 
     </span>
    </p>
   </div>
   <div class='ocr_carea' id='block_1_49' title="bbox 1989 2163 3500 2252">
    <p class='ocr_par' dir='ltr' id='par_1_49' title="bbox 1989 2163 3500 2252">
     <span class='ocr_line' id='line_1_50' title="bbox 1989 2163 3500 2252; baseline 0.013 -33"><span class='ocrx_word' id='word_1_285' title='bbox 1989 2163 2149 2220; x_wconf 84' lang='lat' dir='ltr'><strong>Beate</strong></span> <span class='ocrx_word' id='word_1_286' title='bbox 2186 2165 2345 2222; x_wconf 83' lang='lat' dir='ltr'><strong>Petro</strong></span> <span class='ocrx_word' id='word_1_287' title='bbox 2390 2169 2762 2239; x_wconf 88' lang='lat' dir='ltr'><strong>apostolorum</strong></span> <span class='ocrx_word' id='word_1_288' title='bbox 2793 2173 3066 2245; x_wconf 90' lang='lat' dir='ltr'><strong>princeps,</strong></span> <span class='ocrx_word' id='word_1_289' title='bbox 3097 2175 3317 2246; x_wconf 89' lang='lat' dir='ltr'><strong>inclina,</strong></span> <span class='ocrx_word' id='word_1_290' title='bbox 3351 2197 3500 2252; x_wconf 83' lang='lat' dir='ltr'><strong>qua—</strong></span> 
     </span>
    </p>
   </div>
   <div class='ocr_carea' id='block_1_50' title="bbox 1915 2258 3499 2331">
    <p class='ocr_par' dir='ltr' id='par_1_50' title="bbox 1915 2258 3499 2331">
     <span class='ocr_line' id='line_1_51' title="bbox 1915 2258 3499 2331; baseline 0.012 -21"><span class='ocrx_word' id='word_1_291' title='bbox 1915 2271 2128 2325; x_wconf 89' lang='lat' dir='ltr'><strong>sumus,</strong></span> <span class='ocrx_word' id='word_1_292' title='bbox 2165 2258 2286 2328; x_wconf 89' lang='lat' dir='ltr'><strong>pias</strong></span> <span class='ocrx_word' id='word_1_293' title='bbox 2312 2275 2474 2316; x_wconf 89' lang='lat' dir='ltr'><strong>aures</strong></span> <span class='ocrx_word' id='word_1_294' title='bbox 2500 2269 2623 2318; x_wconf 88' lang='lat' dir='ltr'><strong>tuas</strong></span> <span class='ocrx_word' id='word_1_295' title='bbox 2651 2264 2832 2331; x_wconf 88' lang='lat' dir='ltr'><strong>nobis,</strong></span> <span class='ocrx_word' id='word_1_296' title='bbox 2874 2274 2930 2322; x_wconf 89' lang='lat' dir='ltr'><strong>et</strong></span> <span class='ocrx_word' id='word_1_297' title='bbox 2971 2267 3097 2324; x_wconf 91' lang='lat' dir='ltr'><strong>audi</strong></span> <span class='ocrx_word' id='word_1_298' title='bbox 3143 2285 3231 2326; x_wconf 89' lang='lat' dir='ltr'><strong>me</strong></span> <span class='ocrx_word' id='word_1_299' title='bbox 3277 2287 3499 2329; x_wconf 86' lang='lat' dir='ltr'><strong>servum</strong></span> 
     </span>
    </p>
   </div>
   <div class='ocr_carea' id='block_1_51' title="bbox 1914 2350 3500 2432">
    <p class='ocr_par' dir='ltr' id='par_1_51' title="bbox 1914 2350 3500 2432">
     <span class='ocr_line' id='line_1_52' title="bbox 1914 2350 3500 2432; baseline 0.011 -30"><span class='ocrx_word' id='word_1_300' title='bbox 1914 2357 2068 2403; x_wconf 91' lang='lat' dir='ltr'><strong>tuum</strong></span> <span class='ocrx_word' id='word_1_301' title='bbox 2116 2365 2276 2419; x_wconf 89' lang='lat' dir='ltr'><strong>quem</strong></span> <span class='ocrx_word' id='word_1_302' title='bbox 2311 2351 2381 2404; x_wconf 88' lang='lat' dir='ltr'><strong>ab</strong></span> <span class='ocrx_word' id='word_1_303' title='bbox 2407 2350 2634 2409; x_wconf 81' lang='lat' dir='ltr'><strong>infantia</strong></span> <span class='ocrx_word' id='word_1_304' title='bbox 2668 2355 2888 2412; x_wconf 86' lang='lat' dir='ltr'><strong>nutristi</strong></span> <span class='ocrx_word' id='word_1_305' title='bbox 2916 2399 2932 2425; x_wconf 94' lang='lat'><strong>,</strong></span> <span class='ocrx_word' id='word_1_306' title='bbox 2959 2367 3013 2413; x_wconf 91' lang='lat' dir='ltr'><strong>et</strong></span> <span class='ocrx_word' id='word_1_307' title='bbox 3038 2376 3213 2432; x_wconf 89' lang='lat' dir='ltr'><strong>usque</strong></span> <span class='ocrx_word' id='word_1_308' title='bbox 3247 2363 3313 2417; x_wconf 85' lang='lat' dir='ltr'><strong>ad</strong></span> <span class='ocrx_word' id='word_1_309' title='bbox 3353 2363 3500 2420; x_wconf 75' lang='lat' dir='ltr'><strong>hunc</strong></span> 
     </span>
    </p>
   </div>
   <div class='ocr_carea' id='block_1_52' title="bbox 1913 2437 3497 2521">
    <p class='ocr_par' dir='ltr' id='par_1_52' title="bbox 1913 2437 3497 2521">
     <span class='ocr_line' id='line_1_53' title="bbox 1913 2437 3497 2521; baseline 0.009 -28"><span class='ocrx_word' id='word_1_310' title='bbox 1913 2437 2057 2494; x_wconf 87' lang='lat' dir='ltr'><strong>diem</strong></span> <span class='ocrx_word' id='word_1_311' title='bbox 2088 2439 2156 2494; x_wconf 89' lang='lat' dir='ltr'><strong>de</strong></span> <span class='ocrx_word' id='word_1_312' title='bbox 2199 2455 2365 2495; x_wconf 89' lang='lat' dir='ltr'><strong>manu</strong></span> <span class='ocrx_word' id='word_1_313' title='bbox 2392 2440 2704 2511; x_wconf 89' lang='lat' dir='ltr'><strong>iniquorum</strong></span> <span class='ocrx_word' id='word_1_314' title='bbox 2737 2443 3004 2513; x_wconf 88' lang='lat' dir='ltr'><strong>liberasti,</strong></span> <span class='ocrx_word' id='word_1_315' title='bbox 3034 2449 3127 2518; x_wconf 68' lang='lat' dir='ltr'><strong>qui</strong></span> <span class='ocrx_word' id='word_1_316' title='bbox 3158 2465 3246 2504; x_wconf 88' lang='lat' dir='ltr'><strong>me</strong></span> <span class='ocrx_word' id='word_1_317' title='bbox 3274 2466 3375 2521; x_wconf 90' lang='lat' dir='ltr'><strong>pro</strong></span> <span class='ocrx_word' id='word_1_318' title='bbox 3407 2462 3497 2508; x_wconf 84' lang='lat' dir='ltr'><strong>tua</strong></span> 
     </span>
    </p>
   </div>
   <div class='ocr_carea' id='block_1_53' title="bbox 1918 2529 3500 2608">
    <p class='ocr_par' dir='ltr' id='par_1_53' title="bbox 1918 2529 3500 2608">
     <span class='ocr_line' id='line_1_54' title="bbox 1918 2529 3500 2608; baseline 0.01 -25"><span class='ocrx_word' id='word_1_319' title='bbox 1918 2529 2175 2585; x_wconf 76' lang='lat' dir='ltr'><strong>fidelitate</strong></span> <span class='ocrx_word' id='word_1_320' title='bbox 2202 2530 2437 2586; x_wconf 90' lang='lat' dir='ltr'><strong>oderunt</strong></span> <span class='ocrx_word' id='word_1_321' title='bbox 2461 2540 2515 2586; x_wconf 92' lang='lat' dir='ltr'><strong>et</strong></span> <span class='ocrx_word' id='word_1_322' title='bbox 2538 2533 2746 2589; x_wconf 90' lang='lat' dir='ltr'><strong>odiunt.</strong></span> <span class='ocrx_word' id='word_1_323' title='bbox 2774 2532 2856 2590; x_wconf 92' lang='lat' dir='ltr'><strong>Tu</strong></span> <span class='ocrx_word' id='word_1_324' title='bbox 2882 2536 3016 2592; x_wconf 92' lang='lat' dir='ltr'><strong>mihi</strong></span> <span class='ocrx_word' id='word_1_325' title='bbox 3043 2537 3199 2596; x_wconf 91' lang='lat' dir='ltr'><strong>testis</strong></span> <span class='ocrx_word' id='word_1_326' title='bbox 3226 2555 3306 2608; x_wconf 89' lang='lat' dir='ltr'><strong>es,</strong></span> <span class='ocrx_word' id='word_1_327' title='bbox 3330 2550 3381 2598; x_wconf 88' lang='lat' dir='ltr'><strong>et</strong></span> <span class='ocrx_word' id='word_1_328' title='bbox 3401 2543 3500 2598; x_wconf 92' lang='lat' dir='ltr'><strong>do-</strong></span> 
     </span>
    </p>
   </div>
   <div class='ocr_carea' id='block_1_54' title="bbox 1913 2621 3502 2698">
    <p class='ocr_par' dir='ltr' id='par_1_54' title="bbox 1913 2621 3502 2698">
     <span class='ocr_line' id='line_1_55' title="bbox 1913 2621 3502 2698; baseline 0.009 -24"><span class='ocrx_word' id='word_1_329' title='bbox 1913 2621 2061 2676; x_wconf 89' lang='lat' dir='ltr'><strong>mina</strong></span> <span class='ocrx_word' id='word_1_330' title='bbox 2089 2636 2210 2676; x_wconf 88' lang='lat' dir='ltr'><strong>mea</strong></span> <span class='ocrx_word' id='word_1_331' title='bbox 2241 2631 2417 2677; x_wconf 89' lang='lat' dir='ltr'><strong>mater</strong></span> <span class='ocrx_word' id='word_1_332' title='bbox 2452 2621 2569 2689; x_wconf 88' lang='lat' dir='ltr'><strong>Dei,</strong></span> <span class='ocrx_word' id='word_1_333' title='bbox 2615 2632 2671 2678; x_wconf 89' lang='lat' dir='ltr'><strong>et</strong></span> <span class='ocrx_word' id='word_1_334' title='bbox 2717 2624 2778 2679; x_wconf 88' lang='lat' dir='ltr'><strong>B.</strong></span> <span class='ocrx_word' id='word_1_335' title='bbox 2830 2623 3033 2683; x_wconf 87' lang='lat' dir='ltr'><strong>Paulus</strong></span> <span class='ocrx_word' id='word_1_336' title='bbox 3063 2625 3230 2686; x_wconf 81' lang='lat' dir='ltr'><strong>frater</strong></span> <span class='ocrx_word' id='word_1_337' title='bbox 3255 2639 3404 2698; x_wconf 88' lang='lat' dir='ltr'><strong>tuus,</strong></span> <span class='ocrx_word' id='word_1_338' title='bbox 3446 2641 3502 2688; x_wconf 88' lang='lat' dir='ltr'><strong>et</strong></span> 
     </span>
    </p>
   </div>
   <div class='ocr_carea' id='block_1_55' title="bbox 1912 2711 3499 2782">
    <p class='ocr_par' dir='ltr' id='par_1_55' title="bbox 1912 2711 3499 2782">
     <span class='ocr_line' id='line_1_56' title="bbox 1912 2711 3499 2782; baseline 0.008 -17"><span class='ocrx_word' id='word_1_339' title='bbox 1912 2724 2103 2766; x_wconf 88' lang='lat' dir='ltr'><strong>omnes</strong></span> <span class='ocrx_word' id='word_1_340' title='bbox 2126 2711 2322 2778; x_wconf 89' lang='lat' dir='ltr'><strong>sancti,</strong></span> <span class='ocrx_word' id='word_1_341' title='bbox 2351 2713 2499 2782; x_wconf 92' lang='lat' dir='ltr'><strong>quod</strong></span> <span class='ocrx_word' id='word_1_342' title='bbox 2529 2720 2618 2767; x_wconf 90' lang='lat' dir='ltr'><strong>tua</strong></span> <span class='ocrx_word' id='word_1_343' title='bbox 2649 2723 2838 2770; x_wconf 88' lang='lat' dir='ltr'><strong>sancta</strong></span> <span class='ocrx_word' id='word_1_344' title='bbox 2868 2715 3114 2772; x_wconf 84' lang='lat' dir='ltr'><strong>Romana</strong></span> <span class='ocrx_word' id='word_1_345' title='bbox 3141 2717 3382 2776; x_wconf 86' lang='lat' dir='ltr'><strong>Ecclesia</strong></span> <span class='ocrx_word' id='word_1_346' title='bbox 3413 2739 3499 2776; x_wconf 87' lang='lat' dir='ltr'><strong>me</strong></span> 
     </span>
    </p>
   </div>
   <div class='ocr_carea' id='block_1_56' title="bbox 1912 2801 3494 2882">
    <p class='ocr_par' dir='ltr' id='par_1_56' title="bbox 1912 2801 3494 2882">
     <span class='ocr_line' id='line_1_57' title="bbox 1912 2801 3494 2882; baseline 0.008 -28"><span class='ocrx_word' id='word_1_347' title='bbox 1912 2801 2141 2855; x_wconf 89' lang='lat' dir='ltr'><strong>invitum</strong></span> <span class='ocrx_word' id='word_1_348' title='bbox 2171 2801 2239 2856; x_wconf 89' lang='lat' dir='ltr'><strong>ad</strong></span> <span class='ocrx_word' id='word_1_349' title='bbox 2263 2817 2363 2856; x_wconf 88' lang='lat' dir='ltr'><strong>sua</strong></span> <span class='ocrx_word' id='word_1_350' title='bbox 2390 2803 2756 2870; x_wconf 85' lang='lat' dir='ltr'><strong>gubernacula</strong></span> <span class='ocrx_word' id='word_1_351' title='bbox 2783 2806 2966 2874; x_wconf 82' lang='lat' dir='ltr'><strong>traxit,</strong></span> <span class='ocrx_word' id='word_1_352' title='bbox 3000 2817 3054 2863; x_wconf 92' lang='lat' dir='ltr'><strong>et</strong></span> <span class='ocrx_word' id='word_1_353' title='bbox 3079 2824 3182 2878; x_wconf 83' lang='lat' dir='ltr'><strong>ego</strong></span> <span class='ocrx_word' id='word_1_354' title='bbox 3207 2826 3316 2865; x_wconf 92' lang='lat' dir='ltr'><strong>non</strong></span> <span class='ocrx_word' id='word_1_355' title='bbox 3349 2812 3494 2882; x_wconf 89' lang='lat' dir='ltr'><strong>rapi-</strong></span> 
     </span>
    </p>
   </div>
   <div class='ocr_carea' id='block_1_57' title="bbox 1912 2891 3495 2972">
    <p class='ocr_par' dir='ltr' id='par_1_57' title="bbox 1912 2891 3495 2972">
     <span class='ocr_line' id='line_1_58' title="bbox 1912 2891 3495 2972; baseline 0.009 -27"><span class='ocrx_word' id='word_1_356' title='bbox 1912 2907 2037 2947; x_wconf 88' lang='lat' dir='ltr'><strong>nam</strong></span> <span class='ocrx_word' id='word_1_357' title='bbox 2076 2891 2375 2949; x_wconf 87' lang='lat' dir='ltr'><strong>arbitratus</strong></span> <span class='ocrx_word' id='word_1_358' title='bbox 2408 2909 2531 2948; x_wconf 90' lang='lat' dir='ltr'><strong>sum</strong></span> <span class='ocrx_word' id='word_1_359' title='bbox 2559 2895 2628 2950; x_wconf 90' lang='lat' dir='ltr'><strong>ad</strong></span> <span class='ocrx_word' id='word_1_360' title='bbox 2651 2896 2834 2951; x_wconf 90' lang='lat' dir='ltr'><strong>sedem</strong></span> <span class='ocrx_word' id='word_1_361' title='bbox 2871 2905 3021 2953; x_wconf 90' lang='lat' dir='ltr'><strong>tuam</strong></span> <span class='ocrx_word' id='word_1_362' title='bbox 3049 2902 3364 2967; x_wconf 89' lang='lat' dir='ltr'><strong>ascendere,</strong></span> <span class='ocrx_word' id='word_1_363' title='bbox 3395 2918 3495 2972; x_wconf 84' lang='lat' dir='ltr'><strong>po-</strong></span> 
     </span>
    </p>
   </div>
   <div class='ocr_carea' id='block_1_58' title="bbox 1911 2983 3494 3062">
    <p class='ocr_par' dir='ltr' id='par_1_58' title="bbox 1911 2983 3494 3062">
     <span class='ocr_line' id='line_1_59' title="bbox 1911 2983 3494 3062; baseline 0.008 -26"><span class='ocrx_word' id='word_1_364' title='bbox 1911 2983 2131 3054; x_wconf 88' lang='lat' dir='ltr'><strong>tiusque</strong></span> <span class='ocrx_word' id='word_1_365' title='bbox 2151 2985 2299 3040; x_wconf 89' lang='lat' dir='ltr'><strong>volui</strong></span> <span class='ocrx_word' id='word_1_366' title='bbox 2323 2986 2491 3040; x_wconf 89' lang='lat' dir='ltr'><strong>vitam</strong></span> <span class='ocrx_word' id='word_1_367' title='bbox 2529 3002 2707 3043; x_wconf 88' lang='lat' dir='ltr'><strong>meam</strong></span> <span class='ocrx_word' id='word_1_368' title='bbox 2740 2987 2795 3043; x_wconf 90' lang='lat' dir='ltr'><strong>in</strong></span> <span class='ocrx_word' id='word_1_369' title='bbox 2831 2991 3270 3062; x_wconf 82' lang='lat' dir='ltr'><strong>peregrinatione</strong></span> <span class='ocrx_word' id='word_1_370' title='bbox 3298 2994 3453 3049; x_wconf 83' lang='lat' dir='ltr'><strong>ﬁnire</strong></span> <span class='ocrx_word' id='word_1_371' title='bbox 3478 3037 3494 3062; x_wconf 89' lang='lat'><strong>,</strong></span> 
     </span>
    </p>
   </div>
   <div class='ocr_carea' id='block_1_59' title="bbox 1909 3068 3497 3158">
    <p class='ocr_par' dir='ltr' id='par_1_59' title="bbox 1909 3068 3497 3158">
     <span class='ocr_line' id='line_1_60' title="bbox 1909 3068 3497 3158; baseline 0.008 -29"><span class='ocrx_word' id='word_1_372' title='bbox 1909 3068 2077 3145; x_wconf 86' lang='lat' dir='ltr'><strong>quam</strong></span> <span class='ocrx_word' id='word_1_373' title='bbox 2102 3076 2284 3136; x_wconf 90' lang='lat' dir='ltr'><strong>locum</strong></span> <span class='ocrx_word' id='word_1_374' title='bbox 2317 3086 2468 3133; x_wconf 90' lang='lat' dir='ltr'><strong>tuum</strong></span> <span class='ocrx_word' id='word_1_375' title='bbox 2505 3094 2604 3148; x_wconf 92' lang='lat' dir='ltr'><strong>pro</strong></span> <span class='ocrx_word' id='word_1_376' title='bbox 2634 3079 2805 3151; x_wconf 84' lang='lat' dir='ltr'><strong>gloria</strong></span> <span class='ocrx_word' id='word_1_377' title='bbox 2832 3081 3022 3139; x_wconf 91' lang='lat' dir='ltr'><strong>mundi</strong></span> <span class='ocrx_word' id='word_1_378' title='bbox 3050 3083 3300 3140; x_wconf 73' lang='lat' dir='ltr'><strong>saeculari</strong></span> <span class='ocrx_word' id='word_1_379' title='bbox 3344 3085 3497 3158; x_wconf 82' lang='lat' dir='ltr'><strong>inge-</strong></span> 
     </span>
    </p>
   </div>
   <div class='ocr_carea' id='block_1_60' title="bbox 1909 3167 3495 3246">
    <p class='ocr_par' dir='ltr' id='par_1_60' title="bbox 1909 3167 3495 3246">
     <span class='ocr_line' id='line_1_61' title="bbox 1909 3167 3495 3246; baseline 0.012 -25"><span class='ocrx_word' id='word_1_380' title='bbox 1909 3167 2003 3222; x_wconf 90' lang='lat' dir='ltr'><strong>nio</strong></span> <span class='ocrx_word' id='word_1_381' title='bbox 2037 3168 2307 3239; x_wconf 88' lang='lat' dir='ltr'><strong>arripere;</strong></span> <span class='ocrx_word' id='word_1_382' title='bbox 2334 3177 2388 3224; x_wconf 89' lang='lat' dir='ltr'><strong>et</strong></span> <span class='ocrx_word' id='word_1_383' title='bbox 2413 3169 2533 3225; x_wconf 88' lang='lat' dir='ltr'><strong>ideo</strong></span> <span class='ocrx_word' id='word_1_384' title='bbox 2555 3185 2620 3224; x_wconf 85' lang='lat' dir='ltr'><strong>ex</strong></span> <span class='ocrx_word' id='word_1_385' title='bbox 2643 3180 2735 3226; x_wconf 89' lang='lat' dir='ltr'><strong>tua</strong></span> <span class='ocrx_word' id='word_1_386' title='bbox 2760 3173 2955 3243; x_wconf 87' lang='lat' dir='ltr'><strong>gratia,</strong></span> <span class='ocrx_word' id='word_1_387' title='bbox 2977 3189 3088 3229; x_wconf 91' lang='lat' dir='ltr'><strong>non</strong></span> <span class='ocrx_word' id='word_1_388' title='bbox 3109 3191 3177 3231; x_wconf 82' lang='lat' dir='ltr'><strong>ex</strong></span> <span class='ocrx_word' id='word_1_389' title='bbox 3201 3176 3340 3232; x_wconf 87' lang='lat' dir='ltr'><strong>meis</strong></span> <span class='ocrx_word' id='word_1_390' title='bbox 3363 3192 3495 3246; x_wconf 79' lang='lat' dir='ltr'><strong>0pc-</strong></span> 
     </span>
    </p>
   </div>
   <div class='ocr_carea' id='block_1_61' title="bbox 1911 3259 3497 3338">
    <p class='ocr_par' dir='ltr' id='par_1_61' title="bbox 1911 3259 3497 3338">
     <span class='ocr_line' id='line_1_62' title="bbox 1911 3259 3497 3338; baseline 0.006 -25"><span class='ocrx_word' id='word_1_391' title='bbox 1911 3259 2085 3326; x_wconf 90' lang='lat' dir='ltr'><strong>ribus,</strong></span> <span class='ocrx_word' id='word_1_392' title='bbox 2113 3259 2276 3315; x_wconf 89' lang='lat' dir='ltr'><strong>credo</strong></span> <span class='ocrx_word' id='word_1_393' title='bbox 2301 3260 2447 3330; x_wconf 92' lang='lat' dir='ltr'><strong>quod</strong></span> <span class='ocrx_word' id='word_1_394' title='bbox 2479 3261 2575 3315; x_wconf 90' lang='lat' dir='ltr'><strong>tibi</strong></span> <span class='ocrx_word' id='word_1_395' title='bbox 2601 3261 2804 3331; x_wconf 88' lang='lat' dir='ltr'><strong>placuit</strong></span> <span class='ocrx_word' id='word_1_396' title='bbox 2828 3272 2882 3319; x_wconf 90' lang='lat' dir='ltr'><strong>et</strong></span> <span class='ocrx_word' id='word_1_397' title='bbox 2905 3264 3114 3336; x_wconf 88' lang='lat' dir='ltr'><strong>placet,</strong></span> <span class='ocrx_word' id='word_1_398' title='bbox 3164 3275 3224 3322; x_wconf 87' lang='lat' dir='ltr'><strong>ut</strong></span> <span class='ocrx_word' id='word_1_399' title='bbox 3260 3267 3497 3338; x_wconf 85' lang='lat' dir='ltr'><strong>populus</strong></span> 
     </span>
    </p>
   </div>
   <div class='ocr_carea' id='block_1_62' title="bbox 1908 3348 3495 3422">
    <p class='ocr_par' dir='ltr' id='par_1_62' title="bbox 1908 3348 3495 3422">
     <span class='ocr_line' id='line_1_63' title="bbox 1908 3348 3495 3422; baseline 0.006 -18"><span class='ocrx_word' id='word_1_400' title='bbox 1908 3348 2258 3406; x_wconf 87' lang='lat' dir='ltr'><strong>Christianus</strong></span> <span class='ocrx_word' id='word_1_401' title='bbox 2304 3351 2400 3406; x_wconf 90' lang='lat' dir='ltr'><strong>tibi</strong></span> <span class='ocrx_word' id='word_1_402' title='bbox 2437 3353 2748 3422; x_wconf 88' lang='lat' dir='ltr'><strong>specialiter</strong></span> <span class='ocrx_word' id='word_1_403' title='bbox 2795 3357 3124 3414; x_wconf 87' lang='lat' dir='ltr'><strong>commissus</strong></span> <span class='ocrx_word' id='word_1_404' title='bbox 3176 3358 3312 3413; x_wconf 89' lang='lat' dir='ltr'><strong>mihi</strong></span> <span class='ocrx_word' id='word_1_405' title='bbox 3361 3359 3495 3415; x_wconf 86' lang='lat' dir='ltr'><strong>obc-</strong></span> 
     </span>
    </p>
   </div>
   <div class='ocr_carea' id='block_1_63' title="bbox 1909 3442 3496 3524">
    <p class='ocr_par' dir='ltr' id='par_1_63' title="bbox 1909 3442 3496 3524">
     <span class='ocr_line' id='line_1_64' title="bbox 1909 3442 3496 3524; baseline 0.006 -27"><span class='ocrx_word' id='word_1_406' title='bbox 1909 3442 2048 3508; x_wconf 81' lang='lat' dir='ltr'><strong>diat,</strong></span> <span class='ocrx_word' id='word_1_407' title='bbox 2069 3443 2373 3513; x_wconf 86' lang='lat' dir='ltr'><strong>specialiter</strong></span> <span class='ocrx_word' id='word_1_408' title='bbox 2397 3459 2496 3515; x_wconf 93' lang='lat' dir='ltr'><strong>pro</strong></span> <span class='ocrx_word' id='word_1_409' title='bbox 2541 3443 2630 3518; x_wconf 66' lang='lat'><strong>[[2,</strong></span> <span class='ocrx_word' id='word_1_410' title='bbox 2663 3447 2802 3515; x_wconf 88' lang='lat' dir='ltr'><strong>vice,</strong></span> <span class='ocrx_word' id='word_1_411' title='bbox 2842 3448 2920 3502; x_wconf 81' lang='lat' dir='ltr'><strong>sic</strong></span> <span class='ocrx_word' id='word_1_412' title='bbox 2949 3459 3000 3505; x_wconf 76' lang='lat' dir='ltr'><strong>et</strong></span> <span class='ocrx_word' id='word_1_413' title='bbox 3029 3451 3085 3504; x_wconf 79' lang='lat' dir='ltr'><strong>in</strong></span> <span class='ocrx_word' id='word_1_414' title='bbox 3121 3449 3345 3524; x_wconf 66' lang='lat' dir='ltr'><strong>Malim]</strong></span> <span class='ocrx_word' id='word_1_415' title='bbox 3385 3452 3496 3507; x_wconf 86' lang='lat' dir='ltr'><strong>vita</strong></span> 
     </span>
    </p>
   </div>
   <div class='ocr_carea' id='block_1_64' title="bbox 1911 3533 3495 3613">
    <p class='ocr_par' dir='ltr' id='par_1_64' title="bbox 1911 3533 3495 3613">
     <span class='ocr_line' id='line_1_65' title="bbox 1911 3533 3495 3613; baseline 0.007 -25"><span class='ocrx_word' id='word_1_416' title='bbox 1911 3542 2002 3589; x_wconf 88' lang='lat' dir='ltr'><strong>tua</strong></span> <span class='ocrx_word' id='word_1_417' title='bbox 2025 3533 2162 3590; x_wconf 91' lang='lat' dir='ltr'><strong>mihi</strong></span> <span class='ocrx_word' id='word_1_418' title='bbox 2185 3534 2499 3602; x_wconf 90' lang='lat' dir='ltr'><strong>commissa,</strong></span> <span class='ocrx_word' id='word_1_419' title='bbox 2523 3545 2577 3591; x_wconf 91' lang='lat' dir='ltr'><strong>et</strong></span> <span class='ocrx_word' id='word_1_420' title='bbox 2602 3538 2736 3592; x_wconf 88' lang='lat' dir='ltr'><strong>mihi</strong></span> <span class='ocrx_word' id='word_1_421' title='bbox 2765 3547 2857 3595; x_wconf 86' lang='lat' dir='ltr'><strong>tua</strong></span> <span class='ocrx_word' id='word_1_422' title='bbox 2887 3541 3059 3612; x_wconf 85' lang='lat' dir='ltr'><strong>gratia</strong></span> <span class='ocrx_word' id='word_1_423' title='bbox 3081 3550 3166 3598; x_wconf 90' lang='lat' dir='ltr'><strong>est</strong></span> <span class='ocrx_word' id='word_1_424' title='bbox 3189 3550 3432 3613; x_wconf 89' lang='lat' dir='ltr'><strong>potestas</strong></span> <span class='ocrx_word' id='word_1_425' title='bbox 3464 3559 3495 3598; x_wconf 89' lang='lat' dir='ltr'><strong>a</strong></span> 
     </span>
    </p>
   </div>
   <div class='ocr_carea' id='block_1_65' title="bbox 1909 3625 3494 3699">
    <p class='ocr_par' dir='ltr' id='par_1_65' title="bbox 1909 3625 3494 3699">
     <span class='ocr_line' id='line_1_66' title="bbox 1909 3625 3494 3699; baseline 0.008 -21"><span class='ocrx_word' id='word_1_426' title='bbox 1909 3625 2020 3681; x_wconf 89' lang='lat' dir='ltr'><strong>Deo</strong></span> <span class='ocrx_word' id='word_1_427' title='bbox 2044 3627 2166 3682; x_wconf 87' lang='lat' dir='ltr'><strong>data</strong></span> <span class='ocrx_word' id='word_1_428' title='bbox 2197 3627 2398 3698; x_wconf 79' lang='lat' dir='ltr'><strong>ligandi</strong></span> <span class='ocrx_word' id='word_1_429' title='bbox 2421 3636 2584 3699; x_wconf 87' lang='lat' dir='ltr'><strong>atque</strong></span> <span class='ocrx_word' id='word_1_430' title='bbox 2609 3631 2851 3688; x_wconf 90' lang='lat' dir='ltr'><strong>solvendi</strong></span> <span class='ocrx_word' id='word_1_431' title='bbox 2887 3633 2945 3688; x_wconf 90' lang='lat' dir='ltr'><strong>in</strong></span> <span class='ocrx_word' id='word_1_432' title='bbox 2985 3635 3126 3690; x_wconf 77' lang='lat' dir='ltr'><strong>calo</strong></span> <span class='ocrx_word' id='word_1_433' title='bbox 3153 3645 3208 3691; x_wconf 90' lang='lat' dir='ltr'><strong>et</strong></span> <span class='ocrx_word' id='word_1_434' title='bbox 3233 3627 3302 3692; x_wconf 84' lang='lat' dir='ltr'><strong>in</strong></span> <span class='ocrx_word' id='word_1_435' title='bbox 3330 3644 3494 3693; x_wconf 83' lang='lat' dir='ltr'><strong>terra.</strong></span> 
     </span>
    </p>
   </div>
   <div class='ocr_carea' id='block_1_66' title="bbox 1910 3716 3496 3793">
    <p class='ocr_par' dir='ltr' id='par_1_66' title="bbox 1910 3716 3496 3793">
     <span class='ocr_line' id='line_1_67' title="bbox 1910 3716 3496 3793; baseline 0.006 -22"><span class='ocrx_word' id='word_1_436' title='bbox 1910 3716 2023 3775; x_wconf 80' lang='lat' dir='ltr'><strong>liae</strong></span> <span class='ocrx_word' id='word_1_437' title='bbox 2056 3720 2238 3792; x_wconf 88' lang='lat' dir='ltr'><strong>itaque</strong></span> <span class='ocrx_word' id='word_1_438' title='bbox 2268 3721 2466 3776; x_wconf 82' lang='lat' dir='ltr'><strong>fiducia</strong></span> <span class='ocrx_word' id='word_1_439' title='bbox 2498 3720 2671 3778; x_wconf 88' lang='lat' dir='ltr'><strong>fretus</strong></span> <span class='ocrx_word' id='word_1_440' title='bbox 2702 3737 2802 3793; x_wconf 91' lang='lat' dir='ltr'><strong>pro</strong></span> <span class='ocrx_word' id='word_1_441' title='bbox 2845 3721 3103 3781; x_wconf 85' lang='lat' dir='ltr'><strong>Ecclesia</strong></span> <span class='ocrx_word' id='word_1_442' title='bbox 3146 3734 3253 3781; x_wconf 84' lang='lat' dir='ltr'><strong>tua</strong></span> <span class='ocrx_word' id='word_1_443' title='bbox 3285 3727 3496 3782; x_wconf 89' lang='lat' dir='ltr'><strong>honore</strong></span> 
     </span>
    </p>
   </div>
   <div class='ocr_carea' id='block_1_67' title="bbox 1909 3803 3500 3887">
    <p class='ocr_par' dir='ltr' id='par_1_67' title="bbox 1909 3803 3500 3887">
     <span class='ocr_line' id='line_1_68' title="bbox 1909 3803 3500 3887; baseline 0.003 -19"><span class='ocrx_word' id='word_1_444' title='bbox 1909 3823 1963 3869; x_wconf 88' lang='lat' dir='ltr'><strong>et</strong></span> <span class='ocrx_word' id='word_1_445' title='bbox 2008 3814 2328 3872; x_wconf 85' lang='lat' dir='ltr'><strong>defensione</strong></span> <span class='ocrx_word' id='word_1_446' title='bbox 2353 3858 2368 3883; x_wconf 90' lang='lat'><strong>,</strong></span> <span class='ocrx_word' id='word_1_447' title='bbox 2401 3831 2468 3871; x_wconf 84' lang='lat' dir='ltr'><strong>ex</strong></span> <span class='ocrx_word' id='word_1_448' title='bbox 2497 3824 2652 3887; x_wconf 86' lang='lat' dir='ltr'><strong>parte</strong></span> <span class='ocrx_word' id='word_1_449' title='bbox 2683 3803 3070 3887; x_wconf 73' lang='lat' dir='ltr'><strong>omnipotentis</strong></span> <span class='ocrx_word' id='word_1_450' title='bbox 3113 3817 3210 3873; x_wconf 89' lang='lat' dir='ltr'><strong>Dei</strong></span> <span class='ocrx_word' id='word_1_451' title='bbox 3241 3816 3420 3873; x_wconf 89' lang='lat' dir='ltr'><strong>Patris</strong></span> <span class='ocrx_word' id='word_1_452' title='bbox 3445 3826 3500 3872; x_wconf 89' lang='lat' dir='ltr'><strong>et</strong></span> 
     </span>
    </p>
   </div>
   <div class='ocr_carea' id='block_1_68' title="bbox 218 3904 3498 3984">
    <p class='ocr_par' dir='ltr' id='par_1_68' title="bbox 218 3904 3498 3984">
     <span class='ocr_line' id='line_1_69' title="bbox 218 3904 3498 3984; baseline -0.001 -15"><span class='ocrx_word' id='word_1_453' title='bbox 218 3913 491 3969; x_wconf 86' lang='lat' dir='ltr'><strong>stolorum</strong></span> <span class='ocrx_word' id='word_1_454' title='bbox 513 3910 834 3984; x_wconf 80' lang='lat' dir='ltr'><strong>principem</strong></span> <span class='ocrx_word' id='word_1_455' title='bbox 869 3917 1273 3966; x_wconf 89' lang='lat' dir='ltr'><strong>sacramentum</strong></span> <span class='ocrx_word' id='word_1_456' title='bbox 1314 3907 1804 3980; x_wconf 89' lang='lat' dir='ltr'><strong>conspiraverunt,</strong></span> <span class='ocrx_word' id='word_1_457' title='bbox 1835 3921 1876 3980; x_wconf 71' lang='grc' dir='ltr'>α</span> <span class='ocrx_word' id='word_1_458' title='bbox 1911 3904 2029 3959; x_wconf 86' lang='lat' dir='ltr'><strong>Filii</strong></span> <span class='ocrx_word' id='word_1_459' title='bbox 2051 3914 2106 3960; x_wconf 90' lang='lat' dir='ltr'><strong>et</strong></span> <span class='ocrx_word' id='word_1_460' title='bbox 2131 3904 2368 3976; x_wconf 89' lang='lat' dir='ltr'><strong>Spiritus</strong></span> <span class='ocrx_word' id='word_1_461' title='bbox 2411 3906 2610 3974; x_wconf 88' lang='lat' dir='ltr'><strong>sancti,</strong></span> <span class='ocrx_word' id='word_1_462' title='bbox 2644 3923 2740 3977; x_wconf 89' lang='lat' dir='ltr'><strong>per</strong></span> <span class='ocrx_word' id='word_1_463' title='bbox 2773 3916 2923 3963; x_wconf 90' lang='lat' dir='ltr'><strong>tuam</strong></span> <span class='ocrx_word' id='word_1_464' title='bbox 2949 3917 3276 3979; x_wconf 86' lang='lat' dir='ltr'><strong>potestatem</strong></span> <span class='ocrx_word' id='word_1_465' title='bbox 3308 3919 3362 3966; x_wconf 91' lang='lat' dir='ltr'><strong>et</strong></span> <span class='ocrx_word' id='word_1_466' title='bbox 3395 3925 3498 3965; x_wconf 91' lang='lat' dir='ltr'><strong>au-</strong></span> 
     </span>
    </p>
   </div>
   <div class='ocr_carea' id='block_1_69' title="bbox 219 3999 1810 4082">
    <p class='ocr_par' dir='ltr' id='par_1_69' title="bbox 219 3999 1810 4082">
     <span class='ocr_line' id='line_1_70' title="bbox 219 3999 1810 4082; baseline -0.005 -21"><span class='ocrx_word' id='word_1_467' title='bbox 219 4005 548 4069; x_wconf 87' lang='lat' dir='ltr'><strong>auctoritate</strong></span> <span class='ocrx_word' id='word_1_468' title='bbox 591 4002 837 4074; x_wconf 88' lang='lat' dir='ltr'><strong>ejusdem</strong></span> <span class='ocrx_word' id='word_1_469' title='bbox 865 4001 1007 4058; x_wconf 89' lang='lat' dir='ltr'><strong>beati</strong></span> <span class='ocrx_word' id='word_1_470' title='bbox 1047 4001 1194 4058; x_wconf 91' lang='lat' dir='ltr'><strong>Petri</strong></span> <span class='ocrx_word' id='word_1_471' title='bbox 1227 4001 1297 4057; x_wconf 90' lang='lat' dir='ltr'><strong>ab</strong></span> <span class='ocrx_word' id='word_1_472' title='bbox 1326 4000 1475 4057; x_wconf 90' lang='lat' dir='ltr'><strong>omni</strong></span> <span class='ocrx_word' id='word_1_473' title='bbox 1515 3999 1810 4082; x_wconf 81' lang='lat' dir='ltr'><strong>episcopali</strong></span> 
     </span>
    </p>
   </div>
   <div class='ocr_carea' id='block_1_70' title="bbox 221 4089 1812 4167">
    <p class='ocr_par' dir='ltr' id='par_1_70' title="bbox 221 4089 1812 4167">
     <span class='ocr_line' id='line_1_71' title="bbox 221 4089 1812 4167; baseline -0.004 -15"><span class='ocrx_word' id='word_1_474' title='bbox 221 4097 396 4154; x_wconf 82' lang='lat' dir='ltr'><strong>ofﬁcio</strong></span> <span class='ocrx_word' id='word_1_475' title='bbox 421 4094 839 4167; x_wconf 88' lang='lat' dir='ltr'><strong>suspendimus,</strong></span> <span class='ocrx_word' id='word_1_476' title='bbox 861 4102 916 4148; x_wconf 91' lang='lat' dir='ltr'><strong>et</strong></span> <span class='ocrx_word' id='word_1_477' title='bbox 938 4109 969 4149; x_wconf 92' lang='lat' dir='ltr'><strong>a</strong></span> <span class='ocrx_word' id='word_1_478' title='bbox 995 4093 1384 4149; x_wconf 90' lang='lat' dir='ltr'><strong>communione</strong></span> <span class='ocrx_word' id='word_1_479' title='bbox 1408 4100 1610 4148; x_wconf 82' lang='lat' dir='ltr'><strong>sancta</strong></span> <span class='ocrx_word' id='word_1_480' title='bbox 1630 4089 1812 4146; x_wconf 79' lang='lat' dir='ltr'><strong>Eccle-</strong></span> 
     </span>
    </p>
   </div>
   <div class='ocr_carea' id='block_1_71' title="bbox 221 4190 1150 4260">
    <p class='ocr_par' dir='ltr' id='par_1_71' title="bbox 221 4190 1150 4260">
     <span class='ocr_line' id='line_1_72' title="bbox 221 4190 1150 4260; baseline -0.001 -16"><span class='ocrx_word' id='word_1_481' title='bbox 221 4190 311 4246; x_wconf 87' lang='lat' dir='ltr'><strong>sia</strong></span> <span class='ocrx_word' id='word_1_482' title='bbox 331 4203 678 4260; x_wconf 87' lang='lat' dir='ltr'><strong>separamus.</strong></span> <span class='ocrx_word' id='word_1_483' title='bbox 1147 4253 1150 4260; x_wconf 27' lang='grc' dir='ltr'>ι</span> 
     </span>
    </p>
   </div>
   <div class='ocr_carea' id='block_1_72' title="bbox 288 4277 1746 4350">
    <p class='ocr_par' dir='ltr' id='par_1_72' title="bbox 288 4277 1746 4350">
     <span class='ocr_line' id='line_1_73' title="bbox 288 4277 1746 4350; baseline -0.006 -14"><span class='ocrx_word' id='word_1_484' title='bbox 288 4279 793 4336; x_wconf 67' lang='lat' dir='ltr'><strong>Excommunicatio</strong></span> <span class='ocrx_word' id='word_1_485' title='bbox 819 4278 1181 4350; x_wconf 78' lang='lat' dir='ltr'><strong>episcoporum</strong></span> <span class='ocrx_word' id='word_1_486' title='bbox 1205 4277 1746 4332; x_wconf 81' lang='lat' dir='ltr'><strong>ultramontanorum.</strong></span> 
     </span>
    </p>
   </div>
   <div class='ocr_carea' id='block_1_73' title="bbox 287 4361 1808 4443">
    <p class='ocr_par' dir='ltr' id='par_1_73' title="bbox 287 4361 1808 4443">
     <span class='ocr_line' id='line_1_74' title="bbox 287 4361 1808 4443; baseline -0.007 -16"><span class='ocrx_word' id='word_1_487' title='bbox 287 4372 660 4443; x_wconf 80' lang='lat' dir='ltr'><strong>Agathensem</strong></span> <span class='ocrx_word' id='word_1_488' title='bbox 684 4370 998 4441; x_wconf 89' lang='lat' dir='ltr'><strong>episcopum</strong></span> <span class='ocrx_word' id='word_1_489' title='bbox 1043 4366 1431 4438; x_wconf 79' lang='lat' dir='ltr'><strong>Berengarium</strong></span> <span class='ocrx_word' id='word_1_490' title='bbox 1453 4406 1468 4432; x_wconf 89' lang='lat'><strong>,</strong></span> <span class='ocrx_word' id='word_1_491' title='bbox 1511 4365 1641 4436; x_wconf 86' lang='lat' dir='ltr'><strong>quia</strong></span> <span class='ocrx_word' id='word_1_492' title='bbox 1671 4361 1808 4434; x_wconf 90' lang='lat' dir='ltr'><strong>(qui)</strong></span> 
     </span>
    </p>
   </div>
   <div class='ocr_carea' id='block_1_74' title="bbox 221 4454 1811 4530">
    <p class='ocr_par' dir='ltr' id='par_1_74' title="bbox 221 4454 1811 4530">
     <span class='ocr_line' id='line_1_75' title="bbox 221 4454 1811 4530; baseline -0.008 -13"><span class='ocrx_word' id='word_1_493' title='bbox 221 4460 562 4517; x_wconf 79' lang='lat' dir='ltr'><strong>Narbonensi</strong></span> <span class='ocrx_word' id='word_1_494' title='bbox 604 4459 865 4530; x_wconf 88' lang='lat' dir='ltr'><strong>episcopo</strong></span> <span class='ocrx_word' id='word_1_495' title='bbox 918 4457 1394 4514; x_wconf 83' lang='lat' dir='ltr'><strong>excommunicato</strong></span> <span class='ocrx_word' id='word_1_496' title='bbox 1439 4454 1811 4509; x_wconf 87' lang='lat' dir='ltr'><strong>communica-</strong></span> 
     </span>
    </p>
   </div>
   <div class='ocr_carea' id='block_1_75' title="bbox 221 4545 1812 4620">
    <p class='ocr_par' dir='ltr' id='par_1_75' title="bbox 221 4545 1812 4620">
     <span class='ocr_line' id='line_1_76' title="bbox 221 4545 1812 4620; baseline -0.004 -15"><span class='ocrx_word' id='word_1_497' title='bbox 221 4553 315 4620; x_wconf 73' lang='lat' dir='ltr'><strong>vit,</strong></span> <span class='ocrx_word' id='word_1_498' title='bbox 356 4561 411 4608; x_wconf 89' lang='lat' dir='ltr'><strong>et</strong></span> <span class='ocrx_word' id='word_1_499' title='bbox 449 4553 603 4607; x_wconf 88' lang='lat' dir='ltr'><strong>vices</strong></span> <span class='ocrx_word' id='word_1_500' title='bbox 629 4550 968 4620; x_wconf 89' lang='lat' dir='ltr'><strong>episcopales</strong></span> <span class='ocrx_word' id='word_1_501' title='bbox 995 4563 1094 4619; x_wconf 88' lang='lat' dir='ltr'><strong>pro</strong></span> <span class='ocrx_word' id='word_1_502' title='bbox 1122 4548 1213 4602; x_wconf 90' lang='lat' dir='ltr'><strong>illo</strong></span> <span class='ocrx_word' id='word_1_503' title='bbox 1238 4546 1395 4612; x_wconf 87' lang='lat' dir='ltr'><strong>fecit,</strong></span> <span class='ocrx_word' id='word_1_504' title='bbox 1433 4545 1812 4601; x_wconf 64' lang='lat' dir='ltr'><strong>excommuni-</strong></span> 
     </span>
    </p>
   </div>
   <div class='ocr_carea' id='block_1_76' title="bbox 221 4635 1811 4710">
    <p class='ocr_par' dir='ltr' id='par_1_76' title="bbox 221 4635 1811 4710">
     <span class='ocr_line' id='line_1_77' title="bbox 221 4635 1811 4710; baseline -0.008 -9"><span class='ocrx_word' id='word_1_505' title='bbox 221 4660 428 4701; x_wconf 73' lang='lat' dir='ltr'><strong>mmus.</strong></span> <span class='ocrx_word' id='word_1_506' title='bbox 464 4642 835 4698; x_wconf 81' lang='lat' dir='ltr'><strong>Viennensem</strong></span> <span class='ocrx_word' id='word_1_507' title='bbox 876 4639 1193 4710; x_wconf 88' lang='lat' dir='ltr'><strong>episcopum</strong></span> <span class='ocrx_word' id='word_1_508' title='bbox 1235 4637 1628 4694; x_wconf 86' lang='lat' dir='ltr'><strong>Herimannum</strong></span> <span class='ocrx_word' id='word_1_509' title='bbox 1664 4635 1811 4706; x_wconf 88' lang='lat' dir='ltr'><strong>juste</strong></span> 
     </span>
    </p>
   </div>
   <div class='ocr_carea' id='block_1_77' title="bbox 223 4729 1815 4807">
    <p class='ocr_par' dir='ltr' id='par_1_77' title="bbox 223 4729 1815 4807">
     <span class='ocr_line' id='line_1_78' title="bbox 223 4729 1815 4807; baseline -0.006 -17"><span class='ocrx_word' id='word_1_510' title='bbox 223 4736 530 4807; x_wconf 85' lang='lat' dir='ltr'><strong>depositum</strong></span> <span class='ocrx_word' id='word_1_511' title='bbox 583 4748 686 4805; x_wconf 90' lang='lat' dir='ltr'><strong>pro</strong></span> <span class='ocrx_word' id='word_1_512' title='bbox 736 4732 1003 4798; x_wconf 90' lang='lat' dir='ltr'><strong>Simonia,</strong></span> <span class='ocrx_word' id='word_1_513' title='bbox 1063 4731 1342 4802; x_wconf 73' lang='lat' dir='ltr'><strong>periuriis,</strong></span> <span class='ocrx_word' id='word_1_514' title='bbox 1405 4729 1707 4799; x_wconf 88' lang='lat' dir='ltr'><strong>sacrilegiis</strong></span> <span class='ocrx_word' id='word_1_515' title='bbox 1757 4736 1815 4782; x_wconf 89' lang='lat' dir='ltr'><strong>et</strong></span> 
     </span>
    </p>
   </div>
   <div class='ocr_carea' id='block_1_78' title="bbox 223 4820 1813 4898">
    <p class='ocr_par' dir='ltr' id='par_1_78' title="bbox 223 4820 1813 4898">
     <span class='ocr_line' id='line_1_79' title="bbox 223 4820 1813 4898; baseline -0.006 -15"><span class='ocrx_word' id='word_1_516' title='bbox 223 4827 536 4898; x_wconf 84' lang='lat' dir='ltr'><strong>apostasia,</strong></span> <span class='ocrx_word' id='word_1_517' title='bbox 594 4826 725 4896; x_wconf 89' lang='lat' dir='ltr'><strong>quia</strong></span> <span class='ocrx_word' id='word_1_518' title='bbox 784 4823 1152 4879; x_wconf 78' lang='lat' dir='ltr'><strong>Viennensem</strong></span> <span class='ocrx_word' id='word_1_519' title='bbox 1204 4822 1500 4880; x_wconf 89' lang='lat' dir='ltr'><strong>Ecclesiam</strong></span> <span class='ocrx_word' id='word_1_520' title='bbox 1551 4820 1813 4876; x_wconf 86' lang='lat' dir='ltr'><strong>infestare</strong></span> 
     </span>
    </p>
   </div>
   <div class='ocr_carea' id='block_1_79' title="bbox 224 4912 1810 4984">
    <p class='ocr_par' dir='ltr' id='par_1_79' title="bbox 224 4912 1810 4984">
     <span class='ocr_line' id='line_1_80' title="bbox 224 4912 1810 4984; baseline -0.004 -11"><span class='ocrx_word' id='word_1_521' title='bbox 224 4935 326 4974; x_wconf 92' lang='lat' dir='ltr'><strong>non</strong></span> <span class='ocrx_word' id='word_1_522' title='bbox 357 4919 595 4984; x_wconf 89' lang='lat' dir='ltr'><strong>desistit,</strong></span> <span class='ocrx_word' id='word_1_523' title='bbox 619 4915 1164 4973; x_wconf 77' lang='lat' dir='ltr'><strong>excommunicamus</strong></span> <span class='ocrx_word' id='word_1_524' title='bbox 1193 4933 1206 4970; x_wconf 94' lang='lat'><strong>:</strong></span> <span class='ocrx_word' id='word_1_525' title='bbox 1238 4923 1293 4972; x_wconf 93' lang='lat' dir='ltr'><strong>et</strong></span> <span class='ocrx_word' id='word_1_526' title='bbox 1319 4913 1578 4970; x_wconf 87' lang='lat' dir='ltr'><strong>Ecclesiis</strong></span> <span class='ocrx_word' id='word_1_527' title='bbox 1604 4912 1810 4968; x_wconf 83' lang='lat' dir='ltr'><strong>Roma-</strong></span> 
     </span>
    </p>
   </div>
   <div class='ocr_carea' id='block_1_80' title="bbox 224 5007 1812 5081">
    <p class='ocr_par' dir='ltr' id='par_1_80' title="bbox 224 5007 1812 5081">
     <span class='ocr_line' id='line_1_81' title="bbox 224 5007 1812 5081; baseline -0.003 -14"><span class='ocrx_word' id='word_1_528' title='bbox 224 5012 372 5069; x_wconf 88' lang='lat' dir='ltr'><strong>nensi</strong></span> <span class='ocrx_word' id='word_1_529' title='bbox 417 5021 474 5068; x_wconf 92' lang='lat' dir='ltr'><strong>et</strong></span> <span class='ocrx_word' id='word_1_530' title='bbox 519 5010 713 5066; x_wconf 90' lang='lat' dir='ltr'><strong>Sancti</strong></span> <span class='ocrx_word' id='word_1_531' title='bbox 755 5008 947 5065; x_wconf 85' lang='lat' dir='ltr'><strong>lrenai</strong></span> <span class='ocrx_word' id='word_1_532' title='bbox 991 5007 1363 5081; x_wconf 86' lang='lat' dir='ltr'><strong>Lugdunensi,</strong></span> <span class='ocrx_word' id='word_1_533' title='bbox 1397 5021 1685 5077; x_wconf 90' lang='lat' dir='ltr'><strong>quousque</strong></span> <span class='ocrx_word' id='word_1_534' title='bbox 1717 5021 1812 5062; x_wconf 89' lang='lat' dir='ltr'><strong>eas</strong></span> 
     </span>
    </p>
   </div>
   <div class='ocr_carea' id='block_1_81' title="bbox 221 5097 1811 5176">
    <p class='ocr_par' dir='ltr' id='par_1_81' title="bbox 221 5097 1811 5176">
     <span class='ocr_line' id='line_1_82' title="bbox 221 5097 1811 5176; baseline -0.004 -17"><span class='ocrx_word' id='word_1_535' title='bbox 221 5105 590 5176; x_wconf 88' lang='lat' dir='ltr'><strong>occupaverit,</strong></span> <span class='ocrx_word' id='word_1_536' title='bbox 619 5103 867 5159; x_wconf 90' lang='lat' dir='ltr'><strong>divinum</strong></span> <span class='ocrx_word' id='word_1_537' title='bbox 902 5100 1276 5156; x_wconf 88' lang='lat' dir='ltr'><strong>interdicimus</strong></span> <span class='ocrx_word' id='word_1_538' title='bbox 1305 5097 1560 5154; x_wconf 79' lang='lat' dir='ltr'><strong>oﬂicium.</strong></span> <span class='ocrx_word' id='word_1_539' title='bbox 1591 5097 1811 5154; x_wconf 88' lang='lat' dir='ltr'><strong>Deside-</strong></span> 
     </span>
    </p>
   </div>
   <div class='ocr_carea' id='block_1_82' title="bbox 223 5190 1808 5262">
    <p class='ocr_par' dir='ltr' id='par_1_82' title="bbox 223 5190 1808 5262">
     <span class='ocr_line' id='line_1_83' title="bbox 223 5190 1808 5262; baseline -0.004 -10"><span class='ocrx_word' id='word_1_540' title='bbox 223 5199 359 5254; x_wconf 90' lang='lat' dir='ltr'><strong>rium</strong></span> <span class='ocrx_word' id='word_1_541' title='bbox 388 5207 444 5255; x_wconf 94' lang='lat' dir='ltr'><strong>et</strong></span> <span class='ocrx_word' id='word_1_542' title='bbox 472 5195 844 5253; x_wconf 82' lang='lat' dir='ltr'><strong>Romanensis</strong></span> <span class='ocrx_word' id='word_1_543' title='bbox 875 5191 1131 5248; x_wconf 83' lang='lat' dir='ltr'><strong>Ecclesia</strong></span> <span class='ocrx_word' id='word_1_544' title='bbox 1168 5193 1396 5249; x_wconf 88' lang='lat' dir='ltr'><strong>clericos</strong></span> <span class='ocrx_word' id='word_1_545' title='bbox 1419 5231 1434 5256; x_wconf 92' lang='lat'><strong>,</strong></span> <span class='ocrx_word' id='word_1_546' title='bbox 1464 5190 1559 5259; x_wconf 86' lang='lat' dir='ltr'><strong>qui</strong></span> <span class='ocrx_word' id='word_1_547' title='bbox 1590 5191 1808 5262; x_wconf 82' lang='lat' dir='ltr'><strong>regula-</strong></span> 
     </span>
    </p>
   </div>
   <div class='ocr_carea' id='block_1_83' title="bbox 458 5286 1133 5308">
    <p class='ocr_par' dir='ltr' id='par_1_83' title="bbox 458 5286 1133 5308">
     <span class='ocr_line' id='line_1_84' title="bbox 458 5286 1133 5308; baseline 0 0"><span class='ocrx_word' id='word_1_548' title='bbox 458 5298 472 5308; x_wconf 65' lang='grc' dir='ltr'><strong><em>Α</em></strong></span> <span class='ocrx_word' id='word_1_549' title='bbox 521 5305 572 5308; x_wconf 43' lang='grc' dir='ltr'><strong>,μ</strong></span> <span class='ocrx_word' id='word_1_550' title='bbox 617 5288 672 5308; x_wconf 67' lang='grc'><strong>,1.</strong></span> <span class='ocrx_word' id='word_1_551' title='bbox 719 5302 769 5308; x_wconf 61' lang='lat'><strong>--</strong></span> <span class='ocrx_word' id='word_1_552' title='bbox 813 5286 1133 5308; x_wconf 67' lang='grc' dir='ltr'><strong>---..--Ι..-.--..Α</strong></span> 
     </span>
    </p>
   </div>
   <div class='ocr_carea' id='block_1_84' title="bbox 1327 5299 1700 5308">
    <p class='ocr_par' dir='ltr' id='par_1_84' title="bbox 1327 5299 1700 5308">
     <span class='ocr_line' id='line_1_85' title="bbox 1327 5299 1700 5308; baseline 0 0"><span class='ocrx_word' id='word_1_553' title='bbox 1327 5299 1700 5308; x_wconf 51' lang='grc' dir='ltr'><strong>Ακαιιυυιυυι...κ-.ι</strong></span> 
     </span>
    </p>
   </div>
   <div class='ocr_carea' id='block_1_85' title="bbox 1741 5270 3134 5308">
    <p class='ocr_par' dir='ltr' id='par_1_85' title="bbox 1741 5270 3134 5308">
     <span class='ocr_line' id='line_1_86' title="bbox 1741 5270 3134 5308; baseline 0 0"><span class='ocrx_word' id='word_1_554' title='bbox 1741 5287 1807 5308; x_wconf 72' lang='grc' dir='ltr'><strong>ιε-</strong></span> <span class='ocrx_word' id='word_1_555' title='bbox 1847 5282 1887 5308; x_wconf 85' lang='lat' dir='ltr'>n</span> <span class='ocrx_word' id='word_1_556' title='bbox 1913 5271 2022 5308; x_wconf 72' lang='lat' dir='ltr'><strong>“an</strong></span> <span class='ocrx_word' id='word_1_557' title='bbox 2068 5281 2127 5308; x_wconf 78' lang='lat' dir='ltr'><strong>ul</strong></span> <span class='ocrx_word' id='word_1_558' title='bbox 2155 5270 2328 5308; x_wconf 63' lang='grc' dir='ltr'><strong>ερῖσὶηί</strong></span> <span class='ocrx_word' id='word_1_559' title='bbox 2357 5276 2544 5308; x_wconf 65' lang='lat' dir='ltr'><strong>(rartin</strong></span> <span class='ocrx_word' id='word_1_560' title='bbox 2597 5277 2645 5308; x_wconf 73' lang='lat' dir='ltr'><strong>of</strong></span> <span class='ocrx_word' id='word_1_561' title='bbox 2681 5273 3035 5308; x_wconf 60' lang='lat' dir='ltr'><strong>nnmnrnhnnl</strong></span> <span class='ocrx_word' id='word_1_562' title='bbox 3065 5291 3134 5308; x_wconf 83' lang='lat' dir='ltr'><strong>nn</strong></span> 
     </span>
    </p>
   </div>
   <div class='ocr_carea' id='block_1_86' title="bbox 1914 3989 3504 4070">
    <p class='ocr_par' dir='ltr' id='par_1_86' title="bbox 1914 3989 3504 4070">
     <span class='ocr_line' id='line_1_87' title="bbox 1914 3989 3504 4070; baseline 0.004 -22"><span class='ocrx_word' id='word_1_563' title='bbox 1914 3995 2245 4061; x_wconf 86' lang='lat' dir='ltr'><strong>ctoritatem,</strong></span> <span class='ocrx_word' id='word_1_564' title='bbox 2295 3993 2531 4051; x_wconf 83' lang='lat' dir='ltr'><strong>Henrico</strong></span> <span class='ocrx_word' id='word_1_565' title='bbox 2575 3997 2690 4067; x_wconf 87' lang='lat' dir='ltr'><strong>regi</strong></span> <span class='ocrx_word' id='word_1_566' title='bbox 2722 3997 2832 4053; x_wconf 83' lang='lat' dir='ltr'><strong>filio</strong></span> <span class='ocrx_word' id='word_1_567' title='bbox 2861 3997 3080 4055; x_wconf 82' lang='lat' dir='ltr'><strong>Henrici</strong></span> <span class='ocrx_word' id='word_1_568' title='bbox 3108 3989 3504 4070; x_wconf 59' lang='lat' dir='ltr'><strong>imperatoris:</strong></span> 
     </span>
    </p>
   </div>
   <div class='ocr_carea' id='block_1_87' title="bbox 1913 4082 3498 4158">
    <p class='ocr_par' dir='ltr' id='par_1_87' title="bbox 1913 4082 3498 4158">
     <span class='ocr_line' id='line_1_88' title="bbox 1913 4082 3498 4158; baseline 0.004 -23"><span class='ocrx_word' id='word_1_569' title='bbox 1913 4083 2009 4152; x_wconf 90' lang='lat' dir='ltr'><strong>qui</strong></span> <span class='ocrx_word' id='word_1_570' title='bbox 2032 4090 2223 4137; x_wconf 83' lang='lat' dir='ltr'><strong>contra</strong></span> <span class='ocrx_word' id='word_1_571' title='bbox 2250 4091 2400 4136; x_wconf 90' lang='lat' dir='ltr'><strong>tuam</strong></span> <span class='ocrx_word' id='word_1_572' title='bbox 2429 4082 2730 4139; x_wconf 88' lang='lat' dir='ltr'><strong>Ecclesiam</strong></span> <span class='ocrx_word' id='word_1_573' title='bbox 2757 4086 3001 4142; x_wconf 90' lang='lat' dir='ltr'><strong>inaudita</strong></span> <span class='ocrx_word' id='word_1_574' title='bbox 3029 4088 3282 4158; x_wconf 90' lang='lat' dir='ltr'><strong>superbia</strong></span> <span class='ocrx_word' id='word_1_575' title='bbox 3315 4089 3498 4145; x_wconf 88' lang='lat' dir='ltr'><strong>insur-</strong></span> 
     </span>
    </p>
   </div>
   <div class='ocr_carea' id='block_1_88' title="bbox 1912 4173 3496 4248">
    <p class='ocr_par' dir='ltr' id='par_1_88' title="bbox 1912 4173 3496 4248">
     <span class='ocr_line' id='line_1_89' title="bbox 1912 4173 3496 4248; baseline 0.004 -21"><span class='ocrx_word' id='word_1_576' title='bbox 1912 4173 2074 4238; x_wconf 78' lang='lat' dir='ltr'><strong>rexit,</strong></span> <span class='ocrx_word' id='word_1_577' title='bbox 2104 4173 2270 4229; x_wconf 91' lang='lat' dir='ltr'><strong>totius</strong></span> <span class='ocrx_word' id='word_1_578' title='bbox 2295 4174 2450 4245; x_wconf 80' lang='lat' dir='ltr'><strong>regni</strong></span> <span class='ocrx_word' id='word_1_579' title='bbox 2475 4173 2902 4230; x_wconf 88' lang='lat' dir='ltr'><strong>Teutonicorum</strong></span> <span class='ocrx_word' id='word_1_580' title='bbox 2930 4185 2985 4231; x_wconf 87' lang='lat' dir='ltr'><strong>et</strong></span> <span class='ocrx_word' id='word_1_581' title='bbox 3017 4176 3185 4232; x_wconf 87' lang='lat' dir='ltr'><strong>Italia</strong></span> <span class='ocrx_word' id='word_1_582' title='bbox 3223 4179 3496 4248; x_wconf 85' lang='lat' dir='ltr'><strong>guberna-</strong></span> 
     </span>
    </p>
   </div>
   <div class='ocr_carea' id='block_1_89' title="bbox 1912 4265 3496 4341">
    <p class='ocr_par' dir='ltr' id='par_1_89' title="bbox 1912 4265 3496 4341">
     <span class='ocr_line' id='line_1_90' title="bbox 1912 4265 3496 4341; baseline 0.004 -22"><span class='ocrx_word' id='word_1_583' title='bbox 1912 4265 2034 4320; x_wconf 90' lang='lat' dir='ltr'><strong>cula</strong></span> <span class='ocrx_word' id='word_1_584' title='bbox 2056 4265 2393 4332; x_wconf 83' lang='lat' dir='ltr'><strong>contradico,</strong></span> <span class='ocrx_word' id='word_1_585' title='bbox 2423 4275 2477 4320; x_wconf 88' lang='lat' dir='ltr'><strong>et</strong></span> <span class='ocrx_word' id='word_1_586' title='bbox 2500 4280 2692 4321; x_wconf 91' lang='lat' dir='ltr'><strong>omnes</strong></span> <span class='ocrx_word' id='word_1_587' title='bbox 2713 4265 3058 4324; x_wconf 87' lang='lat' dir='ltr'><strong>Christianos</strong></span> <span class='ocrx_word' id='word_1_588' title='bbox 3087 4285 3119 4323; x_wconf 92' lang='lat' dir='ltr'><strong>a</strong></span> <span class='ocrx_word' id='word_1_589' title='bbox 3158 4270 3377 4325; x_wconf 85' lang='lat' dir='ltr'><strong>vinculo</strong></span> <span class='ocrx_word' id='word_1_590' title='bbox 3403 4270 3496 4341; x_wconf 86' lang='lat' dir='ltr'><strong>ju-</strong></span> 
     </span>
    </p>
   </div>
   <div class='ocr_carea' id='block_1_90' title="bbox 1913 4353 3521 4447">
    <p class='ocr_par' dir='ltr' id='par_1_90' title="bbox 1913 4353 3521 4447">
     <span class='ocr_line' id='line_1_91' title="bbox 1913 4353 3521 4447; baseline 0.003 -39"><span class='ocrx_word' id='word_1_591' title='bbox 1913 4353 2164 4419; x_wconf 89' lang='lat' dir='ltr'><strong>ramenti,</strong></span> <span class='ocrx_word' id='word_1_592' title='bbox 2197 4353 2344 4423; x_wconf 92' lang='lat' dir='ltr'><strong>quod</strong></span> <span class='ocrx_word' id='word_1_593' title='bbox 2393 4353 2496 4408; x_wconf 90' lang='lat' dir='ltr'><strong>sibi</strong></span> <span class='ocrx_word' id='word_1_594' title='bbox 2544 4353 2721 4409; x_wconf 87' lang='lat' dir='ltr'><strong>fecere</strong></span> <span class='ocrx_word' id='word_1_595' title='bbox 2761 4356 2844 4410; x_wconf 90' lang='lat' dir='ltr'><strong>vel</strong></span> <span class='ocrx_word' id='word_1_596' title='bbox 2879 4356 3110 4425; x_wconf 89' lang='lat' dir='ltr'><strong>facient,</strong></span> <span class='ocrx_word' id='word_1_597' title='bbox 3147 4359 3408 4425; x_wconf 87' lang='lat' dir='ltr'><strong>absolvo,</strong></span> <span class='ocrx_word' id='word_1_598' title='bbox 3446 4369 3521 4447; x_wconf 50' lang='lat' dir='ltr'><strong>et]</strong></span> 
     </span>
    </p>
   </div>
   <div class='ocr_carea' id='block_1_91' title="bbox 1914 4444 3496 4520">
    <p class='ocr_par' dir='ltr' id='par_1_91' title="bbox 1914 4444 3496 4520">
     <span class='ocr_line' id='line_1_92' title="bbox 1914 4444 3496 4520; baseline 0.004 -22"><span class='ocrx_word' id='word_1_599' title='bbox 1914 4453 1974 4499; x_wconf 90' lang='lat' dir='ltr'><strong>ut</strong></span> <span class='ocrx_word' id='word_1_600' title='bbox 2021 4445 2204 4500; x_wconf 90' lang='lat' dir='ltr'><strong>nullus</strong></span> <span class='ocrx_word' id='word_1_601' title='bbox 2245 4445 2294 4499; x_wconf 91' lang='lat' dir='ltr'><strong>ei</strong></span> <span class='ocrx_word' id='word_1_602' title='bbox 2328 4445 2472 4501; x_wconf 87' lang='lat' dir='ltr'><strong>sicut</strong></span> <span class='ocrx_word' id='word_1_603' title='bbox 2501 4444 2615 4517; x_wconf 90' lang='lat' dir='ltr'><strong>regi</strong></span> <span class='ocrx_word' id='word_1_604' title='bbox 2645 4447 2884 4516; x_wconf 87' lang='lat' dir='ltr'><strong>serviat,</strong></span> <span class='ocrx_word' id='word_1_605' title='bbox 2921 4449 3205 4506; x_wconf 90' lang='lat' dir='ltr'><strong>interdico.</strong></span> <span class='ocrx_word' id='word_1_606' title='bbox 3262 4444 3496 4520; x_wconf 79' lang='lat' dir='ltr'><strong>Dignum</strong></span> 
     </span>
    </p>
   </div>
   <div class='ocr_carea' id='block_1_92' title="bbox 1911 4535 3498 4605">
    <p class='ocr_par' dir='ltr' id='par_1_92' title="bbox 1911 4535 3498 4605">
     <span class='ocr_line' id='line_1_93' title="bbox 1911 4535 3498 4605; baseline 0.003 -15"><span class='ocrx_word' id='word_1_607' title='bbox 1911 4543 1995 4590; x_wconf 88' lang='lat' dir='ltr'><strong>est</strong></span> <span class='ocrx_word' id='word_1_608' title='bbox 2016 4536 2162 4590; x_wconf 88' lang='lat' dir='ltr'><strong>enim</strong></span> <span class='ocrx_word' id='word_1_609' title='bbox 2188 4545 2249 4591; x_wconf 90' lang='lat' dir='ltr'><strong>ut</strong></span> <span class='ocrx_word' id='word_1_610' title='bbox 2273 4535 2365 4605; x_wconf 91' lang='lat' dir='ltr'><strong>qui</strong></span> <span class='ocrx_word' id='word_1_611' title='bbox 2391 4537 2572 4592; x_wconf 88' lang='lat' dir='ltr'><strong>studet</strong></span> <span class='ocrx_word' id='word_1_612' title='bbox 2593 4537 2858 4593; x_wconf 90' lang='lat' dir='ltr'><strong>honorem</strong></span> <span class='ocrx_word' id='word_1_613' title='bbox 2894 4538 3151 4598; x_wconf 87' lang='lat' dir='ltr'><strong>Ecclesia</strong></span> <span class='ocrx_word' id='word_1_614' title='bbox 3185 4550 3292 4596; x_wconf 82' lang='lat' dir='ltr'><strong>tua</strong></span> <span class='ocrx_word' id='word_1_615' title='bbox 3317 4539 3498 4595; x_wconf 90' lang='lat' dir='ltr'><strong>immi-</strong></span> 
     </span>
    </p>
   </div>
   <div class='ocr_carea' id='block_1_93' title="bbox 1912 4623 3494 4702">
    <p class='ocr_par' dir='ltr' id='par_1_93' title="bbox 1912 4623 3494 4702">
     <span class='ocr_line' id='line_1_94' title="bbox 1912 4623 3494 4702; baseline 0.004 -21"><span class='ocrx_word' id='word_1_616' title='bbox 1912 4642 2100 4696; x_wconf 90' lang='lat' dir='ltr'><strong>nuere,</strong></span> <span class='ocrx_word' id='word_1_617' title='bbox 2145 4623 2262 4698; x_wconf 85' lang='lat' dir='ltr'><strong>ipse</strong></span> <span class='ocrx_word' id='word_1_618' title='bbox 2304 4629 2568 4684; x_wconf 90' lang='lat' dir='ltr'><strong>honorem</strong></span> <span class='ocrx_word' id='word_1_619' title='bbox 2596 4630 2812 4686; x_wconf 85' lang='lat' dir='ltr'><strong>amittat</strong></span> <span class='ocrx_word' id='word_1_620' title='bbox 2838 4648 2998 4702; x_wconf 88' lang='lat' dir='ltr'><strong>quem</strong></span> <span class='ocrx_word' id='word_1_621' title='bbox 3021 4633 3232 4688; x_wconf 88' lang='lat' dir='ltr'><strong>videtur</strong></span> <span class='ocrx_word' id='word_1_622' title='bbox 3274 4632 3494 4688; x_wconf 88' lang='lat' dir='ltr'><strong>habere.</strong></span> 
     </span>
    </p>
   </div>
   <div class='ocr_carea' id='block_1_94' title="bbox 1913 4717 3496 4792">
    <p class='ocr_par' dir='ltr' id='par_1_94' title="bbox 1913 4717 3496 4792">
     <span class='ocr_line' id='line_1_95' title="bbox 1913 4717 3496 4792; baseline 0.004 -20"><span class='ocrx_word' id='word_1_623' title='bbox 1913 4717 1980 4773; x_wconf 91' lang='lat' dir='ltr'><strong>Et</strong></span> <span class='ocrx_word' id='word_1_624' title='bbox 2001 4719 2129 4789; x_wconf 91' lang='lat' dir='ltr'><strong>quia</strong></span> <span class='ocrx_word' id='word_1_625' title='bbox 2153 4719 2296 4774; x_wconf 87' lang='lat' dir='ltr'><strong>sicut</strong></span> <span class='ocrx_word' id='word_1_626' title='bbox 2319 4719 2670 4776; x_wconf 86' lang='lat' dir='ltr'><strong>Christianus</strong></span> <span class='ocrx_word' id='word_1_627' title='bbox 2692 4722 3020 4792; x_wconf 89' lang='lat' dir='ltr'><strong>contempsit</strong></span> <span class='ocrx_word' id='word_1_628' title='bbox 3035 4723 3275 4788; x_wconf 89' lang='lat' dir='ltr'><strong>obedire,</strong></span> <span class='ocrx_word' id='word_1_629' title='bbox 3293 4738 3395 4778; x_wconf 90' lang='lat' dir='ltr'><strong>nec</strong></span> <span class='ocrx_word' id='word_1_630' title='bbox 3427 4724 3496 4778; x_wconf 86' lang='lat' dir='ltr'><strong>ad</strong></span> 
     </span>
    </p>
   </div>
   <div class='ocr_carea' id='block_1_95' title="bbox 1915 4807 3498 4883">
    <p class='ocr_par' dir='ltr' id='par_1_95' title="bbox 1915 4807 3498 4883">
     <span class='ocr_line' id='line_1_96' title="bbox 1915 4807 3498 4883; baseline 0.004 -22"><span class='ocrx_word' id='word_1_631' title='bbox 1915 4807 2207 4863; x_wconf 87' lang='lat' dir='ltr'><strong>Dominum</strong></span> <span class='ocrx_word' id='word_1_632' title='bbox 2234 4809 2396 4864; x_wconf 88' lang='lat' dir='ltr'><strong>rediit</strong></span> <span class='ocrx_word' id='word_1_633' title='bbox 2424 4825 2588 4880; x_wconf 90' lang='lat' dir='ltr'><strong>quem</strong></span> <span class='ocrx_word' id='word_1_634' title='bbox 2619 4810 2847 4878; x_wconf 91' lang='lat' dir='ltr'><strong>dimisit,</strong></span> <span class='ocrx_word' id='word_1_635' title='bbox 2880 4811 3254 4883; x_wconf 87' lang='lat' dir='ltr'><strong>participando</strong></span> <span class='ocrx_word' id='word_1_636' title='bbox 3276 4827 3498 4868; x_wconf 88' lang='lat' dir='ltr'><strong>excom-</strong></span> 
     </span>
    </p>
   </div>
   <div class='ocr_carea' id='block_1_96' title="bbox 1914 4901 3500 4975">
    <p class='ocr_par' dir='ltr' id='par_1_96' title="bbox 1914 4901 3500 4975">
     <span class='ocr_line' id='line_1_97' title="bbox 1914 4901 3500 4975; baseline 0.004 -19"><span class='ocrx_word' id='word_1_637' title='bbox 1914 4903 2226 4968; x_wconf 84' lang='lat' dir='ltr'><strong>municatis,</strong></span> <span class='ocrx_word' id='word_1_638' title='bbox 2260 4917 2490 4972; x_wconf 88' lang='lat' dir='ltr'><strong>meaque</strong></span> <span class='ocrx_word' id='word_1_639' title='bbox 2513 4901 2744 4971; x_wconf 88' lang='lat' dir='ltr'><strong>monita,</strong></span> <span class='ocrx_word' id='word_1_640' title='bbox 2773 4919 2894 4975; x_wconf 87' lang='lat' dir='ltr'><strong>qua</strong></span> <span class='ocrx_word' id='word_1_641' title='bbox 2930 4919 3030 4973; x_wconf 85' lang='lat' dir='ltr'><strong>pro</strong></span> <span class='ocrx_word' id='word_1_642' title='bbox 3069 4921 3168 4960; x_wconf 91' lang='lat' dir='ltr'><strong>sua</strong></span> <span class='ocrx_word' id='word_1_643' title='bbox 3198 4904 3371 4960; x_wconf 89' lang='lat' dir='ltr'><strong>salute</strong></span> <span class='ocrx_word' id='word_1_644' title='bbox 3395 4907 3500 4962; x_wconf 87' lang='lat' dir='ltr'><strong>sibi</strong></span> 
     </span>
    </p>
   </div>
   <div class='ocr_carea' id='block_1_97' title="bbox 1913 4995 3501 5068">
    <p class='ocr_par' dir='ltr' id='par_1_97' title="bbox 1913 4995 3501 5068">
     <span class='ocr_line' id='line_1_98' title="bbox 1913 4995 3501 5068; baseline 0.004 -18"><span class='ocrx_word' id='word_1_645' title='bbox 1913 4997 2060 5063; x_wconf 91' lang='lat' dir='ltr'><strong>misi,</strong></span> <span class='ocrx_word' id='word_1_646' title='bbox 2108 5007 2160 5052; x_wconf 89' lang='lat' dir='ltr'><strong>te</strong></span> <span class='ocrx_word' id='word_1_647' title='bbox 2206 5006 2363 5062; x_wconf 89' lang='lat' dir='ltr'><strong>teste,</strong></span> <span class='ocrx_word' id='word_1_648' title='bbox 2404 4995 2735 5066; x_wconf 84' lang='lat' dir='ltr'><strong>spernendo,</strong></span> <span class='ocrx_word' id='word_1_649' title='bbox 2780 5012 2947 5068; x_wconf 90' lang='lat' dir='ltr'><strong>seque</strong></span> <span class='ocrx_word' id='word_1_650' title='bbox 2992 4998 3062 5054; x_wconf 89' lang='lat' dir='ltr'><strong>ab</strong></span> <span class='ocrx_word' id='word_1_651' title='bbox 3106 4997 3350 5054; x_wconf 88' lang='lat' dir='ltr'><strong>Ecclesia</strong></span> <span class='ocrx_word' id='word_1_652' title='bbox 3383 5007 3501 5066; x_wconf 87' lang='lat' dir='ltr'><strong>tua,</strong></span> 
     </span>
    </p>
   </div>
   <div class='ocr_carea' id='block_1_98' title="bbox 1913 5085 3507 5154">
    <p class='ocr_par' dir='ltr' id='par_1_98' title="bbox 1913 5085 3507 5154">
     <span class='ocr_line' id='line_1_99' title="bbox 1913 5085 3507 5154; baseline 0.004 -14"><span class='ocrx_word' id='word_1_653' title='bbox 1913 5095 2131 5144; x_wconf 89' lang='lat' dir='ltr'><strong>tentans</strong></span> <span class='ocrx_word' id='word_1_654' title='bbox 2161 5102 2283 5142; x_wconf 90' lang='lat' dir='ltr'><strong>eam</strong></span> <span class='ocrx_word' id='word_1_655' title='bbox 2313 5085 2581 5152; x_wconf 88' lang='lat' dir='ltr'><strong>scindere,</strong></span> <span class='ocrx_word' id='word_1_656' title='bbox 2617 5087 2942 5154; x_wconf 87' lang='lat' dir='ltr'><strong>separando,</strong></span> <span class='ocrx_word' id='word_1_657' title='bbox 2972 5088 3191 5144; x_wconf 86' lang='lat' dir='ltr'><strong>vinculo</strong></span> <span class='ocrx_word' id='word_1_658' title='bbox 3220 5103 3346 5142; x_wconf 88' lang='lat' dir='ltr'><strong>eum</strong></span> <span class='ocrx_word' id='word_1_659' title='bbox 3371 5105 3507 5147; x_wconf 89' lang='lat' dir='ltr'><strong>ana-</strong></span> 
     </span>
    </p>
   </div>
   <div class='ocr_carea' id='block_1_99' title="bbox 1915 5177 3508 5248">
    <p class='ocr_par' dir='ltr' id='par_1_99' title="bbox 1915 5177 3508 5248">
     <span class='ocr_line' id='line_1_100' title="bbox 1915 5177 3508 5248; baseline 0.001 -13"><span class='ocrx_word' id='word_1_660' title='bbox 1915 5179 2173 5235; x_wconf 90' lang='lat' dir='ltr'><strong>thematis</strong></span> <span class='ocrx_word' id='word_1_661' title='bbox 2191 5179 2309 5232; x_wconf 86' lang='lat' dir='ltr'><strong>vice</strong></span> <span class='ocrx_word' id='word_1_662' title='bbox 2337 5185 2429 5230; x_wconf 91' lang='lat' dir='ltr'><strong>tua</strong></span> <span class='ocrx_word' id='word_1_663' title='bbox 2457 5177 2639 5248; x_wconf 82' lang='lat' dir='ltr'><strong>alligo,</strong></span> <span class='ocrx_word' id='word_1_664' title='bbox 2663 5186 2721 5232; x_wconf 90' lang='lat' dir='ltr'><strong>et</strong></span> <span class='ocrx_word' id='word_1_665' title='bbox 2743 5181 2824 5236; x_wconf 90' lang='lat' dir='ltr'><strong>sic</strong></span> <span class='ocrx_word' id='word_1_666' title='bbox 2844 5195 2970 5235; x_wconf 88' lang='lat' dir='ltr'><strong>eum</strong></span> <span class='ocrx_word' id='word_1_667' title='bbox 2993 5196 3059 5236; x_wconf 83' lang='lat' dir='ltr'><strong>ex</strong></span> <span class='ocrx_word' id='word_1_668' title='bbox 3082 5179 3280 5237; x_wconf 83' lang='lat' dir='ltr'><strong>fiducia</strong></span> <span class='ocrx_word' id='word_1_669' title='bbox 3307 5188 3399 5235; x_wconf 87' lang='lat' dir='ltr'><strong>tua</strong></span> <span class='ocrx_word' id='word_1_670' title='bbox 3425 5184 3508 5236; x_wconf 92' lang='lat' dir='ltr'><strong>al-</strong></span> 
     </span>
    </p>
   </div>
   <div class='ocr_carea' id='block_1_100' title="bbox 3143 5271 3478 5308">
    <p class='ocr_par' dir='ltr' id='par_1_100' title="bbox 3143 5271 3478 5308">
     <span class='ocr_line' id='line_1_101' title="bbox 3143 5271 3478 5308; baseline 0 0"><span class='ocrx_word' id='word_1_671' title='bbox 3143 5274 3188 5308; x_wconf 69' lang='lat' dir='ltr'><strong>ia</strong></span> <span class='ocrx_word' id='word_1_672' title='bbox 3233 5280 3288 5308; x_wconf 75' lang='lat' dir='ltr'><strong>tu</strong></span> <span class='ocrx_word' id='word_1_673' title='bbox 3315 5287 3374 5308; x_wconf 73' lang='lat' dir='ltr'><strong>nc</strong></span> <span class='ocrx_word' id='word_1_674' title='bbox 3407 5271 3478 5308; x_wconf 75' lang='lat' dir='ltr'><strong>Da</strong></span> 
     </span>
    </p>
   </div>
  </div>
