3988 5328
540 314 644 373 795

1217 315 1273 372 S.
1316 313 1645 373 GREGORII
1689 315 1776 375 Vll
1815 314 1965 372 OPP.
2006 301 2202 371 PARS
2227 313 2316 372 Ill.
2357 345 2427 354 —
2456 312 2789 371 CONCILIA
2827 312 3134 370 ROMANA.

3703 311 3807 366 795

539 447 747 490 morem
775 429 892 490 fore
927 430 1260 498 intellexisti,
1284 431 1516 503 ideoque
1534 440 1594 488 et
1617 431 1883 504 in'ipsam
1914 431 2124 502 regiam
2153 433 2199 490 Α
2228 445 2336 486 non
2366 429 2598 500 excepit.
2635 427 2716 484 Tu
2746 443 2878 500 ergo
2913 428 3019 484 hoc
3067 427 3444 494 anathemate,
3474 434 3532 483 et
3565 427 3806 482 omnium

539 532 888 594 potestatem,
911 522 1072 578 nobis
1097 537 1130 577 a
1168 521 1282 576 Deo
1318 538 1660 591 concessam,
1681 539 1978 595 exsurgere
2011 539 2123 578 non

540 615 796 682 timuisti,
838 629 1006 686 quam
1050 622 1104 670 te
1137 613 1296 670 nobis
1323 615 1542 671 auferre
1581 631 1754 672 ausus
1785 629 1846 672 es
1889 614 2122 682 minari;

539 709 700 780 quasi
729 722 832 764 nos
861 723 895 763 a
927 715 982 764 te
1009 723 1239 779 regnum
1271 709 1676 780 acceperimus;
1721 708 1880 780 quasi
1919 709 1976 764 in
2010 715 2125 776 tua,

538 809 597 859 et
631 815 742 855 non
791 799 846 854 in
893 797 991 856 Dei
1032 815 1222 866 manu,
1279 800 1353 856 sit
1405 816 1638 874 regnum
1679 801 1766 858 vel
1811 801 2126 872 imperium,

540 891 636 964 qui
667 888 938 947 Dominus
979 899 1170 948 noster
1201 889 1364 949 Jesus
1401 907 1504 949 nos
1535 893 1603 949 ad
1647 908 1900 964 regnum,
1947 901 2000 949 te
2031 907 2130 949 au-

539 993 652 1040 tem
703 997 817 1038 non
874 983 1094 1040 vocavit
1150 983 1219 1040 ad
1271 985 1662 1040 sacerdotium.
1715 983 1799 1040 Tu
1848 985 1996 1040 enim
2045 984 2131 1040 bis

539 1075 803 1148 gradibus
850 1075 1173 1144 ascendisti,
1233 1077 1442 1134 scilicet
1491 1078 1713 1144 astutia,
1756 1075 1904 1148 quod
1941 1091 2129 1132 mona-

539 1167 700 1224 chica
755 1166 1026 1238 professio
1080 1169 1467 1238 abominatur,
1514 1169 1804 1242 pecuniam
1862 1169 2129 1240 pecunia,

541 1259 788 1316 favorem
834 1259 1023 1318 favore
1040 1303 1055 1328 ,
1109 1261 1316 1318 ferrum
1367 1261 1546 1327 ferro;
1595 1262 1780 1318 sedem
1823 1261 1976 1333 pacis
2036 1261 2134 1318 atl-

541 1353 658 1420 isti,
681 1361 755 1435 {et
777 1353 846 1410 de
886 1355 1014 1411 sede
1053 1355 1208 1426 pacis
1237 1369 1428 1428 pacem
1471 1355 1736 1422 turbasti,
1763 1353 1895 1411 dum
1940 1353 2132 1410 subdi-

541 1453 633 1502 tos
679 1445 734 1500 in
764 1447 1018 1518 prtelatos
1067 1447 1319 1515 armasti,
1351 1447 1484 1502 dum
1523 1447 1814 1518 episcopos
1855 1453 2076 1503 nostros
2101 1461 2132 1501 a

548 1535 662 1593 Deo
697 1545 940 1607 vocatos,
975 1549 1036 1594 tu
1069 1554 1178 1595 non
1209 1548 1462 1604 vocatus,
1497 1539 1836 1612 spernendos
1873 1538 2132 1606 docuisti,

2229 522 2614 594 episcoporum
2646 531 2960 576 nostrorum
2983 519 3232 591 judicio,
3258 527 3314 576 et
3352 527 3548 576 nostro
3584 518 3806 576 damna-

2231 623 2340 684 tus,
2378 613 2677 681 descende;
2719 613 3054 670 vindicatam
3090 611 3276 670 sedem
3318 611 3682 684 apostolicam
3723 627 3808 666 rc-

2227 707 2444 779 linque;
2472 706 2616 764 alius
2646 706 2702 762 in
2744 703 2930 762 sedem
2975 704 3120 761 beati
3171 703 3321 764 Petri
3377 703 3677 770 ascendat,
3717 702 3808 776 qui

2229 798 2378 854 nulla
2404 799 2722 855 violentiam
2743 797 3008 870 religione
3021 795 3228 867 palliet,
3244 796 3342 854 sed
3362 795 3426 853 Β.
3453 795 3606 852 Petri
3625 809 3808 852 sanam

2229 891 2536 948 doctrinam
2576 890 2789 948 doceat.
2809 888 2938 962 'Ego
2989 885 3282 944 lleinricus
3327 887 3426 944 Dei
3471 887 3655 962 gratia
3691 902 3809 943 cum

2230 983 2490 1041 omnibus
2517 983 2794 1058 episcOpis
2825 979 3032 1038 nostris
3066 979 3166 1037 tibi
3205 980 3486 1042 dicimus:
3519 978 3808 1047 Descende,

2231 1074 2520 1132 descende.

2302 1167 2438 1237 Qua:
2461 1168 2658 1224 litterae
2680 1166 2890 1241 (subdit
2917 1167 3190 1225 annalists
3223 1164 3374 1223 Saxo
3405 1164 3666 1238 Eccardi)
3692 1181 3810 1224 cum

2233 1261 2439 1317 domno
2460 1276 2613 1332 papae
2640 1261 2698 1315 in
2728 1259 2956 1318 basilica
2981 1258 3338 1316 Lateranensi
3378 1266 3586 1316 sancta
3612 1258 3814 1331 εγω.ῒο

2231 1351 2544 1423 praesidenti
2580 1350 2817 1408 fuissent
2837 1351 3036 1418 allatae,
3083 1358 3140 1406 et
3175 1365 3362 1406 coram
3403 1348 3620 1421 synodo
3643 1349 3816 1419 palam

2233 1445 2496 1510 recitata,
2531 1453 2685 1504 tanta
2721 1444 2784 1501 ﬁt
2813 1445 2867 1502 in
2904 1443 3146 1501 Ecclesia
3175 1442 3496 1508 commotio,
3522 1449 3588 1496 ut
3614 1441 3818 1512 legates

2237 1536 2503 1612 (Henrici)
2533 1537 2642 1592 nisi
2698 1537 2843 1592 inter
2889 1534 3177 1607 apostolici
3227 1535 3394 1606 pedes
3440 1533 3818 1589 defensionem

543 1628 678 1684 dum
720 1629 876 1687 laicis
919 1632 1291 1688 ministerium
1345 1647 1539 1688 eorum
1596 1646 1763 1704 super
1822 1633 2136 1688 sacerdotes
2235 1629 2553 1698 invenisset,
2577 1628 2927 1686 membratim
2954 1627 3192 1684 laniatus
3218 1627 3536 1684 interiisset.
3565 1625 3821 1696 Sequenti

549 1726 856 1795 usurpasti,
889 1735 950 1782 ut
997 1727 1102 1798 ipsi
1131 1727 1410 1799 deponant
1452 1727 1536 1784 vel
1573 1735 1959 1796 contemnant,
1994 1743 2136 1800 quos
2234 1723 2326 1780 die
2372 1723 2632 1780 dominus
2680 1738 2822 1798 papa
2874 1737 3061 1780 coram
3111 1720 3322 1794 synodo
3368 1717 3678 1776 declaravit
3717 1733 3820 1789 qua

545 1815 652 1886 ipsi
679 1832 710 1872 a
738 1833 908 1874 manu
939 1818 1034 1876 Dei
1067 1836 1166 1892 per
1191 1819 1600 1892 impositionem
1625 1836 1890 1876 manuum
1921 1821 2136 1892 episco-
2236 1815 2657 1874 mansuetudine
2685 1831 2870 1888 regem
2911 1815 2979 1871 de
3019 1812 3234 1886 magnis
3265 1811 3603 1870 criminibus
3646 1809 3819 1866 corri-

549 1909 758 1978 palium
792 1910 1049 1968 descendi
1086 1923 1430 1984 acceperant.
1466 1911 1551 1968 Me
1596 1928 1850 1985 quoque,
1886 1913 1981 1984 qui
2010 1912 2138 1969 licet
2169 1901 2213 1956 Β
2236 1909 2478 1982 puisset;
2537 1917 2708 1981 utque
2756 1909 3048 1981 episcopos
3088 1923 3121 1964 a
3166 1906 3487 1979 captivitate
3538 1905 3823 1972 liberaret,

547 1999 806 2070 indignus
852 2001 998 2058 inter
1043 2003 1298 2060 Christos
1333 2004 1402 2060 ad
1449 2020 1678 2076 regnum
1733 2020 1859 2060 sum
1911 2012 2132 2072 unctus,
2237 2009 2446 2073 quanta
2484 2001 2756 2058 suavitate
2785 2007 3036 2072 rogasset
3057 2007 3112 2056 et
3124 1998 3408 2070 jussisset,
3432 2005 3827 2068 quantamque

547 2093 796 2164 tetigisti,
833 2110 995 2166 quem
1023 2106 1342 2153 sanctorum
1367 2096 1595 2154 Patrum
1629 2097 1856 2153 traditio
1893 2097 1998 2154 soli
2023 2095 2134 2152 Deo
2237 2093 2508 2163 superbiae
2531 2091 2962 2148 amaritudinem
2981 2091 3298 2162 recepisset.
3345 2088 3580 2156 Deinde,
3615 2086 3827 2156 cunctis

543 2183 904 2253 iudicandum
941 2186 1438 2260 deponendumque
1469 2189 1830 2246 commiserit.
1856 2188 1977 2260 Ipse
1997 2203 2137 2262 quo-
2241 2185 2716 2252 acclamantibus,
2778 2199 2849 2242 ne
2920 2183 3047 2241 talis
3115 2180 3450 2240 contumelia
3523 2186 3828 2237 remaneat

549 2289 658 2342 que
679 2291 844 2333 verus
867 2292 1002 2348 papa
1017 2277 1076 2333 Β.
1099 2277 1296 2336 Petrus
1307 2281 1534 2336 clamat:
1563 2281 1732 2336 Dauni
1755 2283 1952 2350 timete,
1967 2297 2138 2352 regem

549 2364 896 2438 honori/icore
932 2367 990 2439 (Ι
1019 2368 1170 2426 Petr.
1203 2373 1287 2443 ιι).
1321 2370 1402 2426 Tu
1433 2382 1638 2439 autem,
1661 2372 1790 2442 quia
1825 2370 1996 2426 Deum
2023 2387 2136 2426 non

548 2457 745 2526 times,
791 2474 880 2514 me
926 2461 1290 2518 constitutum
1329 2463 1450 2533 ejus
1498 2463 1823 2519 inhonoras.
1869 2461 2026 2519 Unde
2071 2462 2132 2519 B.

549 2545 756 2606 Paulus
805 2550 900 2606 ubi
943 2553 1138 2624 angelo
1185 2555 1252 2610 de
1287 2555 1450 2622 coelo,
1501 2555 1546 2612 si
1583 2556 1690 2612 alia
1740 2555 2136 2626 praedicaverit,

553 2655 666 2696 non
719 2643 990 2714 pepercit,
1035 2653 1090 2702 te
1123 2661 1344 2719 quoque
1387 2647 1442 2704 in
1485 2648 1648 2706 terris
1696 2649 1804 2706 alia
1848 2649 2138 2706 docentem

2241 2275 2437 2341 inulta,
2468 2274 2717 2330 omnium
2743 2273 2979 2330 consilio
3010 2280 3065 2328 et
3085 2286 3364 2328 consensu
3410 2268 3717 2325 ﬂenricum
3741 2285 3828 2342 sy-

2243 2367 2427 2424 nodali
2449 2367 2660 2440 judicio
2681 2367 2982 2436 damnavit,
3007 2365 3266 2437 regisque
3287 2363 3518 2420 nomine
3537 2371 3596 2418 et
3627 2363 3830 2427 iuniore

2241 2461 2504 2532 privavit,
2555 2468 2721 2530 atque
2761 2457 3128 2516 anathematis
3182 2455 3381 2528 gladio'
3420 2454 3717 2525 percussit.
3769 2450 3825 2506 Β.

2240 2555 2421 2622 Petre,
2449 2553 2826 2625 apostolorum
2847 2551 3124 2622 princeps,
3157 2556 3264 2604 etc.
3315 2545 3450 2602 Vide
3475 2547 3619 2601 inter
3639 2545 3830 2615 episto-

2239 2648 2342 2716 las,
2380 2663 2562 2720 supra.

1385 2858 2058 2952 CONCILIUM
2137 2857 2736 2953 ROMANUM
2817 2858 2990 2980 Iv,

557 3004 636 3067 In
665 3021 786 3086 quo
816 3003 1143 3072 Gilbertus
1172 3009 1522 3087 Ravennae,
1562 3011 1869 3075 Tebaldus
1908 3007 2424 3082 Mediolanensis,
2453 3007 2691 3088 aliique
2709 3005 2932 3088 ptures
2971 3003 3256 3086 episcopi
3285 2996 3828 3063 excommunicam

1770 3101 1901 3164 tur,
1935 3109 2098 3151 anno
2145 3089 2403 3152 Domini
2447 3091 2622 3152 1078.

1845 3205 2016 3264 Mans:
2045 3206 2251 3264 Concil.
2285 3206 2406 3276 XX,
2437 3206 2588 3276 503.)

2252 3367 2432 3384 ﬂ

635 3442 787 3516 (453)
823 3443 984 3498 Anno
1029 3444 1100 3498 ab
1149 3443 1532 3500 lncarnatione
1583 3445 1796 3502 Domini
1853 3448 2214 3516 millesimoc
2247 3447 2616 3506 sacerdotium
2677 3443 2920 3504 schisma
2985 3442 3165 3499 facere
3225 3456 3335 3496 non
3399 3437 3723 3504 abhorruit,
3783 3445 3836 3492 ut

565 3529 970 3602 septuagesimo
989 3539 1204 3596 octavo,
1232 3533 1586 3607 pontiﬁcatus
1627 3549 1759 3591 vero
1784 3535 1991 3592 domini
2014 3537 2150 3594 Gre-

565 3621 708 3693 gorii
760 3637 916 3692 papae
955 3621 1050 3678 V'll
1093 3640 1239 3680 anno
1296 3625 1351 3691 5,
1401 3625 1698 3682 celebravit
1724 3627 1841 3698 ipse
1891 3629 2150 3686 dominus

567 3712 866 3784 Gregorius
909 3729 1047 3786 papa
1103 3715 1411 3788 synodum,
1479 3716 1573 3773 ubi
1610 3717 1915 3776 interfuere
1963 3720 2150 3775 archi-

564 3803 810 3876 episcopi
835 3812 892 3872 et
910 3806 1152 3878 episcopi
1182 3807 1528 3864 diversarum
1548 3809 1772 3866 urbium
1793 3809 1908 3868 fere
1920 3827 2150 3868 numero

569 3903 824 3962 centum,
857 3910 1097 3952 necnon
1131 3906 1188 3954 et
1215 3898 1476 3954 abbatum
1506 3915 1572 3956 ac
1611 3899 1957 3959 diversorum
2003 3903 2154 3961 ordi-

567 3999 700 4040 num
739 3985 1068 4044 clericorum
1113 3997 1170 4046 et
1201 3989 1469 4046 laicorum
1513 3991 1932 4051 innumerabilis
1966 3995 2154 4052 multi-

567 4076 720 4132 tudo.
768 4075 829 4132 ln
875 4093 987 4150 qua
1045 4082 1347 4150 apostolica
1398 4085 1696 4141 constituta
1749 4087 2150 4157 corroborans,

567 4169 740 4226 multa
769 4185 894 4240 qua:
915 4173 1242 4246 corrigenda
1266 4182 1425 4232 erant
1452 4177 1711 4245 correxit,
1733 4187 1788 4234 et
1820 4194 1942 4250 qua:
1965 4195 2156 4236 corro-

566 4259 811 4317 boranda
865 4263 1121 4321 ﬁrmavit.
1168 4265 1318 4322 Inter
1375 4277 1574 4324 camera
1635 4284 1872 4342 namque
1931 4271 1988 4326 in
2048 4272 2156 4328 line

567 4353 850 4424 synodalia
879 4356 1246 4415 absolutionis
1287 4359 1408 4416 haec
1452 4361 1737 4426 annexuit,
1780 4370 1836 4418 et
1883 4371 2158 4433 perpetuae

567 4446 852 4504 memoriae
898 4463 1001 4519 pro
1053 4450 1292 4520 posteris
1351 4451 1640 4508 scribenda
1715 4454 2026 4522 mandavit,
2080 4454 2156 4510 ita

570 4535 806 4593 dicendo
836 4558 850 4594 :
889 4538 1191 4596 Tebaldum
1239 4540 1662 4613 (Theobaldum)
1697 4545 1903 4600 dictum
1943 4546 2159 4602 archie-

573 4627 863 4698 piscopum
897 4629 1360 4690 Mediolanensem
1385 4676 1402 4702 ,
1447 4644 1504 4690 et
1536 4634 1908 4693 Ravennatem
1947 4637 2160 4694 Gilber-

571 4728 712 4787 tum,
753 4721 1001 4780 inaudita
1052 4725 1248 4782 baaresi
1305 4734 1362 4782 et
1409 4727 1663 4798 superbia
1707 4728 1970 4785 adversus
2015 4729 2158 4785 hanc

2250 3539 2448 3596 annulo
2473 3545 2529 3594 et
2551 3551 2728 3608 usque
2751 3535 2804 3590 in
2839 3532 3104 3590 saeculum
3131 3529 3429 3602 episcopali
3453 3537 3649 3585 careat
3669 3526 3839 3597 digni-

2251 3640 2394 3698 tate,
2449 3627 2754 3702 apostolica
2807 3639 3044 3682 censura
3104 3637 3424 3690 censemus,
3472 3625 3620 3676 etut
3665 3617 3840 3672 nullus

2251 3735 2632 3779 successorum
2689 3725 3004 3774 nostrorum
3049 3730 3166 3770 suae
3205 3709 3615 3770 consecrationi
3661 3709 3842 3780 aliquo

2253 3813 2417 3870 modo
2451 3811 2782 3878 consentiat,
2814 3805 2993 3864 modis
3049 3803 3308 3860 omnibus
3362 3801 3753 3874 prohibemus,
3791 3807 3844 3853 et

2251 3913 2516 3980 perpetuo
2564 3919 2690 3961 eum
2757 3899 3108 3958 anathemate
3157 3896 3480 3968 alligamus,
3537 3893 3653 3950 nisi
3704 3891 3839 3948 resi-

2253 3997 2454 4071 puerit,
2485 4006 2540 4054 et
2563 3995 2728 4068 digne
2759 3993 2870 4049 Deo
2899 3989 3250 4048 satlsfacerit.
3279 3986 3566 4058 Hugonem
3594 3983 3841 4041 cardina-

2252 4091 2359 4147 lem
2412 4089 2556 4146 tituli
2604 4087 2793 4143 Sancti
2831 4083 3159 4150 Clementis,
3211 4079 3372 4136 tertio
3423 4077 3495 4134 ab
3546 4075 3839 4149 apostolica

2256 4183 2384 4240 sede
2415 4181 2759 4246 damnatum,
2786 4191 2854 4234 eo
2875 4175 3022 4248 quod
3060 4173 3338 4245 aspirator
3367 4179 3422 4226 et
3444 4169 3640 4225 socius
3674 4167 3844 4222 factus

2257 4275 2484 4332 haeresis
2542 4271 2768 4329 Cadaloi
2815 4267 3134 4325 Parmensis
3193 4263 3471 4337 episcopi,
3529 4269 3589 4318 et
3653 4261 3842 4316 iterum

2257 4367 2589 4425 constitutus
2622 4365 2834 4436 legatus
2880 4359 3198 4434 apostolicae
3246 4357 3428 4424 sedis,
3475 4353 3760 4411 haereticis
3796 4360 3845 4405 ct

2261 4458 2614 4524 Simoniacis,
2641 4465 2698 4512 et
2726 4457 2798 4512 ab
2821 4453 3124 4526 apostolica
3167 4451 3295 4508 sede
3320 4447 3606 4504 damnatis
3640 4461 3703 4501 se
3723 4460 3844 4500 con-

2255 4549 2470 4622 junxit,
2516 4556 2572 4604 et
2617 4546 2780 4604 tertio
2830 4543 3007 4601 factus
3055 4549 3305 4614 apostata
3349 4546 3404 4596 et
3441 4536 3842 4594 haeresiarcha.

2261 4641 2560 4699 schismata
2595 4647 2652 4695 et
2679 4637 2982 4694 divisiones
3011 4643 3176 4706 atque
3210 4631 3487 4689 scissuras
3514 4630 3573 4685 in
3607 4627 3844 4684 Ecclesia

2262 4731 2358 4788 Dei
2385 4739 2604 4788 tentans
2638 4745 2762 4786 eam
2785 4727 3036 4784 scindere
3065 4725 3216 4792 fecit,
3247 4723 3318 4779 ab
3339 4721 3492 4778 omni
3522 4717 3842 4776 sacerdotali

575 4818 826 4900 sanctam
879 4814 1209 4871 catholicam
1257 4815 1562 4873 Ecclesiam
1606 4832 1668 4872 se
1707 4817 2058 4886 extollentes,
2090 4820 2161 4874 ab
2192 4805 2236 4860 Ῑ)
2263 4823 2443 4880 ollicio
2495 4823 2798 4900 privamus,
2849 4828 2904 4876 et
2934 4827 3048 4875 tam
3095 4817 3166 4872 ab
3221 4816 3478 4888 ingressu
3535 4821 3595 4868 et
3642 4813 3843 4868 honore

572 4899 874 4971 episcopali
905 4907 1133 4963 omnino
1179 4908 1569 4980 suspendimus
1617 4917 1674 4964 et
1721 4910 2044 4966 sacerdotali
2079 4909 2164 4965 of-

576 4991 724 5058 ticio,
767 5001 824 5049 et
869 4996 1002 5052 olim
1044 4998 1162 5068 jam
1207 4999 1414 5056 factum
1459 5001 1756 5058 anathema
1799 5017 1966 5074 super
2012 5003 2164 5074 ipsos

578 5085 930 5142 innovamus.
969 5087 1314 5161 Amulphum
1354 5090 1786 5150 Cremonensem
1822 5094 2044 5164 publice
2065 5109 2162 5150 co-

579 5187 704 5229 ram
735 5180 926 5230 nostra
951 5181 1242 5246 praesentia
1288 5182 1602 5258 convictum
1635 5193 1691 5240 et
1719 5170 2070 5240 conﬁtentem
2104 5198 2164 5240 se

581 5262 964 5321 Simoniaculn
979 5307 996 5328 .
1048 5269 1118 5324 ab
1167 5275 1316 5328 omni
1369 5275 1668 5328 episcopali
1728 5275 1906 5328 ollicio
1957 5277 2163 5328 absone

2266 4915 2540 4988 praedicta:
2583 4913 2872 4980 Ecclesia,
2914 4926 3082 4982 quam
3135 4907 3384 4963 omnium
3443 4903 3839 4966 Ecclesiannu,

2267 5009 2373 5065 sub
2404 5015 2663 5079 perpetua
2682 5015 2738 5062 ct
2759 5001 3106 5061 irrevocabili
3140 4999 3412 5056 sententia
3435 4997 3838 5056 submovemus,

2266 5111 2322 5158 et
2342 5115 2519 5172 usque
2555 5099 2624 5156 ad
2646 5095 3075 5156 satisfactionem
3104 5091 3454 5147 anathemate
3488 5086 3838 5158 percutimus.

2270 5191 2622 5249 Renovamus
2684 5189 2852 5245 etiam
2922 5181 3555 5242 excommunicationem
3617 5194 3650 5233 a
3711 5190 3838 5248 pra.

2271 5283 2654 5328 limacem-ibus
2722 5279 2930 5328 nostris
3003 5275 3207 5328 factam
3273 5287 3443 5328 SUDCI'
3516 5268 3840 5326 Gaufredum
