3988 5328
198 284 302 340 797

302 419 386 475 De
453 437 619 476 causa
660 437 792 504 regis
829 420 1012 504 [deest
1038 419 1256 504 Henrici
1294 430 1354 504 Aet
1402 419 1660 493 aliorum]

677 478 900 546 Hererici
916 533 931 558 ,
963 501 1014 547 et
1056 491 1310 550 aliorum;

267 619 336 676 Et
367 622 634 693 quoniam
657 623 726 678 lis
755 631 809 678 et
833 624 1170 696 perturbatio
1201 624 1374 696 (litem
1414 635 1468 680 et
1492 623 1778 695 perturba-

197 711 430 783 tionem)
456 713 610 784 regni
653 714 707 768 in
753 715 1053 770 maximum
1097 726 1298 771 sanctae
1339 714 1600 770 Ecclesiae
1633 713 1778 784 peri-

197 803 385 857 culum
406 813 463 859 et
490 805 874 861 detrimentum
902 807 1144 878 quotidie
1167 807 1468 862 redundare
1499 806 1777 862 cernimus

198 891 334 964 [lege
361 893 721 967 cernuntur],
745 896 920 966 placet
936 897 1093 951 nobis
1119 897 1400 952 elaborare
1424 911 1523 968 pro
1544 895 1774 962 viribus,

199 992 477 1052 quatenus
509 985 689 1041 idonei
721 996 830 1042 tam
858 987 1119 1058 religione
1152 1003 1317 1058 quam
1357 988 1521 1043 etiam
1550 985 1776 1042 sclentia

198 1075 470 1142 pollentes
503 1078 681 1133 nuntii
706 1093 737 1132 e
768 1079 939 1136 latere
983 1081 1295 1150 apostolica:
1330 1080 1474 1135 sedis
1503 1079 1569 1134 ad
1597 1089 1778 1149 partes

197 1163 321 1222 illas
363 1167 688 1237 mittantur,
736 1171 828 1240 qui
879 1185 1073 1226 omnes
1127 1171 1410 1242 religiosos
1459 1182 1513 1226 et
1553 1170 1779 1241 justitize

198 1265 480 1314 amatores
513 1260 570 1314 in
604 1259 886 1317 Teutonici
919 1263 1070 1332 regni
1101 1264 1346 1334 partibus
1378 1271 1778 1319 commorantes

197 1349 474 1408 clericalis
503 1360 559 1406 et
601 1353 809 1410 laicalis
852 1354 1060 1411 ordinis
1110 1354 1259 1410 viros
1301 1364 1354 1410 et
1389 1355 1454 1410 ad
1494 1355 1600 1409 hoc
1640 1369 1778 1424 Opus

196 1440 428 1497 idoneos
487 1453 826 1511 convocent,
879 1460 1002 1500 cum
1062 1446 1264 1516 quibus
1313 1445 1552 1516 (Domini
1607 1445 1777 1517 gratia

196 1535 503 1604 praeeunte)
525 1546 621 1591 aut
654 1537 816 1592 ﬁnem
844 1547 897 1592 ct
917 1554 1102 1609 pacem
1135 1539 1282 1609 juste
1313 1547 1662 1610 componant,
1687 1547 1780 1592 aut

192 1625 427 1682 veritate
457 1628 813 1700 prac0gnita,
847 1630 934 1685 cui
960 1631 1101 1700 parti
1145 1630 1320 1702 magis
1344 1630 1555 1701 justitia
1579 1629 1774 1696 faveat,

192 1717 258 1772 ad
294 1717 527 1787 plenum
553 1720 837 1776 addiscere
863 1723 1106 1789 valeant;
1135 1733 1405 1793 quatenus
1427 1738 1554 1793 pars
1576 1723 1774 1793 injusta
1812 1743 1852 1797 Β

187 1809 444 1878 desistat,
484 1820 541 1866 et
571 1813 866 1883 apostolica
925 1815 1248 1871 auctoritate
1298 1816 1532 1881 munita,
1560 1807 1769 1885 iustitia

189 1903 395 1971 vigoris
443 1913 500 1958 et
531 1906 873 1961 auctoritatis
918 1907 1084 1962 robur
1111 1908 1370 1963 obtineat.
1404 1906 1606 1964 Verum
1636 1923 1776 1979 quo-

189 1995 338 2049 niam
390 1997 693 2053 nonnullos
728 1999 998 2054 diabolico
1059 2001 1318 2056 instinctu
1365 2001 1649 2068 collectos,
1689 2011 1772 2072 ty-

189 2089 444 2144 rannidis
493 2105 608 2145 sua:
652 2090 867 2148 facibus
916 2109 1205 2158 accensos,
1239 2093 1416 2164 turpis
1462 2094 1599 2148 lucri
1642 2109 1772 2149 ava-

188 2181 333 2236 ritiae
370 2184 750 2255 mancipatos,
786 2187 1115 2242 discordiam
1167 2188 1349 2257 potius
1385 2203 1549 2258 quam
1587 2203 1771 2258 pacem

189 2272 309 2328 ﬁeri
357 2285 414 2330 et
457 2276 644 2332 videre
695 2278 1097 2344 desiderantes,
1125 2277 1243 2333 fore
1281 2295 1390 2334 non
1426 2280 1770 2350 ignoramus;

189 2372 490 2428 statuimus
539 2381 599 2427 ut
645 2373 793 2428 nulla
845 2389 1084 2444 unquam
1121 2391 1350 2445 persona
1397 2377 1628 2446 alicujus
1670 2392 1771 2446 po-

190 2464 413 2531 tentiae,
465 2465 580 2521 sive
625 2480 755 2532 rex,
798 2476 892 2520 aut
940 2467 1416 2538 archiepiscopus,
1453 2469 1770 2538 cpiscopus,

190 2553 334 2622 dux,
383 2569 608 2624 comes,
655 2555 936 2622 marchio,
984 2555 1099 2611 sive
1155 2557 1345 2623 miles,
1401 2557 1582 2628 aliqua
1636 2573 1773 2627 prae-

191 2647 543 2718 sumptione,
599 2647 962 2704 temerariove
1021 2664 1197 2716 ausu,
1265 2649 1485 2715 fraude,
1548 2649 1770 2713 dolove,

191 2754 287 2794 seu
348 2739 536 2810 aliqua
593 2739 1039 2810 perturbatione,
1108 2741 1301 2811 legatis
1361 2741 1566 2796 nostris
1618 2739 1770 2796 obsi-

191 2839 337 2886 stere
393 2839 450 2887 et
506 2832 811 2899 contraire,
860 2848 930 2887 ne
960 2833 1232 2903 justitiam
1293 2842 1349 2890 et
1396 2833 1558 2890 finem
1617 2849 1770 2890 com-

193 2930 431 2990 ponant,
479 2929 806 2990 pertentent.
866 2921 1190 2995 Quicunque
1237 2933 1418 2979 autem
1478 2924 1771 2979 temerario

192 3027 331 3065 ausu
377 3012 545 3082 (quod
586 3028 697 3067 non
747 3012 1026 3085 optamus)
1063 3015 1228 3085 hujus
1273 3024 1476 3070 nostra:
1505 3015 1771 3070 constitu-

191 3103 360 3157 tionis
418 3102 654 3158 violator
731 3104 1030 3171 exstiterit,
1092 3105 1391 3176 legatisque
1443 3106 1648 3161 nostris
1706 3106 1772 3160 ad
1801 3091 1840 3146 C-

192 3192 339 3248 banc
377 3207 569 3262 pacem
607 3194 1040 3263 componendam
1070 3196 1325 3250 euntibus
1365 3195 1774 3265 prmnominatis

192 3282 445 3340 fraudem
487 3301 765 3356 opponere
799 3287 1108 3354 tentaverit,
1138 3288 1357 3343 vinculo
1385 3303 1510 3342 eum
1549 3289 1774 3342 anathe-

192 3375 358 3431 matis
381 3376 689 3448 alligamus,
718 3386 772 3432 et
796 3393 905 3432 non
958 3378 1134 3432 solum
1199 3378 1254 3431 in
1317 3377 1532 3446 spiritu,
1584 3393 1771 3432 verum

189 3467 357 3522 etiam
387 3478 443 3523 et
468 3469 524 3524 in
551 3486 780 3540 corpore
810 3452 1032 3541 etpmni
1054 3471 1413 3540 prosperitate
1451 3471 1614 3541 hujus
1651 3469 1774 3524 vita:

191 3560 491 3630 apostolica
517 3570 784 3632 potestate
814 3563 1163 3629 innodamus,
1189 3569 1244 3616 et
1269 3561 1552 3616 victoriam
1583 3561 1771 3631 ejusin

191 3651 360 3706 armis
395 3651 736 3721 auferimus;
773 3662 834 3708 ut
881 3654 961 3710 sic
1006 3653 1201 3710 saltem
1245 3653 1672 3720 confundantur,
1719 3660 1774 3708 et

188 3742 391 3814 duplici
427 3744 756 3801 confusione
792 3754 845 3800 et
875 3745 1204 3801 contritione
1229 3753 1600 3802 conterantur.
1639 3743 1769 3800 Item

189 3833 452 3891 Bainario
497 3852 631 3892 vero
668 3837 930 3910 Ugizzoni
967 3837 1248 3908 (Rainerio
1281 3854 1412 3894 vero
1451 3835 1770 3907 Vidicionis)

188 3930 300 3983 ﬁlio
331 3928 583 3984 inducias
613 3929 779 3984 trium
805 3930 1266 3986 hebdomadarum
1301 3931 1516 3985 damus.
1545 3929 1700 3996 Quod
1724 3930 1768 3986 si

189 4020 242 4074 in
267 4021 445 4091 spatio
479 4022 589 4076 isto
617 4037 804 4078 coram
830 4022 1115 4092 prmsentia
1142 4031 1330 4078 nostra
1359 4030 1453 4077 aut
1474 4037 1570 4091 per
1604 4037 1662 4076 se
1677 4028 1770 4074 aut

188 4128 283 4182 per
312 4113 524 4184 legatos
561 4130 695 4170 suos
719 4114 988 4185 justitiam
1012 4113 1190 4169 facere
1220 4113 1475 4180 noluerit,
1503 4127 1568 4167 eo
1623 4111 1768 4183 quod

186 4204 409 4260 fratrem
432 4221 598 4260 suum
625 4221 794 4261 manu
821 4223 919 4261 sua
955 4205 1248 4273 interemit,
1277 4213 1334 4260 et
1366 4205 1534 4260 multa
1582 4205 1767 4276 perju-

185 4294 265 4350 ria
295 4305 356 4352 ut
375 4298 641 4354 scelestus
668 4298 949 4353 incurrere
982 4313 1093 4353 non
1126 4297 1433 4362 abhorruit,
1471 4305 1526 4352 et
1567 4311 1768 4368 cogna-

188 4395 298 4442 tam
324 4405 484 4444 suam
507 4400 562 4445 et
587 4390 847 4460 pupillos,
875 4391 1078 4445 liberos
1108 4390 1296 4460 utique
1325 4388 1509 4444 fratris
1537 4389 1645 4455 sui,
1671 4403 1765 4443 ca-
1801 4428 1844 4482 ι)

185 4487 297 4534 stra
325 4495 518 4535 eorum
553 4480 862 4550 diripiendo
895 4489 948 4536 ct
972 4481 1193 4551 praedia,
1229 4489 1419 4536 contra
1466 4479 1766 4550 periculum

185 4570 381 4627 animae
402 4587 520 4628 sua:
544 4588 745 4628 vexare
769 4588 875 4627 non
898 4574 1115 4629 desinit.
1149 4574 1451 4629 Transacto
1477 4572 1766 4644 praenomi-

187 4674 312 4720 nato
326 4665 564 4720 termino
593 4665 944 4720 anathemate
963 4681 1088 4722 eum
1117 4667 1383 4738 alligando
1412 4664 1765 4737 percutimus.

186 4751 249 4808 Et
274 4754 444 4810 lilium
465 4754 784 4811 comitis....
809 4755 952 4812 datis
978 4756 1212 4812 induciis
1238 4771 1411 4826 usque
1436 4757 1491 4810 in
1529 4754 1765 4820 Palmas,

185 4842 344 4900 simili
364 4844 943 4902 excommunicatione
973 4847 1318 4914 iunodamus,
1359 4863 1426 4901 eo
1470 4845 1616 4918 quod
1651 4843 1763 4901 Lu-

182 4950 394 4992 censem
465 4935 778 4993 Ecclesiam
831 4938 1010 5009 quiete
1059 4953 1280 4994 manere
1323 4953 1422 4992 sua
1459 4937 1761 5008 diripiendo

183 5029 401 5087 minime
436 5029 733 5100 permittit.
779 5029 1330 5086 Excommunicamus
1385 5028 1511 5100 (Leo
1560 5032 1764 5101 episco-

179 5136 270 5188 pus
296 5120 594 5188 Ostiensis,
623 5120 720 5175 lib.
753 5122 856 5191 ιιι.)
884 5135 1074 5176 omnes
1112 5119 1502 5187 Nortmannos,
1538 5121 1633 5192 qui
1680 5123 1762 5177 in-

177 5211 368 5268 vadere
393 5221 609 5268 terram
635 5209 821 5266 Sancti
864 5209 1008 5265 Petri
1040 5211 1310 5277 laborant,
1347 5211 1593 5266 videlicet
1619 5231 1763 5268 mar-

180 5303 346 5328 -L.‘-....
380 5302 708 5328 ετξ-...Ληιι-νι
765 5303 1016 5328 ,ἰηιιιιΙη-ςι
1057 5302 1408 5328 ΩκιιιιΔΑ--ιανι
1466 5313 1511 5328 ,ιι
1554 5319 1644 5328 ΛΑ..
1675 5304 1760 5328 ---2

1394 281 1764 342 CUNCIHUM
1807 280 2148 337 ROMANUM
2186 283 2271 337 ιν.

3349 285 3452 340 798

1802 396 1848 449 Δ
1875 408 1951 450 re.
1986 393 2284 464 Episcopus
2333 411 2462 452 vero
2505 396 2600 467 qui
2650 396 2886 466 acceptis
2931 397 3176 466 epistolis
3226 398 3451 466 nostris,

1877 494 1971 540 aut
1995 485 2250 555 cognitis,
2307 501 2484 556 neque
2518 502 2614 557 per
2671 501 2750 552 se,
2787 501 2966 556 neque
3000 501 3096 556 per
3133 487 3451 543 canonicam

1875 577 2282 633 excusationem
2304 577 2372 632 ad
2421 587 2743 648 prasentem
2781 577 3048 650 synodum
3073 587 3356 646 venerunt,
3387 580 3454 634 ab

1874 665 2167 738 episcopali
2204 667 2590 738 suspendimus
2643 666 2841 732 ollicio,
2898 677 2956 722 et
3005 667 3322 738 quicunque
3361 684 3456 723 co-

1874 771 2021 822 rum,
2046 771 2142 812 seu
2191 756 2481 828 episcopus
2503 757 2617 812 sive
2647 756 2946 828 presbyter,
2995 757 3268 827 prtedictis
3289 755 3456 812 Non-

1876 845 2114 912 mannis,
2138 845 2315 902 donec
2341 846 2801 902 excommunicati
2827 846 3049 914 fuerint,
3097 846 3341 901 divinum
3369 845 3455 902 of-

1875 935 2060 991 ficium
2085 936 2294 1003 t‘ecerit,
2333 951 2364 991 a
2393 935 2718 992 sacerdotali
2739 937 2915 992 oflicio
2950 948 3208 1010 perpetuo
3235 939 3452 994 submo-

1876 1041 2084 1081 vemus.
2117 1025 2311 1080 Abbati
2337 1024 2581 1081 Farfensi
2615 1035 2740 1082 octo
2775 1026 3026 1082 similiter
3058 1027 3269 1084 dierum
3299 1028 3458 1083 indu-

1876 1117 1990 1172 cias
2046 1115 2432 1184 concedimus;
2488 1127 2610 1188 post
2655 1132 2816 1188 quem
2866 1119 3180 1185 terminum,
3234 1118 3340 1173 nisi
3387 1118 3457 1172 ad

1876 1207 2311 1263 emendationem
2339 1209 2570 1274 venerit,
2597 1211 3160 1279 excommunicamus,
3183 1219 3238 1265 et
3257 1209 3308 1264 ei
3329 1224 3454 1264 cor-

1879 1313 1979 1368 pus
2013 1310 2065 1353 et
2088 1301 2410 1371 sanguinem
2455 1299 2668 1356 Domini
2713 1303 3108 1369 interdicimus,
3137 1303 3458 1374 abbatisque

1879 1391 2067 1445 ordine
2099 1392 2150 1446 in
2179 1404 2499 1464 perpetuum
2533 1410 2720 1450 carere
2747 1410 2873 1452 eum
2897 1412 3184 1451 censemus

1950 1481 2014 1536 Et
2039 1486 2296 1554 quoniam
2325 1484 2420 1540 Dei
2453 1486 2660 1557 judicio
2689 1489 2984 1544 nonnullos
3013 1488 3300 1558 naufragio
3335 1505 3458 1558 pcr-

1881 1574 1958 1628 ire
2010 1579 2413 1647 cognoscimus,
2466 1588 2520 1634 et
2554 1595 2648 1635 eos
2672 1581 2828 1650 quasi
2878 1582 3032 1652 legali
3058 1581 3170 1652 jam
3195 1581 3318 1650 jure
3343 1581 3459 1635 dia-

1881 1666 2059 1720 ilOilCO
2110 1668 2220 1722 imo
2280 1669 2561 1736 instinctu,
2588 1671 2656 1725 ab
2692 1670 2778 1725 his
2801 1671 3001 1740 quibus
3035 1670 3460 1726 misericorditer

1879 1757 2149 1812 sublevari
2180 1770 2236 1815 et
2269 1761 2540 1816 consolari
2567 1761 2826 1815 deberent
2863 1761 3163 1832 depraedari
3193 1760 3460 1830 conspici-

1879 1864 2021 1914 mus,
2059 1849 2351 1907 statuimus
2386 1858 2439 1905 ct
2477 1851 2580 1905 sub
2634 1851 2996 1906 anathematis
3019 1851 3256 1918 vinculo,
3316 1860 3374 1906 ut
3425 1868 3457 1906 a

1877 1943 2364 2012 praedecessoribus
2397 1945 2600 2001 nostris
2646 1953 2906 2000 statutum
2960 1955 3064 2011 est,
3109 1946 3366 2016 jubemus
3399 1948 3459 1999 ut

1875 2027 2189 2104 quicunque
2212 2033 2535 2106 naufragum
2574 2034 2888 2106 quemlibet,
2921 2043 2975 2090 et
3028 2035 3168 2090 bona
3207 2035 3351 2089 illius
3376 2034 3460 2088 in-

1877 2123 2104 2191 venerit,
2153 2140 2344 2180 secure
2395 2134 2506 2179 tam
2554 2142 2679 2181 eum
2715 2142 2879 2196 quam
2927 2126 3112 2180 omnia
3144 2141 3242 2180 sua
3292 2125 3457 2194 (bona

1875 2210 1996 2283 sua)
2033 2213 2288 2268 dimittat.
2353 2213 2734 2272 Ordinationes
2796 2231 2926 2270 vero
2978 2217 3194 2270 illorum
3245 2215 3340 2286 qui
3390 2215 3460 2269 ab

1873 2305 2363 2361 excommunicatis
2390 2314 2520 2360 sunt
2576 2306 2833 2374 ordinati,
2875 2315 3193 2361 sanctorum
3229 2304 3456 2359 Patrum

1873 2405 2163 2466 sequentes
2217 2398 2464 2468 vestigia,
2516 2398 2701 2454 irritas
2745 2397 2860 2452 ﬁeri
2907 2413 3217 2452 censemus.
3257 2395 3458 2451 lterum

1873 2496 2189 2541 sanctorum
2253 2488 2714 2557 prtedecessorum
2755 2496 3074 2542 nostrorum
3125 2494 3328 2540 statuta
3381 2494 3460 2540 te-

1875 2587 2088 2644 nentes,
2111 2593 2207 2633 eos
2230 2579 2321 2648 qui
2344 2579 2834 2634 excommunicatis
2866 2578 3121 2634 fidelitate
3150 2586 3244 2632 aut
3278 2592 3462 2632 sacra-

1873 2678 2059 2724 mento
2114 2669 2400 2725 constricti
2449 2677 2596 2736 sunt,
2658 2671 2958 2740 apostolica
3041 2669 3366 2725 auctoritate
3427 2683 3459 2722 a

1873 2771 2218 2818 sacramento
2270 2761 2628 2828 absolvimus,
2677 2770 2822 2816 etne
2870 2760 2975 2816 sibi
3013 2760 3324 2815 fidelitatem
3355 2759 3455 2813 ob-

1857 2859 2093 2906 .servent
2126 2850 2380 2906 omnibus
2405 2849 2583 2905 modis
2606 2849 2979 2920 prohibemus.
3018 2847 3150 2904 Item
3183 2865 3194 2902 :
3222 2846 3289 2902 Et
3321 2860 3461 2916 quo-

1872 2942 2020 2996 niam
2044 2941 2265 3007 multos,
2290 2939 2530 3011 peccatis
2556 2941 2759 2994 nostris
2784 2938 3148 3009 exigentibus,
3173 2951 3272 3007 pro
3293 2951 3458 2991 causa

1872 3033 2454 3088 excommunicationis
2477 3033 2655 3103 perire
2680 3031 2926 3102 quotidie
2977 3029 3276 3095 cernimus,
3335 3041 3460 3098 par-

1877 3124 1974 3177 tim
2002 3124 2329 3194 ignorantia,
2385 3124 2582 3194 partim
2637 3123 2803 3178 etiam
2853 3122 3023 3176 nimia
3080 3119 3458 3190 simplicitate,

1876 3214 2074 3284 partim
2123 3213 2344 3279 timore,
2394 3213 2590 3283 partim
2624 3213 2789 3267 etiam
2841 3209 3194 3275 necessitate,
3261 3207 3459 3263 devicti

1875 3307 2272 3374 misericordia,
2326 3305 2691 3361 anathematis
2729 3304 3051 3360 sententiam
3104 3301 3171 3356 ad
3221 3309 3456 3368 tempus,

1875 3409 2036 3470 prout
2059 3414 2378 3470 possumus,
2404 3406 2706 3469 opportune
2735 3407 3121 3467 temperamus.
3147 3391 3457 3463 Apostolica

1874 3505 2111 3560 namque
2161 3490 2484 3546 auctoritate
2514 3487 2878 3542 anathematis
2916 3484 3137 3540 vinculo
3172 3483 3272 3538 hos
3322 3479 3452 3536 sub-

1875 3583 2163 3647 trahimus,
2215 3581 2469 3636 videlicet
2516 3594 2734 3643 uxores,
2785 3579 3005 3642 liberos,
3044 3590 3252 3639 servos,
3281 3572 3456 3627 ancilo

1873 3671 1974 3737 las,
2007 3687 2103 3728 seu
2127 3671 2417 3740 mancipia,
2454 3685 2555 3726 nec
2590 3684 2698 3723 non
2722 3667 2959 3722 rusticos
2984 3674 3036 3720 et
3059 3665 3377 3728 servientes,
3403 3673 3456 3717 et

1873 3778 2065 3817 omnes
2090 3763 2228 3817 alios
2252 3761 2348 3832 qui
2378 3775 2489 3815 non
2515 3761 2652 3815 adeo
2695 3758 2933 3815 curiales
2964 3765 3112 3821 sunt,
3166 3764 3224 3810 ut
3261 3771 3452 3810 eorum

1871 3851 2104 3906 consilio
2128 3851 2332 3906 scelera
2363 3857 2762 3918 perpetrentur,
2796 3857 2851 3901 et
2872 3847 2995 3900 illos
3019 3844 3112 3914 qui
3141 3843 3456 3913 ignorantcr

1869 3940 2358 3997 excommunicatis
2403 3937 2832 4002 communicant,
2865 3950 2962 3989 seu
2992 3935 3114 3986 illos
3165 3931 3259 4000 qui
3304 3947 3456 3984 com-

1870 4032 2153 4086 municant
2176 4046 2301 4086 cum
2337 4029 2417 4085 eis
2437 4029 2531 4100 qui
2555 4027 2962 4084 communicant
3002 4024 3422 4080 excommuniea
3446 4053 3454 4061 -

1869 4125 1960 4180 tis.
1987 4122 2312 4192 Quicunque
2339 4129 2519 4175 autem
2566 4129 2660 4173 aut
2711 4126 2915 4182 orator,
2948 4115 3062 4170 sive
3110 4113 3451 4184 peregrinus,

1869 4225 1964 4272 aut
1987 4216 2165 4272 viator
2195 4215 2251 4270 in
2299 4222 2500 4268 terram
2531 4207 3131 4266 excommunicatorum
3153 4204 3450 4267 devenerit,

1870 4307 1964 4363 ubi
1991 4323 2100 4362 non
2127 4305 2300 4377 possit
2325 4318 2526 4369 emere,
2550 4301 2635 4354 vel
2663 4314 2772 4353 non
2819 4298 2982 4352 habet
3021 4296 3161 4352 unde
3191 4304 3355 4359 emat,
3385 4294 3452 4348 ab

1869 4395 2356 4454 cxcommunicatis
2406 4390 2709 4463 accipiendi
2759 4388 3038 4444 licentiam
3067 4388 3281 4443 damus.
3310 4383 3375 4439 Et
3405 4383 3451 4439 si

1871 4489 1996 4560 quis
2025 4485 2516 4545 excommunicatis
2541 4499 2641 4554 pro
2676 4482 3092 4546 sustentatione,
3129 4494 3236 4533 non
3263 4492 3454 4546 super-

1871 4580 1972 4636 bia:
2006 4580 2100 4635 sed
2125 4576 2481 4634 humanitatis
2533 4591 2719 4641 causa,
2758 4572 2964 4644 aliquid
3019 4571 3148 4626 dare
3194 4567 3452 4638 voluerit,

1870 4671 1988 4727 ﬁeri
2025 4687 2135 4726 non
2157 4669 2532 4741 prohibemus.

1943 4763 2136 4818 Actum
2166 4761 2354 4816 Romae
2381 4760 2436 4814 in
2459 4757 2689 4813 ecclesia
2710 4755 2924 4810 Domini
2941 4752 3242 4810 Salvatoris
3264 4749 3460 4820 quinto

1871 4853 2056 4909 Nonas
2087 4853 2285 4918 Martii,
2318 4851 2618 4907 indictione
2643 4847 2837 4918 prima.

2354 4957 2507 4997 NOTrI-I
2547 4953 2788 4998 SEVEBINI
2819 4952 2967 4991 BlNll.

1938 5037 2257 5108 Concilium.
2289 5033 2388 5108 liis
2413 5034 2558 5108 actis
2587 5029 2940 5108 synodalibus
2973 5026 3322 5108 redarguitur
3353 5024 3476 5108 Ma-

1868 5108 2062 5164 rianus
2088 5107 2285 5176 SCOill_S
2322 5100 2703 5176 in_Chronico,
2740 5100 2991 5156 scribens
3027 5100 3356 5176 Gregorium
3414 5100 3474 5176 in

1869 5179 1973 5233 hac
2003 5178 2210 5242 synodo
2234 5172 2531 5242 llenricum
2562 5164 2743 5242 regem
2783 5185 2953 5240 regno
2980 5164 3248 5242 privasse,
3300 5164 3473 5242 il_l_ud-

1872 5264 1978 5317 que
2081 5234 2690 5328 _Rodulpl.1um.Suevi:ve‘
2705 5234 2900 5328 ducem
2931 5234 3475 5328 transtulissfgﬁf‘m
