3988 5328
173 236 293 293 805

1402 233 1778 293 CONCILIUM
1818 233 2163 291 ROMANUM
2207 234 2268 290 Υ.

173 352 516 409 auctoritate
541 352 704 411 ofﬁcii
731 351 837 409 sibi
862 351 1144 409 commissi
1198 352 1374 407 multo
1397 350 1685 407 sollicitius
1708 351 1776 406 ad
1806 359 1849 414 Α
1877 351 2100 407 catione
2131 359 2327 406 vestrae.
2350 350 2650 407 tiliationis.
2678 348 2799 406 Non
2820 350 2998 407 solum
3022 366 3169 408 enim
3229 369 3331 411 nos
3374 372 3465 414 res

170 446 311 501 vita:
362 444 802 500 meliorationem
853 459 980 499 eum
1019 444 1076 499 in
1115 443 1235 500 dies
1269 443 1612 509 hortabatur,
1647 458 1774 499 cum

174 538 276 593 ille
306 538 665 593 excusatione
697 538 873 592 aetatis
927 536 1085 591 fluxa:
1126 544 1180 592 et
1226 534 1435 607 fragilis
1480 536 1549 592 de
1587 535 1675 591 die
1718 535 1774 590 in

173 631 330 686 diem
358 630 570 685 monita
615 629 737 699 ejus
781 642 842 684 se
896 635 1286 698 suscepturum
1322 627 1505 684 verbis
1553 626 1772 698 quidem

175 723 553 793 promitteret,
580 729 839 777 caeterum
860 735 921 775 re
944 728 1000 775 et
1019 719 1442 792 exaggeratione
1464 718 1771 790 culparum,

176 816 333 870 malo
365 830 582 881 eorum,
611 816 665 868 in
691 827 929 884 quorum
961 828 1159 868 manus
1190 812 1343 868 curia
1366 820 1505 880 erat,
1541 811 1774 867 consilio

176 907 405 974 penitus
429 904 798 961 conculcaret.
826 903 966 961 Hinc
983 905 1101 976 jam
1156 904 1453 975 proclivior
1485 903 1663 959 factus
1705 903 1774 958 ad

176 998 394 1053 scelera
446 1013 691 1067 praeceps
734 997 997 1069 praecipiti
1057 1013 1194 1053 usus
1226 997 1460 1051 consilio
1497 995 1776 1053 ferebatur

175 1104 281 1158 per
300 1088 478 1143 devia.
502 1087 696 1144 Visum
728 1099 812 1145 est
845 1105 998 1161 papa:
1021 1090 1344 1146 beatissimo
1380 1096 1440 1143 ut
1477 1087 1775 1145 familiares

173 1183 324 1251 ejus,
362 1196 601 1250 quorum
639 1181 1139 1238 machinationibus
1166 1198 1278 1252 per
1326 1181 1675 1253 episcopatus
1719 1189 1775 1236 et

176 1272 516 1325 monasteria
548 1270 787 1328 inductis
809 1269 1120 1329 Simoniace
1143 1272 1286 1343 lupis
1307 1287 1407 1343 pro
1437 1272 1771 1343 pastoribus,

174 1363 439 1420 Ecclesia:
463 1363 839 1419 innocentiam
862 1364 1058 1421 haeresi
1084 1363 1316 1420 nefanda
1341 1363 1663 1431 fredaverat,
1698 1364 1769 1420 ad

171 1456 561 1527 paenitentiam
634 1465 898 1525 vocarer,
957 1457 1240 1513 venientes
1294 1457 1631 1528 susciperet,
1685 1472 1773 1513 re-

173 1557 438 1619 spuentes
465 1563 496 1604 a
519 1548 911 1606 communione
943 1549 1194 1621 corporis
1226 1548 1432 1606 Christi
1457 1557 1513 1606 et
1544 1564 1772 1605 consor-

173 1641 254 1696 tio
274 1641 515 1696 ﬁdelium
548 1650 847 1711 separaret,
872 1649 933 1696 ut
960 1641 1046 1696 vel
1077 1642 1160 1698 sic
1182 1656 1309 1697 eum
1332 1641 1402 1697 ab
1421 1656 1614 1697 eorum
1638 1641 1771 1698 sub-

174 1732 424 1803 reptione
467 1739 525 1788 et
555 1731 798 1804 maligno
827 1732 1061 1790 consilio
1087 1742 1422 1805 segregaret,
1460 1734 1766 1791 admonens

170 1839 299 1879 enim
329 1832 394 1881 ut
422 1839 520 1881 eos
567 1826 1075 1882 excommunicatos
1110 1840 1142 1881 a
1162 1826 1350 1894 domo,
1375 1826 1445 1882 ab
1490 1827 1763 1895 convivio,

171 1917 242 1971 ab
265 1918 421 1974 omni
451 1916 623 1972 etiam
660 1915 1032 1973 familiaritate
1049 1926 1105 1973 et
1135 1918 1525 1973 communione
1546 1933 1646 1974 sua
1670 1935 1766 1975 ex-

171 2010 412 2081 pelleret.
446 2008 675 2065 Interim
708 2023 842 2065 vero
861 2009 1232 2066 invalescente
1276 2018 1471 2065 contra
1496 2026 1623 2066 eum
1659 2010 1765 2066 Sa-

171 2118 380 2159 xonum
406 2118 601 2169 causa,
626 2116 753 2158 cum
789 2101 935 2158 vires
965 2102 1120 2175 regni
1167 2110 1222 2158 et
1247 2102 1499 2173 pmsidia
1521 2119 1552 2157 a
1586 2118 1645 2159 se
1683 2103 1765 2158 vi-

169 2194 322 2253 deret
353 2194 587 2251 deficere
606 2194 766 2261 velle,
813 2178 1098 2264 epistolam
1137 2194 1189 2250 ei
1228 2194 1427 2250 direxit
1464 2196 1763 2266 supplicem

171 2296 223 2341 et
250 2286 564 2343 humilitate
616 2285 870 2356 plenam,
907 2286 1289 2355 paenitentiam
1339 2287 1407 2343 de
1440 2289 1764 2359 perpetratis

170 2394 357 2450 agens,
379 2378 820 2435 emendationem
842 2379 1125 2450 pollicens,
1156 2388 1212 2434 et
1240 2395 1396 2434 suam
1428 2380 1479 2434 ei
1500 2380 1762 2436 obedien-

172 2472 302 2526 tiam
330 2480 388 2526 et
415 2470 575 2527 fidele
598 2469 937 2542 adjutorium
968 2480 1163 2527 contra
1180 2471 1507 2528 rebellantes
1531 2473 1762 2543 promit-

173 2572 309 2620 tens.
343 2562 415 2618 Et
434 2564 543 2619 hoc
569 2562 921 2633 postmodum
937 2563 1131 2635 legatis
1151 2563 1272 2635 ejus
1288 2562 1588 2620 Humberto
1614 2564 1764 2622 Prte-

173 2656 384 2713 nestino
418 2663 477 2712 et
517 2653 744 2711 Giraldo
800 2652 1042 2712 Ostiensi
1082 2655 1381 2727 episcopis,
1439 2656 1494 2712 in
1541 2657 1763 2713 illorum

171 2762 367 2804 mnus
395 2762 499 2819 per
531 2755 781 2804 sacratas
829 2762 1023 2803 corum
1075 2749 1269 2817 stolas,
1306 2765 1447 2820 quas
1490 2749 1632 2807 collo
1671 2765 1765 2823 ge-

168 2841 390 2896 stabant
414 2882 431 2909 ,
500 2840 864 2912 jurejurando
921 2840 1278 2898 confirmans.
1333 2841 1538 2900 Textus
1578 2854 1762 2900 autem

168 2932 415 3003 epistola:
436 2932 544 2988 iste
571 2941 658 2988 est
683 2950 697 2987 :

312 3044 333 3078 ς
376 3024 626 3079 Hcinrici
656 3025 993 3095 imperatoris
1042 3026 1268 3097 epistola
1310 3028 1381 3082 ad
1401 3045 1617 3099 papam.

238 3137 262 3173 σ
290 3116 730 3190 Vigilantissimo
757 3126 812 3172 et
832 3117 1342 3175 desiderantissimo
1363 3119 1589 3177 domino
1608 3138 1761 3194 papa:

169 3207 436 3279 Gregorio
500 3206 802 3277 apostolica
848 3207 1113 3279 dignitate
1173 3210 1391 3265 caelitus
1452 3210 1758 3283 insignito,

170 3300 461 3358 ﬂeinricus
490 3297 590 3354 Dei
614 3298 789 3371 gratia
820 3297 1199 3357 Romanorum
1232 3317 1329 3357 rex
1359 3302 1532 3358 debiti
1576 3301 1762 3359 famu-

169 3393 309 3450 latus
332 3390 715 3448 ﬁdelissimam
735 3389 1150 3447 exhibitionem.

240 3502 262 3536 ι
309 3480 457 3538 Cum
493 3491 727 3553 regnum
749 3489 804 3536 et
826 3481 1213 3549 sacerdotium,
1261 3491 1323 3539 ut
1346 3482 1400 3538 in
1425 3482 1649 3541 Christo
1684 3486 1763 3542 ri-

174 3584 222 3629 te
247 3573 639 3629 administrata
661 3571 985 3641 subsistant,
1008 3572 1215 3629 vicaria
1266 3573 1353 3630 sui
1399 3590 1501 3646 ope
1548 3592 1764 3650 semper

174 3665 468 3737 indigeant,
521 3672 742 3735 oportet
798 3663 1082 3732 nimirum,
1127 3665 1351 3723 domine
1393 3667 1469 3722 mi
1518 3676 1575 3723 et
1601 3667 1765 3725 Pater

174 3756 574 3824 amantissime,
599 3764 875 3827 quatenus
906 3755 977 3811 ab
1002 3756 1232 3812 invicem
1278 3758 1506 3815 minime
1549 3760 1765 3819 dissen-

173 3850 324 3916 tiant,
347 3864 547 3905 verum
580 3848 763 3919 potius
796 3846 1006 3905 Christi
1054 3849 1265 3921 glutino
1312 3851 1766 3922 conjunctissimo

174 3937 629 3994 indissolubiliter
660 3936 767 3992 sibi
790 3937 1122 3993 cohzereant.
1170 3936 1421 4011 Namque
1460 3941 1542 3997 sic
1574 3951 1630 3998 et
1651 3959 1765 3999 non

175 4030 323 4084 aliter
360 4036 733 4086 conservatur
763 4027 818 4083 in
862 4029 1084 4087 vinculo
1107 4029 1363 4101 perfectae
1397 4033 1682 4091 charitatis
1710 4043 1767 4090 et

176 4120 340 4189 pacis,
364 4129 422 4176 et
444 4119 785 4175 Christiana:
821 4122 1111 4176 concordia
1156 4123 1385 4180 unitatis
1412 4133 1466 4180 et
1504 4126 1766 4183 ecclesia-

176 4214 321 4269 stica
340 4212 509 4269 simul
540 4220 724 4269 status
760 4212 1064 4284 religionis.
1100 4212 1207 4270 Sed
1230 4230 1354 4283 nos,
1383 4217 1500 4287 qui,
1528 4216 1641 4274 Deo
1666 4234 1765 4274 an-

179 4314 393 4371 nuente,
424 4302 581 4376 regni
623 4303 745 4374 jam
784 4304 1047 4360 sortimur
1077 4305 1464 4374 ministerium,
1512 4310 1767 4365 sacerdo-

1874 443 2279 499 ecclesiasticas
2324 442 2648 511 invasimus,
2705 459 2896 500 verum
2953 459 3174 516 quoque
3226 445 3464 520 indignis

1874 534 2231 603 quibuslibet,
2265 542 2322 589 et
2363 534 2678 590 Simoniaco
2715 533 2841 591 felle
2900 535 3236 603 amaricatis,
3271 546 3327 593 et
3352 553 3461 594 non

1875 640 1971 694 per
2031 625 2258 692 ostium,
2311 625 2405 680 sed
2448 625 2668 681 aliunde
2708 626 3159 697 ingredientibus,
3202 629 3464 685 ecclesias

1876 716 2026 786 ipsas
2049 716 2418 785 vendidimus,
2433 727 2489 772 et
2511 733 2622 773 non
2637 733 2732 775 eas
2749 727 2809 774 ut
2830 721 3073 791 oportuit
3092 719 3458 781 defendimus.

1874 808 1944 863 At
1969 825 2137 876 nunc,
2170 809 2300 879 quia
2336 809 2439 865 soli
2469 810 2678 882 absque
2709 820 2893 867 vestra
2922 814 3251 870 auctoritate
3271 813 3462 871 Eccle-

1876 898 1987 955 sias
2017 900 2293 971 corrigere
2326 914 2436 954 non
2475 915 2793 971 possumus,
2841 918 3005 974 super
3060 904 3167 973 his,
3199 916 3261 963 ut
3297 906 3462 963 etiam

1875 989 1941 1045 de
1970 991 2178 1046 nostris
2208 992 2486 1060 omnibus,
2536 1002 2783 1049 vestrum
2826 1012 2934 1050 una
2964 997 3260 1054 consilium
3283 1006 3339 1056 et
3363 1013 3462 1054 au-

1875 1082 2067 1138 xilium
2087 1084 2287 1140 obnixe
2323 1085 2649 1156 quaerimus,
2694 1096 2941 1143 vestrum
2988 1098 3321 1161 praeceptum
3346 1099 3466 1147 stu-

1874 1176 2186 1233 diosissime
2212 1180 2522 1235 servabitur
2562 1180 2618 1249 in
2662 1182 2939 1238 omnibus.
2991 1182 3060 1239 Et
3089 1200 3238 1242 nunc
3271 1185 3465 1258 impri-

1873 1266 1982 1322 mis
2003 1268 2069 1322 de
2089 1266 2331 1325 Ecclesia
2383 1269 2795 1339 Mediolanensi,
2841 1288 2965 1344 quae
3008 1283 3193 1330 nostra
3224 1276 3382 1347 culpa
3408 1275 3464 1331 in

1872 1372 2060 1414 errore
2078 1368 2182 1427 est,
2210 1376 2411 1433 rogans
2456 1371 2516 1417 ut
2548 1372 2733 1420 vestra
2776 1364 3079 1436 apostolica
3124 1366 3357 1423 districti
3380 1382 3465 1422 'nc

1872 1453 2138 1510 canonice
2158 1456 2490 1526 corrigatur,
2533 1465 2589 1511 et
2629 1456 2826 1513 exinde
2863 1457 2933 1512 ad
2961 1456 3237 1515 Ecclesias
3283 1460 3464 1515 corri-

1873 1546 2079 1613 gendas
2100 1547 2444 1603 auctoritatis
2492 1557 2688 1605 vestra:
2733 1549 3005 1607 sententia
3054 1552 3459 1623 progrediatur.

1871 1631 1983 1690 Nos
2012 1650 2143 1707 ergo
2183 1637 2340 1693 vobis
2376 1635 2490 1693 Deo
2515 1638 2730 1693 volente
2765 1638 2822 1693 in
2857 1639 3116 1697 omnibus
3144 1656 3256 1697 non
3286 1642 3465 1698 deeri-

1799 1714 1842 1770 Β
1868 1740 2013 1791 mus,
2042 1735 2296 1799 rogantes
2324 1728 2559 1799 idipsum
2584 1730 2901 1800 suppliciter
2942 1732 3327 1802 paternitatem
3362 1751 3462 1790 ve-

1868 1827 2041 1873 stram
2084 1828 2150 1874 ut
2190 1821 2352 1878 nobis
2377 1821 2576 1877 alacris
2602 1822 2745 1878 adsit
2764 1824 3062 1880 clementer
3088 1825 3143 1880 in
3176 1826 3457 1883 omnibus.

1868 1906 2103 1966 Litteras
2122 1920 2342 1969 nostras
2376 1929 2486 1969 non
2513 1924 2636 1985 post
2665 1914 2892 1986 longum
2924 1925 3141 1991 tempus
3165 1933 3290 1974 cum
3325 1918 3462 1975 lide-

1866 2000 2096 2058 lissimis
2122 2004 2328 2061 nostris
2351 2005 2575 2073 habitis,
2591 2022 2656 2062 ex
2682 2007 2887 2078 quibus
2907 2018 3099 2065 nostra
3120 2026 3246 2081 qua:
3267 2011 3461 2068 dicen-

1866 2089 1935 2146 da
1964 2093 2146 2150 adhuc
2173 2104 2406 2163 restant,
2438 2095 2551 2153 Deo
2571 2098 2755 2166 dante,
2784 2100 3000 2169 plenius
3025 2102 3282 2159 audietis.
3323 2122 3344 2155 ι

1940 2181 2165 2253 Verum,
2200 2186 2501 2243 commisso
2523 2189 2714 2259 praalio
2749 2197 2806 2245 et
2829 2189 3058 2246 victoria
3085 2192 3306 2248 obtenta
3330 2233 3347 2260 ,
3389 2194 3461 2249 ad

1864 2276 2132 2332 vomitum
2157 2277 2268 2333 cito
2288 2279 2470 2347 rediit,
2493 2288 2620 2336 vota
2654 2278 2836 2352 fregit,
2862 2283 3373 2343 excommunicatos
3401 2285 3458 2340 in

1865 2369 2312 2425 communionem
2357 2379 2413 2427 et
2466 2372 2703 2443 gratiam
2764 2373 3029 2444 suscepit,
3084 2373 3459 2433 Ecclesiarum

1865 2458 2251 2516 confusionem
2279 2478 2391 2518 non
2409 2464 2717 2519 abhorruit.
2743 2463 2876 2520 Pius
2897 2473 3082 2522 autem
3106 2483 3249 2540 papa
3272 2470 3457 2526 adhuc

1866 2548 2113 2605 animum
2149 2550 2271 2621 ejus
2320 2553 2647 2608 tentandum
2680 2554 2932 2622 credens,
2988 2556 3198 2614 litteras
3230 2558 3283 2614 ei
3306 2559 3458 2615 dire-

1866 2637 1947 2693 xit
1978 2641 2452 2710 commonitorias,
2477 2650 2540 2698 ut
2562 2643 2946 2700 recordaretur
2967 2643 3188 2702 Domini
3214 2646 3308 2703 Dei
3344 2649 3458 2717 sui,

1865 2732 2253 2789 recordaretur
2296 2735 2577 2805 promissi,
2632 2752 2735 2792 nec
2784 2738 3143 2796 inhonoraret
3178 2742 3460 2799 honoran-

1866 2835 1978 2883 tem
2012 2842 2094 2895 se,
2132 2844 2235 2884 nec
2271 2829 2520 2884 crederet
2559 2844 2619 2886 se
2664 2828 2851 2887 fallere
2880 2846 3043 2901 posse
3072 2831 3269 2903 Deum,
3309 2835 3453 2907 adji-

1865 2923 2018 2980 ciens
2048 2923 2217 2979 Deum
2243 2924 2484 2995 superbis
2510 2925 2773 2992 resistere,
2800 2925 3089 2982 humilibus
3120 2937 3299 2984 autem
3328 2930 3459 2985 dare

1789 3058 1833 3115 C
1865 3018 2101 3115 gratiam
2128 3016 2184 3115 (_I
2213 3018 2365 3076 Petr.
2390 3019 2469 3090 ν),
2514 3035 2862 3092 parcensque
2904 3021 2957 3078 ei
2987 3031 3044 3079 et
3064 3025 3462 3084 moderaminis

1864 3110 2153 3180 apostolici
2203 3126 2333 3184 erga
2358 3127 2488 3168 eum
2529 3128 2827 3170 censuram
2878 3129 3235 3185 conservans,
3291 3134 3457 3191 quem

1862 3201 2132 3271 potuisset
2152 3218 2253 3274 pro
2278 3203 2386 3259 hoc
2417 3203 2536 3261 solo
2566 3205 2770 3262 scelere
2792 3206 2944 3277 juste
2974 3208 3190 3278 punire.

2072 3311 2081 3321 ’
2098 3327 2309 3368 ALTERA
2345 3329 2570 3371 Λυυιτιο
2608 3331 2840 3371 ιδιιιιιιινι
2875 3333 3063 3385 ιλιωε,
3086 3330 3229 3375 851(

1863 3420 1946 3474 Ad
1969 3422 2251 3501 concilium
2276 3422 2589 3501 Romanam
2618 3423 2685 3501 Υ,
2739 3442 2807 3480 ea:
2829 3426 3077 3483 chronica
3120 3426 3463 3501 Yirdunensi,

1894 3508 2018 3564 oag.
2044 3493 2172 3560 214,
2201 3502 2329 3548 tom.
2366 3491 2417 3548 Ι.
2443 3491 2790 3552 Bibliotheca;
2819 3513 2968 3553 nova:
3001 3516 3100 3554 ms.
3134 3499 3417 3558 librorum.

1934 3583 2088 3639 Anno
2114 3586 2180 3639 ab
2216 3583 2602 3641 lncarnatione
2644 3586 2863 3644 Domini
2898 3589 3055 3659 1078,
3089 3591 3384 3650 indictione
3417 3610 3458 3662 t,

1864 3677 2211 3746 ponti/iratus
2251 3676 2367 3747 ejus
2401 3694 2541 3732 anno
2581 3694 2636 3746 v,
2684 3696 2861 3735 mense
2905 3681 3129 3750 Martio,
3172 3683 3461 3757 Gregorius

1864 3783 2004 3837 papa
2054 3766 2129 3821 γι
2136 3766 2166 3821 Ι
2196 3767 2448 3824 Romana:
2468 3771 2669 3841 synodo
2696 3772 3063 3843 episcoporum
3092 3785 3301 3832 centum
3317 3794 3462 3849 pra:-

1865 3858 2064 3927 sidens,
2092 3859 2230 3913 dixit
2262 3870 2382 3930 post
2415 3860 2599 3932 aliqua
2623 3877 2643 3916 :

1936 3949 2328 4007 Ordinationes
2397 3952 2620 4008 illorum
2673 3953 2772 4024 qui
2838 3955 2910 4011 ab
2967 3958 3464 4016 excommunicatis

1868 4048 1999 4095 sunt
2025 4041 2283 4107 ordinati,
2332 4051 2651 4098 sanctorum
2693 4044 2921 4100 Patrum
2968 4057 3264 4117 sequentes
3292 4050 3463 4105 vesti-

1866 4130 1974 4202 gia,
2001 4129 2186 4185 irritas
2212 4130 2330 4186 fieri
2347 4134 2687 4190 censuimus.
2721 4132 3050 4190 Sanctorum
3087 4137 3460 4206 prmdecessm-

1867 4236 1991 4276 rum
2016 4228 2335 4277 nostrorum
2366 4231 2571 4279 statuta
2594 4232 2864 4290 tenentes,
2893 4239 2992 4280 eos
3020 4226 3118 4297 qui
3142 4241 3464 4283 excommu-

1867 4312 2065 4375 nicatis
2097 4312 2427 4384 juraverunt
2468 4313 2727 4369 fidelitate
2758 4324 2854 4370 aut
2878 4325 3227 4373 sacramento
3272 4318 3463 4374 absol-

180 4395 271 4465 tio,
304 4406 367 4452 ut
388 4396 660 4468 oportuit,
684 4411 782 4467 per
817 4396 1002 4461 omnia
1025 4396 1121 4468 jus
1140 4406 1197 4453 et
1224 4398 1490 4455 honorem
1526 4416 1636 4456 non
1666 4417 1765 4457 εκ-
1801 4402 1842 4455 D
1867 4405 2067 4472 vimus,
2083 4414 2138 4460 et
2151 4404 2335 4461 nesibi
2358 4406 2669 4462 ﬁdelitatem
2692 4407 2987 4463 observent
3006 4409 3186 4466 modis
3204 4411 3464 4467 omnibus

180 4486 453 4545 hibuimus
480 4487 814 4560 legitimum.
858 4485 1069 4558 Quippe
1095 4487 1238 4545 datae
1282 4488 1443 4545 nobis
1472 4505 1505 4545 a
1534 4488 1648 4547 Deo
1669 4507 1769 4562 po-

180 4582 383 4641 testatis
399 4581 680 4638 vindicem
701 4579 945 4653 gladium
957 4594 1066 4635 non
1077 4579 1199 4637 sine
1215 4596 1383 4638 causa
1404 4583 1765 4653 portavimus,

182 4682 476 4729 nectamen
510 4673 571 4728 in
600 4688 754 4739 reos,
780 4680 843 4726 ut
860 4670 1076 4742 justum
1116 4671 1243 4739 fuit,
1286 4673 1577 4744 judiciaria
1615 4675 1767 4732 illum

183 4777 404 4820 censura
441 4764 886 4835 evaginavimus.
918 4763 1075 4821 Nune
1105 4773 1288 4821 autem
1323 4767 1507 4824 divina
1535 4770 1768 4826 misera—

188 4855 321 4912 tione
339 4857 749 4928 aliquantulum
771 4856 1083 4926 compuncti
1113 4865 1169 4912 et
1189 4857 1246 4913 in
1275 4875 1378 4915 nos
1406 4862 1630 4928 reversi,
1651 4877 1772 4932 pec-

186 4958 295 5004 cata
316 4958 504 5006 nostra
526 4951 746 5020 priores
776 4959 969 5004 vestrae
1018 4949 1506 5023 indulgentissime
1526 4956 1768 5023 paterni-

187 5041 276 5095 tati
327 5057 430 5097 nos
482 5039 809 5097 accusando
831 5041 1179 5108 confitemur,
1210 5028 1497 5114 sperantes
1517 5044 1585 5099 de
1614 5047 1770 5104 vobis

189 5130 239 5186 in
264 5132 495 5190 Domino
527 5140 592 5187 ut
616 5132 918 5202 apostolica
948 5142 1128 5189 vestra
1168 5137 1494 5193 auctoritate
1533 5136 1769 5196 absoluti

186 5224 455 5293 jnstiiicari
476 5239 821 5281 mereamur.
852 5223 989 5292 Heu,
1017 5225 1301 5283 criminosi
1355 5241 1463 5283 nos
1503 5236 1558 5281 et
1591 5226 1770 5285 infeli-

1866 4497 2242 4568 prohibcmus.
2299 4497 2367 4554 Et
2410 4499 2671 4571 quoniam
2705 4500 2932 4570 multos,
2974 4504 3213 4573 peccatis
3256 4504 3465 4560 nostris

1867 4586 2232 4659 exigentibus,
2281 4604 2382 4661 pro
2429 4605 2598 4647 causa
2641 4593 3229 4650 exeommunicationis
3278 4595 3464 4665 quoti-

1868 4677 1957 4733 die
2017 4680 2196 4749 perire
2244 4681 2555 4748 cernimus,
2622 4682 2822 4752 partim
2867 4684 3201 4757 ignorantia,
3256 4686 3461 4757 partim

1868 4769 2036 4825 etiam
2081 4772 2250 4828 nimia
2315 4773 2686 4844 simplicitate,
2737 4777 2935 4845 partim
2982 4780 3204 4848 timore,
3258 4780 3464 4851 partim

1868 4862 2036 4917 etiam
2067 4863 2241 4919 nimia
2266 4866 2614 4932 necessitate,
2645 4867 2844 4922 devicti
2877 4870 3279 4943 misericordia,
3330 4887 3467 4926 ana-

1871 4954 2128 5013 thematis
2163 4956 2514 5023 sententiam,
2551 4967 2717 5027 prout
2768 4975 3087 5031 possumus,
3132 4966 3201 5022 ad
3248 4974 3471 5035 tempus

1872 5056 2181 5115 opportune
2210 5055 2599 5117 temperamus.
2624 5047 2937 5117 Apostoiica
2996 5054 3184 5125 itaque
3224 5056 3471 5112 auctori-

1874 5142 1984 5190 tate
2009 5138 2082 5193 ab
2101 5137 2469 5194 anathematis
2508 5138 2729 5195 vinculo
2773 5143 3172 5217 subtrahimus,
3217 5149 3473 5204 videlicet

1872 5242 2095 5298 uxores,
2143 5232 2381 5294 liberos,
2438 5244 2658 5296 servos,
2718 5234 2980 5304 ancillas,
3020 5253 3119 5293 seu
3166 5238 3466 5309 mancipia,
