3988 5328
110 333 221 391 809

1342 333 1712 397 CONCILIUM
1747 336 2086 395 ROMANUM
2130 339 2215 394 Vl.

3285 348 3387 404 8|0

108 451 320 519 Patris,
344 459 402 508 et
439 453 627 510 vinum
665 446 852 510 altaris
881 462 1171 526 postquam
1203 462 1579 512 consecratum
1602 462 1704 519 est,
1735 457 1779 513 A
1806 454 2034 525 aliisque
2064 454 2467 525 compluribus,
2495 455 2963 528 quorumjnomina
2993 457 3392 531 dignitatesque

108 554 236 597 esse
266 556 466 598 verum
503 544 845 616 sanguinem,
871 543 966 615 qui
991 545 1235 600 manavit
1256 544 1322 600 de
1350 546 1518 600 latere
1541 543 1709 599 Chri-

109 634 204 688 sti.
227 632 301 688 Et
318 634 469 690 sicut
491 648 589 690 ore
619 634 934 706 pronuntio,
968 636 1042 691 ita
1067 651 1154 691 me
1172 636 1338 693 corde
1359 636 1559 691 habere
1577 644 1711 690 con-

110 723 297 792 firmo,
320 725 406 780 sic
422 740 514 781 me
534 725 752 796 adjuvet
780 724 944 795 Deus,
972 736 1028 782 et
1048 728 1165 783 haec
1195 736 1371 783 sacra.

181 858 342 933 (459)
403 858 684 932 Scriptum
730 860 897 929 istud,
929 877 1056 918 cum
1086 860 1275 918 Romae
1323 864 1469 933 apud
1512 878 1708 934 papam

111 966 335 1007 moram
368 950 618 1013 facerem
662 952 717 1008 in
768 963 1039 1009 conventu
1099 955 1504 1026 episcoporum,
1547 972 1712 1027 quem

114 1036 314 1098 habuit
337 1044 395 1098 in
427 1043 721 1101 festivitate
751 1042 1008 1100 Omnium
1052 1045 1400 1115 Sanctorum,
1442 1047 1709 1105 vecifera-

113 1132 265 1188 tione
295 1134 473 1189 multa
494 1136 751 1191 omnibus
780 1136 1124 1207 pronuntiari
1167 1133 1311 1205 fecit,
1346 1139 1533 1195 dicens
1564 1138 1712 1195 suill-

114 1241 238 1281 cere
266 1227 475 1282 debere
525 1228 684 1295 ﬁdei,
719 1228 964 1284 sullicerc
1010 1229 1207 1285 debere
1256 1230 1343 1286 bis
1382 1231 1581 1302 quibus
1625 1231 1709 1286 lac

114 1325 279 1387 potus
306 1318 526 1374 dandus
546 1327 691 1376 esset
712 1335 827 1376 non
865 1320 1042 1386 cibus,
1072 1323 1371 1377 secundum
1398 1324 1543 1394 quod
1574 1322 1711 1380 scri-

115 1411 194 1466 bit
227 1410 291 1466 B.
359 1413 705 1485 Augustinus
759 1414 827 1470 de
879 1414 1149 1471 sacriﬁcio
1190 1414 1443 1471 Ecclesia:
1476 1416 1704 1472 dicens:

117 1503 270 1567 Quod
302 1504 496 1558 videtis
532 1506 591 1559 in
619 1504 782 1559 altari
805 1506 959 1577 panis
986 1516 1064 1561 est
1092 1515 1141 1561 et
1162 1508 1359 1573 vinum,
1390 1507 1526 1578 quod
1547 1507 1708 1562 etiam

116 1597 256 1650 oculi
291 1599 454 1652 rastri
486 1599 632 1652 vobis
679 1600 1022 1665 renuntiant;
1053 1600 1192 1671 quod
1236 1608 1411 1653 autem
1452 1600 1581 1669 fides
1625 1600 1708 1654 in-

116 1690 372 1745 struenda
393 1690 654 1760 postulat,
677 1692 830 1761 panis
864 1701 942 1746 est
983 1709 1170 1762 corpus
1204 1690 1406 1747 Christi
1432 1692 1708 1763 vinumque

118 1783 355 1853 sanguis.
388 1777 700 1843 lnclamans
726 1784 926 1855 pepulo
956 1799 1043 1840 me
1072 1800 1179 1839 non
1210 1778 1522 1838 luercticnm
1562 1800 1705 1853 esse,
1736 1805 1783 1862 Β

121 1872 190 1927 ita
225 1888 317 1936 me
349 1872 415 1929 de
454 1871 780 1944 scripturis,
839 1886 950 1929 non
1006 1874 1074 1930 de
1136 1875 1299 1930 cerde
1333 1890 1455 1929 meo
1484 1874 1704 1943 habere,

121 1963 378 2019 omnibus
409 1957 714 2021 testiﬁcans
765 1966 820 2020 in
872 1964 1146 2021 audientia
1203 1982 1302 2021 sua
1345 1958 1569 2022 Petrum
1602 1965 1711 2022 Da-

120 2053 309 2121 miani,
359 2070 471 2109 non
507 2053 824 2111 inferiorem
876 2056 1007 2111 lima
1054 2056 1399 2125 eruditionis,
1435 2073 1545 2113 non
1572 2056 1712 2115 infe-

120 2147 319 2213 riorem
360 2144 684 2202 Lanfranno
732 2145 995 2219 dignitate
1029 2146 1361 2205 Christianae
1404 2148 1707 2221 religionis,

122 2233 305 2291 Romae
340 2244 453 2290 no‘n
484 2234 835 2293 censensisse
877 2237 944 2293 de
966 2237 1238 2295 sacriﬁcio
1258 2237 1518 2296 Ecclesize
1550 2238 1712 2296 dictis

123 2324 441 2393 Lanfrannl,
466 2325 590 2398 [pro
621 2341 689 2383 eo
718 2342 779 2384 se
826 2328 959 2385 dare
992 2329 1342 2399 sententiam,
1393 2330 1712 2403 negligenda

121 2432 235 2474 esse
255 2434 323 2474 ea
337 2432 465 2489 quae
487 2417 697 2474 diceret
716 2417 1082 2489 Lanfran'nus,
1107 2421 1292 2492 potius
1316 2437 1481 2493 quam
1495 2437 1560 2477 ea
1590 2436 1715 2493 quae

122 2506 320 2563 diceret
340 2506 543 2564 Petrus
566 2496 818 2565 Damiani
849 2498 1112 2566 Romanae
1159 2506 1420 2567 Ecclesiae
1446 2510 1612 2578 illius,
1651 2508 1710 2566 S.

126 2597 348 2667 Ruﬁne,
385 2599 436 2654 si
459 2598 595 2656 satis
617 2600 864 2668 memini,
896 2601 1206 2672 episcopus,
1230 2616 1342 2656 non
1379 2600 1625 2669 inferior,
1653 2609 1717 2656 ut

123 2690 259 2747 dicta
280 2699 554 2762 repetam,
579 2691 895 2748 Lanfranno
919 2692 1051 2749 lima
1077 2693 1429 2762 eruditionis,
1453 2692 1716 2765 dignitate

124 2780 448 2838 Christianae
502 2782 815 2854 religionis;
863 2784 1036 2839 multo
1070 2782 1387 2839 Lanl‘ranno
1433 2783 1716 2853 operosior

124 2870 177 2925 in
202 2872 391 2929 studio
419 2872 621 2927 divina:
664 2872 939 2939 lectionis,
978 2873 1281 2929 secundum
1316 2872 1463 2943 quod
1512 2887 1715 2942 prrece-

125 2961 197 3030 pit
218 2963 337 3032 ipse
361 2961 669 3018 Dominus:
711 2960 1042 3019 Sci-utamini
1076 2962 1386 3035 Scripturas
1419 2960 1599 3030 (lacn.
1633 2964 1709 3035 v).

126 3050 197 3108 Ita
217 3070 369 3126 papa,
386 3054 499 3122 ille,
524 3066 650 3111 cum
673 3070 784 3126 quo
823 3070 1009 3112 moras
1034 3071 1175 3127 pene
1204 3071 1302 3127 per
1336 3071 1542 3113 annum
1566 3054 1714 3112 fece-

124 3156 258 3211 ram,
286 3145 682 3216 eompescitam
706 3152 898 3216 putare
920 3145 1075 3202 visus
1132 3154 1219 3203 est
1256 3152 1312 3202 et
1351 3145 1710 3217 compositam
1740 3177 1783 3236 ο

126 3236 432 3292 vecordiam
492 3236 668 3292 turba:
721 3237 1077 3304 turbatae;ut
1122 3236 1199 3292 ait
1242 3235 1303 3291 Β.
1348 3235 1707 3307 Augustinus,

126 3326 261 3380 cretii
289 3326 589 3391 commoti,
619 3342 732 3397 quo
773 3342 862 3382 me
886 3327 1205 3384 haereticum
1233 3334 1501 3399 quantum
1535 3326 1715 3398 potuit

127 3414 538 3475 lmimulaverat
564 3435 578 3471 :
611 3417 849 3473 maxime
880 3418 1011 3489 quia
1038 3434 1181 3490 papa
1229 3418 1597 3490 undecunque
1640 3417 1714 3473 li-

126 3505 248 3562 hros
282 3508 622 3579 comportari
652 3506 858 3564 fecerat
874 3510 1147 3582 episcopis
1169 3518 1227 3566 et
1245 3509 1557 3578 abbatibus,
1605 3510 1715 3567 de.

128 3598 249 3652 rieis
268 3607 327 3654 et
356 3598 671 3667 monachis,
718 3600 864 3655 unde
894 3599 1162 3657 sacriﬁcia
1184 3592 1389 3657 Christi
1432 3600 1711 3671 inperver-

133 3688 316 3756 tibilia,
347 3704 513 3747 sensa
543 3698 603 3746 et
627 3691 830 3761 scripta
858 3691 1170 3763 Augustini,
1202 3690 1539 3763 Hieronymi,
1582 3690 1715 3745 Am-
1765 3728 1770 3731 -

130 3780 314 3847 bmsii,
338 3783 689 3855 aliorumque
709 3783 934 3853 legenda
946 3792 1326 3855 proposuerat,
1350 3798 1565 3839 meeum
1580 3799 1716 3839 sena

131 3872 408 3940 tientibus,
433 3875 489 3929 in
518 3875 605 3930 eis
633 3875 728 3946 qui
758 3888 883 3932 cum
915 3891 1055 3948 papa
1083 3882 1262 3944 erant,
1287 3876 1546 3947 episeopo
1576 3875 1715 3931 Por-

133 3964 329 4029 tuensi,
360 3964 624 4035 episcopo
673 3962 953 4020 Sueirensi
1005 3964 1137 4037 (lege
1208 3964 1563 4033 Sntrinensi),
1609 3964 1720 4034 epi-

133 4067 295 4124 scopo
318 4051 725 4121 Terracinensi,
748 4055 1118 4111 cardinaiibus
1131 4055 1329 4110 Attene
1348 4053 1717 4110 Mediolanen-

133 4145 196 4210 si,
252 4146 525 4203 monacho
566 4138 809 4202 Tudensi
834 4145 1095 4202 Romana:
1143 4145 1405 4203 Ecclesiae
1453 4144 1721 4201 cardinali

136 4235 354 4293 nomine
373 4233 694 4302 Deusdedit,
720 4234 884 4292 Petro
908 4235 1260 4305 cancellario,
1285 4234 1507 4308 benigni
1556 4243 1723 4306 atque

137 4325 354 4381 humilis
385 4325 574 4389 cordis
595 4325 766 4382 fratre
786 4325 1027 4383 Fulcone
1047 4335 1488 4394 transmontano,
1524 4325 1724 4382 clerico

137 4417 302 4488 ipsius
345 4418 554 4474 domini
607 4432 764 4491 papae
795 4420 1109 4477 convictore
1138 4420 1499 4477 nihilominus
1554 4417 1722 4475 Teth-

1813 561 1920 601 non
1945 554 2120 601 teneo.
2156 549 2293 602 Cum
2322 555 2500 603 tamen
2523 559 2779 619 urgerent
2810 564 3005 622 papam
3046 552 3197 607 illum
3224 568 3390 624 quam

1812 635 2049 689 maxime
2068 635 2383 704 pestilentes
2408 646 2463 691 ct
2506 635 2913 708 Scripturarum
2938 654 3306 713 perversores,
3330 651 3394 700 ut

1811 723 2048 795 exigeret
2069 739 2101 779 a
2133 740 2221 780 me
2240 740 2425 781 moras
2468 727 2646 783 adhuc
2672 726 2860 783 Romae
2893 727 3071 785 facere
3116 747 3292 803 usque
3322 732 3394 790 ad

1811 824 2139 870 conventum
2164 815 2259 887 qui
2302 815 2521 872 futurus
2563 826 2682 873 erat
2720 818 2863 888 apud
2891 834 3017 874 eum
3047 820 3101 875 in
3143 820 3393 888 Quadra-

1811 906 2036 977 gesima,
2060 907 2463 978 episcoporum,
2497 916 2600 964 etc.

1813 994 2094 1066 Gregorius
2138 995 2267 1064 VII,
2304 996 2543 1081 Romana
2595 998 2792 1081 synodo
2841 998 3230 1081 quinquaginta
3277 1005 3394 1075 epi-

1880 1082 2188 1136 scoporum,
2242 1070 2545 1125 considerate
2586 1070 3009 1141 presbyterorum
3048 1070 3100 1127 et
3143 1070 3396 1129 abbatum

1880 1137 2242 1205 multitudine,
2270 1141 2462 1193 statuit
2492 1141 2669 1195 dicens
2694 1157 2712 1195 :

1880 1226 1921 1282 l.
1949 1227 2006 1283 Si
2032 1228 2159 1300 quis
2191 1231 2448 1302 deinceps
2468 1231 2856 1304 [episcopatum
2898 1236 2983 1290 vel
3012 1236 3283 1292 abbatiam
3325 1238 3397 1294 de

1811 1333 1974 1373 manu
1999 1318 2231 1390 alicujus
2251 1322 2402 1378 laieae
2436 1338 2689 1393 persona:
2731 1326 3055 1396 susceperit,
3085 1328 3394 1383 nullatenus

1810 1410 1951 1467 inter
1971 1413 2255 1485 episcopos
2279 1415 2561 1483 habeatur,
2589 1432 2690 1472 nec
2720 1418 2828 1472 ulla
2858 1418 2909 1472 ei
2942 1427 3001 1472 ut
3024 1418 3282 1489 episcopo
3300 1428 3400 1479 aut

1810 1501 1991 1557 abbati
2035 1504 2308 1560 audientia
2361 1507 2714 1576 conculatur,
2752 1508 2976 1580 insuper
2997 1509 3046 1565 ei
3068 1508 3299 1580 gratiam
3329 1509 3393 1565 B.

1808 1591 1950 1648 Petri
1971 1601 2025 1649 et
2052 1595 2339 1651 introitum
2367 1597 2612 1653 ecclesiae
2653 1598 3051 1672 interdicimus,
3075 1615 3189 1671 quo
3218 1615 3400 1671 usque
3426 1662 3429 1665 ς

1808 1680 2011 1750 locum,
2053 1700 2219 1755 quem
2261 1686 2364 1741 sub
2414 1687 2644 1744 crimine
2694 1696 2805 1743 tam
2863 1690 3181 1745 ambitionis
3230 1707 3398 1762 quam

1807 1771 2207 1841 inobedientiae,
2236 1776 2383 1847 quod
2403 1785 2487 1832 est
2512 1777 2690 1833 scelus
2705 1778 3046 1848 idololatriae,
3075 1780 3236 1851 cepit,
3262 1781 3400 1838 resi-

1810 1861 2069 1932 piscendo
2099 1878 2208 1919 non
2233 1864 2436 1923 deserit
2468 1867 2634 1938 (MO).
2683 1866 2947 1925 Similiter
2978 1870 3143 1925 etiam
3169 1870 3236 1925 de
3258 1870 3400 1926 infe.

1810 1954 2051 2011 rioribus
2082 1963 2137 2012 et
2172 1956 2556 2014 ecclesiasticis
2598 1957 2954 2033 dignitatibus
2982 1960 3395 2016 constituimus.

1882 2046 1947 2103 Il.
1989 2047 2047 2103 Si
2109 2049 2232 2122 quis
2286 2050 2700 2121 imperatorum,
2743 2069 2958 2126 regum,
2997 2055 3222 2124 ducum,
3247 2072 3401 2112 mar-

1812 2139 2095 2207 chionum,
2147 2139 2231 2195 vel
2280 2141 2509 2211 quilibet
2538 2144 2881 2199 saecularium
2924 2154 3260 2217 potestatum
3303 2154 3403 2203 aut

1813 2246 2173 2301 personarum
2217 2232 2597 2290 investituram
2641 2237 3056 2309 episcopatunm
3089 2241 3175 2295 vel
3223 2241 3400 2295 aliene

1808 2324 1900 2395 jus
1921 2325 2302 2381 ecclesiasticae
2322 2326 2603 2398 dignitatis
2622 2329 2753 2385 dare
2782 2331 3211 2402 praesumpserit,
3247 2332 3400 2403 ejus-

1813 2417 1937 2472 dem
1961 2417 2246 2473 sententire
2271 2417 2490 2474 vinculo
2513 2435 2572 2476 se
2605 2421 2893 2477 astrictum
2918 2437 3041 2479 esse
3064 2423 3222 2478 sciat.

1816 2506 2087 2564 Sententia
2118 2527 2150 2563 a
2185 2508 2437 2584 Gregorio
2486 2528 2625 2582 papa
2680 2511 2791 2567 γη
2833 2512 3173 2584 promulgata
3214 2525 3402 2570 contra

1862 2595 2164 2650 pervasere:
2189 2582 2578 2650 possessionum
2612 2582 2921 2638 monasterii
2943 2582 2999 2638 S.
3039 2582 3343 2640 Clementis.

1885 2669 2033 2741 (Ml)
2059 2668 2116 2725 Si
2139 2671 2264 2741 quis
2294 2670 2757 2727 Nortmannorum
2791 2674 2875 2729 vel
2908 2672 3279 2745 quorumlibet
3301 2676 3402 2730 ho-

1815 2761 2026 2816 minum
2052 2762 2252 2832 praedia
2287 2764 2606 2817 monasterii
2660 2763 2720 2817 B.
2771 2763 3066 2821 Clementis
3118 2767 3400 2833 invaserit,

1819 2853 1900 2907 vel
1920 2867 2277 2923 quascunque
2306 2869 2392 2908 res
2425 2853 2669 2923 ejusdem
2692 2857 3009 2910 monasterii
3040 2855 3239 2927 injuste
3275 2858 3402 2913 abs-

1816 2946 2022 3013 tulerit,
2057 2945 2102 3000 si
2136 2946 2221 3001 bis
2254 2946 2337 3001 vel
2385 2954 2467 3000 ter
2494 2946 2809 3003 admonitus
2853 2963 2961 3003 non
2998 2948 3400 3017 emendaverit,

1814 3042 2365 3097 excommunicationi
2389 3042 2688 3113 subjaceat,
2710 3043 2885 3098 donec
2906 3043 3190 3113 resipiscat
3221 3050 3275 3097 et
3298 3042 3402 3098 Ερα-

1815 3134 1998 3191 clesize
2021 3134 2339 3191 satisfaciat.
2390 3132 2448 3190 Si
2483 3136 2607 3205 quis
2627 3136 2828 3206 praedia
2874 3135 2933 3190 Β.
2959 3134 3254 3192 Clementis
3282 3120 3431 3191 ubi?

1815 3242 2032 3297 cunque
2075 3228 2253 3297 posita
2309 3227 2363 3282 in
2405 3228 2793 3299 proprietatem
2830 3246 2985 3286 suam
3034 3229 3400 3301 usurpaverit,

1814 3316 1899 3371 vel
1931 3316 2113 3371 sciens
2161 3317 2431 3372 occultata
2462 3332 2573 3372 non
2618 3318 3004 3389 propalaverit,
3045 3320 3124 3374 vel
3156 3302 3429 3375 debitum‘

1814 3405 2094 3462 servitium
2119 3407 2312 3462 exinde
2343 3406 2403 3461 Β.
2435 3406 2701 3464 Clementi
2744 3423 2854 3464 non
2890 3409 3220 3485 exhibuerit,
3247 3427 3403 3466 recu-

1816 3508 2046 3572 gnoscat
2088 3514 2148 3555 se
2181 3498 2318 3554 iram
2354 3498 2469 3567 Dei,
2521 3510 2576 3556 et
2613 3500 2670 3556 S.
2712 3500 3007 3559 Clementis
3035 3503 3183 3558 velut
3232 3502 3405 3558 sacri.

1818 3593 1999 3662 legum
2021 3591 2321 3647 incurrere.
2360 3590 2684 3663 Quicunque
2712 3600 2895 3648 autem
2927 3592 2981 3647 in
3026 3593 3133 3649 hoc
3174 3592 3404 3649 crimine

1820 3682 2200 3753 deprehensus
2216 3680 2399 3750 fuerit,
2417 3684 2662 3739 eamdem
2680 3683 3050 3740 haereditate")
3069 3683 3129 3738 Β.
3145 3683 3403 3743 Clemens

1820 3774 1861 3828 ti
1888 3771 2161 3840 restituat,
2190 3781 2245 3828 et
2258 3790 2478 3844 pmnam
2509 3775 2875 3847 quadruplum
2897 3776 2963 3832 de
2981 3776 3219 3847 propriis
3241 3777 3403 3832 bonis

1819 3866 2113 3937 persolvat.
2147 3865 2472 3937 Quicunque
2496 3867 2753 3939 militum,
2799 3868 2883 3924 vel
2910 3869 3285 3938 cujuscunque
3314 3885 3403 3924 or-

1822 3955 1967 4012 dinis
1987 3956 2074 4011 vel
2104 3956 2466 4028 professionis
2495 3973 2751 4028 persona,
2778 3958 2982 4030 praedia
3005 3960 3400 4027 ecclesiastica,

1823 4062 1854 4101 a
1879 4031 2361 4118 quocunquerege
2386 4063 2483 4102 seu
2514 4049 2761 4121 saeculari
2784 4049 3030 4120 principe
3058 4049 3143 4104 vel
3160 4050 3229 4104 ab
3251 4050 3401 4120 epis-

1824 4136 1978 4208 copis
2001 4136 2275 4206 aliquibus
2298 4134 2569 4209 [donata],
2587 4138 2773 4192 invitis
2797 4138 3088 4199 abbatibus
3109 4137 3403 4193 autEccle-

1823 4227 2032 4282 siarum
2058 4225 2363 4281 rectoribus
2392 4227 2654 4297 suscepit,
2681 4228 2766 4283 vel
2790 4228 3110 4298 susceperit,
3140 4228 3225 4284 vel
3248 4229 3403 4284 inva-

1824 4320 1914 4388 sit,
1930 4320 2015 4375 vel
2036 4320 2199 4376 etiam
2214 4319 2531 4377 earumdem
2552 4329 2827 4377 rectorum
2859 4321 3156 4393 depravata
3179 4308 3402 4377 senten-
3430 4374 3439 4387 ,

1826 4412 1971 4467 tioso
1993 4426 2267 4468 consensu
2291 4411 2545 4479 tenuerit,
2568 4411 2675 4467 nisi
2700 4413 2887 4471 eadem
2920 4413 3121 4483 praedia
3142 4412 3404 4469 Ecelesiis

136 4507 313 4577 baldo,
340 4511 436 4581 qui
481 4511 785 4571 litterarior
837 4510 1118 4582 diligentia
1166 4511 1427 4582 peculiari
1481 4510 1626 4581 apud
1659 4507 1717 4564 S.
1752 4526 1798 4582 ι)
1823 4501 2144 4570 restituerit,
2196 4502 2747 4561 excommunicationi
2789 4504 3086 4575 subjaceat.
3116 4502 3305 4561 Romae
3344 4503 3403 4559 in

138 4595 351 4655 Petrum
391 4616 458 4656 eo
491 4610 743 4673 tempore
796 4600 1099 4658 habebatur
1152 4599 1405 4668 clericus,
1451 4606 1505 4656 et
1547 4597 1715 4653 fratre

139 4687 367 4755 quodam
424 4690 515 4761 qui
568 4689 899 4764 cognomine
956 4690 1277 4746 Bona-dies
1298 4689 1713 4761 .appellabatur,

206 4823 350 4895 (459)
383 4822 512 4883 Hae
550 4834 745 4882 narrat
795 4824 1154 4896 Berengarius
1201 4823 1256 4879 in
1287 4823 1492 4893 scripto
1517 4838 1549 4877 a
1573 4821 1717 4878 Mar-

144 4900 259 4949 tcne
283 4897 516 4953 vulgato.

214 4962 447 5039 (una;
465 4966 761 5045 [opusculo
808 4964 865 5021 S.
919 4964 1162 5022 Anselmi
1208 4962 1474 5021 Lucensis
1499 4963 1716 5033 Leontra

1822 4592 2115 4649 universali
2140 4593 2368 4666 synodo,
2402 4593 2726 4665 praesidente
2748 4593 2809 4648 Β.
2842 4581 3300 4669 ϐτθεοτὶᾲρξῳλ,
3333 4594 3403 4650 ah

1820 4685 2009 4741 eodem
2023 4685 2384 4756 promulgata,
2398 4684 2467 4740 ab
2479 4684 2774 4742 universali
2786 4686 3017 4742 concilio
3027 4686 3399 4761 comprobata.

1823 4817 2128 4873 Wibertum
2151 4817 2246 4872 lib.
2273 4832 2314 4872 ιι
2335 4814 2512 4871 Canif.
2539 4815 2719 4872 νοω».
2750 4814 3011 4883 Leeti.,t.
3063 4814 3229 4887 lli,-p.
3272 4782 3439 4886 384,».

1822 4889 1953 4958 edit.
1981 4887 2212 4958 Basnag.

1896 4953 2048 5030 (441)
2069 4953 2196 5012 Βθιῐ
2223 4954 2343 5011 Ital.
2368 4965 2501 5011 tom.
2535 4953 2602 5025 ll,
2627 4964 2768 5028 part.
2810 4972 2872 5025 ιι,
2893 4956 2998 5013 col.
3018 4953 3144 5013 865.

156 5080 3403 5114 W

945 5158 1347 5218 nnnvnur
1387 5184 1609 5218 11?!!!

1686 5183 1747 5218 n
1768 5180 1916 5218 (11::

1923 5182 1994 5218 τι
2025 5179 2283 5218 ιτξτιι
2336 5179 2464 5218 IT!
