3988 5328
562 333 660 388 8ll

1250 333 1305 389 S.
1347 333 1670 390 cmacnnu
1717 334 1806 390 VII
1837 333 1990 391 OPP.
2027 334 2140 391 ΡΜ

2246 333 2332 392 Ill.
2363 319 2444 376 ’.ἒ-
2481 311 3142 393 comminemur

561 447 877 512 Februarii,
920 448 1212 503 inlictionc
1252 463 1328 507 χι.
1375 448 1726 519 pontiﬁcatus
1772 465 1902 505 vero
1952 449 2140 506 domni
2169 453 2216 510 Δ
2242 450 2477 521 potentis
2507 461 2562 506 et
2600 459 2915 507 sanctorum
2954 447 3328 520 apostolorum
3371 445 3526 504 Petri
3566 445 3814 523 etPanli,

562 538 809 613 Gregorii
847 539 994 610 (445)
1029 539 1353 596 universalis
1385 539 1661 610 pontiﬁcis
1696 539 1788 594 VII
1815 555 1962 596 anno
1987 555 2040 596 vt
2069 539 2138 596 ad

559 631 827 688 honorem
858 629 952 686 Dei
993 637 1047 686 ct
1071 629 1485 686 :ediﬁcationem
1516 640 1720 688 sanctae
1743 629 2018 698 Ecclesiae,
2049 645 2141 687 sa-

565 721 731 782 lutem
775 737 994 793 quoque
1031 730 1142 776 tam
1179 733 1474 793 corporum
1519 737 1686 793 quam
1719 721 2032 777 animarum
2071 735 2140 776 ex

560 821 828 885 praecepto
870 813 1016 870 sedis
1057 813 1370 884 apostolicae
1414 821 1792 870 convenerunt
1831 811 2048 868 ﬁnitimi
2083 821 2141 868 et

559 905 898 960 diversarum
947 903 1234 976 regionum
1294 911 1350 959 et
1401 903 1810 975 provinciarum
1865 903 2138 972 archiepi-

558 995 731 1067 scopi,
773 995 1035 1067 episcopi,
1075 995 1453 1067 religiosteque
1491 1010 1758 1067 personae,
1793 1003 1856 1050 ut
1891 1005 2138 1050 sanctam

557 1087 826 1158 synodum
873 1087 1230 1144 celebrarent.
1275 1085 1544 1144 Omnibus
1573 1087 1739 1158 igitur
1771 1086 1826 1140 in
1865 1085 2015 1155 (444)
2049 1102 2140 1142 ec-

556 1176 724 1232 clesia
766 1175 1066 1232 Salvatoris
1098 1177 1444 1248 congregatis
1489 1175 1709 1231 habitus
1736 1183 1821 1231 est
1845 1191 2038 1230 sermo
2072 1175 2140 1230 de

555 1279 788 1338 corpore
831 1275 886 1322 et
929 1267 1195 1339 sanguine
1238 1265 1452 1322 Domini
1503 1267 1674 1324 nostri
1719 1265 1847 1322 Jesu
1896 1265 2135 1334 Christi,

556 1358 744 1414 multis
775 1357 909 1425 haec,
937 1357 1224 1414 nonnullis
1252 1359 1343 1415 illa
1380 1359 1534 1431 prius
1564 1359 1921 1415 sentientibus
1963 1359 2132 1432 (445).

557 1447 794 1506 Maxima
831 1449 1100 1521 siquidem
1122 1465 1250 1520 pars
1277 1466 1472 1522 panem
1506 1459 1560 1506 et
1579 1451 1768 1506 vinum
1802 1449 1945 1523 [per]
1969 1467 2138 1509 sacra!

557 1541 822 1597 orationis
839 1543 1006 1597 verba
1025 1549 1080 1596 et
1099 1541 1905 1608 sacerdotisconsccrationem,
1931 1541 2138 1612 Spiritu

559 1640 751 1688 sancto
773 1633 1113 1688 invisibiliter
1135 1641 1415 1705 operante,
1433 1633 1681 1690 converti
1705 1633 2138 1691 substaeﬁaliter

558 1720 614 1778 in
645 1735 843 1794 corpus
869 1723 1216 1780 Dom‘inieum
1239 1725 1308 1781 de
1343 1723 1560 1796 Virgine
1593 1733 1803 1794 natum,
1829 1733 1976 1796 quod
2003 1732 2056 1780 ct
2080 1725 2136 1782 in

567 1815 730 1875 cruce
753 1815 1026 1885 pependit,
1067 1825 1124 1871 et
1159 1816 1211 1871 in
1240 1832 1301 1872 sa
1313 1817 1562 1889 .iguinem
1597 1817 1693 1888 qui
1717 1817 1785 1874 de
1817 1817 1938 1888 ejus
1968 1818 2137 1874 latere
2165 1813 2170 1815 ’

569 1899 756 1960 militis
783 1906 987 1962 eﬁbsns
1024 1916 1109 1963 est
1134 1907 1364 1976 ‘laneea,
1401 1908 1708 1976 asserebat,
1747 1916 1913 1981 atque
1947 1918 2147 1988 aucto:

559 1995 813 2055 ritarihus
867 1998 1260 2074 [rationibus]
1314 2000 1745 2057 orthodoxornm
1821 2005 2136 2058 sanetorum

559 2087 804 2156 Patrum,
852 2099 963 2147 tam
1005 2091 1319 2148 Graecorum
1363 2108 1530 2163 quam
1571 2091 1914 2161 Latinarum,
1960 2093 2138 2150 modis

557 2182 817 2239 omnibus
843 2183 1182 2240 defendebat.
1216 2183 1449 2252 Quidam
1470 2200 1602 2241 vero
1629 2184 1872 2242 caecitate
1896 2184 2063 2240 nimia
2083 2193 2139 2242 et

557 2274 717 2347 longa
760 2275 1019 2346 perculsi,
1063 2275 1294 2348 ﬁguram
1336 2283 1550 2333 tantum
1602 2275 1961 2334 substantiale
2003 2277 2138 2334 illud

556 2380 758 2438 corpus
791 2367 847 2422 in
869 2367 1090 2424 dextera
1115 2367 1292 2424 Patris
1315 2368 1510 2424 sedens
1550 2384 1690 2437 esse,
1723 2382 1888 2440 seque
1915 2377 1971 2424 et
1999 2369 2138 2426 alios

555 2458 886 2529 decipieutes
935 2457 1189 2534 [ﬁgurate
1228 2467 1441 2514 tantum
1488 2476 1547 2516 se
1587 2477 1753 2532 quam
1802 2459 1939 2516 alios
1985 2461 2136 2520 deci-

558 2551 807 2624 pientes]
876 2551 1204 2624 quibnsdam
1287 2551 1728 2610 cavillationibus
1797 2553 2139 2611 conabantur

558 2652 825 2702 astruere.
870 2641 1074 2701 Verum
1115 2643 1208 2700 ubi
1256 2645 1422 2716 coepit
1470 2660 1558 2701 res
1603 2646 1720 2718 agi,
1775 2647 1929 2718 prius
1971 2647 2138 2707 etiam

559 2751 724 2808 qnam
765 2735 922 2790 tertia
969 2730 1057 2792 die
1098 2743 1322 2792 ventum
1359 2735 1525 2792 fuerit
1565 2733 1620 2792 in
1663 2739 1893 2811 synodo,
1941 2738 2139 2796 defecit

556 2834 752 2882 contra
781 2826 1063 2882 veritatem
1092 2825 1192 2882 niti
1222 2843 1350 2898 pars
1374 2826 1566 2897 altera,
1594 2845 1788 2900 nempe
1813 2830 1990 2887 sancti
2015 2829 2138 2904 Spi-

562 2912 700 2968 ritus
725 2914 868 2986 ignis
904 2914 1052 2986 (446)
1079 2916 1449 2972 emolumenta
1475 2917 1758 2989 palearum
1782 2934 2134 2990 consumens,

555 3015 613 3064 et
645 3005 856 3080 fulgore
905 3023 1006 3063 suo
1041 3006 1235 3064 falsam
1277 3007 1455 3066 lucem
1491 3009 1883 3066 diverberando
1913 3011 2136 3068 obtene-

559 3100 746 3166 brans,
787 3099 964 3156 noctis
1005 3099 1292 3169 caliginem
1328 3101 1498 3155 vertit
1541 3099 1599 3156 in
1641 3101 1838 3156 lucem.
1889 3099 2134 3172 Denique

557 3188 918 3262 Berengarius
947 3190 1111 3262 hujus
1135 3190 1340 3245 erroris
1360 3191 1638 3262 magister,
1656 3200 1785 3264 post
1807 3192 1970 3264 longo
1994 3201 2134 3248 tem-

558 3295 692 3356 pore
735 3281 1156 3359 dogmatizalam
1201 3280 1558 3360 impietatem,
1608 3291 1823 3338 errasse
1865 3297 1924 3338 se
1949 3295 2136 3338 coram

557 3377 792 3433 concilio
833 3377 1104 3448 frequenti
1145 3377 1455 3446 confessus,
1489 3373 1814 3450 veniamque
1854 3373 2138 3451 postulans

557 3477 614 3524 et
655 3484 822 3524 orans
863 3486 928 3524 ex
973 3470 1271 3540 apostolica
1317 3469 1603 3524 clementia
1644 3471 1862 3538 meruit,
1899 3473 2136 3543 juravit-

558 3575 666 3629 que
699 3559 846 3632 (447)
873 3559 1016 3616 sicut
1045 3560 1099 3614 in
1126 3560 1590 3633 consequentibus
1611 3561 1936 3617 continetur.

561 3693 974 3767 (Jusjurandum
986 3694 1296 3767 Berengarii
1309 3693 1630 3751 Turonensis
1639 3697 1971 3768 presbyteri).
1985 3696 2042 3764 (4
2053 3646 2137 3769 id)

629 3827 744 3900 Ego
785 3827 1146 3898 Berengarius
1179 3826 1345 3884 corde
1389 3828 1586 3893 credo,
1633 3835 1688 3882 et
1733 3842 1828 3882 ore
1875 3829 2140 3882 conﬁteor

560 3935 754 3992 panem
779 3927 834 3975 et
867 3919 1057 3974 vinum
1082 3935 1205 3990 quae
1231 3927 1510 3990 ponuntur
1545 3919 1601 3974 in
1630 3917 1791 3972 altari
1814 3934 1910 3989 per
1935 3925 2138 3990 mystc-

561 4013 707 4070 rinm
735 4028 907 4070 saera:
945 4013 1212 4068 orationis
1245 4021 1301 4068 et
1345 4013 1509 4068 verba
1549 4012 1723 4068 nostri
1759 4009 2136 4083 Redemptoris

559 4101 992 4162 substantialiter
1037 4104 1283 4158 converti
1328 4102 1384 4158 in
1424 4115 1614 4158 veram
1657 4111 1714 4158 et
1755 4103 2029 4174 propriam
2070 4119 2136 4158 ac

556 4192 963 4249 viviﬁcatriccm
991 4207 1229 4248 ’camem
1279 4201 1334 4248 et
1375 4192 1698 4264 sanguinem
1749 4189 1878 4247 Jcsu
1931 4191 2134 4246 Christi

559 4285 776 4341 Domini
800 4285 1000 4352 nostri,
1042 4294 1096 4340 et
1133 4291 1260 4355 post
1291 4285 1758 4340 consecrationem
1792 4298 1916 4340 esse
1943 4291 2134 4339 verum

555 4375 761 4432 Christi
793 4369 1013 4446 corpus,
1047 4376 1192 4446 quod
1221 4384 1410 4430 natum
1433 4383 1518 4431 est
1544 4375 1612 4430 de
1647 4373 1889 4446 Virgine,
1914 4379 1968 4428 et
1991 4373 2137 4444 quod

558 4482 658 4538 pro
677 4467 853 4522 salute
870 4467 1056 4521 mundi
1078 4463 1320 4521 oblatum
1335 4465 1390 4520 in
1409 4475 1593 4533 cruce,
1617 4463 1891 4537 pependit,
1915 4468 1970 4519 et
1989 4465 2134 4536 quod
2169 4487 2212 4541 ι)

560 4559 712 4613 sedet
755 4557 824 4613 ad
872 4557 1154 4614 dexteram
1198 4555 1406 4626 Patris,
1457 4565 1512 4612 ct
1565 4573 1754 4612 verum
1807 4557 2132 4629 sanguinem

558 4648 784 4716 Christi,
819 4649 915 4720 qui
959 4649 1027 4704 de
1059 4649 1228 4704 latere
1250 4649 1371 4720 ejus
1399 4647 1605 4704 ell'usus
1646 4653 1750 4717 est,
1783 4666 1894 4704 non
1921 4657 2134 4704 tantum

559 4754 658 4810 per
682 4740 897 4812 signum
919 4747 975 4794 et
1009 4740 1266 4795 virtutem
1300 4739 1649 4806 sacramenti,
1677 4739 1770 4795 sed
1812 4739 1866 4794 in
1890 4739 2136 4810 proprie-

559 4838 672 4885 tate
699 4840 912 4888 natnra
931 4840 988 4886 et
1007 4831 1235 4886 veritate
1257 4830 1598 4897 substantiae,
1623 4832 1765 4885 sicut
1785 4831 1840 4886 in
1865 4833 1968 4886 hoc
1988 4831 2139 4888 brevi
2165 4835 2174 4840 ’

561 4926 892 4993 continetur,
918 4933 974 4980 et
992 4939 1093 4997 ego
1118 4925 1244 4999 legi,
1275 4933 1331 4981 et
1357 4940 1456 4980 vos
1481 4924 1798 4996 intelligitis.
1833 4923 1925 4979 Sic
1952 4923 2134 4989 credo,

562 5029 663 5070 nec
691 5025 882 5071 contra
902 5015 1235 5081 haucﬁdcm
1262 5017 1492 5072 ulterius
1519 5015 1746 5072 docebo.
1773 5015 1864 5070 Sic
1886 5033 1974 5072 me
1993 5014 2138 5070 Deus

562 5110 802 5180 adjuvet,
824 5119 880 5165 et
902 5111 1020 5166 haec
1045 5120 1234 5167 sancta
1256 5109 1353 5166 Dei
1381 5108 1692 5182 Evangelia.
1726 5107 1882 5166 Tune
1901 5109 2139 5166 domnus

560 5212 701 5268 papa
728 5197 982 5268 praecepit
1009 5198 1340 5270 Berengsric
1370 5214 1439 5256 ex
1472 5201 1795 5257 auctoritate
1827 5196 1924 5253 Dei
1955 5197 2136 5253 omni-

2241 551 2301 598 ut
2319 543 2388 599 de
2409 557 2639 614 corpore
2665 551 2721 599 et
2742 541 3007 613 sanguine
3036 539 3254 596 Domini
3280 555 3572 610 nunquam
3593 525 3814 598 ulterius

2239 647 2364 688 cum
2387 633 2572 706 aliquo
2591 633 2870 704 disputare
2887 632 2972 687 vel
2985 633 3232 702 aliquem
3249 631 3450 687 docere
3467 641 3814 700 prasameret

2239 728 2462 792 exCepta
2495 736 2660 778 causa
2685 721 2979 778 reducendi
3003 721 3071 776 ad
3113 719 3273 775 ﬁdem
3303 719 3449 775 hanc
3469 733 3569 774 eos
3599 718 3695 790 qui
3723 734 3812 790 per

2239 813 2358 884 ejus
2385 811 2687 868 doctrinam
2711 811 2780 866 ab
2811 825 2874 866 ea
2901 817 3237 866 recesserant
3261 807 3681 882 [recesserunt].

2309 923 2405 979 llis
2435 924 2618 994 itaque
2648 925 2734 995 pic
2756 932 2810 978 et
2846 921 3075 978 feliciter
3104 921 3261 990 actis,
3288 921 3435 978 inter
3457 923 3667 978 multas
3691 937 3809 992 pro-

2239 1017 2594 1074 clamationes
2639 1015 2929 1086 conquesti
2971 1021 3100 1071 sunt
3134 1012 3301 1084 legati
3355 1014 3504 1086 regis
3550 1007 3810 1083 Rodnlphi

2241 1123 2403 1178 super
2451 1104 2710 1172 Henrico,
2753 1104 2920 1176 quod,
2963 1104 3101 1159 nulli
3121 1105 3242 1160 loco
3288 1105 3537 1176 nullique
3576 1109 3813 1176 pers-inze

2239 1214 2468 1268 parcens
2495 1198 2816 1269 religionem
2837 1195 3258 1267 Transalpinam
3281 1205 3598 1252 contereret
3617 1204 3672 1250 ct
3689 1211 3814 1251 con:

2238 1288 2480 1346 enicaret
2515 1307 2530 1343 :
2568 1288 2840 1348 neminem
2890 1285 3106 1342 debitus
3149 1287 3332 1342 honor
3365 1287 3454 1341 vel
3517 1287 3808 1340 reverentia

2237 1382 2321 1438 vel
2341 1381 2580 1452 dignitas
2600 1388 2862 1446 tueretur,
2879 1387 2936 1435 et
2953 1394 3056 1434 ceu
3077 1379 3208 1434 vilia
3227 1378 3502 1450 mancipia
3525 1394 3636 1434 non
3660 1392 3812 1434 ιιηιω

2238 1473 2570 1541 sacerdotes,
2602 1472 2696 1530 sed
2726 1471 2892 1528 etiam
2921 1469 3165 1542 episcopi
3189 1470 3698 1540 ambiepiseopique
3725 1484 3812 1523 ea-

2237 1572 2525 1635 perentur,
2581 1563 2924 1634 vinculisque
2982 1561 3457 1635 manciparemur,
3511 1562 3812 1632 partimque

2239 1645 2660 1712 trucidarentur.
2712 1653 3076 1710 Decreverunt
3121 1668 3251 1724 ergo
3287 1651 3649 1722 quamplures
3685 1667 3808 1706 con-

2237 1746 2347 1803 cilii
2385 1747 2442 1802 in
2477 1746 2624 1804 illius
2661 1743 3004 1818 tyrannidem
3047 1743 3290 1815 gladium
3322 1743 3689 1814 apostolicum
3722 1741 3812 1796 de-

2237 1838 2366 1894 bere
2383 1834 2712 1908 ~evaginari;
2739 1835 2835 1892 sed
2867 1835 3080 1892 distulit
3102 1835 3403 1906 apostolica
3429 1833 3807 1890 mansuetudo.

2235 1925 2566 1988 Juravez’nnt
2595 1927 2759 2000 igitur
2789 1925 2953 1998 legati
2993 1924 3214 1984 Henrici
3247 1927 3394 1998 regis
3421 1926 3558 1981 illud
3583 1925 3730 1996 quoi
3757 1925 3812 1978 in

2237 2013 2592 2092 sequentibus
2627 2017 2892 2090 scriptum
2924 2018 3213 2090 reperitur.

2428 2133 3169 2191 Sacramentum'numioram
3201 2131 3426 2188 Henrici
3455 2133 3620 2205 regis.

2307 2225 2496 2300 Legati
2521 2227 2730 2284 domini
2754 2226 2859 2284 mei
2884 2227 3027 2299 regis
3053 2225 3118 2281 ad
3146 2240 3244 2282 vos
3269 2225 3498 2281 venient
3531 2223 3679 2280 infra
3703 2235 3812 2280 ter-

2237 2319 2446 2374 minum
2475 2319 2832 2376 Ascensionis
2877 2318 3114 2385 Domini,
3157 2318 3400 2389 exceptis
3439 2317 3700 2390 legitimis
3730 2333 3814 2372 so-

2237 2411 2345 2467 niis
2373 2398 2522 2483 (Mil)
2559 2397 2619 2467 id
2653 2420 2744 2468 est
2778 2419 2984 2480 morte,
3027 2409 3109 2467 vel
3157 2412 3309 2484 gravi
3357 2411 3702 2477 inﬁrmitate,
3735 2411 3814 2465 vel

2236 2501 2486 2572 captione
2531 2501 2739 2572 absque
2769 2502 2936 2570 dolo,
2963 2501 3072 2573 qui
3107 2503 3320 2574 legatos
3369 2489 3640 2558 Romana:
3676 2502 3818 2559 sedis

2237 2608 2429 2648 secure
2461 2591 2664 2648 ducent
2685 2600 2742 2648 et
2763 2593 3042 2661 reducent,
3066 2594 3400 2650 itdominns
3428 2609 3529 2649 rex
3558 2593 3814 2652 obediens

2234 2687 2340 2742 erit
2359 2686 2466 2742 illis
2491 2685 2546 2741 in
2568 2686 2824 2742 omnibus
2851 2687 3149 2743 secundum
3174 2685 3447 2758 justitiam
3477 2695 3535 2744 et
3549 2685 3816 2756 judicium

2236 2777 2454 2833 illorum
2481 2795 2494 2832 :
2531 2785 2588 2832 et
2620 2777 2737 2832 haec
2765 2777 2950 2832 omnia
2971 2779 3282 2834 observabit
3302 2779 3514 2849 absque
3535 2777 3681 2843 dolo,
3707 2775 3814 2830 nisi

2235 2878 2501 2940 quantum
2525 2884 2594 2926 ex
2613 2869 2864 2940 jnssione
2896 2878 3078 2926 vestra
3106 2870 3457 2936 remanserit,
3483 2877 3539 2925 et
3554 2869 3673 2924 hac
3688 2865 3820 2939 juro

2234 2977 2301 3017 ex
2336 2969 2610 3034 praecepto
2637 2962 2848 3018 domini
2878 2963 2986 3019 mei
3015 2964 3158 3035 regis
3188 2961 3429 3021 Henrici.

2233 3077 2626 3150 Jusjurandum
2664 3080 2974 3151 nuntiorum
3019 3079 3282 3150 Rodulphi
3325 3080 3498 3151 regis,
3535 3077 3822 3150 rudemque

2655 3147 2943 3220 Rodalphi,
2973 3151 3112 3221 quod
3136 3147 3390 3222 sequitur.

2311 3239 2369 3295 Si
2417 3239 2754 3312 colloquium
2795 3256 2866 3296 ex
2904 3249 3088 3297 vestro
3138 3249 3408 3312 praecepto
3457 3243 3820 3296 constitutum

2239 3330 2402 3386 fuerit
2429 3331 2488 3386 in
2517 3331 2764 3402 partibus
2789 3329 3124 3398 Teutonicis,
3147 3331 3270 3387 loco
3300 3341 3356 3386 et
3380 3340 3636 3402 tempore
3661 3349 3694 3387 a
3723 3348 3818 3385 vo-

2238 3424 2323 3486 bis
2348 3422 2604 3495 deﬁnito,
2644 3432 2770 3486 ante
2803 3425 3153 3500 praesentiam
3195 3433 3436 3480 vestram
3485 3425 3577 3481 vel
3618 3425 3820 3498 legato—

2241 3535 2363 3574 rum
2397 3529 2707 3576 vestrarum
2741 3518 2997 3574 dominus
3036 3527 3222 3573 noster
3248 3534 3344 3572 rex
3377 3515 3709 3587 Rodnlphus
3739 3516 3819 3571 vel

2237 3607 2354 3680 ipse
2387 3609 2588 3674 veniet,
2621 3609 2705 3663 vel
2727 3609 3014 3678 episcopos
3035 3617 3092 3663 et
3115 3606 3300 3662 ﬁdeles
3333 3621 3472 3662 suos
3491 3607 3698 3670 mittet,
3721 3621 3818 3676 pa-

2238 3708 2498 3771 ratusque
2519 3700 2622 3756 erit
2637 3699 2903 3770 judicium
2925 3699 3071 3770 quod
3093 3708 3281 3754 sancta
3306 3698 3558 3753 Romana
3581 3697 3818 3754 Ecclesia

2237 3791 2541 3846 decreverit
2562 3791 2630 3846 de
2656 3806 2824 3846 causa
2856 3791 3008 3862 regni
3036 3790 3243 3857 subire,
3279 3790 3544 3859 nulloque
3567 3789 3716 3844 malo
3738 3788 3820 3842 in-

2237 3884 2396 3955 genio
2424 3892 2750 3939 conventum
2778 3899 2810 3938 a
2838 3883 2995 3938 vobis
3030 3882 3144 3937 sive
3169 3881 3361 3952 legatis
3387 3879 3592 3936 vestris
3613 3879 3818 3936 consti-

2239 3984 2414 4031 tutum
2445 3975 2721 4046 impediet,
2753 3984 2828 4041 et,
2847 3983 3138 4046 postquam
3171 3983 3378 4030 certum
3413 3974 3544 4029 inde
3578 3982 3817 4029 vestrum

2237 4069 2492 4124 nuntium
2529 4067 2732 4124 videbit
2757 4066 2826 4122 de
2869 4082 3002 4138 pace
3045 4067 3099 4122 in
3133 4081 3304 4138 regno
3341 4065 3730 4120 constituenda
3767 4070 3820 4117 et

2235 4159 2632 4225 conﬁrmanda,
2657 4157 2896 4214 studebit
2917 4168 2978 4214 ut
3005 4159 3203 4230 legatio
3231 4163 3412 4214 vestra
3442 4157 3736 4228 provenire
3751 4155 3818 4212 ad

2236 4272 2426 4328 pacem
2463 4256 2618 4327 regni
2639 4265 2695 4310 et
2728 4255 3078 4312 concordiam
3116 4254 3311 4324 possit.
3345 4251 3470 4308 Haec
3499 4253 3692 4309 omnia
3723 4253 3819 4307 ob-

2237 4347 2617 4413 servabuntur
2661 4346 2768 4402 nisi
2801 4353 3070 4416 qnantum
3107 4361 3174 4400 ex
3204 4352 3386 4400 vestra
3419 4350 3574 4400 certa
3603 4344 3818 4399 licentia

2239 4439 2582 4504 remanserit,
2625 4438 2710 4493 vel
2759 4451 2825 4493 ex
2865 4436 3254 4508 impedimento
3301 4435 3570 4506 legitimo,
3616 4435 3822 4492 scilicet

2238 4536 2434 4594 morte,
2461 4528 2546 4585 vel
2568 4526 2716 4599 gravi
2745 4525 3083 4594 inﬁrmitate,
3105 4523 3191 4581 vel
3210 4524 3488 4596 captione,
3511 4524 3636 4580 sine
3671 4522 3814 4580 dolo.

2415 4641 2820 4698 Sat-ramentum
2851 4633 3230 4710 archiepiscopi
3255 4637 3635 4710 Aquileiensis.

2251 4725 2256 4729 ’
2309 4725 2522 4790 Iuravit
2541 4735 2682 4790 idem
2705 4732 2896 4788 eodem
2920 4739 3161 4801 tempore
3183 4729 3632 4800 archiepiscopus
3653 4726 3818 4798 Aqui-

2241 4826 2460 4882 leiensis
2506 4823 2777 4880 Henricus
2824 4821 3120 4878 secundum
3173 4821 3292 4876 haec
3333 4819 3504 4876 verba
3529 4837 3547 4874 :
3593 4819 3684 4876 Ab
3717 4818 3816 4873 hac

2242 4919 2377 4973 liora
2405 4927 2462 4973 et
2485 4918 2702 4972 inantca
2733 4915 2906 4970 ﬁdelis
2929 4929 3027 4968 ero
3051 4913 3211 4968 beato
3231 4911 3394 4967 Petro
3421 4921 3479 4967 et
3501 4924 3661 4984 papae
3681 4911 3810 4966 Gre»-

2238 5009 2414 5080 gorio,
2445 5009 2666 5078 suisque
2697 5002 3132 5070 successoribus,
3156 5001 3252 5074 qui
3285 5012 3385 5073 per
3411 5002 3670 5056 meliores
3693 5015 3810 5056 ear-

2237 5101 2450 5156 dinales
2498 5097 2868 5154 intraverint:
2913 5093 3032 5148 Non
3085 5104 3216 5164 ergo
3261 5093 3474 5166 [[orte,
3523 5091 3648 5148 Non
3696 5103 3806 5158 em,

2238 5191 2436 5258 lium,
2463 5191 2540 5244 sic
2563 5199 2613 5244 et
2644 5189 2698 5242 in
2731 5183 2957 5258 Malim]
2982 5185 3036 5239 in
3069 5183 3322 5252 consilio,
3347 5198 3526 5254 neque
3565 5183 3624 5238 in
3646 5181 3806 5249 facto.
