3988 5328
513 335 620 399 815

1206 335 1261 390 S.
1297 330 1625 391 GREGORll
1649 328 1930 386 VIIOPP.
1966 327 2149 385 PARS
2189 327 2273 384 lll.
2316 363 2387 370 --ς
2424 325 2739 385 CONCILIA
2780 324 3086 382 ROMANA.

3694 323 3795 380 8lo

515 453 873 531 chbaldum]
897 450 1355 509 Mediolanensem
1379 446 1588 502 dictum
1611 444 2108 516 archiepiscopum,
2139 447 2193 504 Α
2211 441 2425 498 sulendi
2459 440 2706 504 scientia,
2732 437 2824 509 qui
2857 439 3068 494 animas
3092 435 3378 493 hominum
3424 436 3608 510 magis
3629 437 3697 493 ad
3719 438 3800 494 in‘

519 568 535 599 σ
552 560 575 605 t‘
589 541 915 607 Guibertu‘m
943 538 1276 618 [Gibertum]
1298 538 1700 604 Ravennatum,
1722 545 1778 593 et
1799 534 2108 591 Rolandum

523 641 954 705 Tarvisiensem,
999 633 1392 691 conﬁrmamus
1446 639 1502 687 et
1553 629 1998 687 corroboramus.
2042 627 2111 684 Et

521 731 751 788 Petrum
768 727 900 784 olim
926 724 1333 796 Rothonensem
1351 720 1807 795 [Ruthenensem,
1841 719 1958 773 cod.
1989 716 2109 771 Mu-

524 825 626 879 tin.
666 814 1074 888 Redonensem]
1115 814 1455 885 episcopum,
1488 827 1638 869 nunc
1675 819 1863 869 autem
1892 808 2126 868 Narbo-.

526 912 713 971 nensis
740 907 1001 967 Ecclesia:
1028 901 1369 973 ‘i’nvasorem,
1414 903 1536 975 pari
1579 899 1853 959 sententia
1880 900 2110 956 damna-

527 1018 671 1061 mus.
1226 1010 1229 1013 ’

566 1090 687 1163 ⁸Ν.
746 1090 881 1149 Item
926 1086 974 1146 si
1014 1088 1140 1161 quis
1176 1083 1648 1145 Nortmannorum
1692 1093 1873 1142 terras
1923 1081 2111 1140 Sancti

528 1182 694 1249 Petri,
734 1180 985 1236 videlicet
1033 1180 1182 1235 illam
1240 1185 1451 1250 partem
1505 1175 1778 1232 Firmana:
1830 1174 2109 1240 marchize,

527 1290 650 1346 quae
698 1266 1215 1347 nondum'pcrvasa
1266 1280 1371 1340 est,
1433 1279 1489 1328 et
1540 1270 1802 1327 ducatum
1858 1266 2110 1339 Spoleta-

527 1385 685 1439 num,
733 1376 789 1422 et
827 1365 1207 1438 Campaniam,
1255 1380 1359 1421 nec
1410 1379 1522 1420 non
1580 1362 1885 1419 Maritimus
1938 1369 2114 1431 atque

530 1462 816 1528 Sabinum,
878 1468 933 1516 et
984 1458 1319 1515 comitatum
1383 1455 1738 1513 Tiburtinum
1767 1495 1785 1520 ,
1837 1468 1941 1509 nec
2000 1463 2113 1506 non

526 1551 923 1608 monasterium
960 1549 1146 1607 Sancti
1194 1549 1471 1606 Benedicti
1525 1546 1731 1603 montis
1776 1544 2016 1611 Cassini,
2060 1551 2114 1600 et

529 1651 707 1698 terras
754 1639 858 1697 sibi
904 1639 1271 1713 pertinentes;
1301 1638 1527 1710 insuper
1551 1636 1716 1693 etiam
1743 1633 2113 1690 Beneventum

531 1731 788 1789 invadere
857 1731 943 1787 vel
1000 1729 1300 1800 depraedari
1372 1724 1821 1799 praesumpserit,
1878 1723 2113 1795 gratiam

2209 534 2433 590 teritum
2454 548 2619 603 quam
2650 531 2717 586 ad
2739 531 2972 587 salutem
2992 530 3220 598 ducunt,
3248 538 3389 586 teste
3412 528 3659 586 Veritate
3683 547 3805 602 qua:

2209 625 2288 681 ait
2314 645 2326 680 :
2364 623 2423 680 Si
2457 640 2626 679 cwcus
2650 637 2847 678 circum
2881 622 3062 690 ducat,
3089 622 3245 677 ambo
3276 622 3335 677 in
3364 623 3576 694 foveam
3608 623 3802 677 cadunt
3830 666 3833 667 ν

2212 717 2431 791 (Matth.
2459 714 2583 787 xv);
2615 715 2709 771 sed
2742 714 2810 769 ad
2833 730 2930 770 eos
2962 715 3077 786 qui,
3106 714 3371 787 religione
3403 723 3461 769 et
3492 712 3804 786 Scriptura-

2210 827 2335 869 rum
2348 809 2596 868 doctrina
2619 809 2895 876 instructi,
2920 807 3061 863 viam
3082 806 3408 879 veritatisjet
3430 806 3633 863 salutis
3652 805 3806 863 vobis

2210 905 2495 981 ostendere
2524 904 2757 959 valeant.

2567 994 2653 1050 Vl.
2696 994 2774 1050 De
2807 993 3061 1050 electione
3096 993 3430 1064 pontiﬁcum.

2280 1088 2529 1158 Quoties,
2560 1087 2817 1145 defuncto
2841 1096 3060 1159 pastore
3099 1086 3333 1157 alicujus
3359 1085 3649 1153 Ecclesiae,
3670 1085 3807 1143 alius

2211 1191 2295 1238 est
2336 1182 2387 1238 ei
2435 1180 2697 1237 canonice
2755 1179 3153 1250 subrogandus,
3204 1178 3469 1235 instantia
3510 1178 3807 1239 visitatoris

2212 1272 2473 1344 episcopi,
2496 1271 2591 1342 qui
2617 1271 2666 1327 ei
2687 1271 2756 1326 ab
2779 1270 3080 1341 apostolica
3110 1270 3195 1326 vel
3224 1270 3661 1343 metropolitana
3684 1271 3810 1327 sede

2212 1364 2452 1421 directus
2479 1373 2591 1431 est,
2630 1365 2809 1420 clerus
2838 1371 2893 1420 et
2924 1362 3183 1434 populus,
3214 1370 3427 1418 remota
3459 1362 3617 1418 omni
3640 1379 3810 1419 sacu-

2210 1455 2314 1512 lari
2336 1456 2665 1522 ambitione,
2696 1455 2891 1510 timore
2920 1463 3084 1525 atque
3126 1453 3330 1525 gratia,
3368 1454 3691 1524 apostolica:
3722 1469 3808 1509 se.

2214 1548 2299 1607 dis
2331 1548 2416 1604 vel
2444 1546 2849 1618 metropolitani
2877 1546 2962 1602 sui
2993 1561 3267 1602 consensu
3289 1554 3575 1616 pastorem
3600 1545 3705 1600 sibi
3726 1561 3812 1600 se-

2206 1637 2456 1694 cundum
2480 1636 2657 1693 Deum
2687 1637 2869 1708 eligat.
2912 1636 3070 1703 Quod
3099 1636 3146 1691 si
3177 1645 3476 1707 corruptus
3501 1636 3696 1705 aliquo
3730 1637 3812 1691 vi-

2217 1730 2293 1785 tio
2332 1730 2490 1785 aliter
2525 1729 3146 1801 agerepra'sumpserit,
3194 1729 3485 1786 electionis
3523 1745 3809 1801 perperam

531 1821 707 1878 sancti
738 1820 884 1878 Petri
913 1829 970 1876 et
996 1820 1281 1876 introitum
1315 1817 1559 1875 ecclesiae
1596 1816 1647 1872 ei
1687 1829 1861 1887 usque
1909 1814 1978 1870 ad
2030 1829 2120 1870 sa-
2146 1805 2194 1859 Β
2220 1821 2375 1878 factae
2407 1823 2556 1878 omni
2584 1821 2763 1879 fructu
2798 1822 3027 1891 carebit,
3067 1830 3122 1878 et
3150 1822 3217 1878 de
3246 1832 3446 1879 caetero
3471 1823 3687 1881 nullam
3707 1824 3811 1880 ele-

530 1914 900 1973 tisfactionem
942 1912 1341 1970 interdicimus.
1379 1909 1771 1967 Verumtamen
1816 1905 1865 1963 si
1888 1904 2012 1977 quis
2047 1903 2117 1960 il-

529 2008 710 2064 lorum
758 2008 1021 2066 adversus
1059 2003 1393 2063 habitatores
1432 2004 1631 2062 harum
1684 2009 1961 2075 terrarum
2020 1997 2120 2054 ali-

464 2119 469 2123 λ
531 2116 697 2173 quam
733 2100 940 2172 justam
970 2114 1195 2155 causam
1220 2097 1499 2165 habuerit,
1524 2096 1679 2169 prius
1709 2111 1747 2150 a
1766 2093 1949 2159 nobis,
1979 2090 2065 2146 vel
2087 2106 2121 2146 n

529 2193 837 2250 rectoribus
879 2207 978 2250 seu
1017 2190 1286 2261 ministris
1333 2189 1467 2247 inibi
1508 2186 1820 2246 constitutis
1848 2184 2121 2257 justitiam

531 2284 807 2356 requirat;
849 2299 973 2357 qua:
1003 2283 1053 2340 si
1080 2283 1132 2340 ei
1157 2282 1420 2354 denegata
1451 2279 1644 2347 fuerit,
1686 2276 2039 2335 concedimus
2061 2282 2123 2330 ut

531 2392 633 2447 pro
654 2376 1065 2449 recuperatione
1085 2389 1313 2432 suarum
1341 2387 1528 2428 rerum
1557 2372 1626 2427 de
1646 2379 1795 2427 terra
1838 2370 1930 2427 illa
1972 2368 2121 2428 acci-

531 2469 667 2541 piat,
690 2484 803 2526 non
820 2477 1009 2527 tamen
1031 2468 1176 2524 ultra
1198 2465 1445 2533 modum,
1473 2478 1576 2521 nec
1595 2478 1748 2521 more
1776 2462 2119 2534 praedonum,

533 2563 648 2631 sed,
680 2570 743 2619 ut
769 2562 926 2621 decet
963 2560 1360 2626 Christianum,
1414 2565 1471 2613 et
1493 2572 1620 2613 eum
1662 2556 1760 2627 qui
1794 2571 1896 2612 sua
1946 2554 2122 2627 magis

533 2652 730 2723 quierit
761 2651 1005 2722 recipere
1032 2666 1211 2722 quam
1244 2649 1423 2709 aliena
1460 2647 1728 2717 diripere,
1764 2654 1819 2704 et
1843 2645 1940 2718 qui
1969 2646 2126 2702 timet

534 2743 767 2819 gratiam
807 2743 905 2801 Dei
931 2743 1183 2801 amittere
1219 2750 1275 2798 et
1306 2739 1743 2799 maledictionem
1789 2738 1937 2797 beati
1977 2739 2124 2797 Petri

539 2836 843 2911 incurrere.

606 2925 671 2982 V.
714 2925 980 3004 Praeterea
1006 2926 1366 2993 admonemus
1396 2939 1587 2999 omnes
1610 2924 1707 2995 qui
1733 2932 1951 2981 :etemze
1970 2923 2126 2980 dam-

535 3017 775 3075 nationis
826 3033 1019 3089 puanas
1073 3016 1322 3083 evadere,
1366 3024 1424 3072 et
1459 3030 1601 3071 verte
1624 3014 1973 3088 beatitudinis
2006 3015 2127 3087 glo-

535 3107 675 3165 riam
701 3108 932 3183 cupiunt
955 3108 1180 3175 intrare,
1213 3115 1275 3163 ut
1303 3120 1332 3161 a
1366 3104 1521 3161 falsis
1556 3103 1661 3160 sibi
1701 3111 1929 3160 caveant
1950 3104 2127 3175 pinni-

534 3203 741 3259 tentlis.
783 3201 939 3259 Sicut
970 3201 1117 3257 enim
1150 3199 1350 3255 falsum
1382 3198 1654 3269 baptisma
1683 3211 1795 3251 non
1833 3196 1979 3261 lavat
2017 3196 2128 3252 ori-

536 3290 716 3363 ginale
735 3299 1043 3362 peccatum,
1080 3290 1156 3344 ita
1191 3296 1319 3360 post
1338 3288 1672 3359 baptismum
1700 3285 1838 3341 falsa
1858 3285 2129 3357 poeniten-

538 3383 613 3438 tia
647 3398 758 3438 non
792 3382 935 3439 delet
963 3380 1119 3438 nefas
1150 3379 1529 3436 commissum.
1568 3377 1804 3449 Ideoque
1835 3377 1993 3433 valde
2027 3393 2127 3433 nc-

536 3474 839 3530 cessarium
863 3482 947 3529 est
984 3482 1046 3528 ut
1080 3473 1174 3543 qui
1201 3487 1259 3528 se
1289 3471 1513 3543 aliquod
1542 3486 1706 3542 grave
1735 3471 1942 3526 crimen
1971 3485 2128 3526 com-

538 3563 758 3620 misisse
811 3564 1125 3634 cognoscit,
1179 3562 1422 3617 animam
1463 3561 2024 3636 suam‘prudentibus
2074 3570 2129 3616 et

539 3653 810 3725 religiosis
833 3652 968 3709 viris
989 3653 1315 3721 committat,
1340 3648 1401 3708 ut
1419 3660 1518 3724 per
1542 3666 1727 3706 veram
1748 3649 2126 3722 pdanitentiam

537 3753 743 3801 certam
793 3752 1144 3815 peccatorum
1198 3758 1425 3800 suorum
1471 3749 1839 3813 consequatur
1888 3741 2124 3798 veniam.

539 3835 667 3893 Haec
695 3844 780 3893 est
807 3836 953 3893 enim
985 3851 1112 3893 vera
1139 3835 1489 3907 ptenitentia,
1520 3842 1583 3889 ut
1615 3842 1741 3905 post
1771 3833 2128 3891 commissum

540 3928 1037 4004 [commissionem]
1074 3929 1309 4001 alicujus
1350 3928 1617 4001 gravioris
1646 3927 1914 3996 criminis,
1940 3935 2129 3998 utpote

541 4023 788 4080 meditati
829 4021 1110 4079 homicidii
1140 4029 1196 4089 et
1232 4030 1425 4093 sponte
1449 4020 1753 4089 commissi,
1780 4036 1878 4077 seu
1903 4021 2128 4091 perjurii

537 4128 639 4185 pro
668 4113 962 4186 cupiditate
982 4113 1209 4170 honoris
1231 4122 1325 4169 aut
1344 4113 1588 4185 pecuniae
1608 4112 1758 4181 facti,
1790 4113 1874 4169 vel
1894 4113 2128 4169 aliorum

540 4209 627 4267 his
653 4211 935 4278 similium,
973 4208 1049 4265 ita
1084 4225 1144 4266 se
1174 4209 1558 4280 unusquisque
1585 4207 1651 4264 ad
1681 4207 1974 4264 Dominum
2004 4224 2131 4265 con-

536 4312 734 4373 vertat,
751 4312 834 4373 ut,
856 4302 1060 4360 relictis
1086 4302 1342 4358 omnibus
1365 4302 1746 4373 iniquitatibus
1768 4302 1905 4370 suis,
1933 4302 2129 4359 deinde

539 4397 595 4452 in
628 4396 897 4455 fructibus
931 4397 1090 4451 home
1122 4394 1456 4465 operationis
1477 4402 1811 4466 permaneat.
1857 4393 1948 4451 Sic
1980 4394 2127 4449 enim

2219 1914 2416 1971 ctionis
2445 1923 2769 1986 potestatem
2793 1900 3033 1971 habebit.
3076 1913 3372 1970 Electionis
3398 1930 3535 1969 vero
3570 1923 3811 1986 potestas

2220 2007 2400 2064 omnis
2428 2007 2487 2062 in
2510 2007 2902 2065 deliberatione
2927 2006 3074 2063 sedis
3103 2007 3421 2078 apostolicae
3454 2007 3578 2065 sive
3610 2016 3810 2064 metro-

2218 2096 2449 2167 politani
2477 2096 2561 2154 sui
2601 2098 2886 2154 consistat.
2930 2095 2991 2152 Si
3029 2096 3176 2152 enim
3212 2098 3261 2153 is
3303 2098 3374 2153 ad
3412 2113 3585 2168 quem
3618 2113 3810 2156 conse-

2219 2189 2395 2243 cratio
2441 2189 2698 2260 pertinet,
2744 2204 2855 2245 non
2892 2189 2996 2245 rite
3040 2190 3435 2259 consecrando,
3485 2198 3630 2247 teste
3661 2192 3811 2248 huic

2221 2278 2422 2348 Leone,
2458 2280 2689 2351 gratiam
2723 2280 3121 2337 benedictionis
3150 2280 3372 2349 amittit,
3408 2289 3812 2353 consequenter

2223 2370 2269 2427 is
2310 2371 2404 2441 qui
2445 2371 2513 2427 ad
2546 2387 2771 2442 pravam
2803 2372 3125 2429 electionem
3151 2372 3537 2443 declinaverit,
3581 2374 3815 2445 eligendi

2221 2472 2487 2534 potestate
2520 2465 2785 2536 privatur.

2486 2557 2594 2613 VII.
2630 2555 3126 2614 Excommunicatio
3153 2559 3290 2632 regis
3318 2555 3566 2617 Hernici.

2295 2649 2457 2707 Beate
2497 2650 2674 2721 Petro,
2700 2652 2953 2722 princeps
2997 2653 3396 2727 apostolorum,
3432 2661 3489 2709 et
3533 2661 3617 2720 tu,
3657 2652 3814 2709 beate

2223 2738 2412 2807 Paule,
2446 2737 2649 2797 Doctor
2692 2740 2969 2813 gentium,
3003 2742 3336 2814 dignamini,
3380 2758 3601 2814 quaeso,
3642 2758 3812 2799 aures

2221 2842 2436 2893 Vestras
2458 2832 2528 2888 ad
2552 2848 2640 2888 me
2661 2832 2949 2901 inclinare,
2973 2847 3172 2904 meque
3204 2833 3502 2890 clementer
3524 2833 3809 2890 exaudire.

2225 2923 2365 2992 Quia
2394 2924 2639 2981 veritatis
2666 2925 2798 2982 estis
2829 2925 3085 2996 discipuli
3121 2935 3177 2983 et
3219 2932 3530 2993 amatores,
3557 2926 3817 2997 adiuvate

2224 3025 2287 3073 ut
2319 3014 2419 3089 [et]
2449 3017 2735 3073 veritatem
2758 3018 2914 3075 vobis
2937 3017 3140 3085 dicam,
3167 3018 3319 3074 omni
3339 3026 3554 3075 remota
3576 3017 3817 3076 falsitate

2227 3124 2393 3181 quam
2429 3110 2657 3184 omnino
2688 3110 3060 3179 detestamini,
3109 3119 3172 3167 ut
3210 3109 3408 3166 fratres
3458 3110 3572 3166 mei
3620 3113 3816 3169 melius

2228 3205 2363 3261 mihi
2402 3203 2793 3274 acquiescant,
2831 3209 2886 3257 et
2932 3202 3111 3262 sciant
3142 3212 3197 3258 et
3235 3204 3545 3276 intelligant
3575 3204 3713 3276 quia
3750 3219 3817 3258 ex

2226 3306 2409 3354 vc5tra
2439 3294 2636 3351 ﬁducia
2656 3302 2781 3366 post
2801 3292 3096 3349 Dominum
3119 3304 3173 3350 et
3195 3304 3427 3352 matrem
3449 3295 3576 3366 ejus
3602 3307 3815 3365 semper

2228 3388 2493 3461 virginem
2522 3384 2748 3441 Mariam
2772 3384 2957 3456 pravis
3010 3394 3066 3441 et
3113 3385 3317 3456 iniquis
3351 3387 3594 3455 resisto;
3623 3387 3816 3444 vestris

2228 3489 2413 3537 autem
2460 3478 2713 3535 ﬁdelibus
2759 3478 3025 3533 auxilium
3062 3488 3283 3549 praesto.
3309 3477 3421 3536 Vos
3466 3480 3625 3536 enim
3668 3480 3817 3537 scitis

2228 3573 2356 3644 quia
2392 3586 2507 3628 non
2551 3571 2781 3627 libenter
2829 3570 2900 3626 ad
2945 3585 3164 3627 sacrum
3211 3571 3463 3629 ordinem
3503 3573 3819 3641 accessi,et

2229 3662 2435 3719 invitus
2466 3661 2613 3717 ultra
2664 3667 2883 3717 montes
2919 3676 3046 3717 cum
3088 3661 3314 3719 domino
3364 3678 3510 3734 papa
3554 3663 3816 3737 Gregorio

2228 3752 2359 3822 abii,
2392 3751 2487 3808 sed
2510 3749 2909 3824 magisinvitus
2931 3766 3056 3806 cum
3077 3751 3303 3807 domino
3323 3768 3449 3808 meo
3471 3769 3620 3825 papa
3639 3752 3817 3810 Leone

2228 3844 2297 3898 ad
2326 3832 2562 3898 vestram
2588 3840 2876 3912 specialem
2900 3841 3188 3897 ecclesiam
3212 3842 3370 3910 redii,
3388 3842 3444 3897 in
3481 3859 3599 3914 qua
3622 3852 3817 3902 utcun-

2228 3949 2334 4006 que
2354 3932 2513 3989 vobis
2531 3931 2820 3988 deservivi.
2846 3930 3049 3988 Deinde
3068 3933 3224 3989 valde
3238 3933 3464 4001 invitus,
3488 3950 3627 3991 cum
3648 3937 3815 3992 multo

2227 4028 2415 4084 dolore
2436 4033 2492 4082 et
2524 4024 2724 4097 gemitu
2755 4040 2820 4080 ac
2836 4024 3097 4096 planctu,
3120 4025 3177 4081 in
3216 4026 3419 4082 throno
3444 4034 3640 4084 vestro
3667 4029 3817 4085 valde

2229 4118 2485 4192 indignus
2505 4133 2627 4174 sum
2648 4117 2964 4173 collocatus.
2989 4115 3101 4173 Nec
3123 4117 3244 4173 ideo
3274 4118 3400 4175 dico
3421 4117 3593 4190 [forte
3624 4122 3813 4187 verius,

2228 4213 2347 4269 haec
2383 4210 2506 4266 ideo
2556 4210 2702 4278 dico,
2739 4207 2939 4279 Hann,
2981 4210 3060 4264 sic
3093 4219 3144 4265 et
3181 4210 3237 4264 in
3282 4209 3512 4284 Malim]
3542 4212 3681 4282 quia
3713 4227 3815 4267 non

2227 4320 2328 4376 ego
2352 4318 2480 4371 vos,
2511 4303 2606 4359 sed
2640 4318 2738 4359 vos
2766 4302 3009 4374 elegistis
3034 4317 3149 4370 me,
3174 4312 3231 4358 et
3258 4303 3660 4375 gravissimum
3686 4319 3816 4375 pon-

2229 4396 2331 4452 dus
2369 4403 2565 4452 vestrae
2589 4394 2847 4451 Ecclesiae
2886 4410 3051 4467 supra
3091 4410 3180 4451 me
3208 4395 3519 4466 posuistis;
3581 4404 3643 4452 et
3694 4396 3813 4468 quia

541 4490 809 4548 Dominus
836 4505 934 4562 per
965 4488 1291 4561 prophetam
1323 4484 1480 4542 docet
1508 4505 1521 4541 :
1558 4483 1617 4540 Si
1650 4502 1926 4541 conversus
1966 4486 2128 4556 fuerit
2162 4513 2205 4568 υ
2231 4505 2393 4561 super
2418 4496 2661 4545 montem
2689 4487 2965 4545 excelsum
3002 4502 3089 4542 me
3113 4487 3363 4559 jussistis
3396 4488 3725 4557 ascendere,
3763 4496 3814 4544 et

540 4582 737 4653 impius
786 4580 852 4636 ab
902 4581 1141 4636 amnibus
1178 4578 1707 4650 iniquitatibus'suis
1741 4586 1790 4633 et
1824 4579 2133 4637 cuttodierit

541 4674 786 4728 universa
826 4672 1080 4726 mandatu
1116 4687 1261 4738 mea,
1303 4669 1414 4724 vita
1452 4668 1606 4736 vivet,
1636 4676 1688 4723 et
1734 4686 1839 4723 non
1878 4672 2133 4728 morietur

544 4763 762 4833 (Ezech.
790 4765 968 4835 xvm).
1010 4762 1068 4818 In
1106 4763 1309 4834 quibus
1332 4761 1511 4817 verbis
1544 4760 1831 4817 manifeste
1860 4762 2020 4818 datur
2045 4764 2132 4821 in-

543 4855 711 4927 telligi
744 4857 1004 4927 quoniam
1040 4857 1133 4928 qui
1166 4855 1343 4910 aliena
1372 4854 1515 4910 bona
1538 4853 1781 4924 diripuit,
1804 4861 1859 4909 et
1877 4869 1964 4922 ea,
2000 4871 2127 4911 cum

544 4947 741 5019 possit,
775 4948 999 5004 reddere
1018 4948 1103 5004 vel
1124 4946 1415 5003 emendare
1460 4946 1717 5013 noluerit,
1748 4945 1832 5000 vel
1856 4946 1951 5016 qui
1974 4962 2126 5002 arma

544 5047 739 5095 contra
769 5038 1034 5106 justitiam
1071 5040 1307 5106 portavit
1335 5035 1703 5106 [portaverit],
1729 5045 1824 5093 aut
1852 5036 2038 5094 odium
2071 5037 2127 5093 in

2233 4582 2472 4638 clamare
2503 4589 2667 4652 atque
2710 4579 3039 4636 annuntiare
3083 4579 3286 4651 populo
3327 4578 3425 4635 Dei
3468 4581 3688 4636 scelera
3722 4594 3810 4636 eo-

2235 4690 2378 4741 rum,
2409 4683 2465 4729 et
2496 4673 2624 4730 filiis
2647 4671 2910 4730 Ecclesia:
2942 4680 3164 4744 peccata
3209 4687 3400 4727 eorum
3441 4669 3611 4744 (Isai.
3643 4672 3809 4743 nun),

2233 4766 2477 4822 membra
2507 4764 2709 4821 diaboli
2744 4772 2934 4821 contra
2980 4780 3068 4820 me
3107 4772 3392 4835 eruperunt
3427 4764 3737 4837 insurgere,
3760 4774 3811 4819 et

2231 4870 2405 4926 usque
2431 4854 2501 4910 ad
2538 4853 2860 4925 sanguinem
2898 4862 3366 4925 praesumpserant
3407 4853 3466 4908 in
3501 4869 3595 4913 me
3619 4869 3808 4911 manus

2230 4963 2360 5003 suas
2389 4946 2633 5017 injicere.
2662 4946 2967 5002 Astiterunt
3004 4947 3152 5001 enim
3204 4962 3359 5018 reges
3383 4955 3548 5003 terra:
3579 4955 3639 5003 et
3663 4948 3807 5019 prino

2228 5039 2378 5106 cipes
2423 5039 2713 5093 saeculares
2756 5046 2811 5092 et
2854 5038 3236 5105 ecclesiastici,
3262 5039 3429 5095 aulici
3466 5046 3525 5093 et
3561 5039 3809 5106 vulgares
