3988 5328
172 374 279 434 817

1354 372 1727 430 CONCILIUM
1769 371 2108 430 ROMANUM
2146 374 2252 432 VII.

3329 375 3433 435 8I8

171 491 496 546 calcaneum
515 487 689 544 erexit
712 485 1030 553 Ecclesium,
1056 486 1197 543 facta
1243 502 1371 544 cum
1415 487 1604 545 multis
1638 486 1757 559 epi-
1786 490 1833 547 Α
1857 488 2297 545 Christianorum
2327 488 2489 544 morti
2513 489 2676 556 tradi,
2708 499 2760 544 ct
2796 487 3222 549 Ecelcsiasfecit
3265 488 3434 547 dissi-

169 579 352 649 scopis
372 577 800 633 ultramontauis
827 587 883 633 et
912 576 1110 632 Italicis
1136 576 1563 647 conspiratione,
1594 574 1752 630 adni-

167 681 290 726 tcns
320 685 411 725 me
452 669 759 739 dejiciendo
790 685 910 725 eam
958 669 1061 725 sibi
1096 669 1421 741 subjugare;
1454 669 1614 740 cujus
1657 686 1752 725 su-

166 760 369 832 perbia:
403 768 589 817 vestra
620 760 827 817 resistit
851 759 1033 834 [fat-te,
1072 761 1290 826 restitit,
1339 759 1537 831 Ilium]
1562 767 1754 814 aucto-

164 852 325 919 ritas,
354 867 593 923 eamque
627 862 816 911 nostra
863 853 1134 909 destruxit
1190 861 1462 924 potestas;
1496 870 1590 924 qui
1625 868 1756 908 con-

165 941 325 999 fusus
349 951 409 997 et
427 943 752 999 humiliatus
773 943 841 999 ad
864 959 950 999 me
976 944 1030 999 in
1055 943 1488 1015 Longohardiain
1508 942 1754 1011 veniens,

165 1034 574 1090 absolutionem
605 1035 676 1090 ab
694 1035 1257 1091 excommunicatione
1285 1034 1551 1106 quaesivit.
1580 1034 1754 1103 Quem

165 1139 264 1195 ego
293 1125 491 1181 videns
513 1126 884 1193 humiliatum,
914 1128 1100 1183 multis
1122 1128 1191 1183 ab
1209 1144 1276 1183 eo
1297 1128 1753 1199 promissionibus

164 1217 406 1287 acceptis
428 1218 498 1273 de
522 1234 637 1274 suae
662 1218 786 1274 vitae
812 1219 1211 1288 emendatione,
1239 1220 1411 1275 solam
1434 1220 1484 1274 ei
1506 1235 1752 1275 commu-

163 1309 390 1365 nionem
419 1310 653 1378 reddidi,
688 1328 796 1367 non
822 1320 1003 1366 tamen
1041 1313 1097 1368 in
1120 1327 1307 1384 regno,
1333 1329 1363 1366 a
1394 1328 1503 1383 quo
1538 1326 1662 1366 eum
1694 1310 1750 1366 in

163 1399 419 1457 Romana
448 1402 662 1474 synodo
681 1402 1063 1474 deposueram,
1093 1402 1426 1471 instauravi,
1479 1418 1582 1458 nec
1626 1401 1753 1458 fide-

162 1492 373 1550 litatem
403 1494 656 1549 omnium
679 1495 774 1566 qui
793 1495 895 1550 sibi
919 1495 1264 1566 juraverant,
1292 1498 1376 1552 vel
1405 1505 1562 1552 erant
1590 1497 1748 1567 jura-

163 1582 292 1650 turi,
314 1598 350 1639 a
374 1598 491 1654 quo
520 1599 713 1639 omnes
743 1584 951 1640 absolvi
982 1584 1039 1640 in
1079 1585 1267 1641 eadem
1290 1587 1519 1659 synodo,
1554 1593 1615 1641 ut
1644 1585 1749 1641 sibi

160 1684 498 1743 servaretur,
534 1677 786 1749 pracepi.

230 1764 297 1821 Et
326 1767 449 1823 haec
489 1767 620 1824 ideo
648 1767 888 1835 detinui,
921 1778 983 1825 ut
1016 1769 1158 1826 inter
1197 1785 1325 1826 eum
1368 1779 1425 1826 et
1456 1772 1744 1842 episcopos

159 1856 242 1912 vel
266 1858 547 1928 principes
572 1858 1029 1927 ultramontanos,
1076 1860 1171 1932 qui
1198 1861 1248 1914 ei
1283 1876 1451 1915 causa
1482 1860 1746 1930 jussionis

158 1955 357 2011 vestra:
385 1945 648 2004 Ecclesiae
687 1949 1036 2016 restiterant,
1055 1948 1325 2019 justitiam
1372 1949 1626 2017 facerem,
1662 1950 1745 2005 vel

160 2051 354 2107 pacem
382 2052 799 2108 componerem,
828 2038 970 2095 sicut
998 2038 1113 2109 ipse
1138 2037 1412 2097 Henricus
1432 2039 1745 2111 juramento

160 2144 256 2198 per
288 2128 434 2183 duos
457 2128 745 2200 episcopos
781 2129 917 2183 mihi
940 2130 1211 2199 promisit.

228 2216 487 2274 Prasdicti
520 2226 701 2274 autem
739 2219 978 2290 episc0pi
1022 2228 1077 2274 et
1123 2220 1396 2290 principes
1442 2221 1744 2275 ultramon-

159 2310 295 2377 tani,
332 2309 619 2367 audientes
648 2310 801 2365 illum
828 2326 937 2365 non
962 2326 1178 2366 servare
1199 2311 1334 2365 mibi
1374 2312 1519 2381 quod
1539 2311 1742 2382 promi-

157 2404 519 2474 serat,'quasi‘
536 2405 810 2475 desperati
838 2405 903 2460 de
924 2421 1013 2472 eo,
1060 2406 1178 2463 sine
1212 2421 1334 2462 meo
1366 2406 1618 2473 consilio,
1646 2422 1743 2461 vo—

158 2493 243 2549 bis
270 2495 536 2562 testibus,
580 2496 861 2567 elegerunt
900 2496 1004 2552 sibi
1062 2496 1410 2569 Rodulphum
1453 2499 1645 2554 ducem
1684 2499 1740 2553 in

158 2603 359 2658 regem.
399 2588 506 2657 Qui
534 2605 626 2644 rex
648 2588 970 2659 Rodnlphus
994 2588 1334 2657 festinanter,
1367 2590 1435 2646 ad
1460 2608 1544 2646 me
1569 2591 1739 2646 misso

156 2679 381 2746 nuntio,
431 2679 692 2735 indicavit
745 2696 802 2736 se
859 2690 1109 2735 coactum
1167 2682 1318 2752 regni
1374 2681 1739 2753 gubernacula

155 2773 499 2842 suscepisse;
540 2781 722 2831 tamen
746 2790 865 2831 sese
894 2760 1145 2846 paratum
1170 2762 1303 2831 mihi
1339 2777 1595 2832 omnibus
1615 2791 1737 2831 mo-

152 2862 242 2918 dis
262 2863 488 2919 obedire
527 2881 540 2918 :
566 2875 641 2932 et,
678 2876 739 2921 ut
762 2868 867 2922 hoc
887 2868 1070 2924 verius
1090 2868 1377 2934 credatur,
1420 2883 1638 2937 semper
1669 2882 1738 2922 ex

153 2967 217 3007 eo
255 2963 506 3025 tempore
560 2958 812 3012 eumdem
862 2959 1004 3013 mihi
1047 2974 1261 3029 semper
1314 2958 1451 3031 [dele
1497 2956 1739 3030 semper]

154 3042 305 3097 misit
325 3056 663 3111 sermonem,
697 3046 957 3116 adjiciens
1000 3049 1166 3103 etiam
1208 3048 1319 3103 lilio
1350 3063 1451 3104 suo
1473 3047 1661 3103 obside
1684 3054 1738 3103 et

154 3134 329 3231 gdciis
386 3135 476 3193 sui
515 3136 675 3193 ducis
716 3135 993 3195 Bertboldi
1031 3140 1143 3198 lilio
1187 3139 1335 3210 quod
1386 3139 1735 3215 promittebat
1762 3173 1805 3231 c

220 3313 438 3370 Interea
464 3314 734 3373 Henricus
757 3319 927 3389 empit
948 3334 1033 3374 me
1053 3319 1264 3391 precari
1286 3329 1346 3375 ut
1367 3320 1520 3376 illum
1546 3313 1739 3379 conti‘a

152 3403 475 3474 pradictum
506 3405 856 3477 Rodulpbum
878 3407 1213 3478 adjuvarem,
1238 3408 1329 3464 cui
1355 3410 1613 3479 respondi
1648 3426 1737 3468 me

154 3495 383 3551 “muter
407 3495 611 3563 facere,
654 3498 839 3553 audita
865 3500 1151 3569 utriusque
1183 3500 1355 3570 partis
1394 3502 1633 3569 ratione,
1677 3512 1739 3560 ut

152 3586 352 3641 scirem
377 3586 467 3640 cui
505 3587 719 3657 justitia
754 3588 926 3659 magis
967 3588 1190 3645 faveret.
1234 3589 1328 3647 Ille
1369 3608 1498 3648 vero
1538 3603 1736 3664 putans

152 3677 266 3733 suis
287 3677 507 3735 viribus
526 3693 654 3734 eum
681 3694 843 3750 posse
861 3680 1169 3748 devincere,
1196 3698 1375 3741 meam
1410 3686 1737 3757 contempsit

154 3767 593 3838 responsionem.
642 3768 939 3839 Postquam
974 3779 1155 3827 autem
1198 3775 1471 3844 persensit
1522 3790 1582 3830 se
1626 3791 1735 3831 non

150 3873 313 3929 posse
338 3860 508 3931 (sicut
538 3861 797 3931 speravit)
829 3878 987 3933 agere
1006 3905 1021 3930 ,
1066 3864 1177 3919 duo
1228 3864 1465 3943 episcopi
1488 3907 1503 3931 ,
1532 3865 1735 3922 Virdu-

152 3948 341 4005 Densis
374 3948 629 4007 videlicet
657 3959 713 4005 et
745 3950 1179 4023 Osenburgensis
1214 3952 1406 4025 [forte,
1461 3952 1737 4011 Osnebru-

150 4040 357 4109 geusis,
388 4039 588 4109 lixam,
623 4042 743 4098 cod.
780 4043 917 4098 Μαι.
956 4043 1443 4118 Osneburgensis],
1484 4047 1551 4103 de
1599 4064 1735 4104 con-

150 4131 433 4186 sentaneis
470 4132 586 4187 suis
630 4130 864 4187 Romam
894 4142 1161 4188 venerunt
1182 4175 1197 4201 ,
1244 4142 1299 4189 et
1340 4135 1394 4189 in
1427 4137 1634 4206 synodo
1667 4153 1734 4192 ex

150 4231 305 4291 parte
322 4221 561 4295 ﬂenrici!
574 4240 663 4279 me
697 4233 756 4279 ut
775 4225 826 4279 ei
845 4225 1115 4295 justitiam
1133 4226 1367 4283 facerem
1383 4237 1730 4299 rogaverunt;

147 4315 292 4385 quod
312 4323 375 4369 et
397 4316 578 4370 nuntii
612 4315 886 4387 Rodulpbi
911 4318 1028 4373 fieri
1056 4319 1434 4377 laudaverunt.
1470 4319 1730 4389 Tandem,

148 4416 427 4477 aspir-ante
455 4406 592 4474 Deo,
629 4408 773 4464 sicut
794 4410 977 4476 credo,
1004 4412 1169 4467 statui
1205 4412 1261 4466 in
1294 4412 1487 4468 eadem
1521 4414 1731 4485 synodo

1857 581 1998 653 pari,
2029 588 2084 635 et
2106 589 2280 636 totum
2312 597 2451 651 pene
2479 580 2906 637 Teutonicorum
2954 598 3179 653 regnum
3221 583 3436 638 desola-

1855 670 1995 733 tioni
2043 667 2397 743 [desolatam]
2431 671 2597 726 dedit.
2646 668 3007 743 Quapropter,
3049 672 3329 729 conlidens
3367 673 3438 729 dc

1850 760 2060 831 judicio
2090 770 2145 816 et
2170 760 2548 829 misericordia
2574 760 2669 816 Dei
2700 762 2928 833 ejusque
2958 762 3219 834 piissimae
3242 763 3437 820 matris

1856 866 2072 921 semper
2122 850 2353 922 virginis
2406 850 2618 921 Mariae,
2653 851 2820 910 fultus
2859 862 3040 910 vestra
3087 854 3432 921 auctoritate,

1856 959 2000 1016 saepe
2030 944 2376 999 nominatum
2418 942 2741 1013 Henricum,
2787 960 2949 1015 quem
2991 961 3173 1016 regem
3222 945 3434 1011 dicunt,

1855 1050 2156 1106 omnesque
2185 1035 2425 1091 fautores
2452 1036 2573 1106 ejus
2612 1037 3167 1092 excommunicationi
3202 1036 3439 1107 subjicio

1854 1135 1908 1182 et
1938 1128 2303 1184 anathematis
2354 1128 2590 1183 vinculis
2626 1128 2819 1199 alligo;
2864 1136 2921 1183 et
2964 1129 3160 1187 iterum
3204 1144 3435 1199 regnum

1855 1215 2280 1274 Teutonicorum
2303 1227 2356 1275 et
2385 1218 2553 1274 Italiae
2576 1235 2639 1273 ex
2674 1228 2826 1290 parte
2848 1220 3242 1291 omnipotentis
3266 1218 3359 1275 Dei
3383 1228 3443 1276 et

1853 1318 2033 1363 vestra
2071 1309 2403 1373 interdicens
2424 1310 2497 1377 ei,
2522 1325 2739 1364 onmem
2773 1318 3092 1379 potestatem
3117 1318 3170 1364 et
3190 1308 3433 1380 dignita-

1851 1406 1959 1454 tem
1988 1398 2063 1452 illi
2100 1399 2307 1471 regiam
2334 1401 2485 1468 tollo,
2518 1409 2572 1456 et
2604 1409 2662 1456 ut
2702 1401 2885 1456 nullus
2910 1400 3351 1455 Christianorum
3383 1399 3436 1454 ei

1852 1491 1995 1547 sicut
2030 1491 2143 1562 regi
2169 1491 2387 1546 obediat
2414 1491 2705 1560 interdico,
2740 1486 3042 1562 omnesque
3064 1491 3161 1561 qui
3200 1490 3249 1544 ei
3280 1488 3435 1561 jura-4

1851 1592 2049 1638 verunt
2069 1583 2153 1637 vel
2179 1583 2442 1655 jurabunt
2492 1582 2561 1639 de
2603 1583 2758 1655 regni
2801 1582 3174 1641 dominatione
3207 1596 3240 1635 a
3277 1578 3435 1650 jura;

1850 1676 2019 1730 menti
2055 1676 2421 1747 promissione
2468 1676 2711 1732 absolvo.
2764 1675 2885 1747 Ipse
2928 1683 3111 1731 autem
3162 1672 3433 1730 Henricus

1851 1784 1976 1823 cum
2009 1768 2125 1823 suis
2148 1767 2455 1824 fautoribus
2476 1767 2531 1822 in
2556 1768 2706 1823 omni
2732 1767 3120 1839 congressione
3143 1766 3271 1821 belli
3309 1766 3433 1819 nul-

1780 1839 1822 1894 Β
1848 1858 1929 1911 las
1954 1856 2097 1912 vires
2132 1857 2447 1928 nullamque
2478 1857 2535 1913 in
2557 1858 2668 1913 vita
2695 1872 2793 1913 sua
2833 1857 3123 1913 victoriam
3163 1856 3407 1910 obtineat
3421 1850 3434 1906 .’

1848 1944 1919 2002 Ut
1949 1958 2130 2004 autem
2162 1947 2485 2019 Rodulphus
2533 1963 2764 2020 regnum
2809 1946 3238 2003 Teutonicorum
3278 1954 3433 2017 regat

1845 2047 1900 2093 et
1919 2039 2195 2107 defendat,
2230 2055 2395 2111 quem
2442 2037 2729 2095 Teutonici
2759 2039 3045 2111 elegerunt
3087 2036 3192 2092 sibi
3239 2037 3298 2091 in
3341 2050 3430 2090 re-

1845 2145 1988 2200 gem,
2025 2130 2091 2186 ad
2111 2139 2351 2186 vestram
2387 2129 2702 2186 fidelitatem
2743 2145 2812 2185 ex
2848 2137 3005 2201 parte
3043 2134 3224 2201 vestra
3259 2128 3428 2194 dono,

1843 2221 2046 2292 largior
2066 2226 2119 2275 et
2138 2208 2379 2277 concedo
2401 2239 2414 2275 :
2439 2221 2697 2276 omnibus
2719 2220 2843 2276 sibi'
2853 2219 3084 2275 fideliter
3103 2217 3431 2279 adhaerenti-

1843 2312 1948 2368 bus
1969 2312 2368 2367 absolutionem
2394 2312 2643 2367 omnium
2666 2321 3040 2383 peccatorum,
3080 2317 3449 2379 vestramque.

1840 2403 2276 2459 benedictionem
2308 2404 2365 2459 in
2398 2403 2502 2463 bac
2524 2404 2636 2459 vita
2656 2412 2708 2458 et
2732 2403 2787 2457 in
2812 2401 3019 2469 futura,
3040 2409 3226 2461 vestra
3255 2398 3455 2455 fretus.

1842 2492 2061 2560 fiducia,
2076 2492 2298 2564 largior.
2316 2491 2469 2548 Sicut
2478 2491 2625 2548 enim
2639 2484 2908 2547 Henricus
2920 2506 3020 2562 pro
3036 2505 3137 2547 sua
3149 2489 3429 2561 superbia,

1840 2584 2208 2639 inobedientia
2235 2596 2289 2640 et
2315 2583 2550 2641 falsitate
2576 2600 2608 2639 a
2632 2584 2788 2655 regni
2809 2583 3075 2655 dignitate
3094 2581 3242 2653 juste
3285 2579 3431 2651 abji-

1840 2677 2003 2743 citur,
2027 2677 2100 2731 ita
2121 2675 2411 2747 Rodulpbo
2436 2691 2538 2746 pro
2567 2691 2667 2731 sua
2691 2674 3021 2749 humilitate,
3042 2672 3353 2729 obedientia
3372 2681 3433 2731 et

1838 2768 2064 2822 veritate
2082 2770 2327 2837 petestas
2352 2777 2406 2822 et
2435 2768 2673 2838 dignitas
2694 2767 2850 2838 regni
2879 2766 3239 2828 concediturg

1908 2858 2066 2929 Agite
2088 2875 2255 2925 nunc,
2267 2872 2476 2929 quaeso,
2487 2858 2679 2915 Patres
2702 2866 2759 2912 et
2771 2857 3045 2928 principes
3064 2855 3422 2921 sanctissimi;

1838 2957 1900 3003 ut
1925 2948 2106 3005 omnis
2127 2948 2369 3005 mundus
2385 2947 2653 3019 intelligat
2672 2955 2733 3002 et
2756 2955 3054 3017 cognoscat
3075 2945 3229 3016 quia,
3255 2945 3303 3001 si
3320 2959 3425 3015 pos

1836 3039 1992 3095 testis
2014 3039 2071 3093 in
2094 3040 2234 3095 ctelo
2250 3038 2420 3101 ligare
2438 3048 2494 3095 et
2511 3038 2743 3106 solvere,
2761 3037 2993 3109 potestis
3012 3037 3068 3092 in
3092 3044 3239 3093 terra
3259 3036 3429 3106 impe-

1836 3131 1937 3199 ria,
1954 3146 2143 3203 regna,
2166 3130 2527 3201 principatus,
2540 3130 2795 3197 ducatus,
2807 3129 3106 3194 marchias,
3120 3128 3424 3183 comitatus

1838 3229 1893 3276 et
1906 3220 2155 3276 omnium
2172 3220 2458 3275 hominum
2473 3220 2855 3291 possessiones
2871 3229 2973 3290 pro
2993 3217 3205 3273 meritis
3236 3214 3426 3272 tollere

1840 3312 2139 3385 unicuique
2180 3319 2235 3366 et
2282 3310 2603 3367 concedere.
2650 3308 2764 3367 Vos
2795 3309 2947 3365 enim
2998 3307 3422 3379 patriarchatus,

1838 3405 2124 3477 primatus,
2148 3402 2673 3474 archiepiscopatus,
2715 3402 3065 3473 episcopatus
3105 3398 3423 3469 frequenter

1839 3498 2042 3553 tulistis
2070 3496 2255 3567 pravis
2286 3504 2347 3555 et
2364 3495 2605 3567 indignis
2629 3537 2647 3563 ,
2688 3501 2745 3550 et
2785 3493 3061 3565 religiosis
3106 3492 3241 3547 viris
3271 3490 3425 3563 [teli-

1838 3588 2005 3661 giosis
2031 3586 2183 3660 vero]
2213 3586 2462 3644 dedistis.
2511 3585 2571 3642 Si
2613 3585 2761 3643 enim
2794 3585 3101 3656 spirituaiia
3138 3582 3423 3653 iudicatis,

1836 3670 1969 3751 quid
2019 3680 2086 3736 de
2142 3679 2498 3736 saecularibus
2547 3693 2648 3735 vos
2697 3692 2861 3749 posse
2918 3676 3251 3733 credendum
3304 3676 3426 3745 est?

1836 3781 1911 3839 et,
1946 3772 1994 3827 si
2042 3771 2265 3842 angelos
2303 3770 2649 3827 dominantes
2684 3769 2941 3827 omnibus
2986 3767 3240 3839 superbis
3270 3766 3426 3838 prin-

1838 3864 2051 3934 cipibus
2082 3862 2419 3933 judicabitis,
2450 3862 2586 3933 quid
2635 3861 2705 3918 de
2753 3861 2976 3917 illorum
3024 3859 3199 3918 servis
3242 3858 3425 3915 facere

1836 3955 2119 4026 potestis?
2155 3954 2453 4011 Addiscant
2497 3968 2645 4010 nunc
2700 3969 2857 4025 reges
2901 3962 2959 4009 et
2996 3967 3189 4009 omnes
3235 3950 3423 4009 saaculi

1837 4047 2111 4118 principes
2136 4045 2325 4115 quanti
2349 4060 2447 4101 vos
2468 4045 2620 4111 estis,
2658 4044 2790 4113 quid
2824 4044 3082 4114 potestis;
3104 4052 3163 4098 et
3193 4042 3431 4099 timeant

1837 4137 2229 4209 parvipendere
2286 4136 2593 4207 jussionem
2645 4133 2904 4191 Ecclesiae
2949 4143 3146 4191 vestrae
3170 4177 3186 4203 ,
3245 4144 3302 4191 et
3364 4136 3421 4190 in

1839 4229 2096 4301 praedicto
2136 4227 2373 4285 Henrico
2405 4236 2514 4287 tam
2547 4225 2658 4285 cito
2678 4225 2949 4297 judicium
2977 4234 3224 4281 vestrum
3257 4239 3420 4281 exor-

1836 4331 1972 4389 cete,
2000 4330 2061 4377 ut
2091 4335 2284 4376 omnes
2316 4320 2492 4376 sciant
2519 4318 2649 4389 quia
2688 4333 2799 4373 non
2831 4316 3078 4383 fortuito,
3112 4318 3210 4374 sed
3234 4325 3419 4374 vestra

1837 4421 2123 4484 potestate,
2164 4412 2339 4471 cadet.
2378 4410 2762 4471 Confundatur
2786 4410 2995 4465 utinam
3031 4409 3100 4464 ad
3145 4408 3421 4479 paeniten-

148 4498 202 4553 in
229 4498 485 4568 partibus
506 4500 936 4557 ultramoatanis
979 4502 1095 4558 lieri
1126 4503 1480 4574 colloquium,
1521 4514 1582 4560 ut
1622 4505 1729 4560 illic
1761 4505 1982 4572 Dtiam,
2033 4516 2094 4559 ut
2146 4504 2370 4573 spiritus
2429 4502 2501 4559 sit
2545 4502 2730 4563 salvus
2788 4502 2845 4557 in
2900 4502 2989 4558 dic
3038 4499 3274 4556 Domini.

147 4599 239 4646 aut
254 4606 363 4662 pax
395 4601 757 4658 statueretur,
786 4601 880 4647 aut
897 4596 1243 4665 euiamplius
1260 4596 1471 4667 justitia
1503 4596 1729 4665 faveret,

145 4695 589 4755 cognosceretur.
617 4684 733 4757 Ego
759 4687 929 4753 enim,
954 4689 1096 4744 sicut
1118 4703 1213 4743 vos
1237 4689 1370 4743 mihi
1386 4698 1552 4745 testes
1572 4690 1725 4756 estis,

146 4772 327 4831 Patres
346 4786 403 4833 et
431 4777 681 4844 domini,
696 4794 872 4848 usque
893 4779 1055 4834 hodie
1082 4780 1287 4833 nullam
1311 4788 1521 4848 partem
1543 4779 1727 4850 dispo-

144 4869 226 4922 sui
245 4869 533 4941 adjuvare,
557 4871 673 4926 nisi
699 4885 822 4926 eam
859 4872 949 4929 cui
978 4872 1102 4942 plus
1130 4872 1347 4943 justitia
1388 4872 1611 4929 faveret.
1639 4872 1729 4942 Et,

144 4962 265 5031 quia
284 4963 549 5033 putabam
573 4964 728 5035 quod
760 4965 1020 5036 injustior
1046 4980 1175 5036 pars
1200 4966 1535 5035 colloquium
1562 4968 1728 5024 nollet

80 5050 87 5057 ’
147 5052 252 5106 fieri
280 5053 372 5109 ubi
404 5055 630 5125 justitia
677 5070 839 5111 suum
880 5057 1067 5111 locum
1112 5065 1372 5122 servaret,
1403 5072 1727 5117 excommu-

147 5147 308 5172 -:A-.¢:
348 5155 396 5172 ..Δ
426 5147 782 5172 Αιι-ΑιιΑΜηίΑ
816 5148 1032 5174 -ιῘῙξ-Αοαξ
1083 5165 1265 5174 ησυικιισ-
1311 5164 1572 5176 οιΑ-Ληκιιη
1617 5153 1681 5176 αξ-

1905 4597 2037 4654 Acta
2064 4596 2251 4657 Bome
2277 4594 2452 4652 Nonis
2475 4594 2653 4650 Martii
2683 4593 2880 4667 [Maii],
2906 4593 3202 4650 indictione
3236 4592 3414 4649 tertia.

1833 4711 2098 4782 Rodulphi
2147 4712 2282 4783 regis
2319 4709 2699 4783 Romanorum,
2740 4719 2790 4764 et
2832 4708 3130 4783 principum
3172 4707 3395 4783 imperii:

1903 4748 2280 4865 grass-.55”;
2299 4748 3418 4852 οξιῖὅᾶῗὲοῖὶἱὲηἵσὲἱιὶἱοῐἭὲἱὶιεεὲἰῖτι⁹ϊν

1903 4863 2291 4924 imperatorem.

1908 4971 1958 5026 ί.
2000 4971 2117 5051 Nos
2144 4986 2214 5028 ex
2239 4968 2511 5041 legatione
2536 4964 2747 5023 domini
2772 4961 2948 5022 nostri
2978 4963 3127 5036 regis
3150 4960 3407 5032 Rudolph

1830 5072 1886 5119 et
1906 5064 2216 5138 principum
2239 5062 2360 5133 ejus
2384 5059 2779 5131 conquerimnr
2798 5056 2935 5123 Deo,
2953 5064 3015 5110 et
3034 5064 3224 5113 sancto
3242 5052 3437 5123 Petro,

2575 5159 2624 5178 Α.
2679 5157 2879 5178 ΙΙιινιΜΛ
2920 5145 3060 5178 ...ιιι-ι
3090 5145 3439 5178 ηιικηοῖοοῖπὶιι

2185 5160 2446 5178 ...λιιιο-ιῖοιι
