3988 5328
150 354 297 453 san

1325 375 1699 434 CONCILIUH
1741 374 2082 433 ROMANUM
2120 375 2210 431 IX.

3300 371 3408 428 822

153 492 338 559 moris
367 500 422 547 et
455 488 831 560 Rulemptoris
868 488 1044 547 nostri
1084 489 1211 547 Jesu
1260 490 1490 561 Christi,
1524 493 1579 548 in
1612 510 1719 565 qua
1749 499 1797 555 Α
1822 494 1984 548 initer
2032 492 2393 548 laudaverunt
2423 506 2611 548 sacras
2658 506 2744 547 res
2777 488 3149 547 Ecclesiarum
3176 489 3409 546 nullate-

153 587 280 657 inter
296 593 496 640 cetera
523 581 850 638 sententiam
884 581 1244 653 depositionis
1279 584 1717 656 archiepiscopo-

156 675 622 743 rum-Arelatensis
658 683 713 729 et
746 672 1120 735 Narbonensis
1155 683 1319 746 atque
1347 665 1720 732 excommuni-

156 768 488 839 cationisper
526 767 737 839 legatos
778 769 1095 849 apostolica:
1123 768 1269 825 sedis
1293 770 1715 842 promulgatam,
1754 792 1757 795 ·

156 858 391 917 dominus
414 874 578 931 papa,
601 859 691 923 his
728 859 832 931 qui
878 861 1107 917 aderant
1133 862 1591 930 collaudantibus,
1622 863 1718 918 ﬁr-

158 952 323 1008 mavit.

216 1041 500 1099 "culicum
536 1059 759 1115 quoque
808 1043 1016 1100 dictum
1049 1059 1254 1116 regem,
1282 1053 1337 1102 et
1367 1060 1559 1102 omnes
1602 1045 1723 1102 fau-

159 1146 293 1197 tores
313 1134 455 1203 q’us,
481 1135 580 1204 qui
608 1136 663 1190 in
695 1136 968 1206 praeterita
996 1138 1568 1194 excommunicatione
1598 1139 1721 1194 ani-

161 1242 288 1285 mum
316 1225 731 1292 indumveruut,
772 1228 967 1283 iterum
993 1230 1509 1285 exeommunic’avit.

221 1319 703 1377 Anathematiravit
753 1320 886 1376 item
939 1320 1309 1378 lldimundum
1357 1330 1413 1378 et
1470 1320 1723 1387 Laudum

163 1408 505 1479 Campaninos
537 1418 822 1484 tyrannos,
855 1427 1158 1484 omnesque
1190 1412 1470 1484 adjutores
1506 1428 1723 1469 eorum.

219 1501 469 1558 Praeterea
497 1506 785 1576 suspendit
810 1506 880 1560 ab
905 1505 1081 1562 ollicio
1113 1508 1381 1577 quosdam
1413 1508 1721 1581 episcopos,

165 1592 262 1665 qui,
287 1594 351 1649 ad
380 1595 677 1651 concilium
727 1595 959 1666 inritati,
986 1614 1164 1670 neque
1189 1600 1296 1672 ipsi
1329 1612 1508 1672 neque
1548 1602 1728 1658 nuntii

166 1698 329 1745 conm
346 1699 446 1755 pro
473 1684 615 1756 ipsis
640 1697 928 1749 venerunt.

339 1792 627 1834 mare:
652 1785 908 1837 nonanus
930 1786 1170 1837 antron
1193 1795 1330 1839 asse
1359 1780 1517 1837 l08‘l.

1817 603 1922 642 nus
1947 586 2005 641 in
2039 583 2231 641 militia
2257 584 2509 641 saeculari
2530 583 2905 656 exponendas,
2936 584 3042 642 nisi
3064 583 3121 639 in
3148 583 3407 641 alimonia

1817 694 2142 752 pauperum,
2177 677 2233 733 in
2282 686 2475 734 sancto
2506 693 2611 734 usu
2657 691 2842 732 rerum
2891 674 3224 743 divinarum,
3266 684 3321 733 et
3350 675 3409 731 in

1819 771 2197 843 redemptione
2240 769 2605 841 captivozum.
2638 766 2717 825 Ita
2760 769 2962 841 quippe
3001 769 3109 829 sub
3146 784 3409 840 procura-

1820 867 1970 922 tione
1993 864 2198 937 Joscph
2230 863 2453 920 fuerant
2489 864 2755 919 immunis
2782 880 2813 918 a
2843 863 3051 920 tributo
3087 862 3291 933 praedia
3321 878 3412 927 sa-

1821 958 2126 1026 cerdotum,
2170 972 2274 1013 nec
2299 955 2674 1028 exponebatur
2703 965 2799 1013 aut
2843 955 3173 1021 mittebatur,
3203 956 3263 1019 in
3289 971 3411 1011 eor-

1821 1053 2025 1109 bonam
2048 1052 2282 1123 pretium
2307 1049 2595 1122 sanguinis
2617 1048 2836 1122 (Matth.
2873 1048 3067 1120 xxv"),
3100 1063 3204 1109 nec
3222 1045 3410 1102 Helio—

1822 1145 1996 1202 dorus
2025 1153 2214 1216 raptor
2242 1158 2533 1200 sacrarum
2573 1158 2757 1198 rerum
2808 1142 2913 1198 sub
2963 1138 3102 1197 Onia
3155 1137 3413 1211 pontiﬁce

1824 1235 1928 1293 fuit
1966 1237 2270 1313 impunitus
2295 1234 2385 1306 (11
2423 1234 2568 1292 Hac.
2606 1235 2712 1306 ιιι).
2751 1232 2964 1302 Quibus
2984 1233 3124 1293 actis
3143 1230 3411 1297 interfue—

1824 1338 1957 1385 runt
1969 1327 2212 1386 Joannes
2223 1329 2516 1401 episcopus
2533 1326 2917 1393 Portunensis,
2940 1325 3182 1383 Joannes
3199 1324 3415 1395 episco-

1824 1439 1930 1501 pus
1971 1421 2421 1488 Tusculanensis,
2454 1419 2757 1485 Umbertus
2779 1419 3075 1498 episcopus
3115 1415 3412 1482 Praenesti-

1826 1532 1952 1583 nus,
1998 1515 2217 1573 Brunus
2264 1514 2557 1586 episcopus
2593 1511 2889 1586 Signinus,
2932 1510 3084 1567 Beno
3117 1507 3415 1573 eardiualis

1830 1606 2019 1664 Sancti
2035 1607 2277 1675 Martini,
2293 1606 2513 1663 Ber.....
2535 1606 2832 1664 eardiualis
2850 1602 3217 1677 Chrysogoni,
3237 1601 3415 1657 Bene-

1828 1700 2011 1767 dictus
2039 1699 2339 1756 eardinalis
2379 1697 2597 1756 Sanctae
2636 1696 3010 1763 Pudentianto,
3055 1693 3211 1751 Ceno
3234 1692 3418 1749 cardi-

1830 1793 1972 1849 nalis
2026 1792 2259 1849 Sanctae-
2302 1791 2645 1858 Anastasiae,
2699 1790 2814 1845 Α.ιο
2874 1787 3173 1846 eardiualis
3227 1783 3417 1842 Sancti

223 1866 367 1923 Anno
392 1869 647 1941 Gregorii
682 1869 770 1925 ΥΠ
817 1888 970 1944 papa:
1019 1890 1187 1941 nono,
1244 1890 1298 1928 ιν
1341 1872 1529 1941 Nonas
1576 1873 1726 1940 Maii,
1762 1857 1789 1912 Ε

1836 1884 2025 1952 Marci,
2050 1884 2334 1942 Romanus
2362 1857 2658 1942 eardiualis
2679 1882 2894 1949 Sanctae
2920 1881 3207 1947 Susanna,
3231 1877 3418 1934 Bonus

169 1959 599 2021 convenientibus.
618 1963 787 2019 simul
821 1965 1116 2037 episcopis,
1137 1967 1532 2033 cardinalibus,
1556 1967 1729 2028 abba-

171 2055 327 2125 tibus,
363 2057 871 2131 arebipresbyteris,
910 2067 972 2119 ut
1021 2061 1300 2119 discerent
1354 2070 1538 2116 utrum
1586 2062 1731 2117 bona

173 2141 506 2200 Ecelcsiarum
552 2156 778 2218 possent
822 2150 954 2221 poni
991 2151 1047 2206 in
1089 2151 1318 2224 pignore
1348 2168 1448 2223 pro
1500 2152 1733 2224 pecunia

173 2238 435 2310 colligenda
465 2239 540 2300 ad
583 2241 953 2299 resistendum
1005 2240 1289 2311 Guiberto,
1318 2243 1732 2315 archiepiscopo

175 2326 437 2385 Ravennati
458 2329 772 2388 Romanam
795 2333 981 2390 sedem
1016 2334 1277 2393 invadere
1298 2334 1544 2401 conanti,
1577 2349 1736 2406 quaa-

177 2416 274 2481 sitis
303 2420 721 2478 auctoritatibus
752 2423 1128 2495 exemplisque
1165 2423 1747 2502 sanctorum,.unani~:

188 2562 689 2595 v——————-—

1831 1978 2020 2040 senior
2063 1977 2363 2033 eardiualis
2421 1974 2641 2032 Sanctae
2689 1972 2876 2041 Maria
2899 2016 2925 2041 ,
2973 1971 3203 2029 Maurus
3246 1970 3419 2034 abbas

1833 2068 2023 2135 Sancti
2049 2068 2264 2136 Sabine,
2293 2068 2866 2133 Laurentiuscantor,
2896 2065 3094 2127 Petrus
3136 2063 3421 2135 archipre-

1833 2164 2021 2236 sbyter
2046 2163 2114 2219 de
2141 2171 2301 2234 porta
2350 2160 2568 2229 Latina,
2613 2159 2853 2216 Joannes
2887 2156 3326 2229 archipresbyter
3353 2153 3421 2208 de

1839 2252 2043 2309 Sancto
2056 2252 2402 2317 Sebastiano,
2422 2248 2666 2306 Joannes
2678 2248 3119 2320 archipresbyter
3140 2246 3206 2302 de
3219 2245 3424 2300 Sancta

1833 2340 2191 2411 Caecilia,.....
2201 2383 2215 2398 .
2229 2338 2675 2414 archipresbyter
2685 2339 3007 2405 Salvatoris,
3028 2346 3085 2395 et
3098 2338 3193 2393 alii
3214 2336 3419 2407 plures.
3434 2394 3449 2401 α

981 2676 1656 2779 CQNCILIUM
1733 2632 2348 2770 ROMANUM
2414 2680 2621 2802 Ix,

1241 2830 1427 2894 Anno
1450 2829 1708 2892 Domini
1737 2829 1894 2893 1083
1932 2827 2329 2892 celebratum.

1135 2953 1316 3027 (Apud
1346 2952 1540 3023 MANSI,
1567 2950 1799 3021 Concil.,
1822 2959 1959 3007 tom.
1986 2950 2108 3021 XX,
2146 2951 2251 3008 col.
2285 2950 2446 3022 587)._

1570 3073 1991 3092 ﬂ

237 3150 366 3225 (450)
402 3118 1567 3209 Annoab‘lncarnationellominimillesimo
1585 3118 1805 3226 (451)ῒο
1839 3155 2045 3211 biennii
2070 3156 2214 3212 bello
2237 3153 2703 3226 fatigatumhacri
2728 3152 2908 3211 inedia
2944 3150 3269 3211 laborabat:
3306 3166 3435 3208 cum

182 3243 514 3316 tctuagesimo
547 3254 777 3316 quarto,
806 3244 1158 3325 pontiﬁcatus
1187 3260 1321 3309 vero
1353 3246 1563 3302 domini
1597 3246 1735 3309 Gre-

183 3334 295 3404 gorii
316 3351 458 3408 papa:
476 3337 699 3408 septimi
717 3353 860 3393 anno
883 3336 1201 3408 undecimo,
1237 3338 1564 3395 duodecimo
1599 3338 1757 3412 [m1

183 3426 413 3486 Kalendas
440 3429 780 3499 Decembris,
810 3432 1137 3503 praesidente
1175 3433 1366 3489 eodem
1416 3433 1738 3504 apostolico,

182 3522 413 3580 celebrata
445 3532 532 3581 est
576 3524 759 3581 tribus
787 3526 981 3582 diebus
1020 3526 1076 3588 in
1116 3524 1473 3583 Lateranensi
1517 3526 1742 3583 basilica

184 3616 409 3685 synodus,
462 3619 520 3673 in
572 3634 687 3689 qua
728 3617 953 3674 fuerunt
992 3617 1432 3691 archiepiscopi,
1476 3619 1740 3690 episcopi,

185 3714 228 3758 et
257 3703 415 3779 [deest
451 3707 535 3782 et]
576 3709 808 3766 abbates
833 3708 1129 3782 Campani,
1164 3719 1221 3767 et
1248 3711 1315 3767 de
1345 3711 1745 3783 principatibus

186 3805 319 3869 atque
353 3800 569 3872 Apulia,
602 3802 766 3873 pauci
806 3818 1026 3875 quoque
1069 3803 1372 3872 Gallicani;
1410 3821 1538 3861 nam
1573 3805 1746 3877 pluri-

186 3903 284 3946 mos
307 3889 514 3949 Benriei
546 3894 769 3966 tyranni
797 3894 1021 3966 perﬁdia
1054 3895 1159 3951 iter
1182 3887 1329 3952 retro
1355 3904 1566 3953 vertere
1587 3912 1743 3953 com—

187 3979 315 4049 pulit,
348 3983 438 4054 qui
469 3982 789 4040 Ostiensem
821 3984 1140 4057 episcopum
1165 3985 1235 4046 de
1261 3987 1562 4057 apostolica
1598 3989 1747 4060 lega-

188 4071 308 4128 tione
327 4075 642 4138 redeuntem
682 4086 878 4133 contra
907 4077 992 4135 fas
1019 4087 1076 4135 et
1104 4080 1404 4151 juramenti
1433 4080 1597 4136 ﬁdem
1625 4082 1757 4153 capi

186 4162 321 4232 jussit
349 4168 458 4226 sive
487 4172 764 4241 permisit.
802 4171 936 4229 Tres
967 4179 1154 4241 autem
1193 4173 1431 4247 synodos
1452 4174 1751 4247 quadrage-

190 4256 375 4317 simales
397 4263 647 4333 ejusdem
679 4260 902 4321 Henrici
924 4255 1245 4341 persecutio
1266 4264 1555 4338 impedivit
1581 4265 1748 4339 [pras-

193 4351 399 4429 pedivit].
424 4355 529 4431 Qui
554 4357 727 4415 semel
750 4358 971 4424 beatum
998 4357 1254 4427 Paulum,
1282 4358 1370 4414 bis
1400 4358 1620 4415 beatum
1648 4357 1750 4414 Pe-

193 4447 312 4498 trum
347 4462 656 4518 aggressus,
697 4449 920 4505 demum
967 4457 1093 4521 post
1121 4450 1355 4505 multum
1388 4448 1497 4505 fusi
1528 4450 1752 4522 sangui-

1841 3262 1944 3313 nec
1974 3247 2110 3320 ipsis
2145 3248 2214 3308 ad
2256 3247 2437 3304 vicina
2470 3247 2670 3319 oppida
2706 3247 3005 3303 veleastra
3042 3246 3193 3311 exire
3223 3244 3433 3310 liceret,

1841 3355 1942 3395 nec
1972 3339 2048 3395 illi
2070 3340 2240 3411 jurati
2278 3337 2499 3396 Henrici
2540 3324 2597 3395 in
2642 3337 2845 3395 Urbem
2866 3338 3071 3394 vellent
3098 3336 3454 3409 negotiatum.

1840 3433 2057 3500 venire;
2079 3432 2235 3488 multi
2247 3448 2466 3504 quoque
2486 3429 2633 3488 [ante
2653 3431 2831 3487 abacti
2854 3429 3058 3486 Urbem
3081 3427 3435 3501 reliquerant.

1841 3521 2079 3580 Proinde
2114 3526 2296 3581 cmtcri
2320 3524 2462 3580 bello
2484 3523 2775 3581 remissius
2806 3522 3001 3579 attenti
3023 3538 3140 3578 rem
3167 3538 3235 3578 ex
3253 3522 3438 3577 animo

1826 3616 2029 3677 minus
2050 3617 2331 3688 gerebant,
2364 3625 2419 3672 et
2439 3632 2471 3672 a
2491 3615 2779 3684 custodiis,
2804 3623 2969 3687 prout
2993 3613 3194 3685 cuique
3220 3613 3439 3679 licebat,

1845 3708 1965 3764 sine
1988 3709 2188 3766 timore
2213 3709 2580 3782 negligentius
2606 3710 2854 3765 aberant.
2881 3706 3008 3764 Haec
3029 3722 3195 3778 super
3219 3703 3440 3762 Henrici

1847 3802 2157 3873 tyrannide,
2197 3802 2327 3875 quia
2368 3818 2428 3860 se
2479 3802 2700 3860 occasio
2746 3801 2999 3875 prabuit,
3039 3799 3444 3886 prastrinxisse

1846 3892 2096 3950 sulliciat.

1917 3990 2196 4045 Caeterum
2215 3986 2475 4043 dominus
2495 3987 2830 4059 apostolicus
2852 3986 2909 4041 in
2937 3985 3128 4041 eadem
3148 3983 3359 4059 synodo
3377 3981 3447 4037 de

1848 4079 1993 4137 ﬁdei
2019 4078 2196 4135 forma
2229 4087 2287 4134 et
2322 4076 2652 4135 Christiana:
2679 4077 2963 4150 religionis
3002 4075 3443 4141 conversatione,

1850 4171 1947 4227 sed
1984 4178 2040 4225 et
2079 4170 2277 4225 robore
2318 4168 2598 4240 animique
2636 4167 2948 4224 constantia
2997 4164 3066 4222 ad
3120 4174 3446 4239 praesentem

1853 4277 2167 4339 pressuram
2200 4262 2544 4331 necessaria,
2590 4276 2687 4318 ore
2724 4276 2836 4316 non
2862 4260 3108 4315 humano
3153 4258 3250 4315 sed
3280 4273 3447 4329 ange—

1852 4360 1960 4417 lico
1974 4367 2223 4430 patenter
2241 4357 2574 4423 edisserens,
2593 4354 2681 4411 die
2702 4353 2861 4410 tertia
2883 4361 3060 4408 totum
3082 4351 3196 4408 fere
3215 4364 3449 4407 conven-

1858 4462 1974 4510 tum
2001 4454 2061 4509 in‘
2081 4451 2320 4525 gemitus
2342 4459 2398 4505 et
2418 4449 2690 4523 lacrymas
2718 4447 3000 4519 compulit,
3034 4445 3225 4518 sicque
3256 4443 3447 4500 conci-

196 4532 412 4600 nis,non
447 4548 562 4596 tam
607 4554 837 4597 suorum
870 4540 1192 4597 fortitudine
1226 4558 1391 4612 quam
1424 4543 1748 4615 negligentia
1784 4532 1829 4587 Ι)
1858 4547 1993 4602 lium
2049 4543 2350 4617 apostolica
2398 4542 2778 4600 benedictione
2836 4540 3170 4597 laetitieatum
3213 4532 3267 4592 in
3318 4551 3451 4608 pace

198 4623 386 4697 civium,
403 4631 614 4701 porticu
628 4630 903 4707 [porticm]
917 4648 1107 4689 muros
1128 4633 1419 4705 subripuit.
1436 4633 1749 4691 Romanum

199 4716 439 4789 siquidem.
462 4724 681 4799 vulgus,
719 4742 850 4798 pars
892 4724 1143 4782 videlicet
1177 4727 1453 4799 copiosior
1496 4727 1752 4797 civitatis,

258 4874 389 5018 ξΐὲῗὲ

259 4879 389 5013 (45οζ
422 4879 633 4945 Dantur
651 4883 929 4938 variantes
949 4896 1017 4941 ex
1050 4881 1173 4939 cod.
1195 4880 1401 4945 .Mutin.

259 4946 365 5013 (iiii
424 4948 734 5013 Legendum
784 4953 948 5013 1085,
1002 4960 1063 5006 ut
1091 4968 1271 5013 annus
1303 4969 1360 5010 ιι
1396 4954 1401 5009 ζ

424 4948 734 5023 Legendum
784 4953 948 5017 1085,
1002 4960 1067 5023 ιιι¹
1091 4968 1271 5023 annus
1303 4969 1360 5010 ιι
1396 4952 1757 5013 Pontiﬁcatus

206 5011 413 5088 θτθεοινίἰ
436 5011 540 5078 hoc
561 5038 706 5085 anno
723 5011 1019 5080 inchoatus
1047 5012 1580 5083 eerto'demonstnt,
1608 5011 1758 5083 Ρι-ωζ
1828 5054 1829 5057 η

1857 4639 2080 4699 dimisit.

1862 4895 2120 4962 terquam
2149 4884 2297 4958 quod
2318 4881 2597 4962 enimsi,
2620 4898 2695 4962 ml.
2723 4878 3023 4962 Novembri
3045 4871 3342 4962 Gregorius
3376 4872 3467 4933 Vill

1864 4949 2055 5015 Roma:
2084 4949 2194 5012 non
2218 4965 2355 5013 erat.
2392 4954 2591 5010 PAGIUB
2616 4954 2685 5009 ad
2717 4971 2807 5011 au.
2842 4949 3000 5017 1085,
3030 4968 3084 5006 n.
3121 4950 3175 5005 5.

210 5115 3327 5152 mm“

3329 5121 3405 5143 gn

1014 5224 1500 5320 C‘ONC‘IU
1523 5231 1691 5320 UM
1773 5228 2371 5320 RCMANUM
2442 5228 2529 5315 Χ
2553 5288 2585 5320 ι.
