3988 5328
706 146 1000 205 APPEND.
1042 146 1107 204 ll.
1136 144 1533 204 -—'WIBERTI
1570 134 1943 204 ΑΝῩΙΡΑΡΑΞ
1980 142 2344 203 EPISTOLA'J
2382 143 2472 201 ET
2509 143 2922 202 PRIVILEGIA.

3350 140 3456 197 850

161 251 439 330 tanquam
461 261 592 327 sint,
624 266 686 316 ut
710 276 776 317 ea
804 275 930 331 qtia:
950 270 1083 318 sunt
1113 271 1467 319 evaeuentur.
1500 261 1580 319 De
1616 262 1757 318 mul-
1785 262 1833 319 Α
1859 270 1949 318 tus
1971 269 2075 318 est.
2105 260 2174 317 Ut
2192 277 2321 318 vero
2346 261 2493 332 quod
2516 269 2698 317 actum
2725 268 2811 316 est
2844 257 3103 317 omnibus
3128 256 3452 325 innotescat,

162 354 231 409 tis
249 361 449 409 autem
473 369 599 423 qua:
628 353 686 408 in
710 354 833 424 ipso
860 356 1035 411 nostri
1068 356 1420 426 pontiﬁcatus
1456 355 1759 427 primordio

163 455 278 500 acta
309 454 453 501 sunt
495 446 551 501 in
579 447 811 519 synodo,
834 462 1003 519 quam
1048 464 1154 520 pro
1198 450 1479 504 communi
1525 449 1759 507 utilitate

164 539 599 605 maturavimus,
640 554 763 595 eam
793 540 938 596 circa
963 538 1147 597 Nonas
1186 538 1433 597 Januarii
1472 542 1759 597 celebran-

164 646 264 697 tes,
292 647 501 697 unum,
539 632 870 701 propitiante
918 630 1169 699 Domino,
1220 633 1383 689 nobis
1431 638 1756 690 concessum

164 733 261 790 est,
288 724 426 779 illud
450 724 839 791 determinare,
862 725 1032 795 quod,
1063 726 1343 781 multoties
1375 726 1695 782 ventilatum
1725 741 1757 781 a

167 824 307 872 retro
328 815 693 887 pontiﬁcibus
729 816 1227 886 pmleccssoribus
1267 817 1494 885 nostris,
1516 818 1634 874 ‘aut
1664 817 1756 874 vix

169 915 256 961 aut
279 906 438 961 nullo
462 906 578 962 line
601 906 839 977 sopitum
860 916 947 965 est
966 926 983 965 ς
1004 907 1153 965 istud
1176 907 1426 965 videlicet
1454 909 1509 963 in
1549 909 1759 981 synodo

168 999 369 1054 sedenti
399 1000 655 1072 jurgium
687 1000 835 1071 quod
875 1010 1176 1058 emerserat
1214 1002 1360 1059 inter
1387 1000 1756 1058 Ravennatem

169 1099 218 1145 et
244 1089 716 1150 Hcdiolanensem
772 1095 1236 1167 archiepiscopus,
1286 1096 1432 1152 unde
1486 1096 1650 1151 etiam
1699 1097 1754 1152 in

171 1187 279 1258 ipsa
305 1199 499 1246 nostra
529 1192 741 1264 synodo
767 1191 1172 1264 Aquilegiensis
1211 1190 1524 1263 patriarcha
1552 1190 1757 1245 mussi-

173 1281 333 1346 ιδὶηις
362 1284 608 1353 quisque
628 1285 956 1356 enimljuxta
997 1298 1101 1340 nos
1126 1284 1305 1340 dextri
1330 1283 1525 1338 lateris
1570 1282 1755 1337 locum

174 1374 496 1441 vindicabat,
530 1385 587 1431 et
631 1376 721 1433 cui
750 1376 879 1447 jure
916 1376 1227 1442 deberetur,
1278 1376 1443 1431 nobis
1484 1376 1754 1430 incertum

173 1476 294 1522 erat.
316 1466 569 1539 Contigit
595 1478 779 1525 autem
796 1470 980 1541 primo
1000 1469 1090 1524 die
1123 1468 1329 1540 synodi-
1344 1484 1454 1523 non
1491 1467 1755 1523 interesse

176 1559 624 1617 Hediolanensem
659 1563 1129 1633 archiepiscopum
1145 1577 1175 1617 a
1192 1561 1613 1633 primordio,sed
1637 1560 1752 1631 jam

176 1652 252 1706 die
277 1652 541 1709 inclinata
580 1669 709 1709 cum
756 1655 1125 1725 patriarchaa
1165 1655 1372 1711 dextris
1409 1653 1617 1710 nostris
1660 1667 1751 1709 se-

178 1744 330 1811 deret,
367 1745 700 1818 interposita
728 1755 912 1803 tamen
956 1748 1089 1804 sella
1116 1747 1427 1803 charissimi
1450 1745 1547 1801 lilii
1577 1744 1752 1801 nostri

179 1836 513 1910 imperatoris
554 1838 800 1906 Henrici,
839 1840 934 1912 qui
978 1840 1090 1910 jam
1128 1840 1386 1896 advenire
1431 1838 1747 1911 putabatur,

180 1931 290 1999 quia
312 1946 378 1986 eo
404 1932 523 1986 loci
548 1939 669 1987 erat
701 1932 898 1999 elatus,
931 1932 1090 2004 quasi
1122 1931 1458 1989 Ravennatis
1491 1930 1752 1988 Eeclesim

183 2038 209 2077 a
230 2023 455 2079 sinistris
497 2024 709 2079 nostris
731 2024 1017 2080 assideret.
1068 2024 1190 2091 Quo
1215 2024 1624 2081 Mediolanense
1653 2039 1748 2079 ar-

181 2115 505 2187 chiepiscopo
536 2117 595 2171 in
616 2117 856 2173 medium
879 2117 1152 2184 veniente,
1179 2117 1544 2189 dextrumque
1567 2118 1749 2173 locum

184 2216 391 2277 petente,
422 2209 580 2265 hunc
621 2210 983 2266 acclamatum
1010 2218 1095 2266 est
1134 2210 1204 2266 ab
1224 2211 1398 2266 electo
1434 2209 1751 2266 Ravennate

185 2300 270 2355 sibi
287 2301 486 2357 deberi.
516 2301 676 2358 Illinc
711 2303 877 2358 simili
906 2302 1071 2357 modo
1096 2318 1126 2358 a
1164 2302 1475 2373 patriarcha
1523 2301 1749 2374 Aquile-

187 2392 380 2464 giense;
410 2403 466 2450 et
487 2395 572 2451 ita
613 2395 779 2451 unius
806 2396 885 2450 rei
925 2395 1209 2450 altercatio
1238 2395 1379 2450 inter
1417 2403 1527 2451 tres
1562 2404 1749 2450 exorta

188 2494 270 2539 est.
289 2484 492 2542 Placuit
518 2495 706 2543 autem
751 2487 1026 2543 universae
1070 2488 1280 2559 synodo
1312 2487 1478 2543 trium
1510 2488 1747 2558 partium

187 2576 559 2635 dissensionem
589 2594 775 2634 coram
810 2578 1031 2634 deferri.
1069 2577 1378 2650 Statimque
1398 2581 1645 2649 prolatus
1665 2589 1750 2635 est

191 2669 377 2738 quidam
417 2672 706 2742 catalogus
755 2672 1038 2726 nominum
1089 2687 1281 2727 eorum
1312 2671 1750 2741 archiepiscopo-

189 2776 309 2828 rum,
329 2772 381 2817 et
401 2763 654 2834 ipsorum
675 2762 771 2833 qui
800 2762 1168 2819 interfuerunt
1197 2764 1405 2835 synodo
1434 2762 1747 2835 Symmachi

191 2870 338 2925 papae,
355 2856 446 2910 ubi
470 2857 831 2928 praescriptus
860 2864 978 2912 erat
1009 2856 1429 2912 Mediolanensis
1473 2855 1748 2925 archiepi-

1860 353 2067 427 placuit
2101 353 2311 410 nostris
2348 353 2545 410 litteris
2590 352 2907 424 apostolicis
2949 350 3219 419 adnotari,
3249 356 3306 407 et
3335 357 3452 405 tam

1859 445 2222 518 praesentibus
2245 460 2413 516 quam
2451 444 2651 500 futuris
2684 443 2952 511 intimari,
2975 452 3037 500 ut
3062 452 3213 500 tanto
3239 441 3455 498 ﬁrmius

1859 537 2077 592 valeant
2104 536 2275 603 credi,
2308 545 2525 607 quanto
2550 544 2770 593 constat
2800 537 2869 593 de
2902 546 3094 593 nostro
3115 551 3211 596 ore
3248 531 3446 591 audiri.

1859 629 2064 685 Verum
2095 634 2165 686 ne
2187 629 2419 701 posthac
2451 620 2651 685 iterum
2680 630 2767 686 vel
2796 629 3213 701 archiepiscOpo
3249 625 3452 683 Medico

1858 721 2071 777 lanensi
2098 764 2113 789 ,
2165 722 2251 777 vel
2297 721 2625 793 patriarchae
2672 721 3048 795 Aquilegiensi
3078 722 3145 778 de
3199 720 3450 778 sessione

1856 814 2036 870 dextri
2062 813 2252 870 lateris
2291 814 2469 869 nostri
2505 815 2669 870 liceat
2714 828 2941 872 exerere
2979 813 3279 886 quamlibet
3313 826 3449 870 con-

1858 908 2205 975 troversiam,
2242 907 2621 964 interdicimus
2655 916 2845 963 nostra
2873 907 3174 978 apostolica
3210 903 3450 962 auctori-

1859 999 2097 1056 tatehoc
2116 999 2202 1057 eis
2230 1000 2299 1055 de
2324 1008 2523 1056 cratere
2567 1000 2755 1057 licere.
2797 998 2957 1067 Quod
3000 999 3046 1056 si
3091 997 3232 1055 forte
3282 996 3450 1054 fuerit

1857 1099 2177 1162 perruptum
2206 1106 2306 1162 per
2341 1091 2758 1147 temerationem
2789 1090 3141 1147 interdictum
3170 1098 3445 1157 nostrum,

1856 1196 1966 1235 non
1996 1181 2162 1237 modo
2189 1182 2365 1238 sancti
2408 1181 2557 1237 Petri
2592 1189 2907 1255 nostraeque
2933 1182 3079 1238 sedis
3121 1178 3451 1251 indignatio-

1857 1290 2004 1340 nem,
2031 1288 2223 1330 verum
2252 1284 2457 1332 nostra;
2499 1291 2721 1347 quoque
2755 1272 3345 1331 excommunicationis
3390 1278 3449 1329 et

1857 1366 2224 1423 anathematis
2250 1366 2479 1437 laqueos
2516 1365 2783 1423 incurrat.
2819 1365 3014 1422 Sedem
3044 1364 3191 1422 enim
3232 1363 3449 1418 Raven-

1857 1458 2002 1514 natis
2043 1458 2445 1530 archicpiscopi
2470 1459 2732 1531 jubemus
2766 1456 2983 1531 semper
3010 1474 3134 1514 esse
3173 1474 3204 1512 a
3240 1454 3449 1513 dextris

1856 1550 2062 1605 nostris
2088 1559 2522 1622 nostrorumque
2555 1565 2941 1605 successorum
2978 1549 3281 1605 secundum
3306 1546 3451 1602 anti-

1855 1656 1980 1711 quas
2004 1640 2414 1697 constitutionis
2440 1640 2842 1708 auctoritatem,
2886 1640 2991 1694 nisi
3036 1637 3176 1695 forte
3206 1638 3446 1708 impera-

1854 1743 1943 1789 tor
1964 1733 2227 1802 adfuerit;
2252 1743 2306 1790 et
2327 1744 2461 1791 tunc
2485 1735 2650 1791 etiam
2678 1734 2859 1807 ipsum
2889 1732 3169 1789 sinistram
3201 1740 3447 1788 nostram

1854 1835 2040 1883 tenere
2069 1842 2169 1899 per
2192 1828 2335 1884 hanc
2372 1830 2579 1884 nostra:
2604 1827 2949 1884 auctoritatis
2969 1825 3285 1884 firmitatem
3317 1825 3449 1882 huic

1853 1927 2055 1975 nostra:
2104 1920 2408 1976 narrationi
2451 1919 2757 1995 subjectum
2800 1935 2900 1991 per
2941 1933 3168 1974 manum
3217 1915 3449 1974 Joannis

1853 2009 2129 2066 scriniarii
2164 2018 2220 2066 et
2266 2010 2467 2066 notarii
2498 2010 2642 2066 sacri
2690 2008 2869 2064 nostri
2908 2007 3118 2080 palatii.
3161 2005 3307 2062 Bene
3351 2021 3449 2062 va-

1853 2101 1979 2156 lete.
3423 2093 3429 2099 ”

1925 2192 2038 2264 Ego
2100 2192 2343 2249 Ubaldus
2414 2193 2705 2249 Ravenuas
2761 2190 3022 2258 tabellio,
3072 2180 3136 2245 et
3198 2186 3449 2245 notarius

1853 2297 2058 2343 sanctae
2086 2286 2424 2344 Ravennatis
2467 2285 2759 2359 Ecclesiae;
2805 2296 2865 2342 ut
2897 2286 2953 2341 in
2983 2285 3300 2342 authentico
3333 2283 3447 2341 vidi

1852 2389 1906 2435 et
1930 2380 2055 2451 legi,
2086 2381 2160 2435 ita
2190 2380 2409 2452 scripsi.

1923 2468 2038 2543 Ego
2062 2471 2370 2537 Artuiinus,
2403 2479 2459 2527 et
2483 2470 2819 2539 Bartclinns,
2846 2478 2901 2526 et
2935 2468 3203 2526 Canulius
3235 2469 3303 2525 de
3342 2467 3449 2523 Ar-

1851 2563 2083 2629 tusinis,
2114 2562 2353 2619 vidimus
2378 2563 2757 2641 authenticum
2781 2561 3127 2633 privilegium
3156 2560 3437 2619 buliarum
3522 2623 3527 2631 η

1851 2672 1978 2712 cum
2025 2655 2173 2711 bulla
2214 2654 2422 2711 domini
2451 2654 2747 2709 Clementis
2773 2669 2944 2725 papat.

1924 2747 1989 2803 Et
2019 2763 2121 2819 ego
2155 2746 2361 2803 Paulus
2397 2745 2631 2801 Scordili
2662 2747 2729 2801 de
2764 2744 2995 2811 Candia,
3028 2744 3219 2800 doctor
3257 2743 3447 2800 decre-

1851 2847 2057 2906 torum,
2099 2839 2427 2917 pmpositus
2466 2846 2520 2894 et
2558 2837 2860 2893 canonicus
2908 2835 3205 2891 cardinalis
3241 2844 3446 2892 sanctae

191 2961 379 3017 “opus.
410 2949 534 3016 Quo
565 2927 761 3005 conn-3
795 2958 1081 3006 ostensum
1124 2957 1209 3004 εει
1255 2948 1601 3021 privilegium
1641 2947 1749 3003 na-
1776 2965 1817 3023 ο
1853 2932 2186 2988 Ravennatis
2214 2930 2493 2999 Ecclesia,
2520 2930 2651 2986 illud
2674 2928 3089 3023 privilegiumin
3118 2927 3438 3023 authentico

193 3045 405 3099 vennatis
440 3043 724 3112 Ecclesiae,
762 3044 1046 3101 continens
1086 3060 1195 3115 qua
1224 3045 1390 3100 habet
1421 3044 1511 3099 illa
1533 3043 1588 3098 in
1617 3043 1748 3099 scri-

193 3135 282 3206 ptis
322 3139 627 3209 nominum,
685 3154 792 3193 non
850 3138 1036 3209 aliquo
1066 3138 1211 3208 jure,
1270 3152 1380 3192 non
1424 3137 1606 3208 aliqua
1655 3152 1744 3192 re-

196 3212 451 3303 ctitudine,
511 3232 611 3287 sed
658 3232 842 3302 potius
894 3246 1061 3287 causa
1126 3230 1455 3286 humilitatis
1504 3222 1747 3285 evenerit

198 3323 316 3390 quod
336 3323 537 3379 scilicet
595 3324 1050 3395 archiepiscopus
1099 3323 1392 3380 Ravennas
1436 3323 1749 3395 permiserit

196 3415 434 3491 przescﬁbi
482 3416 591 3471 sibi
649 3416 743 3470 illo
791 3416 1029 3472 termino
1089 3433 1220 3474 casu
1277 3417 1747 3489 archiepiSCOpum

199 3503 643 3577 Mediolanensem,
668 3518 816 3565 etne
845 3525 944 3581 pro
973 3551 987 3565 .
1019 3551 1033 3565 .
1063 3552 1077 3566 .
1109 3551 1123 3566 .
1159 3552 1172 3567 .
1204 3552 1217 3566 .
1253 3511 1437 3582 quivis
1457 3520 1604 3568 esset
1639 3512 1747 3568 im-

198 3608 436 3664 pasterum
471 3602 824 3673 gigneretur,
863 3603 1136 3672 placuisse
1165 3619 1317 3675 papa:
1365 3602 1584 3673 Joanni,
1624 3621 1749 3661 suc-

202 3692 369 3745 cessori
411 3693 557 3749 illius
611 3693 949 3781 Symmachi,
992 3694 1172 3765 ipsum
1212 3678 1553 3777 privilegium
1608 3697 1743 3755 ﬁeri.

202 3779 291 3838 lloe
315 3793 481 3840 autem
514 3779 825 3859 proposito,
867 3797 929 3842 ut
953 3788 1078 3858 quis
1097 3804 1287 3843 eorum
1325 3789 1601 3850 videretur
1626 3807 1749 3849 esse

203 3878 361 3947 major,
395 3881 647 3961 quamvis
676 3898 806 3939 vero
845 3881 1032 3937 dextra
1064 3898 1217 3954 papa:
1257 3881 1489 3938 Romani
1535 3900 1740 3954 sempe.

202 3967 297 4042 jure
315 3971 594 4029 deberetur
620 3974 1034 4051 archiepiscopo
1076 3973 1402 4048 Ravennati,
1439 3976 1747 4031 addendum

206 4068 350 4117 tamen
375 4066 422 4120 ei
448 4067 547 4122 soli
574 4067 918 4138 imperatori,
959 4066 1004 4123 si
1036 4084 1279 4139 prtesens
1307 4067 1541 4136 adesset,
1573 4078 1635 4124 ut
1669 4068 1750 4124 sic

206 4153 257 4220 ad
286 4156 543 4214 sinistram
574 4175 701 4215 eum
733 4160 1125 4232 transmigrare
1146 4160 1364 4216 debere.
1390 4158 1749 4227 Quibusduo—

206 4253 304 4300 tam
346 4250 721 4308 altercatorum
769 4252 1028 4320 ostensis,
1081 4252 1229 4308 tertii
1274 4269 1405 4309 vero
1453 4254 1747 4311 altercato-

210 4350 325 4403 rum,
349 4341 397 4395 id
418 4352 498 4399 est
524 4344 870 4419 patriarchae,
894 4353 1177 4401 ostensum
1212 4354 1297 4401 est
1338 4346 1684 4419 privilegium
1715 4365 1747 4407 a

210 4425 379 4495 Joanne
403 4418 542 4491 nono
577 4436 794 4499 decimo
832 4454 971 4509 papa
1010 4428 1212 4492 factum
1251 4438 1501 4495 similiter
1529 4441 1597 4496 de
1626 4457 1748 4498 ses-

211 4521 245 4574 si
276 4540 331 4579 ne
356 4527 417 4582 ad
440 4528 718 4598 dexteram
745 4540 975 4602 partem.
1006 4530 1102 4587 His
1124 4532 1326 4588 auditis
1359 4533 1614 4590 universa
1654 4551 1748 4606 sv-

213 4620 352 4679 nodus
375 4624 698 4702 interrogata
727 4637 814 4686 est
859 4647 891 4694 a
936 4609 1101 4688 nobis
1143 4649 1155 4684 :
1203 4629 1381 4701 primo
1410 4637 1592 4685 autem
1636 4643 1750 4693 οιιι-

214 4709 333 4771 Bium
351 4715 575 4777 Romani
595 4722 837 4794 episcopi
868 4724 1157 4793 clerusque
1195 4722 1498 4788 Romanus,
1547 4721 1750 4793 quibus

216 4809 257 4854 rt
283 4811 552 4870 auctoritas
576 4824 659 4880 est
692 4816 888 4886 major,
945 4823 1001 4871 et
1047 4815 1165 4886 ipsa
1215 4830 1306 4870 res
1361 4823 1478 4871 erat
1532 4815 1747 4885 notior;

217 4891 371 4952 deinde
407 4906 580 4960 caeteri
616 4922 827 4971 omnes,
880 4906 1132 4985 Cumque
1171 4922 1238 4962 ex
1275 4905 1467 4963 ordine
1509 4905 1752 4971 Joannes

219 4986 462 5062 cpiscopus
504 4996 851 5071 Portuensis,
893 5007 950 5056 et
982 4997 1178 5057 Petrus
1227 4999 1495 5057 diaconus
1544 5010 1749 5059 nostra)

221 5082 477 5141 apostolicae
522 5090 664 5146 sedis
714 5089 1098 5158 canecllarius,
1139 5089 1488 5162 privilegium
1534 5089 1750 5155 Raven~

223 5171 332 5228 natis
350 5175 588 5238 Ecclesia:
606 5184 723 5240 vice
762 5201 860 5241 sua
891 5183 1163 5243 universae
1206 5192 1390 5256 partes
1433 5184 1743 5255 laudarent,

219 5262 365 5328 P0000
400 5294 608 5328 mimus).
651 5284 995 5328 ηνίαρρρηςίς
1021 5285 1312 5328 onicnnnne
1344 5285 1446 5328 huc
1485 5286 1629 5328 ἰιιοηι
1674 5289 1749 5328 ἰλι-

1849 3025 1982 3091 vidi,
2014 3033 2068 3079 et
2096 3023 2200 3095 legi
2231 3023 2501 3079 bullatum
2524 3023 2675 3079 bulla
2704 3020 2962 3094 plumbea
2993 3020 3314 3103 apostolica,
3346 3018 3443 3076 sed

1850 3133 1960 3173 non
2000 3131 2155 3173 more
2194 3117 2430 3172 aliarum
2475 3115 2923 3188 apostolicarum'
2949 3113 3249 3179 bullarum,
3297 3128 3446 3170 anno

1852 3209 2067 3265 Domini
2102 3207 2169 3265 N.
2196 3208 2246 3264 J.
2270 3209 2336 3266 C.
2364 3209 2525 3279 1415,
2556 3208 2856 3297 indictione
2885 3223 2959 3275 vi,
2984 3205 3073 3263 die
3092 3206 3272 3278 primo
3293 3203 3443 3258 Maii.

1849 3303 2045 3358 Amen.

2514 3446 2535 3471 η.
2596 3414 2686 3472 Ill.

1851 3508 2171 3571 Ravennatis
2194 3508 2432 3564 ecclesia
2451 3507 2733 3578 privilegia
2750 3523 2784 3560 α
2797 3503 3034 3578 Wiberto
3055 3503 3332 3573 antipapa,
3351 3517 3443 3573 qui

2027 3579 2269 3637 Clemens
2292 3576 2556 3652 appellari
2604 3576 2830 3643 uolebat,
2859 3576 3264 3647 conﬁrmantur.

2442 3674 2625 3746 (Anno
2665 3672 2849 3743 1086.)

2261 3763 2456 3837 [sum
2487 3763 2693 3822 Concil.
2718 3761 2839 3831 xx,
2871 3758 3025 3835 615.]

1921 3854 2174 3910 Cesusss
2214 3854 2526 3925 episcopus,
2563 3868 2756 3908 servus
2802 3866 3090 3909 servorum
3143 3849 3259 3916 Dei,
3315 3865 3444 3905 san-

1851 3953 1951 3999 cta:
1978 3942 2285 3997 Ravennati
2314 3941 2592 4007 Ecclesiae,
2629 3941 2996 4010 omnibusque
3031 3938 3235 3994 futuris
3263 3937 3318 3990 in
3347 3936 3440 3989 illa

1851 4032 2277 4104 archiepiscOpis
2305 4047 2403 4107 per
2427 4046 2548 4086 eam
2584 4029 2638 4084 in
2664 4038 3006 4102 perpetuum.

1920 4124 2061 4180 Cum
2092 4124 2158 4180 ad
2175 4140 2279 4179 nos
2293 4121 2664 4179 Ecciesiarum
2690 4136 2822 4176 cura
2847 4117 3125 4191 respiciat,
3162 4126 3219 4173 et
3244 4116 3311 4172 de
3327 4116 3444 4172 sin-

1852 4214 1995 4286 gulis
2018 4214 2261 4287 cogitare
2294 4212 2601 4278 conveniat,
2634 4220 2691 4266 et
2724 4226 2791 4265 ex
2827 4210 3012 4266 debito
3044 4207 3283 4279 suscepti
3304 4206 3444 4279 regi-

1781 4313 1827 4369 D
1852 4307 2019 4364 minis
2053 4305 2312 4361 omnibus
2350 4320 2452 4360 nos
2473 4302 2761 4375 providere
2802 4310 3064 4373 oporteat
3095 4319 3108 4355 :
3136 4298 3443 4372 specialiter

1852 4408 2034 4453 tamen
2065 4406 2121 4453 et
2167 4396 2405 4452 maxime
2447 4391 2751 4450 Ravennati
2806 4391 3119 4464 prospicere
3179 4387 3442 4446 debemus

1850 4488 2130 4555 Ecclesiae,
2154 4488 2243 4545 cui
2276 4502 2606 4561 praesumus,
2640 4485 2752 4541 Deo
2774 4484 3031 4556 propitio,
3064 4490 3125 4538 ut
3146 4495 3361 4553 sponsa
3388 4488 3444 4535 et

1850 4580 1995 4637 ﬁliae.
2026 4580 2203 4652 Hujus
2231 4579 2396 4653 igitur
2416 4578 2673 4635 miserias
2697 4576 2862 4631 nimis
2888 4590 3031 4646 aegre
3070 4572 3330 4642 ferentes,
3366 4580 3442 4640 et,

1851 4681 2119 4744 quantum
2154 4674 2212 4727 in
2236 4672 2394 4727 nobis
2413 4680 2518 4737 est,
2543 4678 2828 4740 amputare
2840 4666 3107 4735 volentes,
3131 4665 3236 4720 hoc
3274 4676 3451 4718 reme-

1852 4767 1928 4823 dii
1958 4782 2177 4841 genere,
2218 4766 2324 4821 hoc
2353 4763 2574 4820 concilii
2609 4761 2859 4819 antidoto
2895 4759 3117 4815 tandem
3153 4754 3451 4814 subvenire

1854 4860 2197 4926 curavimus,
2233 4866 2317 4924 ut,
2366 4851 2733 4911 consideratis
2763 4850 3064 4923 privilegiis
3096 4850 3452 4905 decessurum

1854 4964 2169 5011 nostrorum
2239 4946 2617 5002 Romanorum
2684 4940 3007 5012 pontiﬁcum
3059 4949 3113 4997 et
3166 4941 3462 5011 praeceptis

1852 5046 2250 5118 imperatorum
2295 5052 2418 5109 qua:
2475 5037 2532 5092 in
2588 5034 2812 5093 archiva
2865 5044 3072 5092 nostra:
3118 5033 3465 5092 Ravennatis

1852 5137 2110 5194 Ecclesiae
2134 5130 2512 5194 continentur,
2538 5140 2887 5200 quaecunque
2916 5126 2974 5182 in
3026 5125 3136 5183 illis
3174 5124 3463 5193 leguntur,

1854 5224 2123 5298 privilegii
2146 5218 2319 5279 nostri
2356 5207 2747 5288 astipulatione
2775 5215 3085 5284 ﬁrmentur,
3109 5222 3202 5279 ut,
3226 5210 3469 5269 sublatis

2828 5325 2835 5328 .
2859 5324 2870 5328 _
2921 5309 2963 5328 τι
3078 5326 3083 5328 .
3106 5326 3127 5328 ..
3146 5322 3165 5328 Α
