3988 5328
526 311 647 373 ’851

1518 322 1613 378 AD
1648 321 1897 383 OPE‘RA
1919 324 1977 383 Β.
2017 322 2350 385 GREGORll
2376 328 2840 393 'APPENDIGES.
2870 389 2875 393 .

541 427 865 507 jucundius,
889 447 1055 505 quam
1108 435 1364 493 scandala
1412 436 1623 506 tollere,
1643 439 1767 497 lites
1819 440 2136 511 reprimere,
2166 441 2214 499 Α
2237 441 2543 510 oﬂ‘ensione
2562 447 2824 515 ,debitam
2836 448 2987 508 beati
3008 450 3175 519 Petri,
3196 461 3395 509 contra
3412 453 3841 525 Μηίων-ε-

546 533 739 592 pacem
775 538 1121 596 componere,
1149 525 1520 589 Ecclesiarum
1544 533 1896 589 concordiam
1913 534 2140 595 videre?

545 606 623 669 Iis
657 612 1030 673 Deuslaetatur
1064 626 1120 675 et
1149 618 1370 690 gaudet,
1404 629 1461 676 et
1508 622 1711 679 talibus
1757 639 1927 694 super
1975 641 2138 683 mune

547 705 881 764 sacriﬁcium
935 708 1183 780 placatur
1253 712 1602 773 muneribus.
1650 712 2137 774 Consentientibus

547 794 717 867 igitur
747 807 803 854 et
825 799 1261 859 collaudantibus
1276 804 1467 874 primo
1485 807 1859 866 cardinalibus
1906 809 2138 878 nostris,

548 885 791 945 Ruberto
819 887 1006 949 Sancti
1030 891 1219 963 Marci,
1244 904 1299 952 et
1317 896 1613 959 Anastasio
1633 898 1849 957 Sancta:
1893 900 2131 961 Anasta-

545 978 659 1046 siaa,
704 979 1077 1043 confratribus
1117 995 1174 1042 et
1240 989 1581 1062 coepiscopis
1629 995 1856 1063 nostris,
1889 995 2136 1058 Retanda

547 1070 860 1145 Tarvisino,
897 1077 1094 1141 Milone
1152 1081 1447 1153 Paduano,
1503 1084 1761 1143 Hecelino
1818 1088 2126 1160 Vicentino,

543 1161 784 1223 Fuleone
836 1167 1414 1244 Forosemproniense,
1462 1174 1739 1234 Thebaldo
1801 1179 2126 1251 Castellano,

543 1255 775 1329 aliisque
811 1264 1248 1333 quampluribus,
1274 1267 1368 1337 qui
1404 1266 1871 1340 fuereprzesentes
1911 1293 1924 1328 :
1962 1274 2129 1346 huius

539 1349 715 1407 nostri
735 1351 1001 1426 privilegii
1032 1358 1357 1416 auctoritate
1388 1361 1672 1423 ﬁrmamus
1701 1380 2041 1438 quaecunque
2071 1369 2125 1423 in

534 1439 843 1529 privilegiis
883 1443 1256 1507 Romanorum
1278 1453 1606 1522 pontiﬁcum
1644 1456 1921 1528 leguntur,
1949 1459 2122 1529 Pauli,

528 1528 742 1606 .Sergii,
772 1535 1076 1619 Anastasii,
1110 1542 1329 1614 Leonis,
1364 1546 1612 1616 Adriani,
1652 1549 1902 1621 Engenii,
1945 1528 2124 1609 Theoé

539 1623 719 1715 desii,
774 1628 1173 1705 Valentiniani,
1227 1637 1524 1709 Ludovici,
1589 1641 1771 1698 Caroli
1795 1685 1809 1712 ,
1869 1643 2121 1715 Othonis,

528 1713 839 1789 ,Chunradi,
870 1720 1109 1794 Henrici,
1143 1738 1199 1784 et
1239 1730 1472 1787 aliorum
1498 1753 1513 1789 :
1540 1749 1733 1791 omnes
1799 1713 2124 1798 donationes

538 1814 595 1862 et
662 1814 1049 1886 concessiones
1113 1820 1352 1888 illorum,
1386 1840 1524 1894 quas
1577 1826 1880 1886 Ravennati
1936 1831 2129 1889 fecisse

538 1898 900 1991 perhibentur
921 1904 1201 1977 Ecclesiae,
1228 1919 1336 1966 tam
1368 1912 1423 1969 in
1447 1914 1855 1987 episcopatibus
1876 1937 2045 1991 quam
2075 1922 2132 1983 iu

537 1988 792 2062 abbatiis,
809 1997 1180 2070 comitatibus,
1193 2004 1486 2071 exarchatu
1499 2010 1825 2081 ueterisque
1835 1988 2128 2082 similibus,

536 2095 661 2176 qua:
690 2082 749 2159 in
781 2085 1078 2162 privilegiis
1127 2100 1183 2148 et
1242 2097 1530 2167 praeceptis
1568 2100 1794 2169 plenius
1837 2104 2129 2176 habentur,

526 2172 704 2244 hujus
754 2178 1039 2254 scripturae
1088 2182 1291 2242 nostra!
1328 2190 1633 2258 assertione
1672 2195 1973 2256 munimus.
2028 2198 2131 2254 De-

533 2277 841 2357 cernentes,
865 2279 920 2327 et
943 2275 1269 2333 auctoritate
1302 2283 1604 2351 apostolica
1626 2293 1932 2344 statuentes
1958 2298 2037 2357 ut,
2081 2292 2129 2348 si

535 2356 663 2429 quis
688 2363 1017 2420 contra‘hoc
1036 2374 1292 2423 nostrum
1335 2371 1681 2445 privilegium
1725 2376 1913 2435 venire
1951 2356 2129 2440 tenta-

534 2449 696 2516 verit,
719 2450 767 2506 si
815 2454 940 2525 quis
964 2460 1339 2537 contradictor
1398 2465 1685 2535 exstiterit,
1733 2469 1805 2527 sit
1838 2474 2127 2537 anathema

535 2544 880 2635 maranatha,
907 2548 1088 2619 sitque
1109 2567 1238 2622 pars
1262 2553 1382 2625 ejus
1407 2572 1533 2612 cum
1566 2558 1780 2630 Pilato,
1809 2573 1865 2620 et
1893 2563 2123 2635 Herode,

528 2640 588 2699 ret
604 2628 747 2689 Juda
776 2636 1061 2696 traditore.
1080 2640 1245 2712 Quod
1290 2654 1355 2701 ut
1403 2649 1609 2707 certius
1650 2628 1926 2723 credatur,
1960 2666 2016 2713 et
2056 2628 2127 2715 ah

532 2724 791 2783 omnibus
806 2728 1126 2803 diligentius
1147 2736 1489 2810 observetur,
1520 2742 1717 2833 sigillo
1755 2756 1945 2805 nostro
1986 2765 2126 2821 praes-

532 2825 717 2874 sentes
743 2819 953 2879 litteras
981 2828 1277 2887 statuimus
1304 2819 1574 2892 roborari.
1726 2896 1731 2901 ,

603 2908 740 3007 Acta
774 2922 905 3007 sunt
955 2915 1396 3007 Ravennae,
1422 2927 1478 2983 in
1518 2929 1764 2999 plenaria
1804 2934 2035 3007 synodo,
2065 2935 2122 2995 in

532 3000 761 3095 matrice
784 3005 1041 3075 ecclesia,
1064 3025 1187 3084 qua:
1208 3013 1408 3071 dicitur
1427 3018 1577 3091 Agis:
1596 3000 1950 3095 Anastaseos,
1974 3000 2122 3085 anno

2215 534 2591 596 decessurum
2638 549 2954 599 nostrorum
3010 544 3480 616 religiosissimum
3524 545 3836 603 institutio-

2236 642 2393 698 nem,
2408 639 2464 686 et
2485 632 2879 690 eshibitionem
2908 643 3069 692 tanto
3088 646 3336 708 tempore
3356 637 3733 704 detinet-itis,
3756 646 3836 706 et,

2235 723 2517 780 multoties
2543 724 2671 782 inde
2699 726 2906 784 anobis
2940 737 3166 799 paterna
3204 729 3497 787 affectione
3511 731 3839 788 admonitus

2236 817 2325 873 vel
2350 833 2481 885 nos,
2518 819 2611 876 vel
2625 828 2819 889 nostra
2851 823 3108 882 mandata
3140 824 3309 897 parvi
3324 824 3577 895 pendens
3604 840 3839 895 prorsus

2224 909 2557 979 neglexeris.
2580 909 2689 971 Sed
2710 914 2840 970 talia
2862 914 2959 977 tibi
2984 914 3169 971 forsan
3196 925 3323 972 sum
3344 917 3539 973 relata.
3566 916 3669 973 Est
3686 917 3835 971 enim

2233 999 2396 1056 hodie
2446 1010 2589 1060 terra
2630 1006 2904 1074 perversis
2941 1006 3278 1064 delatoribus
3332 1009 3517 1080 plena,
3546 1024 3675 1080 qua:
3729 1018 3839 1064 tua

2231 1094 2404 1148 menti
2431 1094 2733 1163 sinistram,
2758 1105 2825 1153 ut,
2838 1098 3071 1166 videtur,
3088 1099 3158 1155 de
3183 1099 3345 1156 nobis
3377 1099 3627 1170 iniecere
3653 1098 3838 1169 suspi-

2229 1183 2466 1253 cionem,
2498 1196 2576 1253 et,
2608 1186 2832 1263 falsitati
2868 1190 3147 1259 credulus,
3176 1201 3287 1248 tam
3338 1192 3839 1252 illicite‘retinendi

2228 1276 2417 1337 illicita
2444 1281 2887 1354 qualemcunque
2932 1284 3165 1356 adeptus
3200 1302 3261 1342 es
3300 1288 3688 1344 occasionem.
3728 1285 3841 1342 Sed

2228 1369 2375 1427 Deus
2421 1373 2592 1441 novit,
2627 1375 3086 1449 qualitercunque
3130 1388 3183 1435 te
3215 1394 3345 1450 erga
3387 1395 3495 1437 nos
3548 1378 3835 1437 habueris:

2226 1478 2332 1519 nos
2353 1481 2573 1536 semper
2604 1475 2657 1523 te
2684 1470 2850 1537 corde
2886 1485 3029 1540 puro
3056 1470 3338 1540 dilexisse,
3374 1481 3438 1531 et
3463 1481 3623 1531 tuam
3658 1474 3837 1528 ωοάῆ

2225 1557 2485 1617 omnibus
2514 1561 2940 1631 prosperitatem
2968 1571 3279 1634 exoptasse.
3304 1563 3482 1621 Aufer
3515 1563 3729 1636 itaque,
3753 1564 3837 1620 di-

2224 1648 2525 1706 lectissime
2540 1650 2645 1719 ηιξ,
2669 1655 2972 1717 omnemde
2995 1655 3181 1711 animo
3209 1663 3328 1724 tuo,
3354 1657 3405 1713 si
3429 1672 3543 1728 qua
3574 1666 3686 1724 est,
3706 1672 3849 1713 con-7

2229 1741 2530 1798 trarietatis
2566 1744 2897 1817 rubiginem,
2922 1756 2979 1803 et
2998 1762 3141 1814 eam,
3176 1764 3346 1819 quam
3378 1764 3487 1806 nos
3508 1766 3645 1822 erga
3669 1758 3740 1817 te,
3778 1760 3832 1805 tu

2234 1848 2454 1905 quoque
2492 1850 2621 1907 erga
2656 1853 2778 1906 nos,
2812 1838 3015 1896 habeas
3070 1840 3382 1901 dilectionis
3432 1843 3832 1899 sinceritatem.

2226 1925 2373 1993 Quia
2394 1943 2527 1984 vero
2547 1928 2614 1984 de
2642 1938 2846 1987 sanctae
2866 1929 3129 1988 Romana:
3164 1931 3427 1995 Ecclesiae
3477 1934 3689 2006 injuria
3713 1951 3835 1990 cum

2233 2017 2409 2072 salute
2434 2018 2632 2075 animae
2655 2028 2859 2076 nostra:
2892 2020 3054 2077 silere
3073 2038 3180 2077 non
3206 2038 3541 2093 possumus,
3566 2025 3747 2081 adhuc
3781 2035 3837 2081 te

2232 2114 2458 2176 paterae
2484 2108 2865 2178 admouemus,
2893 2126 3153 2184 rogamus
3180 2113 3347 2171 etiam
3371 2115 3839 2183 etobsecramus,

2225 2200 2553 2259 .charitative
2594 2186 2814 2275 quoque
2843 2205 3206 2273 consulimus,
3241 2222 3309 2263 ne
3352 2207 3503 2262 beati
3533 2206 3684 2263 Petri
3736 2209 3828 2264 deo

2229 2294 2401 2363 bitam
2432 2295 2771 2367 oblationem
2796 2297 3027 2365 ulterius
3053 2298 3315 2366 retineas,
3339 2315 3409 2355 ne
3448 2300 3706 2356 videlicet
3753 2302 3830 2371 ip-

2228 2399 2347 2439 sam
2370 2385 2656 2442 retinendo
2687 2386 2809 2459 ejus
2829 2388 2970 2444 iram
3008 2388 3062 2443 in
3100 2396 3154 2444 te
3200 2404 3518 2459 exasperes,
3550 2389 3674 2445 sine
3724 2405 3838 2460 quo.

2228 2478 2506 2551 aperiente
2530 2495 2695 2537 nemo
2715 2496 2944 2553 regnum
2972 2481 3118 2537 valet
3154 2480 3359 2537 intrare
3381 2483 3675 2538 calorum.
3702 2480 3833 2546 Sed,

2227 2569 2372 2626 sicut
2395 2570 2571 2639 decet,
2592 2572 2777 2628 debita
2799 2587 2920 2643 eam
2956 2572 3260 2629 reverentia
3310 2571 3513 2644 dirige,
3540 2582 3604 2628 ut
3650 2572 3831 2644 ipsum

2227 2663 2324 2722 tibi
2347 2672 2602 2735 pacatum
2623 2665 2808 2720 valeas
2840 2664 3103 2723 invenire.

2295 2756 2565 2819 Praeterea
2602 2771 2713 2816 non
2747 2757 3029 2823 credimus
3053 2772 3085 2815 a
3110 2764 3206 2813 tua
3228 2758 3502 2816 excidisse
3537 2759 3827 2824 memoria,

2225 2853 2375 2923 quod
2411 2836 2761 2917 dilectionem
2789 2862 2942 2911 tuam
2969 2863 3023 2909 et
3056 2869 3153 2924 per
3185 2853 3403 2909 litteras
3436 2860 3495 2907 et
3538 2867 3637 2922 per
3680 2867 3816 2905 nun-

2222 2943 2361 2999 tium
2390 2951 2544 3001 tuum
2578 2943 2879 3014 plurimum
2904 2943 3322 3014 postulavimus.
3354 2940 3571 2997 Obnixe
3609 2941 3824 3013 rogavi-

2222 3049 2348 3092 mus
2377 3049 2543 3105 super
2569 3033 2808 3105 quodam
2837 3033 3196 3103 dilectissimo
3221 3032 3334 3088 ﬁlio
3358 3040 3554 3088 nostro
3578 3027 3821 3104 {Felice},

534 3087 835 3199 Dominicte
918 3094 1316 3162 Incarnationis
1389 3087 1681 3168 millesimo
1747 3087 2123 3189 octuagesimo
2149 3138 2191 3197 ο
2222 3087 2605 3199 ίίὺίήελιῒιιὲέιθιέι.
2624 3127 2964 3197 ﬁdelissimo
2983 3098 3041 3184 et
3067 3128 3203 3184 satis
3242 3136 3398 3194 noto,
3444 3087 3831 3181 celsitudinem

531 3191 705 3252 sexto,
732 3184 1033 3289 imperante
1076 3192 1311 3253 Henrico
1348 3202 1513 3257 tertio
1536 3184 2125 3282 Romnoruvaugu-
2153 3184 2191 3197 ν
2228 3226 2377 3274 tuam
2400 3184 2857 3289 linterpellatites,
2886 3227 2948 3275 ut
2968 3218 3024 3274 in
3051 3219 3143 3275 illa
3198 3234 3258 3275 re
3291 3184 3461 3289 quam
3508 3214 3823 3288 postulaba—

530 3282 636 3420 itol,
662 3292 817 3421 ahan
843 3279 1058 3354 imperii
1093 3286 1219 3359 ejus
1261 3293 1524 3362 secundo,
1569 3296 1736 3361 indic,
1765 3315 1932 3369 nona,
1962 3279 2127 3359 tertio

582 3382 613 3420 a
639 3407 652 3420 .
745 3378 848 3421 art.

582 3378 652 3420 at.
692 3378 848 3426 mart.

1288 3466 1378 3524 IV.

533 3544 817 3630 Clementis
870 3550 972 3633 ζΙῙ
1020 3556 1553 3633 antipaptecpistola
1597 3566 1667 3619 ad
1730 3542 2125 3628 Wratrizlaum

601 3622 833 3705 primum
867 3622 1071 3705 ducem,
1103 3622 1486 3705 pos‘iea‘régem
1537 3622 1825 3693 Bohemiwr.
1850 3622 2123 3698 nam}

602 3687 1031 3781 (ti-soluendum
1059 3687 1206 3779 ’.ἑεάί
1268 3687 1520 3760 Romanae
1538 3687 2121 3781 '6t'liiizieﬁé,'éi"£&

604 3759 885 3828 cujusdam
910 3764 981 3819 ad
1009 3768 1369 3840 episcopatum
1394 3759 1799 3845 promotionem,

1126 3859 1308 3931 (Anno
1348 3864 1531 3938 1086.)

530 3926 725 4009 [Psrz,
745 3940 999 4002 Tltesau‘r.
1024 3926 1209 4009 αηεὲά.
1236 3951 1380 4024 v1.1,
1399 3926 1604 4024 εεδζεπ
1621 3960 1862 4023 biblioth.
1899 3965 1956 4020 s.
1986 3966 2117 4023 Em-

816 4050 819 4053 -
1094 4038 1224 4077 mer.
1250 4023 1555 4102 Ratisbon.]
1748 4076 1753 4081 .
1921 4072 1927 4078 .

538 4164 545 4171 ,
599 4090 662 4157 C.
701 4106 1014 4185 episcopus,
1044 4128 1237 4172 servus
1280 4133 1564 4177 servorum
1608 4122 1725 4192 Dei,
1760 4125 1849 4182 W.
1882 4128 2119 4199 glorioso

525 4194 759 4267 principi
803 4199 1176 4279 Boemiorum,
1204 4224 1271 4264 ac
1314 4211 1672 4281 dilectissimo
1726 4217 1859 4287 ﬁlio,
1885 4194 2118 4278 salutem

526 4295 582 4342 et
603 4294 980 4360 apostolicam
1037 4299 1492 4360 benedictionem.

533 4444 536 4447 Α
600 4379 794 4452 Tuam,
813 4387 1166 4446 dilectissime
1183 4394 1647 4465 [imprudentiam
1661 4401 1938 4458 credimus
1954 4419 2119 4461 nosse

2226 3323 2355 3363 mus
2373 3316 2583 3364 nosti-1e
2602 3308 2873 3387 voluntati
2894 3304 3181 3366 assensum
3206 3309 3501 3383 praeberes.
3533 3307 3649 3363 Sed
3697 3306 3829 3361 nihil

2225 3400 2385 3456 nobis
2410 3400 2479 3457 de
2518 3401 2622 3471 hac
2648 3400 2766 3470 ipsa
2796 3416 2855 3456 re
2881 3410 3092 3471 postea,
3131 3401 3277 3456 unde
3303 3400 3614 3471 plurimum
3646 3399 3812 3454 mira-

2224 3507 2368 3559 mur,
2390 3491 2740 3548 remandasti.
2756 3490 2819 3546 Et
2834 3491 2959 3563 ipse
2974 3492 3198 3564 quidam
3207 3493 3324 3561 jam
3346 3491 3667 3563 magniﬁce,
3690 3491 3829 3546 sicut

2223 3580 2423 3651 dignus
2436 3589 2541 3650 est,
2558 3580 2701 3637 foret
2716 3582 3068 3650 locatus,nisi
3084 3584 3186 3638 hac
3201 3580 3256 3637 fu
3264 3582 3397 3640 isset
3409 3581 3824 3652 exspectatione

2224 3671 2508 3749 detentus;
2534 3688 2667 3745 quo,
2687 3672 2831 3729 Deus
2856 3675 3027 3741 novit,
3059 3674 3360 3730 ﬁdeliorem
3390 3672 3497 3731 tibi
3523 3688 3641 3730 non
3675 3682 3821 3743 pote-

2222 3762 2300 3837 ris
2328 3763 2594 3823 invenire.
2620 3751 2950 3820 Hoc'autem
2993 3769 3122 3821 tute‘
3155 3766 3229 3821 sit
3290 3773 3488 3820 notum
3548 3763 3818 3836 dignitati,

2222 3848 2522 3926 quodcum
2541 3852 2777 3911 Domino
2809 3856 3159 3927 imperatore,
3182 3856 3517 3912 charissima
3556 3854 3678 3911 ﬁlio
3725 3869 3816 3910 no-

2222 3954 2361 4012 stro,
2389 3945 2455 4000 de
2477 3960 2535 3999 re
2553 3945 2659 4001 ista
2685 3946 2927 4000 nondum
2953 3938 3254 4018 quidquam
3287 3946 3527 4019 egimus,
3557 3945 3848 4017 quoniam'

2220 4045 2328 4091 tum
2349 4035 2728 4091 certimdinem
2755 4024 3051 4095 voluntatis
3074 4039 3337 4094 hactenus
3356 4038 3815 4108 exspectavimus.

2221 4126 2296 4182 De
2308 4128 2412 4182 hoc
2424 4126 2554 4183 vero
2576 4128 2918 4184 certissimus
2931 4129 3155 4197 existas,
3170 4130 3319 4201 quod
3341 4131 3507 4186 sihoc
3521 4145 3698 4186 unum
3724 4146 3816 4186 no-

2221 4218 2321 4273 stri
2341 4234 2529 4285 causa,
2558 4228 2750 4274 nostro
2783 4227 2977 4290 rogatu
3023 4217 3241 4288 feceris,
3276 4219 3547 4291 quidquid
3574 4235 3609 4276 a
3662 4220 3818 4276 nobis

2220 4310 2476 4380 deinceps
2519 4326 2606 4365 me
2670 4319 2725 4365 et
2798 4319 2849 4366 te
2894 4311 3125 4383 dignum
3191 4310 3439 4383 petieris,
3468 4311 3814 4384 impetrabis.

2222 4396 2497 4471 Quidquid
2533 4401 2700 4473 igitur
2720 4400 2787 4456 de
2828 4402 2931 4457 hac
2964 4417 3024 4456 re
3059 4402 3211 4458 sedet
3251 4412 3347 4459 tuo
3390 4401 3606 4470 animo,
3632 4413 3819 4460 utrum

525 4474 751 4542 quantis
778 4476 938 4546 dolis,
975 4482 1198 4549 quantis
1223 4482 1510 4543 fraudibus
1549 4489 1899 4549 adversarius
1931 4502 2122 4549 noster
2153 4482 2198 4537 Ι)
2221 4491 2472 4547 videlicet
2517 4490 2727 4547 nostris
2752 4501 2863 4548 tam
2921 4492 3122 4563 dignis,
3163 4494 3308 4564 quod
3342 4510 3452 4549 non
3495 4494 3814 4563 diuidimus,

524 4565 777 4624 diabolus
807 4570 1111 4627 humanum
1134 4591 1308 4646 genus
1337 4580 1595 4650 exagitet,
1618 4584 1837 4652 quantis
1862 4586 2119 4647 versutiis

524 4673 671 4727 eam,
697 4676 863 4731 quam
890 4665 1032 4721 inter
1060 4670 1304 4739 angelos,
1337 4680 1391 4725 et
1420 4673 1561 4729 inter
1584 4674 1777 4745 Deum,
1799 4687 1855 4733 et
1879 4679 2116 4748 primum

524 4748 808 4837 hominem
888 4758 1222 4827 seminavit,
1281 4760 1613 4820 discordiam
1658 4769 1903 4837 quotidie
1972 4771 2115 4827 inter

526 4832 876 4899 Christianos
896 4846 1173 4903 seminare
1198 4850 1425 4908 laboret.
1456 4851 1527 4909 Ut
1546 4832 1694 4915 enim
1721 4858 1817 4915 tibi
1835 4860 2116 4919 veritatem

523 4928 818 5000 fateamur,
846 4937 1080 5005 plurima
1129 4942 1244 5013 jam
1293 4947 1493 5016 saepius
1517 4950 1676 5005 nobis
1702 4951 1769 5005 de
1789 4959 1844 5005 te
1873 4961 2002 5009 sunt
2029 4969 2088 5010 re

604 5037 654 5087 a,
692 5037 812 5090 cur
839 5027 1129 5085 adversum
1158 5033 1509 5092 dilectionem
1543 5046 1693 5097 tuam
1730 5042 1978 5099 animum
2015 5060 2115 5099 no-

2222 4580 2540 4636 assentiaris
2576 4580 2954 4651 petitionibus,
2984 4596 3088 4637 nos
3126 4585 3454 4653 quantocius
3502 4583 3661 4641 edice
3698 4590 3816 4640 eer-

2224 4680 2327 4727 tos.
2359 4672 2628 4729 Nolumus
2651 4674 2796 4727 enim
2824 4682 3034 4729 tantum
3053 4675 3256 4741 virum,
3283 4685 3392 4730 tam
3421 4677 3617 4733 utilem
3644 4680 3815 4734 eccle-

2222 4764 2444 4821 siastico
2486 4765 2759 4837 regimini,
2796 4765 2893 4821 tali
2952 4767 3153 4822 amodo
3212 4769 3514 4838 suspendio
3559 4771 3811 4827 detineri.

2221 4854 2371 4911 Novo
2396 4868 2614 4926 quoque
2644 4855 2842 4926 sigillo,
2876 4864 3066 4925 utpote
3099 4846 3443 4925 evidentiori,
3468 4861 3572 4917 has
3600 4861 3814 4918 litteras

2221 4946 2423 5001 idcirco
2463 4939 3115 5018 insigniriprmcipimus',
3146 4957 3207 5004 ut
3231 4958 3327 5005 tua
3357 4952 3526 5008 etiam
3578 4954 3816 5025 dignitas

2219 5036 2688 5093 evidentissimum
2737 5040 2845 5091 tua:
2889 5039 3266 5095 concessionis
3313 5039 3557 5104 signum,
3594 5042 3812 5104 aliquod
