3988 5328
130 186 220 243 833
606 177 895 235 APPEND.
939 176 1003 232 ll.
1044 207 1113 217 -—
1150 173 1452 231 WIBERTI
1492 170 1705 228 ANTIP.

1808 168 1863 224 Ε
1905 168 2269 227 EMSTOLJE
2306 164 2394 225 ET
2432 169 2851 227 PlilVlLEGlA.
3275 170 3383 233 834

130 298 217 353 bus
251 290 566 349 orthodoxis
615 290 901 357 fratribus,
930 287 1374 359 archiepiscopis.
1397 285 1689 358 episcopis,
1722 285 1767 342 Δ
1792 290 1962 337 ctum.
2030 301 2049 334 ι
2104 282 2171 338 Et
2222 292 2285 338 ut
2344 282 2793 339 manifestissime
2855 285 3114 343 omnibus
3172 296 3386 359 pateret

131 385 414 452 abbatibus,
450 393 614 454 atque
643 382 916 439 universis
950 389 1154 438 sancta
1177 379 1437 437 Ecclesiae
1479 377 1690 435 ordini-
1790 388 1885 429 eos
1967 373 2117 444 ipsos
2190 373 2437 445 ejusdem
2507 376 3093 435 excommunicationis
3163 387 3386 435 sentena

134 479 236 542 bus,
257 475 488 530 salutem
518 474 952 545 etapostolicam
978 470 1436 528 benedictionem.
1791 464 1924 520 tiam
1987 464 2244 531 subiisse,
2303 464 2436 520 utile
2496 466 2681 521 visum
2730 464 2839 521 fuit
2902 466 3021 522 haec
3073 482 3140 524 es
3221 469 3387 526 dictis

188 569 407 639 Quantae
430 576 485 623 et
508 583 676 639 quam
705 564 979 638 pestifera;
1018 564 1499 622 schismaticorum
1538 562 1694 619 adin—
1793 556 1855 609 B.
1902 553 2195 627 Augustini
2243 554 2475 611 recitare
2512 556 2669 627 (A‘uc.
2709 573 2866 613 term.
2891 557 3018 628 551,
3067 560 3133 615 de
3180 559 3385 618 Pamit.

134 659 388 714 ventiones
438 656 645 713 nostris
696 655 1034 726 temporibus
1097 661 1347 710 sanctam
1392 653 1693 710 Ecclesiam
1794 658 1869 705 to.
1919 648 1987 717 ν,
2029 664 2155 722 pag.
2201 649 2312 705 948
2349 665 2476 706 nov.
2541 651 2672 707 edit.
2715 650 3048 727 Antuerp):
3085 672 3106 705 ‹
3149 653 3388 721 Quidam

135 748 565 821 pet-turbaverint,
596 754 652 802 et
679 754 916 817 quantos
935 743 1445 821 populos,pecc’atis
1488 743 1699 800 nostris
1795 741 2073 796 intuentes
2136 749 2407 812 praecepta
2492 742 2820 811 severitatis,
2868 745 3075 815 quibus
3126 745 3387 817 iubemur

136 840 471 912 exigentibus,
495 839 778 895 erroribus
802 838 920 894 suis
955 836 1272 904 infecerint;
1297 835 1695 892 fraternitatem
1794 845 1907 886 non
1954 831 2087 887 dare
2128 843 2382 887 sanctum
2438 833 2691 901 canibus,
2729 842 2788 890 ut
2814 836 3136 893 ethnichnm
3184 837 3390 894 habere

136 943 345 990 vestram
397 933 675 989 credimus
715 948 823 988 non
869 932 1058 986 latere.
1093 929 1379 985 Venenum
1424 927 1695 1000 siquidem
1795 924 2043 980 ecclesiae
2067 933 2522 996 contemptorem,
2545 942 2585 982 τι
2612 943 2877 999 compage
2919 932 3166 1001 corporis
3208 947 3389 987 mem»

139 1040 322 1092 eorum,
356 1040 387 1079 a
416 1024 596 1094 capite
622 1030 824 1079 sancta:
858 1021 1336 1092 Ecclesiaa‘usque
1392 1020 1461 1076 ad
1504 1019 1696 1075 ultima
1796 1015 1981 1082 brum,
2026 1017 2174 1086 quod
2195 1015 2587 1085 'scondal'uat,
2634 1021 2898 1088 evellere;
2947 1021 3022 1076 ita
3063 1024 3391 1093 perturbant

138 1118 353 1173 mernbra
378 1116 587 1187 passim
616 1114 898 1183 dill‘usum,
930 1116 1087 1171 vobis
1107 1123 1163 1170 et
1212 1112 1445 1171 subditis
1498 1113 1698 1168 vestris
1797 1109 2043 1165 ecclesia
2083 1124 2306 1181 pacem,
2341 1118 2405 1165 ut
2445 1121 2717 1167 conentur
2759 1122 2885 1169 ante
2928 1122 3145 1186 tempus
3178 1115 3389 1173 zizania

140 1217 324 1265 constat
350 1223 461 1263 non
484 1207 762 1263 modicum
788 1216 1066 1264 certamen
1088 1221 1397 1278 generasse,
1424 1213 1480 1261 et
1522 1219 1701 1276 usque
1798 1217 2008 1270 eruere,
2034 1213 2199 1275 atque
2220 1205 2325 1259 hoc
2352 1213 2598 1276 tempore
2621 1205 2808 1262 caecati
2835 1207 2939 1278 ipsi
2962 1210 3148 1279 potius
3171 1226 3202 1264 a
3229 1209 3391 1266 Chri-

135 1301 196 1356 ad
215 1300 467 1356 medullas
509 1300 758 1372 corporis
778 1300 944 1356 vestri
977 1300 1218 1356 dolorem
1246 1307 1413 1355 tanta
1431 1314 1701 1371 praesum-
1800 1295 1871 1351 sti
1906 1297 2116 1352 unitate
2139 1307 2485 1367 separantur.
2534 1317 2552 1350 ι
2585 1296 2681 1355 Bis
2709 1300 2894 1371 itaque
2918 1301 2987 1358 ad
3024 1302 3265 1359 medium
3298 1319 3392 1358 re—

142 1392 313 1463 ptionis
360 1392 617 1449 intrasse.
658 1391 770 1448 Hac
811 1392 994 1463 itaque
1038 1380 1373 1448 necessitate
1406 1393 1696 1464 compulsi,
1800 1391 2004 1457 citatis,
2046 1391 2394 1461 adjttdicante
2434 1393 2693 1448 universa
2730 1394 2962 1465 synodo,
3003 1395 3396 1453 constituimus

144 1500 198 1539 ne
222 1485 274 1538 Β.
302 1483 445 1540 Petri
474 1485 727 1540 navicula
763 1490 843 1541 tot
861 1486 1339 1556 perturbationum
1360 1485 1618 1541 ﬂuctibus
1647 1495 1701 1541 et
1801 1492 1863 1538 ut
1892 1482 2077 1539 nullus
2101 1483 2360 1554 deinceps
2390 1483 2457 1539 ad
2500 1485 2759 1555 iniuriam
2791 1485 3012 1541 Domini
3043 1487 3399 1558 imperatoris

143 1591 256 1646 pene
273 1575 336 1630 ad
360 1573 637 1647 naufragii
660 1575 957 1631 discrimen
985 1575 1180 1631 inﬂexa
1213 1591 1456 1647 praeceps
1486 1575 1700 1631 labere-
1732 1637 1773 1651 “
1802 1583 2100 1648 praesumat
2138 1578 2206 1632 de
2258 1578 2363 1633 bac
2412 1579 2716 1649 quaestione
2765 1580 3069 1651 disputare,
3105 1580 3239 1636 etei
3258 1581 3393 1638 sub-

145 1637 232 1735 tur,
256 1668 319 1723 ad
370 1682 528 1722 arma
564 1637 771 1738 quibus
801 1667 992 1724 Patres
1034 1669 1091 1723 in
1123 1637 1500 1725 defensionem
1537 1668 1700 1724 Chri-
1730 1637 1777 1694 Β
1799 1637 1948 1726 ditos
1980 1685 2011 1725 a
2035 1670 2260 1727 servitio
2295 1677 2351 1727 et
2393 1637 2785 1727 communione
2826 1637 3000 1745 ipsius
3025 1637 3348 1731 subtrahere
3373 1692 3395 1732 :

144 1760 303 1816 stiante
323 1760 447 1817 ﬁdei
472 1758 561 1815 usi
594 1768 743 1828 sunt,
764 1776 866 1815 nos
889 1760 1284 1827 convertimus,
1308 1769 1471 1831 atque
1490 1760 1709 1831 episco—.
1800 1760 1883 1817 Ad
1905 1762 2012 1818 hoc
2036 1760 2201 1817 etiam
2246 1761 2395 1834 quod
2435 1778 2608 1835 genus
2646 1763 2875 1820 ultionis
2905 1774 3224 1821 mereantur
3254 1767 3393 1822 sub-

144 1866 223 1921 pos
240 1860 287 1906 et
305 1851 529 1907 abbates
553 1856 610 1906 et
630 1852 987 1923 quamplures
1004 1851 1264 1907 honestos
1286 1852 1431 1907 viros
1452 1851 1521 1908 ad
1538 1867 1704 1924 syno—
1803 1852 1888 1909 ire
1919 1853 2035 1923 qui,
2094 1853 2318 1908 hortatu
2362 1853 2839 1910 schismaticorum
2856 1897 2870 1921 ,
2915 1854 3229 1925 iuramenta
3276 1857 3395 1931 regi

145 1944 248 1998 dum
259 1942 548 2015 injeeclesia
573 1942 634 1998 Β.
652 1941 799 2000 Petri
814 1945 1193 2000 celebrandam
1214 1960 1281 2000 ex
1298 1944 1529 2000 diversis
1541 1944 1704 2015 parti-
1802 1951 1859 1999 et
1885 1944 2225 2016 principibus
2249 1944 2391 2000 facta
2429 1958 2540 2001 non
2584 1946 2781 2002 timent
2812 1947 3058 2018 violare;
3081 1950 3245 2005 sicuti
3275 1950 3396 2005 Au-

144 2035 1705 2108 busconvocavimus.QuibusSpiritnssanctiinspiratione
1802 2035 2008 2105 gustini
2051 2036 2435 2091 auctoritatem
2467 2036 2827 2093 induximus:
2877 2056 2896 2090 ι
2938 2037 2996 2093 Si
3033 2041 3157 2111 quis
3191 2040 3397 2099 laicum

146 2128 470 2200 congregatis,
495 2129 645 2184 inter
667 2137 863 2185 extera
894 2145 1019 2200 qum
1067 2129 1345 2202 synodalis
1400 2139 1703 2187 conventus
1796 2124 2171 2196 juramentnm
2190 2124 2450 2181 violando
2473 2124 2757 2196 profanat,
2774 2127 3056 2200 quod-regi
3085 2137 3140 2184 et
3169 2130 3403 2187 domino

146 2222 390 2278 tractanda
436 2229 782 2293 susceperat,
816 2221 1180 2292 quaestionum
1242 2222 1408 2293 impia
1447 2222 1703 2295 dogmata
1802 2230 1907 2271 8th
1930 2215 2112 2287 iurat,
2157 2223 2215 2272 et
2256 2217 2608 2287 postult)de
2648 2216 2905 2289 perverse
2929 2220 3053 2291 eius
3083 2237 3315 2294 mgnum
3343 2232 3403 2279 et

148 2312 201 2367 ad
234 2314 521 2383 perniciem
570 2314 871 2369 multorum
920 2313 1133 2370 naviter
1177 2324 1318 2381 orta,
1344 2330 1375 2369 a
1428 2316 1707 2374 nonnullis

1821 2307 1991 2364 lolose
2020 2309 2355 2376 tractaverit,
2384 2317 2442 2364 et
2481 2309 2539 2365 in
2581 2323 2816 2365 mortem
2844 2311 3021 2382 ipsius
3044 2313 3233 2386 aliquo
3274 2331 3396 2372 ma-

144 2403 389 2459 communi
403 2404 702 2461 audientiae
729 2403 1073 2473 inferuntur;
1104 2421 1226 2476 quat
1252 2404 1578 2462 fraternitati
1603 2424 1703 2463 ve—
1802 2401 2157 2458 chinamento
2210 2401 2536 2470 insidiatur,
2587 2403 2718 2473 quia
2768 2405 3118 2477 sacrilegium
3154 2410 3397 2480 peragit,

152 2501 252 2549 sua:
270 2487 486 2567 dignum
510 2495 773 2551 duximus
795 2494 1100 2564 notiﬁcare,
1125 2506 1400 2568 quatenus
1426 2500 1493 2554 ad
1514 2514 1578 2554 ea
1603 2500 1702 2555 de-
1803 2510 2031 2550 mnum
2076 2509 2233 2549 suam
2284 2494 2341 2549 in
2390 2492 2674 2550 Christum
2722 2493 2941 2550 Domini
2983 2498 3228 2567 mittens,
3264 2514 3401 2555 ana-

150 2578 351 2654 vitanda,
378 2588 492 2644 imo
514 2587 631 2644 Deo
653 2587 949 2645 auxiliante
968 2590 1318 2659 destruenda,
1334 2595 1704 2664 promptiores
1804 2592 1989 2647 thema
2029 2592 2122 2659 sit,
2159 2590 2267 2646 nisi
2296 2605 2397 2661 per
2423 2591 2648 2663 dignam
2690 2591 3035 2662 pmnitentite
3059 2591 3401 2651 satisfactio-

152 2691 228 2731 vos
257 2679 1094 2753 etvigilantioresredderemus.
1128 2682 1205 2738 lbi
1226 2700 1465 2756 namque
1484 2687 1552 2742 de
1580 2703 1704 2758 per-
1803 2700 1929 2741 nem
1968 2684 2360 2750 emendaverit,
2407 2683 2551 2739 sicut
2597 2685 2961 2740 constitutum
2994 2680 3079 2741 est
3127 2701 3159 2740 a
3206 2695 3401 2744 sancta

148 2767 279 2836 juriis
312 2787 430 2843 qua:
468 2772 581 2845 ipsi
623 2773 692 2828 ad
729 2774 1035 2844 periculum
1084 2776 1382 2846 imperialis
1422 2779 1703 2850 dignitatis
1805 2777 2014 2850 synodo
2040 2818 2056 2845 ,
2107 2785 2164 2832 et
2201 2776 2463 2832 saeculum
2511 2775 2814 2847 relinquat,
2851 2793 3005 2832 arma
3039 2777 3306 2848 deponat,
3337 2779 3401 2836 in

153 2860 246 2917 ﬁeri
290 2863 602 2933 hertantur,
649 2881 760 2921 non
804 2870 1009 2938 parvus
1070 2869 1282 2925 clamor
1328 2871 1592 2927 exoritur.
1638 2872 1704 2928 Et
1805 2867 2200 2923 monasterium
2231 2875 2347 2932 eat,
2380 2873 2436 2921 et
2462 2866 2723 2937 pmnite‘at
2753 2867 3012 2923 omnibus
3043 2866 3237 2924 diebus
3271 2870 3402 2926 vita:

142 2956 253 3024 quia
300 2960 580 3031 negotium
638 2958 773 3015 illud
851 2960 1009 3016 radix
1068 2968 1123 3016 et
1169 2961 1325 3033 origo
1379 2970 1700 3018 ceterorum
1731 3003 1771 3060 ϐ
1806 2974 1946 3027 sua;
1985 2967 2363 3014 verumtamen
2405 2960 2853 3015 communionem
2898 2958 3040 3016 eum3
3062 2962 3400 3020 euehat-istis

152 3045 441 3119 ﬂagitiorum
481 3051 793 3119 videbatur,
849 3052 1055 3123 placuit
1106 3052 1175 3108 de
1226 3068 1293 3108 eo
1330 3054 1567 3124 primum
1592 3063 1706 3110 tra-
1733 3045 1771 3060 ν
1806 3050 1862 3105 in
1883 3052 2032 3106 exitu
2059 3062 2162 3107 suo
2185 3051 2437 3122 accipiat,
2460 3052 2751 3123 episcopus
2771 3069 2924 3122 vero,
2945 3054 3249 3127 presbyter,
3276 3056 3397 3111 dia~

152 3139 260 3193 dari
275 3141 483 3210 debere,
515 3150 577 3197 et
597 3157 765 3213 quam
795 3143 1035 3213 pessima
1060 3152 1117 3199 et
1145 3142 1455 3213 periculosa
1476 3144 1549 3199 sit
1596 3144 1704 3199 hu~
1806 3155 2000 3207 conus,
2025 3142 2071 3196 si
2097 3140 2203 3196 hoc
2238 3141 2444 3197 crimen
2478 3143 2836 3213 perpetravit,
2864 3144 3210 3215 degradetur.
3249 3165 3269 3198 ι
3299 3144 3399 3203 His

148 3231 349 3302 jusmodi
388 3237 707 3292 adhortatio
753 3236 987 3292 ostendi.
1029 3234 1186 3293 Unde
1229 3236 1285 3291 in
1319 3237 1707 3307 imperatorem
1806 3246 1938 3285 vero
1979 3231 2268 3302 diligenter
2309 3232 2612 3302 expositiS,
2666 3248 2883 3289 summa
2936 3249 3041 3290 nos
3094 3237 3398 3294 necessitas

153 3326 744 3382 excommunicationem
790 3326 1191 3397 promulgatam
1242 3327 1568 3383 necessariis
1601 3328 1705 3382 do-
1808 3322 2073 3392 compulit
2118 3323 2187 3376 ad
2228 3338 2293 3377 ea
2339 3338 2464 3394 quae
2502 3324 2575 3379 de
2610 3326 2969 3382 sacramentis
3010 3326 3401 3385 ecclesiasticis

154 3414 384 3470 tumentis
422 3415 880 3486 improbavimus,
916 3416 1047 3487 quia
1089 3415 1239 3471 illius
1299 3430 1368 3471 ex
1416 3417 1707 3473 occasione
1809 3413 2019 3469 inimici
2055 3414 2375 3471 christiana;
2426 3417 2713 3488 religionis
2757 3418 3023 3476 adversus
3068 3422 3404 3479 catholicam

154 3505 479 3577 periurion
515 3516 578 3563 et
612 3508 861 3564 omnium
892 3509 1260 3564 assertionum
1291 3524 1519 3564 suarum
1558 3510 1706 3566 vires
1808 3503 1970 3560 ﬁdem
1995 3506 2289 3574 oblatrant,
2322 3507 2593 3566 discretas
2619 3511 2976 3567 auctoritates
3010 3526 3317 3584 opponere;
3345 3527 3404 3571 et

154 3600 455 3659 contraxisse
509 3600 868 3657 videbantur;
904 3600 1458 3663 Admnvincendam
1520 3602 1709 3673 itaque
1809 3612 1931 3667 quae
1972 3597 2153 3653 dicere
2187 3607 2241 3653 et
2282 3600 2463 3656 audiri
2504 3600 2660 3657 nefas
2681 3610 2789 3670 est,
2819 3604 3197 3673 probabilibus
3229 3622 3403 3679 ωειλ-ι

154 3703 309 3747 eorum
333 3694 721 3760 temeritatem,
749 3708 874 3749 cum
911 3693 1145 3764 plurima
1177 3698 1287 3749 tam
1308 3709 1377 3750 ex
1400 3694 1576 3752 sacris
1609 3709 1706 3751 ca-
1808 3687 2009 3742 mentis
2027 3688 2334 3745 confutare.
2360 3689 2562 3746 Dicunt
2577 3699 2820 3747 attamen
2845 3705 3250 3752 sacramentum
3275 3713 3409 3753 cor-

156 3783 354 3842 mnibus
376 3801 547 3857 quam
582 3786 749 3841 etiam
788 3802 856 3842 ex
894 3786 1186 3843 mundanis
1217 3786 1428 3859 legibus
1459 3789 1708 3859 exempla
1807 3780 1962 3849 poris
1988 3789 2043 3834 ct
2070 3781 2359 3852 sanguinis
2384 3781 2602 3837 Domini
2634 3783 2809 3839 nostri
2839 3784 2969 3841 Jesu
3005 3787 3232 3856 Christi,
3260 3802 3408 3847 con-

156 3886 485 3947 occurrerem,
502 3878 596 3933 illa
620 3886 804 3935 tamen
826 3878 895 3934 ad
910 3879 1173 3934 auxilium
1198 3889 1447 3935 nostrum
1462 3880 1709 3936 sufﬁcere
1811 3872 2145 3926 secrationes
2182 3872 2518 3939 chrismatis,
2564 3873 2677 3930 imo
2700 3890 3045 3946 quaecunque
3077 3880 3145 3933 ad
3185 3881 3407 3951 episco-

158 3963 441 4025 documenta
468 3969 592 4026 visa
622 3978 771 4038 sunt,
811 3970 1020 4026 scilicet
1046 3970 1195 4042 quod
1218 3970 1274 4025 in
1316 3987 1410 4027 eos
1458 3971 1554 4042 qui
1598 3988 1719 4027 non
1809 3962 1931 4033 pale
1954 3971 2011 4017 ει
2047 3962 2387 4018 sacerdotale
2421 3963 2660 4019 omcium
2704 3967 3006 4036 pertinent,
3049 3969 3121 4023 ab
3173 3970 3262 4025 his
3301 3973 3401 4042 qui

157 4066 259 4112 sunt
289 4059 524 4132 legitime
546 4060 754 4128 vocati,
779 4069 837 4116 et
864 4061 1258 4117 rationabiliter
1305 4062 1563 4129 convicti,
1592 4064 1712 4134 qui-
1812 4060 1977 4110 secta
2020 4070 2215 4110 eorum
2260 4070 2374 4109 non
2429 4054 2842 4112 communicant
2894 4057 3188 4129 celebrata,
3246 4065 3397 4120 nulla

158 4160 241 4214 quc
257 4146 405 4205 bonis
434 4151 557 4207 suis
577 4149 892 4220 exspoliati,
915 4150 1185 4206 sententia
1206 4150 1578 4208 damnationis
1598 4168 1710 4208 non
1810 4162 2042 4217 prorsus
2068 4162 2191 4203 esse
2223 4157 2598 4215 sacramenta,
2626 4157 2685 4205 et
2713 4149 2851 4204 nihil
2896 4151 3043 4207 aliud
3085 4155 3399 4226 suscipien-

160 4236 213 4291 sit
228 4239 559 4310 proferenda,
588 4239 809 4298 Niceno
855 4242 1089 4299 concilio
1124 4244 1457 4314 approbante
1486 4263 1500 4300 :
1551 4264 1570 4297 ι
1617 4242 1709 4301 ln-
1813 4238 1962 4294 tibus
1986 4239 2095 4294 nisi
2122 4239 2530 4295 damnationem
2555 4241 2826 4297 conferre.
2848 4240 2987 4298 Nam
3019 4259 3214 4315 panem
3246 4247 3401 4304 illum

159 4336 279 4383 certa
321 4346 481 4387 nemo
541 4332 870 4404 pontiﬁcum
912 4333 1161 4404 judicare
1209 4344 1525 4404 praesumat,
1557 4337 1708 4407 quia,
1744 4348 1789 4404 ι)
1814 4331 1909 4403 qui
1933 4332 2003 4390 de
2026 4332 2490 4399 caelodescendit,
2518 4333 2575 4388 in
2610 4348 2723 4405 quo
2756 4343 2871 4391 tota
2902 4337 3052 4393 salus
3068 4344 3129 4394 et
3150 4339 3262 4395 vita
3293 4356 3402 4394 nov

159 4424 371 4488 quamvis
388 4441 520 4480 vera
556 4426 691 4493 sint,
732 4441 844 4481 non
886 4435 1073 4482 tamen
1115 4427 1384 4483 credenda
1438 4437 1568 4484 sunt
1600 4429 1707 4486 nisi
1814 4431 1929 4479 stra
1985 4423 2269 4491 consistit,
2326 4423 2498 4496 impio
2547 4424 2992 4497 blasphemantes
3038 4445 3171 4500 ore,
3228 4432 3404 4502 pollui

159 4517 588 4580 qmemanifestiis
610 4517 827 4575 indiciis
854 4520 1302 4591 comprobantur,
1325 4520 1432 4576 nisi
1445 4537 1568 4592 qua:
1591 4538 1711 4578 ma-
1815 4516 2000 4589 potius
2045 4533 2213 4589 quam
2253 4519 2566 4573 consecrari
2607 4527 2896 4588 astruunt;
2934 4536 3136 4594 aquam
3179 4539 3406 4596 quoque

161 4602 322 4662 nifesto
358 4608 577 4681 judicio
630 4609 1059 4680 convincuntur,
1084 4611 1192 4685 nisi
1232 4626 1356 4683 quae
1381 4612 1712 4682 judicaturio
1815 4611 2180 4681 baptismatis,
2203 4624 2300 4682 per
2326 4611 2672 4668 sacerdotum
2698 4628 2889 4685 preces
2911 4628 2975 4670 ac
2996 4614 3411 4676 benedictiones
3474 4641 3484 4649 ί

161 4694 317 4751 ordine
356 4699 732 4769 publicantur.
766 4719 787 4755 η»
814 4698 889 4769 In
907 4701 1099 4771 eodem
1126 4719 1141 4756 :
1173 4718 1193 4753 ι
1220 4700 1465 4758 Caveant
1494 4702 1712 4772 iudices
1815 4709 1872 4757 et
1912 4702 2276 4760 chrismatum
2322 4702 2680 4759 admistiones
2720 4705 2860 4760 nihil
2904 4708 3405 4765 sanetillcationum

162 4778 377 4845 Ecdesiaz
407 4806 480 4846 ne
507 4792 736 4846 absente
766 4807 832 4848 eo
859 4793 1020 4864 cujus
1055 4808 1222 4849 causa
1258 4793 1551 4850 ventilatur
1578 4811 1712 4852 sen-
1817 4795 2236 4866 suscipientem,
2279 4794 2369 4850 bis
2396 4794 2490 4864 qui
2513 4796 2869 4866 regenerandi
2896 4806 3029 4854 sunt
3064 4803 3251 4873 potius
3283 4815 3411 4857 sor-

161 4875 348 4933 lentiam
373 4879 680 4949 proferant,
698 4882 844 4951 quod
867 4883 1023 4940 irrita
1049 4883 1173 4939 erit.
1199 4903 1218 4936 ι
1238 4883 1299 4939 In
1320 4883 1517 4940 eodem
1536 4886 1710 4959 (452):
1813 4883 2061 4942 diditatis
2086 4884 2332 4941 maculas
2376 4898 2548 4954 quam
2578 4885 2856 4955 spiritales
2899 4893 3206 4950 munditias
3254 4891 3419 4946 aiunt

167 4982 182 5013 ι
208 4962 310 5025 Non
333 4981 415 5028 est
441 4974 790 5046 privilegium
811 4992 928 5050 quo
958 4977 1179 5048 spoliari
1204 4976 1511 5048 possitjam
1539 4981 1714 5038 nuda-
1813 4987 2096 5048 praestare.
2142 4978 2236 5033 Sic
2253 4975 2419 5031 etiam
2450 4976 2693 5046 pessime
2719 4981 2969 5037 sentiunt
2990 4984 3063 5041 de
3081 4985 3420 5045 neitcrandis

163 5060 248 5111 tus.
298 5079 315 5112 ι
343 5060 474 5122 Item
531 5063 596 5120 Β.
630 5065 858 5140 August.
898 5069 1114 5140 plenius
1174 5069 1231 5125 in
1295 5069 1389 5125 lib.
1421 5073 1708 5140 mitem.
1813 5069 2203 5128 ecclesiasticis
2226 5066 2534 5133 ordinibus,
2556 5067 2627 5125 de
2658 5071 3113 5136 réeonsecrandis
3138 5076 3419 5144 ecclesiis,

164 5153 384 5221 tractans,
406 5155 481 5209 ita
511 5157 658 5212 inter
688 5166 879 5216 caatera
900 5159 1088 5216 dicens
1123 5178 1137 5216 :
1168 5180 1186 5212 ε
1229 5159 1341 5221 Nos
1378 5175 1409 5217 ει
1454 5175 1710 5222 eommu-
1813 5166 1870 5213 et
1889 5158 2572 5230 puerisreconsignatuiis;
2597 5173 2879 5231 postremo
2897 5168 2967 5224 de
2987 5174 3252 5230 omnibus
3273 5168 3423 5225 idem

163 5239 294 5297 ilione
317 5261 649 5319 quemquam
673 5251 963 5321 prohibere
980 5268 1089 5308 non
1116 5267 1434 5322 possumus,
1466 5254 1576 5311 nisi
1613 5267 1719 5314 aut
1813 5259 2108 5324 testantur,
2120 5267 2246 5324 quae
2257 5254 3423 5325 persacerdotaleollicintnehristianiscon-
