3988 5328
203 220 305 274 8ιὸ
1093 215 1384 271 ΑΡΡΕΝΙ).
1425 214 1512 270 lll.
1550 244 1620 254 —
1653 211 1778 270 M0!

1883 213 2088 270 IENTA
2120 212 2585 272 GREGOMANA.
3355 221 3458 280 8.56

264 329 473 387 llorum
511 329 695 400 itaque
721 328 1090 384 exsuscitatus
1132 329 1314 384 studio
1345 337 1399 383 et
1421 326 1712 393 industria,
1731 335 1791 381 ut
1809 335 1864 381 et
1883 341 2003 398 ego,
2036 341 2199 396 quem
2240 325 2296 380 in
2322 324 2570 380 Ecclesia
2623 331 2766 379 tenet
2799 321 2882 395 (Β.
2912 324 3202 396 Augustini
3252 328 3459 386 dictum

204 438 402 492 usurpo
434 422 621 494 [epist
653 420 800 493 165])
826 421 894 474 ab
916 422 1032 489 ipsa
1063 421 1189 475 sedc
1215 420 1362 475 Petri
1384 418 1634 489 apostoli,
1659 419 1748 475 cui
1773 419 2076 489 pascendas
2103 434 2232 473 oves
2254 434 2384 473 suas
2415 417 2692 473 commisit
2721 416 2995 483 Christus,
3026 433 3202 488 usque
3230 420 3297 476 ad
3319 437 3458 492 prze-

204 525 399 571 setem
426 515 807 584 episcopatum
829 513 1106 568 successio
1142 513 1521 577 sacerdotum;
1565 519 1782 566 tenuem
1818 511 2118 582 symbolam
2141 511 2381 580 aliquam
2435 510 2492 565 in
2533 522 2823 582 augustum
2854 513 2959 567 hoc
2999 523 3054 568 et
3104 515 3297 571 iisdem
3333 531 3460 570 cum

203 606 305 661 sole
324 606 602 660 limitibus
627 605 1106 674 circumscriptum
1138 605 1419 658 catholicae
1449 602 1708 657 Ecclesiae
1736 602 2200 672 amphitheatrum
2231 599 2558 668 conferrem,
2591 603 3004 658 membranacea
3035 607 3283 675 quaedam
3324 621 3462 676 opu-

205 700 364 764 scula,
389 699 732 768 caeteroqnin
756 699 864 751 situ
887 697 1250 766 squaloreque
1281 697 1543 765 peritura,
1562 704 1617 750 et
1645 697 1810 751 tineis
1836 696 2130 765 blattisque
2155 695 2397 760 excussi,
2421 696 2710 765 exscripsi,
2741 705 2796 750 et
2820 699 3200 766 pancratiasta:
3241 708 3460 754 nostra-

203 805 314 844 rum
333 791 580 860 partium
606 791 826 855 eximio,
857 789 1157 844 reverendo
1187 785 1246 842 P.
1279 787 1482 843 Iacobo
1516 787 1772 842 Gretsero
1796 788 2074 843 societatis
2099 787 2251 854 Jesu,
2275 802 2385 841 una
2413 803 2537 841 cum
2567 788 2682 841 suis
2704 789 2846 859 typis
2905 790 3255 859 exprimenda
3315 791 3460 858 dedi,

206 897 336 953 quae,
363 882 527 951 cujus
545 882 836 937 commatis
859 877 988 948 sint,
1012 890 1072 935 ut
1089 871 1350 935 laciniosa
1374 882 1619 935 oratione
1635 881 1922 950 explicem,
1949 880 2302 951 supersedeo,
2331 895 2401 936 ne
2423 881 2557 936 illud
2584 896 2615 935 e
2645 881 2807 937 trivio
2827 880 3171 938 Lucilianum
3200 883 3419 940 audiam
3436 911 3460 940 .-

759 1002 831 1013 -——
860 970 1056 1027 Scruta
1086 972 1319 1042 quidem,
1346 981 1403 1025 ut
1433 973 1642 1038 vendat,
1673 973 1958 1026 scrutariu’
1990 973 2197 1040 laudat,

762 1065 1118 1136 Prcfractam
1138 1066 1418 1135 strigilem,
1445 1065 1644 1121 soleam
1669 1067 1926 1137 improbu’
1957 1068 2318 1122 dimidiatam.

269 1173 393 1234 Illud
424 1179 653 1234 interim
688 1178 847 1250 elogii
883 1179 1003 1233 vice
1032 1178 1122 1243 sit,
1160 1178 1306 1247 quod
1355 1183 1637 1256 μακαρίτης
1683 1179 1773 1234 ille
1814 1181 2096 1235 annalium
2125 1180 2623 1236 ecclesiasticorum
2650 1195 2875 1250 promus
2905 1179 3114 1237 condus
3138 1180 3306 1236 illust.
3339 1197 3462 1237 ear-

209 1271 386 1326 dinalis
436 1269 732 1336 Baronius,
761 1271 876 1326 haec
934 1279 1120 1325 nostra
1167 1271 1372 1335 videre,
1397 1281 1450 1325 et
1471 1272 1882 1327 commentariis
1912 1271 2029 1327 suis
2061 1272 2301 1328 inserere
2332 1273 2565 1327 summis
2585 1273 2727 1327 votis
2747 1273 3026 1343 discupiit,
3062 1288 3186 1342 qua:
3205 1273 3459 1344 indeptus

212 1364 336 1417 haud
361 1363 736 1432 paenitendum
782 1363 1085 1416 auctarium
1108 1361 1180 1414 Xl
1216 1371 1271 1416 et
1314 1361 1405 1416 XII
1442 1371 1589 1416 tomo
1619 1363 1913 1433 junxisset,
1945 1373 1999 1418 et
2037 1364 2437 1418 calumniarum
2459 1364 2578 1419 illas
2600 1364 2845 1430 nebulas,
2867 1380 3007 1434 quas
3034 1365 3200 1420 veluti
3233 1381 3280 1420 e-
3303 1367 3460 1436 plau-

212 1464 308 1510 stro
337 1454 388 1508 in
413 1454 744 1524 Gregorium
769 1452 880 1520 V’ll,
918 1452 1282 1508 Alexandrum
1306 1452 1374 1505 lll
1405 1464 1458 1508 et
1483 1454 1785 1509 Adrianum

1880 1497 1894 1520 ,
1918 1454 2102 1517 κηκάδι
2129 1459 2227 1511 σὺν
2256 1457 2465 1528 γλώσσῃ
2496 1458 2578 1526 (ut
2605 1454 2925 1511 Callimachi
2950 1457 3132 1512 verbis
3165 1458 3310 1529 utar)
3329 1475 3455 1529 pro—

214 1545 440 1610 fundunt,
474 1545 678 1623 illustri
700 1546 805 1600 hoc
824 1545 1070 1600 veritatis
1093 1545 1207 1600 sole
1226 1545 1430 1600 clarius
1451 1547 1788 1617 dispulisset.
1819 1545 1904 1602 Sit
1931 1547 2114 1619 itaque
2141 1547 2258 1603 haec
2283 1555 2471 1602 nostra
2491 1547 2688 1618 opella,
2717 1548 2885 1603 veluti
2913 1561 3076 1604 tenue
3099 1549 3314 1619 spicum
3336 1561 3461 1621 post

215 1651 438 1707 magnam
460 1635 832 1691 Baronianam
855 1645 1119 1705 segetem,
1143 1636 1416 1692 relictum.

272 1726 432 1794 Quam
457 1737 554 1782 tuo
585 1728 791 1784 illustri
815 1729 1052 1794 nomine,
1077 1729 1448 1783 illustrissime
1475 1728 1696 1798 praesul,
1731 1745 1831 1786 ceu
1887 1729 2120 1786 Palladis
2143 1729 2334 1802 aegide,
2365 1738 2555 1785 contra
2570 1730 2896 1800 rupiconum
2926 1739 2982 1787 et
3024 1733 3457 1804 vitilitigatorum

217 1815 460 1874 incondita
484 1829 690 1887 rostra,
719 1828 940 1895 tectam,
970 1821 1175 1890 publici
1195 1820 1340 1890 juris
1364 1837 1510 1876 nunc
1534 1820 1698 1888 facio,
1733 1833 1788 1877 et
1809 1818 1928 1890 tibi,
1961 1832 2022 1878 ut
2068 1823 2316 1877 eamdem
2369 1823 2614 1876 laborum
2656 1833 2710 1877 et
2737 1825 3101 1893 periculorum
3127 1827 3300 1880 aleam
3331 1843 3454 1882 cum

217 1911 531 1981 pontiﬁcibus
567 1912 807 1979 nostris,
841 1929 978 1984 quos
1003 1912 1228 1982 scriptio
1257 1920 1458 1978 tuetur,
1500 1927 1872 1983 saepenumero
1901 1915 2178 1980 subeunti,
2193 1915 2318 1984 jure
2367 1915 2572 1984 optimo
2597 1913 2659 1968 L.
2694 1913 2765 1969 M.
2819 1915 3027 1970 dedico.
3054 1915 3134 1970 'l‘u
3152 1919 3320 1984 enim,
3343 1935 3461 1972 ma-

221 2019 304 2073 gne
323 2013 372 2059 et
400 2005 598 2059 invicte
637 2005 860 2067 athleta,
884 2021 1045 2059 manu
1068 2013 1322 2060 conserta
1353 2020 1480 2059 cum
1503 2005 1832 2061 adversariis
1854 2006 2047 2061 crebro
2075 2021 2420 2077 congressus,
2446 2021 2637 2060 eorum
2668 2006 2940 2075 strophas,
2958 2009 3180 2074 sutelas,
3202 2011 3458 2080 varieque

221 2105 470 2151 contextas
512 2097 768 2162 technas,
807 2097 972 2151 veluti
1027 2111 1242 2152 araneae
1291 2098 1479 2165 telam,
1507 2099 1672 2153 unico
1718 2099 1829 2154 ictu
1854 2099 2142 2167 discidisti,
2177 2116 2352 2170 usque
2394 2101 2529 2155 adeo
2558 2108 2620 2154 ut
2653 2099 3124 2169 grandiloqucntia
3154 2109 3266 2167 tua,
3299 2105 3456 2170 quasi

222 2186 490 2244 lfercuriali
513 2191 757 2261 quadam
790 2201 1001 2258 eatena,
1036 2192 1292 2260 devincti,
1324 2193 1560 2264 perculsi
1587 2202 1642 2247 et
1664 2195 1944 2263 prostrati,
1972 2194 2186 2250 veritati
2227 2211 2424 2250 manus
2455 2196 2667 2259 darent,
2691 2202 2746 2247 et
2771 2193 3010 2262 ejeratis,
3043 2193 3245 2262 quibus
3268 2193 3456 2247 hacte-

221 2296 309 2336 nus
327 2282 506 2362 imbuti
528 2282 770 2350 fuerant,
809 2284 1053 2355 profanis
1089 2285 1384 2357 mysteriis,
1411 2285 1464 2340 in
1495 2286 1616 2340 fidei
1643 2297 1844 2342 nostra:
1876 2289 2193 2344 orthodoxae
2207 2303 2466 2343 numeros
2484 2286 2818 2356 transcripti,
2855 2299 2956 2354 pro
2979 2285 3168 2339 eadem
3189 2285 3326 2338 velle
3348 2285 3455 2350 uri,

223 2373 401 2439 vinciri,
429 2373 594 2445 virgis
626 2374 880 2446 ferroque
911 2377 1115 2444 necari,
1140 2393 1260 2434 sese
1291 2378 1647 2434 sacramentis
1664 2379 1874 2435 alacres
1895 2381 2240 2451 promptique
2261 2381 2584 2450 obligarent.
2612 2376 2670 2432 In
2693 2392 2927 2448 quorum
2947 2377 3147 2432 animis
3170 2390 3340 2446 porro
3359 2375 3454 2430 fir-

226 2465 404 2520 mandis
435 2466 562 2521 dum
593 2476 823 2523 strenue
861 2469 1170 2536 adlaboras,
1209 2478 1374 2541 caput
1416 2469 1521 2524 hoc
1557 2479 1732 2537 tuum,
1765 2471 2016 2542 religioni
2049 2471 2412 2542 propagandae
2454 2471 2732 2536 devotum,
2757 2477 3134 2540 praesentaneo
3169 2484 3312 2538 szepc
3356 2484 3456 2538 pro

224 2553 408 2611 Christo
434 2567 487 2612 et
514 2558 764 2615 Ecclesia
783 2560 903 2630 ejus
926 2561 1177 2631 objecisti
1205 2561 1470 2632 periculo,
1492 2569 1567 2628 et,
1592 2563 1918 2633 contemptis
1941 2563 2290 2619 inimicorum
2321 2563 2449 2617 hinc
2475 2563 2599 2617 inde
2627 2561 3031 2616 imminentium
3061 2561 3297 2628 insidiis,
3322 2576 3455 2615 con-

227 2653 394 2716 tempta
421 2650 541 2705 vita:
577 2651 868 2721 praesentis
914 2666 1067 2718 cura,
1095 2659 1312 2708 aeternae
1353 2652 1480 2707 vita:
1506 2653 1651 2708 viam
1687 2655 1915 2724 regiam,
1966 2656 2136 2710 totius
2169 2654 2492 2709 venerandae
2534 2652 2878 2722 antiquitatis
2945 2652 3189 2722 vestigiis
3245 2653 3450 2718 tritam,

227 2752 445 2794 erronem
489 2743 831 2799 diverticulis
851 2753 908 2799 et
935 2745 1252 2815 praecipitiis
1282 2743 1542 2802 flexuosis
1563 2745 1791 2817 insuper
1826 2745 2046 2812 habitis,
2090 2747 2390 2818 neophytos
2422 2754 2547 2800 tuos
2599 2744 2832 2814 ingredi,
2866 2744 3037 2815 gratia
3061 2744 3218 2810 duce,
3248 2746 3447 2800 comite

229 2830 656 2911 lide,constanter
679 2835 960 2906 solideque
991 2835 1250 2892 docuisti.

284 2918 444 2995 Usque
471 2929 605 2984 adeo
633 2937 696 2983 ut
729 2929 918 3000 religio
951 2929 1240 2994 catholica,
1267 2943 1390 2999 quae
1415 2928 1780 2985 collabascere
1822 2930 1910 2985 hic
1931 2929 2192 2999 paulatim
2223 2944 2287 2986 ac
2301 2939 2450 2986 retro
2473 2928 2529 2983 in
2560 2929 2716 2999 pejus
2737 2926 2866 2984 ferri
2890 2937 3004 2983 tum
3041 2927 3303 2998 temporis
3326 2928 3446 2984 visa

229 3027 339 3083 erat,
358 3035 560 3075 omnem
593 3021 681 3077 sui
704 3022 934 3088 cultum,
962 3030 1214 3077 ornatum
1285 3036 1349 3076 ac
1375 3020 1796 3088 incrementum,
1833 3037 1944 3092 quo
1979 3039 2125 3076 nunc
2161 3023 2411 3093 splendet
2439 3033 2494 3077 et
2523 3021 2831 3085 efllorescit,
2855 3021 2951 3074 tibi
2994 3021 3109 3086 uni,
3150 3030 3211 3075 ut
3241 3022 3453 3076 incom-

229 3109 417 3174 parabili
443 3112 833 3184 propugnatori
863 3154 876 3177 ,
911 3115 1004 3183 qui
1031 3129 1090 3168 se
1117 3129 1338 3168 murum
1369 3129 1434 3170 ac
1459 3115 1658 3168 vallum
1691 3116 1960 3169 aheneum
1998 3130 2100 3184 pro
2128 3116 2291 3170 domo
2314 3113 2529 3197 Domini
2575 3112 2839 3190 confertis
2889 3112 3130 3168 hostium
3191 3113 3312 3168 telis
3361 3116 3450 3168 vel

231 3199 390 3257 millies
414 3204 624 3273 objecit,
656 3203 972 3276 gratissimo
995 3220 1054 3260 se
1077 3205 1274 3260 debere
1295 3205 1479 3260 animo
1506 3205 1856 3276 profiteatur,
1879 3222 2003 3276 quae
2025 3207 2151 3261 licet
2184 3222 2331 3261 nunc.
2367 3206 2564 3260 iterum
2607 3212 2913 3273 temporum
2960 3204 3155 3274 injuria
3200 3204 3450 3260 nonnihil

231 3288 302 3345 hic
321 3293 526 3349 delibari
550 3306 604 3350 et
630 3296 944 3352 adversaria
963 3296 1229 3350 cervicem
1259 3297 1485 3367 erigere,
1515 3297 1817 3366 pedemque
1840 3307 2090 3352 nostrum
2119 3314 2362 3367 premere
2414 3297 2680 3359 videatur,
2716 3311 2838 3365 spes
2882 3305 2966 3350 est
3004 3303 3185 3349 tamen
3221 3293 3448 3351 confore

231 3391 277 3435 ut
325 3400 446 3440 nova
490 3395 544 3442 et
585 3388 846 3458 ignobilis
903 3389 1019 3443 haec
1041 3385 1299 3443 Titanum
1337 3388 1574 3454 soboles,
1598 3388 1796 3443 coerum
1833 3389 2150 3459 crelitcsque
2187 3389 2392 3444 nefarie
2427 3403 2769 3458 oppugnans,
2801 3388 3041 3457 supremi
3095 3387 3452 3444 Moderatoris,

231 3474 363 3530 ductu
382 3479 761 3549 auspiciisque,
789 3478 948 3549 cujus
969 3479 1188 3534 decreta
1209 3479 1324 3551 figit
1343 3489 1396 3534 et
1412 3480 1606 3550 refigit,
1625 3496 1690 3534 ex
1715 3481 1826 3535 alto
1855 3482 2084 3551 deiecta,
2111 3497 2209 3537 sua
2239 3484 2587 3552 aggestorum
2613 3479 2880 3534 montium
2918 3479 3061 3534 mole
3105 3480 3297 3534 obruta
3329 3472 3445 3550 ὀρ-

231 3581 481 3639 pressaque
499 3573 723 3627 demum
754 3573 950 3642 jaceat.
983 3572 1280 3628 Conferant
1308 3573 1492 3642 itaque
1516 3573 1728 3642 pedem,
1762 3573 1976 3628 irruant
2006 3583 2061 3629 et
2083 3575 2400 3645 impugnent
2431 3573 2826 3628 andabatarum
2861 3572 2918 3625 in
2959 3587 3190 3638 morem,
3229 3573 3448 3627 terribi-

232 3656 315 3710 lem
345 3659 489 3725 hanc,
519 3672 659 3717 etut
683 3673 993 3718 castrorum
1017 3664 1190 3718 aciem
1209 3665 1344 3719 bene
1378 3664 1705 3728 ordinatam,
1739 3664 2042 3719 Romanam
2078 3678 2205 3720 vere
2237 3674 2381 3719 statu
2407 3664 2614 3720 felicem
2651 3663 2950 3719 Ecclesiam
2981 3663 3062 3733 (ut
3077 3661 3446 3717 Tertullianus

231 3747 330 3803 Afer
354 3752 421 3804 ait
457 3753 539 3824 [de
568 3755 880 3825 Prmeript.
913 3770 964 3810 c.
1006 3755 1145 3828 36]),
1169 3757 1259 3811 cui
1290 3765 1460 3811 totam
1499 3756 1806 3811 doctrinam
1836 3758 2066 3826 apostoli
2104 3774 2229 3812 cum
2267 3773 2368 3812 suo
2403 3757 2668 3827 sanguine
2700 3756 3078 3826 profuderunt,
3107 3759 3201 3814 ubi
3249 3757 3444 3815 Petrus

231 3841 740 3905 passioniDominicaz
787 3847 1124 3922 adaequatur,
1149 3848 1244 3903 ubi
1265 3849 1468 3904 Paulus
1505 3847 1734 3904 Joannis
1777 3849 1924 3904 exitu
1979 3857 2295 3912 coronatur,
2323 3849 2416 3903 ubi
2448 3849 2732 3918 apostolus
2765 3846 3024 3915 Joannes,
3055 3858 3343 3919 postquam
3385 3850 3442 3904 in

233 3929 376 3986 oleum
395 3935 598 4006 igneum
658 3939 943 3994 demersus
995 3940 1131 3993 nihil
1177 3956 1376 4010 passus
1419 3950 1524 4005 est,
1558 3941 1612 3994 in
1657 3940 1894 3995 insulam
1940 3941 2232 4010 relegatur.
2277 3940 2451 3994 Stabit
2516 3938 2875 3992 nihilominus
2912 3939 3022 4003 illa,
3057 3948 3118 3994 ut
3153 3941 3440 4011 ἀδαμαντο-

231 4020 394 4085 «tam
427 4029 555 4097 κίων,
586 4032 670 4100 ζυί
713 4028 968 4086 columna
1007 4040 1063 4086 et
1110 4031 1511 4087 firmamentum
1554 4032 1819 4097 veritatis,
1863 4031 2124 4086 adversus
2170 4047 2334 4100 quam
2383 4047 2450 4084 ne
2488 4031 2787 4082 inferorum
2832 4029 3050 4098 quidem
3085 4040 3255 4098 porta:
3302 4049 3441 4100 prae-

233 4111 463 4172 valebunt.

285 4204 386 4270 Quo
402 4210 451 4264 in
482 4213 662 4268 omine
684 4214 942 4286 ahjungo,
966 4223 1101 4270 etut
1125 4223 1285 4270 tenue
1305 4214 1411 4268 hoc
1436 4214 1784 4268 chartaceum
1807 4211 2217 4277 munusculum,
2244 4210 2562 4264 meritorum
2587 4209 2639 4262 in
2659 4224 2745 4262 me
2775 4218 2994 4262 tuorum
3019 4223 3435 4280 mnemosynon,

235 4292 400 4351 lubenti
425 4316 580 4358 manu
613 4314 668 4358 et
705 4321 898 4360 serena
934 4305 1131 4368 fronte,
1164 4304 1535 4359 illustrissime
1565 4299 1850 4368 Maecenas,
1882 4301 2144 4372 excipias,
2172 4308 2225 4356 et
2248 4301 2512 4356 editorem
2536 4315 2716 4365 suum,
2739 4315 2864 4353 cum
2891 4313 3059 4369 prope
3082 4300 3232 4354 solus

862 4394 1058 4449 Tristes
1082 4397 1180 4448 hac
1217 4404 1521 4464 tempestate
1546 4394 1806 4450 Camenas

675 4482 1026 4555 Respicis.....

237 4568 506 4626 auctoritate
533 4582 585 4628 et
607 4576 782 4645 gratia
819 4585 912 4630 tua
939 4575 1320 4645 complectaris
1347 4584 1401 4630 et
1429 4573 1638 4640 foveas,
1661 4585 1714 4630 et
1739 4576 1805 4630 ad
1837 4575 2047 4644 majora
2082 4574 2409 4645 publicanda
2432 4576 2773 4642 exstimules,
2810 4589 2964 4644 rogo,
3006 4583 3061 4628 et
3113 4586 3432 4642 supremum

237 4670 418 4729 numen,
445 4674 501 4720 ut
533 4678 760 4725 conatus
783 4679 906 4725 tuos
935 4668 1243 4738 reipublicae
1278 4667 1603 4721 Christiana:
1625 4668 1894 4721 salutares
1916 4675 2125 4720 annutu
2151 4682 2252 4721 suo
2298 4667 2476 4721 ﬁrmet
2503 4676 2913 4736 prosperetque,
2934 4681 2997 4719 ex
3023 4664 3208 4718 animo
3239 4676 3430 4716 voveo.

293 4749 391 4808 Dat.
418 4756 624 4817 Viennae
645 4764 1012 4826 Austriorum,
1041 4779 1108 4818 ex
1138 4759 1326 4817 Museo
1350 4760 1541 4831 Regio,
1567 4776 1665 4814 xm
1717 4760 1802 4813 die
1833 4758 1894 4812 D.
1922 4759 2215 4833 Hippolyto
2245 4761 2479 4814 Austria:
2507 4758 2722 4814 tutelari
2745 4773 2920 4812 sacra.
2973 4757 3132 4811 Anno
3180 4753 3371 4809 salutis
3402 4769 3434 4807 a

240 4833 419 4901 Christo
447 4855 702 4911 restitutae
735 4857 892 4911 l6“.
2417 4851 2781 4906 Senasruuus
2808 4846 3223 4902 TENGNAGEL

2535 4942 2666 4997 1C“
2693 4949 2747 4994 et
2769 4939 2908 4996 (ἔως.
2941 4939 3070 5011 Reg.
3107 4935 3364 4994 Biblioth.

257 5059 2885 5102 Μ

1236 5200 1623 5291 INDEX
1687 5199 2380 5296 AUCTORUM.
