3988 5328
136 211 254 269 M9
1041 219 1328 285 APPEND.
1370 221 1455 277 111.
1495 253 1559 262 -
1595 222 1753 279 ΜΟΝΙ

1863 223 2029 281 ΞΝΤΑ
2064 227 2530 289 GREGORIANA.
3297 241 3402 292 2550

137 330 433 387 contraria
458 331 701 387 sentiunt
721 339 777 386 et
804 332 1119 403 loquuntur.
1153 334 1262 391 Nos
1302 344 1504 405 autem,
1531 338 1734 394 moduli
1764 340 1811 398 Α
1838 355 1941 397 nos
1966 352 2284 412 sequantur.
2315 344 2375 400 In
2400 344 2537 399 locis
2577 342 2847 413 siquidem
2874 340 2941 398 de
2974 338 3189 413 quibus.
3206 352 3427 403 nostra“

141 421 333 479 nostri
353 439 464 479 non
496 423 692 496 ignari,
721 422 789 479 ad
817 424 1192 482 instruendam
1215 427 1562 498 prudentiam
1582 439 1731 485 tuam
1835 433 2008 500 partis
2036 435 2320 503 pontiﬁces
2344 436 2556 505 expulsi
2596 443 2745 501 sunt,
2778 435 3043 490 doctrina:
3085 435 3188 492 sibi
3226 436 3407 495 locum

141 530 505 587 nequaquam
534 514 965 586 prorumpimus,
1000 519 1147 588 quod
1170 535 1281 575 non
1312 521 1497 577 minus
1526 522 1731 578 ridicu-

141 607 268 662 ium
304 605 447 662 foret
478 622 648 677 quam
671 606 721 663 si
747 607 875 678 quis
903 609 1075 665 solem
1098 609 1312 668 facibus
1344 612 1603 683 adjuvare
1631 614 1737 669 vel-

145 700 244 755 let.
278 697 401 757 Huc
425 701 646 759 accedit
667 702 836 773 quod,
863 702 1007 759 sicut
1033 703 1265 761 facultas
1301 706 1404 762 hoc
1438 722 1546 761 non
1567 706 1735 761 mini-

146 802 315 858 strat,
353 793 437 849 sic
464 810 569 851 nec
601 794 851 849 voluntas
871 796 1133 865 suggerit.
1164 795 1472 853 Taediosnm
1503 812 1739 867 namque

146 894 204 940 et
228 901 702 956 supervacaneum
722 885 954 954 videtur,
979 886 1099 942 illos
1127 888 1496 958 prmparandis
1517 904 1750 958 responm

150 976 408 1032 sionibus
432 992 669 1049 operam.
700 976 865 1043 dare,
877 992 1027 1047 quos
1043 993 1206 1034 nemo
1240 978 1497 1049 dignatur
1528 978 1737 1033 audire.

152 1066 367 1122 narum
392 1067 678 1124 infertunii
708 1084 880 1139 genus
918 1078 1002 1125 est
1034 1070 1181 1139 quod
1205 1070 1466 1141 patimur,
1490 1070 1583 1140 qui
1607 1078 1661 1124 et
1684 1069 1742 1123 in

150 1159 346 1216 multis
380 1176 731 1227 accusamur,
762 1168 818 1216 et
854 1168 1036 1216 tamen
1078 1162 1292 1216 nullum
1323 1161 1619 1218 excusandi
1660 1161 1742 1216 lo-

151 1267 286 1306 cum
336 1251 540 1307 habere
573 1267 911 1322 possumus.
942 1251 1203 1308 Seniorcs
1258 1269 1496 1324 namque
1542 1252 1743 1318 nostri,

154 1341 373 1400 scilicet
390 1343 683 1399 contrariae
704 1343 878 1413 partis
900 1344 1165 1414 episcopi,
1201 1360 1327 1399 eam
1363 1360 1488 1400 cum
1514 1344 1631 1401 suis
1656 1359 1747 1401 sa-

155 1431 474 1488 cerdotibus
498 1433 900 1488 humanitatem
932 1434 987 1488 in
1018 1434 1242 1505 agendis
1268 1434 1453 1489 causis
1491 1433 1747 1491 exhibere

155 1524 528 1596 dedignantur
569 1541 738 1595 quam
782 1541 885 1581 nec
929 1526 1175 1597 propriis
1218 1524 1513 1596 mancipiis
1556 1540 1748 1595 quem-

1836 523 2150 592 vindicant,
2189 526 2393 597 ibique,
2436 528 2494 582 in
2518 526 2777 583 Ecclesiis
2797 541 2910 581 non
2933 527 3071 596 suis,
3094 543 3224 585 oves
3249 530 3317 585 ad
3346 547 3409 588 se

1838 629 1948 672 non
1982 617 2317 687 pertinentes
2355 629 2630 690 usurpata:
2669 618 3073 690 praedicationis
3106 620 3306 690 pabulo
3339 624 3409 679 ad

1839 706 1944 762 hoc
1965 724 2140 779 usque
2174 708 2627 779 informaverunt,
2666 722 2725 766 ut
2759 718 3006 781 pastores
3028 708 3151 781 pios
3177 703 3288 768 non
3306 720 3409 770 so—

1839 797 1952 853 lum
1995 799 2300 871 despicere,
2339 802 2434 858 sed
2473 802 2638 858 etiam
2706 802 2962 874 persequi
2992 801 3221 873 dignum
3268 804 3413 860 arbi—

1840 895 2070 959 trentur.

1912 978 2053 1053 Ergo
2080 983 2127 1037 si
2154 999 2398 1054 eousque
2424 986 2605 1056 prodit
2655 985 2919 1056 iniquitas
2966 994 3154 1042 nostra
3195 995 3255 1041 ut
3292 986 3437 1043 nul-7

1842 1070 1956 1124 lum
1989 1071 2056 1127 de
2091 1072 2437 1131 abcrrationc
2461 1086 2648 1133 nostra
2689 1076 2942 1131 dubietas
2978 1077 3160 1132 locum
3199 1078 3416 1143 habeat,

1843 1167 1899 1214 et
1929 1162 2102 1232 magis
2132 1164 2401 1234 plcctcndi
2441 1164 2617 1241 simus
2651 1182 2815 1237 quam
2860 1166 3139 1234 audiendi,
3178 1168 3435 1237 oportuit

1845 1258 2029 1306 tamen
2080 1253 2228 1310 viros
2272 1257 2369 1326 qui
2412 1257 2656 1327 ejusdem
2710 1258 2995 1312 nobiscum
3027 1264 3156 1312 sunt
3183 1258 3438 1313 nominis

1845 1352 1900 1399 et
1933 1343 2095 1400 oﬂicii
2134 1348 2522 1404 convertendis
2563 1347 2828 1404 fratribus
2869 1348 3051 1418 potius
3090 1363 3260 1418 quam
3297 1363 3422 1418 per-

1846 1436 2039 1496 dendis
2062 1438 2301 1505 studere,
2338 1441 2654 1496 errantibus
2680 1440 2825 1497 viam
2848 1439 3094 1506 veritatis
3117 1440 3439 1506 ostendere,’

1848 1536 1903 1584 et
1927 1529 2262 1587 salutaribus
2291 1531 2518 1587 monitis
2555 1532 2732 1588 divisa
2770 1531 3014 1586 membra
3052 1531 3121 1585 ad
3156 1531 3427 1586 unitatem

156 1631 328 1685 quam
348 1624 568 1686 oportet
594 1616 884 1687 denegare,
923 1632 1033 1671 non
1068 1624 1284 1672 utentes
1305 1615 1361 1670 in
1388 1616 1547 1671 nobis
1565 1630 1749 1670 excm-
1851 1621 2077 1676 lucrari.
2114 1620 2230 1678 Hoc
2271 1623 2475 1679 bonum
2508 1630 2655 1679 esset
2695 1631 2751 1678 et
2778 1630 3060 1692 acceptum
3090 1636 3277 1677 coram
3309 1622 3431 1675 Sal-

158 1708 249 1775 plo
272 1706 416 1762 beati
451 1705 555 1762 Job
576 1706 811 1762 dicentis
839 1723 852 1760 :
885 1705 946 1762 Si
972 1707 1260 1776 contempsi
1288 1706 1464 1761 subire
1481 1705 1750 1779 judicium
1782 1692 1825 1747 Β
1851 1720 2040 1768 vatore
2069 1721 2277 1779 nostro,
2302 1722 2367 1769 ut
2389 1715 2484 1784 qui
2514 1715 2582 1770 de
2610 1713 2945 1783 plenitudine
2981 1712 3102 1782 ejus
3139 1713 3428 1768 abundan-

161 1815 280 1851 σωκ
316 1814 466 1852 servo
501 1807 554 1854 et
591 1797 794 1852 ancilla
824 1813 938 1855 mea
972 1796 1096 1869 (Job
1122 1797 1303 1868 un).

1863 1804 1961 1862 tius
1983 1813 2334 1876 acceperunt,
2356 1815 2637 1876 acceptam
2656 1820 2766 1875 prae
2789 1804 2915 1861 aliis
2934 1804 3166 1874 gratiam
3187 1803 3432 1858 in’alter-

230 1888 311 1943 Ex
354 1906 466 1960 quo
505 1890 656 1945 enim
688 1889 805 1945 haec
840 1889 984 1944 inter
1012 1905 1113 1946 nos
1139 1888 1552 1946 dissensionum
1588 1904 1749 1944 scan-
1852 1905 2037 1952 utrum
2085 1897 2536 1953 administrarent
2567 1895 2619 1966 (I
2654 1896 2769 1950 Pet.
2821 1894 2925 1965 ιν),
2972 1895 3116 1949 sicut
3165 1893 3432 1964 scriptum

161 1982 286 2035 dala
316 1981 456 2036 oriri
490 1990 797 2052 «cperunt,
828 1980 1079 2051 nunquid
1114 1980 1265 2047 illos,
1280 1980 1410 2036 licet
1438 1979 1751 2051 frequenter

1863 1996 1934 2044 est
1963 2007 1975 2042 :
2005 1988 2111 2054 Qui
2138 1990 2312 2059 audit,
2349 1988 2497 2042 dicat
2524 2004 2542 2040 :
2585 1986 2730 2041 chi.
2762 1984 2974 2040 Bonum
3014 1984 3237 2054 quidem
3261 1991 3432 2048 esset,

162 2062 429 2128 αδενοῑθ.
473 2073 702 2139 οηηάον
753 2087 979 2127 exorare
1028 2072 1305 2142 Ροωίωυε
1353 2080 1647 2141 (ιιιθιθηιιε,
1681 2070 1749 2126 ad
1850 2089 1903 2135 ct
1934 2079 2297 2153 fraternitatis
2345 2079 2686 2135 amatoribus
2729 2084 3062 2153 competens,
3113 2074 3170 2128 in
3214 2073 3329 2140 tali,
3373 2081 3436 2128 ut

165 2163 576 2219 reformandum
603 2161 861 2219 Ecclesia:
894 2161 1157 2230 formam,
1178 2172 1233 2218 et
1262 2179 1362 2218 nos
1395 2162 1516 2219 illos
1560 2162 1751 2218 audire
1854 2171 2029 2237 aiunt,
2070 2171 2371 2241 prmipuio
2405 2168 2647 2240 positus,
2670 2167 2839 2223 etiam
2880 2165 3145 2225 nolentes.
3172 2164 3449 2229 retinere,

164 2260 219 2306 et
245 2253 428 2308 audiri
452 2253 652 2310 abillis
673 2255 1056 2321 concederent,
1089 2255 1488 2325 promittentes,
1512 2254 1574 2310 ‘si
1609 2255 1757 2323 parti
1853 2269 2059 2333 quanto
2085 2261 2259 2331 magis
2278 2276 2373 2316 eos
2393 2259 2488 2330 qui
2527 2272 2757 2314 summo-
2776 2256 2831 2312 id
2855 2255 3129 2315 desiderio
3151 2261 3434 2324 expetunt,

168 2340 381 2400 illorum
411 2344 694 2414 justitiam
730 2343 913 2401 favere
944 2355 1241 2414 constaret,
1287 2362 1389 2402 nos
1424 2346 1542 2401 sine
1583 2344 1751 2401 dubio
1851 2362 1907 2407 ct
1944 2351 2171 2408 rectiora
2196 2351 2521 2407 docentibus
2546 2348 2770 2404 obedire
2803 2347 2862 2402 in
2906 2352 3166 2417 perptu
3209 2344 3432 2400 habent.

169 2436 500 2492 sententiam
540 2437 757 2492 illorum
784 2445 1072 2493 secuturos

237 2526 344 2583 Sed
362 2525 603 2583 fortasse
624 2527 1003 2599 ignorantibus
1034 2528 1353 2583 incredibile
1366 2528 1585 2584 videtur
1603 2528 1751 2598 quod

168 2619 424 2688 dicimus,
464 2627 637 2676 tantas
657 2618 941 2689 dignitatis
969 2628 1027 2675 et
1058 2620 1382 2675 reverentiae
1420 2620 1571 2675 viros
1615 2619 1752 2673 allii-

169 2711 272 2767 ctis
293 2709 570 2767 fratribus
606 2727 718 2767 non
761 2713 940 2767 solum
971 2714 1414 2782 compassionem
1442 2728 1552 2768 non
1592 2712 1749 2768 exhi-

170 2802 314 2868 bere,
345 2802 447 2858 sed
469 2811 527 2858 et
554 2802 828 2874 justitiam
853 2804 1143 2875 denegare.
1180 2803 1262 2860 Ad
1294 2803 1601 2860 faciendam
1633 2819 1752 2858 ver—

170 2893 252 2950 bis
282 2895 499 2951 nostris
528 2895 709 2962 tidem,
747 2904 966 2966 propter
1001 2894 1297 2967 legationes
1323 2878 1654 2966 quibusdam
1681 2894 1750 2949 il-

1857 2441 1969 2497 Nun
2006 2457 2166 2513 grave
2198 2450 2293 2496 aut
2323 2442 2679 2498 inhonestum
2719 2437 3052 2492 arbitrantes
3088 2436 3169 2492 sic
3213 2436 3284 2491 ab
3313 2435 3437 2493 aliis

1855 2533 2022 2597 vinci,
2058 2541 2117 2589 ut
2155 2540 2211 2588 et
2241 2533 2346 2602 ipsi
2380 2547 2542 2588 suum
2573 2544 2821 2587 errorem
2845 2528 3149 2584 vincerent.

1924 2623 2229 2689 Postremo,
2266 2623 2312 2678 si
2339 2631 2503 2677 tantm
2525 2619 2916 2677 obstinationis
2941 2632 3190 2673 essemus
3210 2625 3272 2669 ut
3300 2615 3439 2669 veri-

1854 2715 1984 2771 tatis
2032 2730 2215 2769 sermo
2251 2715 2307 2768 in
2341 2713 2502 2768 nobis
2547 2727 2655 2766 non
2690 2717 2909 2780 caperet
2944 2707 3124 2779 (Joun.
3154 2706 3297 2776 vni),
3331 2705 3437 2789 ipsi

1856 2812 2040 2863 tamen
2079 2804 2262 2874 impiis
2316 2803 2659 2872 iniquitatem
2698 2815 2857 2856 suam
2898 2795 3276 2853 annuntiando
3311 2795 3437 2853 atii-

1857 2914 1977 2956 mas
1998 2914 2129 2973 suas
2148 2897 2465 2969 liberarent.
2499 2893 2668 2949 Nobis
2699 2900 2881 2949 autem
2899 2931 2917 2957 ,
2949 2901 3185 2959 quorum
3211 2886 3439 2942 calami-

169 2987 346 3044 lornm
378 2988 641 3058 privatim
675 2988 935 3054 directas,
988 2988 1137 3058 ipsas
1188 3003 1451 3059 personas
1489 2988 1751 3058 exprimi-
1860 2989 1987 3044 tatis
2009 2988 2145 3068 adeo
2167 2986 2350 3057 cupidi
2376 2992 2525 3051 sunt,
2551 2983 2819 3040 carbones
2860 2978 3006 3050 ignis
3042 2985 3437 3068 congererent;

170 3092 291 3133 nus
320 3093 453 3134 cum
487 3077 693 3148 quibus
729 3078 786 3132 in
817 3079 1037 3148 publico
1069 3078 1345 3149 colloquio
1364 3079 1504 3134 vivis
1529 3077 1757 3133 vocibus
1785 3067 1824 3087 ν
1857 3077 1986 3148 quia
2019 3084 2148 3130 tunc
2176 3074 2337 3129 nobis
2373 3072 2548 3142 major
2587 3068 2929 3127 confusionis
2961 3067 3215 3124 cumulus
3257 3080 3442 3133 accre-

172 3169 286 3225 δα
324 3177 569 3227 tractata
608 3177 768 3236 sunt;
814 3170 1024 3227 scilicet
1077 3170 1550 3241 archiepiscopum
1597 3169 1758 3224 Cole-

173 3258 453 3327 niensem,
496 3259 790 3332 episcopos
844 3260 1361 3332 Babinbergensem,
1420 3259 1755 3330 Spircnsem,

171 3350 374 3407 electos
422 3350 709 3422 (electum)
761 3350 1173 3419 Treverensem,
1226 3351 1431 3407 electos
1479 3350 1756 3421 (electum)

176 3440 607 3512 Trajectensem.
635 3441 762 3501 Istis
790 3456 929 3513 pene
956 3442 1218 3499 omnibus
1247 3441 1500 3498 Saxonica
1530 3448 1585 3496 et
1610 3439 1760 3495 Tim-

174 3533 366 3605 ringia:
403 3533 672 3606 majores,
720 3534 817 3591 ubi
850 3535 1163 3591 condictum
1197 3543 1310 3602 est,
1346 3533 1563 3591 obviam
1596 3546 1761 3588 vene-

177 3633 323 3692 runt,
346 3632 428 3691 et,
456 3622 515 3678 in
553 3638 620 3678 ea
643 3639 810 3694 quam
840 3624 1193 3695 praediximus
1226 3624 1507 3680 sententia
1531 3637 1760 3679 concor-

176 3714 389 3784 dantes,
415 3716 566 3773 ultro
609 3730 669 3771 se
693 3716 1067 3773 discutiendos
1095 3716 1429 3784 obtulerunt,
1459 3731 1525 3771 ea
1571 3715 1761 3771 condi—

174 3809 321 3866 tione
339 3818 434 3875 ut,
455 3807 503 3864 si
536 3810 762 3864 causam
792 3824 949 3865 suam
969 3809 1124 3879 juxta
1148 3809 1294 3880 leges
1330 3816 1386 3863 et
1410 3807 1760 3864 consuetudi-

176 3916 271 3957 nes
289 3900 703 3957 ecclesiasticas
723 3899 1014 3956 defendere
1041 3916 1151 3956 non
1174 3907 1418 3970 possent,
1448 3897 1760 3963 sanioribus

176 3994 397 4051 illorum
448 3994 699 4051 consiliis
748 3993 1183 4065 acquiescerent,
1231 4007 1342 4047 non
1382 3989 1759 4047 confusionem

175 4087 278 4144 hoc
305 4095 656 4159 reputantes,
680 4087 750 4157 si,
774 4087 1073 4155 melioraet
1084 4086 1350 4143 viciniora
1370 4084 1534 4141 saluti
1554 4085 1629 4139 ab
1652 4083 1769 4139 illis.

172 4177 475 4245 discentes,
502 4193 748 4234 errorem
782 4194 946 4235 suum
971 4177 1366 4248 relinquerent.

241 4269 375 4326 ﬂare
404 4270 462 4324 in
485 4269 719 4326 auribus
741 4270 988 4326 omnium
1011 4269 1107 4341 qui
1132 4269 1360 4325 aderant
1386 4282 1496 4324 non
1529 4275 1758 4322 conten-

1859 3174 2055 3233 sceret,
2086 3164 2329 3235 quando,
2361 3162 2546 3233 agnita
2576 3160 2826 3227 veritate,
2860 3158 2931 3215 ab
2962 3158 3043 3216 eis
3077 3156 3147 3213 de
3178 3156 3447 3226 ignoran-

1860 3257 1935 3311 tia
1955 3254 2363 3311 cxcusationem
2388 3269 2497 3308 non
2535 3253 2895 3321 haberemus,
3188 3322 3196 3329 ‘
3240 3304 3245 3309 .

1930 3346 2043 3419 Age
2064 3334 2234 3415 nunc,
2276 3344 2601 3419 charissime
2635 3345 2799 3401 Pater
2833 3353 2889 3400 et
2911 3342 3154 3411 domine,
3183 3341 3462 3414 quando-at

1861 3438 2079 3510 quidem
2105 3453 2207 3493 nos
2242 3437 2449 3513 indigni
2475 3437 2788 3508 judicamur
2809 3451 2950 3506 quos
2977 3435 3205 3491 verbum
3243 3434 3444 3490 verita-

1860 3530 1931 3586 tis
1971 3530 2206 3597 erudiat,
2245 3544 2373 3585 cum
2410 3529 2599 3585 domus
2647 3543 2966 3598 exasperatis
3013 3525 3230 3599 (Ezech.
3269 3524 3330 3597 ιι)
3363 3523 3442 3580 si-

1860 3636 2020 3689 mus;
2059 3629 2116 3675 tu
2167 3627 2373 3688 tamen,
2406 3621 2519 3688 cui,
2569 3636 2676 3692 pro
2717 3618 3095 3677 commorandi
3136 3617 3445 3683 vicinitate,

1860 3713 2208 3783 colloquendi
2260 3728 2387 3770 cum
2434 3712 2516 3768 eis
2560 3711 2776 3769 facilior
2823 3712 3004 3768 aditus
3044 3718 3224 3782 patet;
3277 3725 3442 3780 quem

1861 3804 2047 3870 etiam,
2080 3811 2193 3858 tam
2218 3819 2318 3873 pro
2341 3804 2468 3861 vitae
2501 3818 2668 3874 quam
2690 3803 2976 3876 dignitatis
2999 3803 3307 3868 honestate,
3350 3817 3462 3856 re--

1860 3894 2074 3965 pulsam
2110 3894 2225 3964 pati
2255 3907 2364 3950 non
2418 3882 2637 3964 oportet:
2668 3912 2680 3948 :
2715 3901 2795 3961 tu,
2841 3892 3089 3964 inquam,
3131 3908 3230 3962 pro
3279 3891 3442 3945 nobis

1861 3985 2087 4040 verbum
2113 3982 2227 4046 fac;
2264 3992 2331 4039 tu
2359 3983 2458 4039 tibi
2490 3983 2632 4040 inter
2662 3999 2765 4038 nos
2792 3982 3109 4040 mediatoris
3139 3981 3315 4036 vicem
3347 3996 3443 4033 as-

1862 4089 2038 4131 sume.
2074 4073 2217 4128 Audi
2238 4073 2308 4127 ab
2327 4073 2408 4128 eis
2432 4072 2580 4143 quod
2599 4071 2916 4140 audiamus;
2951 4085 3018 4126 ex
3041 4079 3096 4126 te
3118 4070 3279 4126 disce
3295 4068 3444 4137 quod

1862 4167 2096 4232 doceas;
2134 4164 2351 4235 inquire
2401 4163 2603 4236 quibus
2638 4160 3026 4218 ecclesiasticis
3066 4157 3446 4237 sanctionibus

1862 4272 2088 4313 causam
2136 4271 2293 4313 suam
2341 4256 2594 4326 probent,
2623 4262 2869 4311 nostram
2915 4266 3053 4315 vero,
3094 4248 3451 4321 improbent;

175 4361 335 4428 tiose,
364 4360 469 4440 sed
498 4361 781 4419 humiliter
815 4339 1187 4432 preponentes
1230 4359 1368 4415 nihil
1401 4358 1757 4429 profecimus.
1793 4373 1840 4429 ι)
1862 4356 2135 4420 quatenus
2163 4362 2260 4417 Per
2287 4346 2495 4440 “illi”
2536 4345 2849 4440 audiam?»
2890 4353 3267 4440 quos__Pel‘_5¢
3293 4339 3451 4440 ξξθξκ

177 4452 240 4509 Et
268 4470 423 4510 nunc
446 4469 614 4525 super
634 4454 753 4509 haec
773 4454 979 4521 omnia,
1009 4451 1207 4521 fratres
1231 4459 1286 4508 et
1309 4451 1520 4508 domini
1560 4450 1759 4515 nostri,

178 4543 311 4598 nihil
346 4542 607 4600 fraternis
650 4541 941 4599 calumniis
985 4551 1040 4598 et
1085 4540 1573 4621 supplicationibus
1606 4539 1759 4606 moti,

178 4650 241 4689 ea
283 4651 397 4708 qua
439 4644 727 4707 coeperunt
766 4649 893 4706 erga
925 4649 1029 4692 nos
1055 4633 1406 4690 induratione
1438 4631 1762 4702 perdurant,

181 4726 337 4784 nobis
364 4728 587 4799 quidem
630 4726 968 4783 audientiam
992 4726 1353 4797 denegantes;
1390 4724 1541 4791 aliis,
1559 4723 1761 4794 quibus

183 4820 363 4876 valent
391 4828 450 4876 et
496 4827 771 4890 quantum
809 4819 1015 4888 valent,
1045 4816 1270 4887 sinistra
1309 4817 1378 4872 de
1420 4816 1579 4873 nobis
1626 4816 1762 4871 insi—

184 4918 381 4977 nuant;
413 4926 515 4966 nos
537 4909 804 4966 seductos
819 4915 874 4963 et
899 4909 1234 4974 seductores,
1257 4923 1358 4963 nos
1378 4905 1631 4976 perﬁdos,
1658 4920 1764 4961 nos

185 4999 582 5069 imminentium
613 5000 890 5067 malorum
932 5007 1098 5069 caput
1147 5006 1202 5053 et
1238 5010 1466 5053 causam
1514 5010 1637 5051 esse
1681 5003 1763 5069 te:

189 5104 410 5166 stantur.
437 5094 599 5163 Quod
638 5094 786 5151 sicut
828 5092 1183 5157 incessanter,
1222 5088 1299 5144 ita
1337 5104 1439 5144 nec
1474 5086 1765 5143 efﬁcaciter

189 5187 392 5267 docent.
440 5186 686 5258 Adjuvat
717 5184 866 5239 enim
907 5181 1299 5241 sacerdotalem
1343 5178 1646 5236 doctrinam
1677 5193 1765 5232 re-

190 5270 321 5328 galis
350 5277 757 5328 muniﬁcentia.
782 5290 902 5328 ante
935 5291 1050 5328 uno
1083 5274 1386 5328 eodemque
1425 5270 1765 5326 incitamenti

1863 4441 2052 4497 audire
2074 4455 2186 4496 non
2212 4437 2506 4509 contingit,
2554 4444 2612 4491 et
2661 4435 2811 4508 quod
2857 4433 3065 4505 proprii
3110 4433 3226 4488 oris
3265 4426 3451 4493 ofﬁcio

1863 4531 2153 4603 impetrare
2185 4546 2296 4585 non
2324 4528 2625 4600 potuimus,
2647 4542 2744 4599 per
2771 4523 3057 4610 allegantis
3080 4518 3465 4610 reverentiam:

1864 4637 2288 4693 consequamur.
3016 4606 3020 4610 “
3455 4606 3480 4678 ᾗ

1936 4715 2095 4783 Quod
2124 4716 2193 4784 si,
2226 4722 2334 4769 tua:
2375 4711 2632 4785 charitati
2674 4708 3110 4779 acquieseentes,
3158 4706 3302 4781 hanc
3336 4715 3368 4759 a
3402 4708 3455 4754 te

1865 4788 2301 4864 vicissitudinem
2338 4804 2566 4874 exigunt
2609 4809 2695 4869 ut,
2726 4799 2871 4855 sicut
2920 4813 3083 4855 suam
3132 4795 3325 4859 nobis,
3379 4792 3455 4846 ita

1864 4898 2112 4955 nostrain
2160 4898 2269 4954 illis
2285 4875 2629 4951 sententiam
2670 4892 2945 4960 insinues,
2980 4890 3072 4948 die
3105 4888 3252 4963 quod
3282 4886 3479 4951 nosti,

1865 4992 1957 5048 dic
1994 4992 2142 5062 quod
2188 4987 2325 5046 nihil
2352 5001 2561 5041 novum
2584 5025 2617 5052 ,,
2642 4983 2788 5039 nihil
2815 4985 3144 5042 inusitatum
3176 4979 3451 5042 cudimus,

1865 5081 2007 5138 nihil
2058 5098 2089 5137 a
2134 5077 2295 5136 nobis
2333 5072 2494 5146 quasi
2544 5089 2614 5129 ex
2656 5073 2840 5144 nobis,
2891 5073 2990 5134 sed
3046 5073 3193 5146 qua!
3243 5066 3456 5126 audivi-

1867 5189 1995 5231 mus
2069 5181 2126 5230 et
2178 5169 2418 5227 vidimus
2444 5206 2461 5232 ,
2528 5167 2680 5236 quod
2764 5177 2950 5238 patres
3026 5166 3205 5227 nostri
3259 5175 3425 5221 narra

1868 5273 2065 5320 verunt
2102 5260 2267 5318 nobis
2312 5252 2489 5328 (Psal.
2537 5256 2745 5328 Lxxvn)
2770 5267 2812 5323 ,'
2835 5257 2977 5315 nihil
3007 5258 3078 5314 de
3113 5254 3271 5328 nobis
3314 5263 3475 5319 prata
3518 5290 3521 5291 ν
