3988 5328
528 404 627 463 8351

1554 417 1646 471 AD
1685 417 1914 476 OPERA
1953 420 2009 477 S.
2054 422 2383 483 GREGORII
2416 427 2858 488 APPENDICES.

3669 444 3783 499 852

524 522 620 577 siti
672 522 845 579 nostri
888 530 1002 590 est,
1056 538 1157 580 nec
1204 525 1421 594 aetatis;
1461 528 1596 600 quin
1632 532 1819 603 potius
1872 549 1937 591 ea
1981 550 2105 605 qua:
2133 534 2177 592 A
2204 535 2316 593 imo
2341 542 2640 598 secundum
2668 544 2811 612 illos,
2843 544 3077 601 aliorum
3106 542 3331 609 Patrum
3373 552 3600 625 copiosa
3628 542 3779 611 mul-

526 614 847 686 hujusmodi
898 623 1027 671 sunt
1058 619 1203 673 aetati
1241 618 1525 679 decentius
1582 623 1802 682 lascivae
1836 627 2106 700 relinqui-
2126 666 2145 693 .

524 721 687 773 mus,
723 707 811 762 bis
871 705 1092 777 quidem
1135 710 1232 779 qui
1270 710 1338 768 ad
1383 713 1491 769 hoc
1529 716 1857 776 exercitatos
1911 735 2109 779 sensus

524 797 749 864 habent,
786 813 916 865 non,
942 799 1099 870 juxta
1124 800 1468 872 Apostolum,
1488 805 1560 860 ad
1584 806 1955 864 discretionem
1986 810 2112 867 boni

524 896 577 941 et
610 888 741 942 mali
765 888 953 962 (Hebr.
991 892 1067 962 v),
1102 894 1198 949 sed
1238 904 1301 950 ut
1338 896 1542 968 ingenii
1589 901 1676 956 sui
1706 902 2007 961 subtilitate
2053 913 2109 960 et

524 977 726 1049 linguae
756 981 1094 1040 volubilitate
1125 985 1177 1040 id
1226 988 1372 1057 quod
1392 990 1604 1061 justum
1637 1000 1742 1061 est,
1773 996 1931 1065 quasi
1960 1005 2107 1053 recte

525 1081 858 1140 pervertant.
893 1073 1076 1131 Nostri
1114 1087 1298 1135 autem
1337 1097 1439 1138 nec
1483 1083 1645 1139 oliicii
1671 1093 1776 1155 est,
1802 1102 1905 1143 nec
1938 1089 2105 1144 studii

525 1176 648 1218 esse
689 1163 866 1232 debet,
902 1175 965 1222 ut
1002 1168 1252 1227 dicamus
1279 1173 1486 1230 bonum
1531 1177 1767 1246 malum,
1790 1188 1845 1235 et
1876 1182 2102 1251 malum,

525 1252 767 1325 bonum;
795 1258 892 1314 sed
917 1269 979 1314 ut
1007 1259 1225 1317 Domini
1252 1268 1427 1322 nostri
1446 1270 1812 1339 aemulatores,
1836 1283 2104 1344 quantum

524 1342 644 1413 ipse
668 1350 1024 1418 concesserit,
1073 1354 1407 1433 studeamus
1434 1359 1729 1430 reprobare
1772 1342 2009 1433 malum,
2051 1375 2107 1422 et

526 1436 728 1508 eligere
756 1439 963 1497 bonum
995 1443 1132 1513 (-Isa.
1163 1447 1260 1519 vn)
1389 1428 1409 1443 ’
1497 1428 1513 1430 ἡ
1745 1444 1752 1452 ’
1820 1440 1852 1447 ’“

595 1526 711 1585 Hac
733 1530 917 1603 itaque
937 1537 1174 1604 puritate
1193 1541 1457 1610 contenti,
1483 1558 1570 1612 eo,
1594 1545 1739 1616 quod
1770 1546 1825 1601 in
1850 1550 2105 1618 praesenti

524 1628 778 1677 versatur
800 1627 1044 1696 negotio,
1071 1628 1174 1685 hoc
1204 1632 1383 1688 solum
1414 1641 1664 1693 tenemus
1693 1638 1841 1708 quod
1863 1638 2104 1697 Ecclesia

525 1713 797 1771 catholica
848 1731 1064 1789 semper
1118 1726 1325 1792 tenuit,
1378 1728 1527 1797 quod
1587 1730 1656 1785 ab
1704 1730 1862 1786 initio
1916 1743 2108 1803 coeptae

524 1800 958 1864 Christianitatis
998 1826 1170 1882 usque
1201 1815 1268 1870 ad
1300 1824 1652 1876 monstruosa
1691 1821 1810 1877 haec
1834 1800 2104 1893 tempora,

523 1893 717 1951 stabile
763 1905 819 1953 et
860 1898 1245 1959 inconvulsum
1278 1908 1535 1978 perstitit,
1567 1912 1776 1968 scilicet
1808 1883 1966 1986 quod.
2004 1883 2104 1972 ex;
2139 1883 2181 1939 Β

522 1990 944 2049 communicatis
969 2010 1079 2050 non
1102 2005 1186 2052 est
1220 2001 1758 2059 communicandum.
1791 2003 1919 2062 Haec
1944 2010 2122 2063 nam-‘

521 2093 630 2148 que
682 2081 1091 2143 dissensionum
1138 2106 1304 2146 causa
1343 2102 1430 2148 est
1476 2102 1532 2149 et
1564 2096 1915 2165 seditionum,
1960 2100 2106 2171 quod

525 2168 603 2227 illi
629 2172 700 2227 ab
723 2180 1218 2236 excommunicatis
1244 2199 1353 2237 non
1384 2185 1680 2255 abstinent,
1706 2197 1761 2244 et
1797 2204 1907 2244 non
1937 2168 2107 2248 absti-

525 2265 765 2320 nendum
792 2268 1008 2324 docent.
1038 2271 1151 2328 Nos
1193 2290 1325 2330 vero
1359 2285 1416 2331 et
1459 2278 1828 2347 abstinemus,
1855 2289 1908 2337 et
1938 2282 2106 2338 absti-

522 2356 765 2413 nendum
828 2364 1254 2433 persuademus,
1314 2368 1588 2440 praecipue
1642 2371 1711 2426 ab
1764 2373 1873 2429 illis
1925 2376 2018 2445 qui
2074 2393 2106 2433 a

521 2448 797 2519 Drmcipua
842 2461 898 2507 et
942 2450 1121 2524 prima
1177 2459 1306 2514 sede
1352 2447 1917 2520 excommunicantur.
1974 2465 2107 2533 Qua:

520 2538 810 2598 diversitas
860 2547 1135 2603 contraria
1188 2549 1499 2607 docentium
1575 2554 1920 2611 sacerdotum
1979 2572 2107 2615 vere

523 2628 668 2687 facta
692 2642 774 2689 est
831 2635 991 2692 ruina
1031 2641 1251 2711 populi,
1283 2658 1412 2698 vere
1457 2645 1757 2701 multorum
1803 2647 1958 2703 radix
1990 2666 2107 2706 ma-

524 2722 727 2779 lorum.
763 2725 841 2781 Ex
865 2743 972 2798 qua
1007 2737 1086 2785 tot
1112 2733 1255 2788 male
1276 2732 1498 2791 fecundi
1519 2736 1659 2793 rami
1686 2738 2017 2808 pullulantes
2051 2742 2107 2797 in

525 2813 784 2871 universa
843 2815 1088 2876 Ecclesia
1136 2823 1318 2879 varios
1372 2823 1585 2882 fructus
1637 2830 2016 2900 protulerunt,
2054 2840 2110 2888 et

522 2905 768 2973 quotidie
821 2909 1123 2979 proferunt.
1177 2913 1423 2981 Quorum
1468 2916 1747 2975 fructuum
1800 2923 2107 2979 amaritudo

523 2996 867 3053 amarissima
892 3015 1000 3055 non
1036 3010 1150 3058 tam
1168 3003 1338 3060 ramis
1367 3021 1535 3076 quam
1575 3009 1747 3065 radici
1784 3011 2107 3069 ascribenda

523 3095 625 3141 est.
659 3087 935 3160 Quidquid
974 3094 1122 3149 enim
1166 3096 1348 3152 studia
1382 3099 1624 3168 partium
1655 3101 1917 3169 delirant,
1947 3104 2107 3175 quid-

526 3177 659 3278 quid
708 3178 767 3282 in
797 3181 901 3236 hac
938 3198 1122 3283 rerum
1158 3187 1491 3244 turbulentia
1519 3205 1550 3245 a
1577 3191 1811 3249 subditis
1856 3208 2109 3285 perverse
2136 3229 2176 3285 ο

524 3268 724 3338 agitur,
745 3269 895 3340 juste
940 3270 993 3326 in
1021 3275 1200 3345 capita
1232 3291 1488 3346 perversa
1530 3279 1840 3338 docentium
1880 3282 2111 3356 [videtur

520 3354 704 3416 deesse
742 3362 930 3418 vocula
977 3365 1188 3447 recidit,
1236 3368 1532 3438 relabitur,
1570 3371 1649 3426 vel
1697 3354 1940 3448 similis].
1971 3376 2111 3434 Vere

528 3466 677 3507 nunc
707 3442 1134 3526 impletur‘quod
1164 3458 1428 3529 scriptum
1457 3469 1541 3517 est
1567 3480 1580 3516 :
1626 3463 1857 3536 Egreaaa
1899 3442 1976 3522 est
2006 3470 2111 3523 ini-

524 3540 703 3609 quitas
741 3538 1092 3602 asenioribus
1114 3548 1410 3618 judicibua,
1449 3555 1540 3624 qui
1579 3556 1890 3613 videbantur
1939 3577 2112 3632 regere

526 3630 781 3713 populum
807 3633 972 3705 (Dan.
1000 3641 1144 3709 xm).
1174 3638 1242 3695 Hi
1271 3656 1511 3713 namque
1540 3646 1635 3716 qui
1690 3648 1938 3705 veritatis
1965 3630 2110 3722 prae-

527 3709 698 3778 cenes
731 3722 1010 3793 dicuntur,
1042 3730 1243 3799 quibus
1267 3709 1473 3789 credita
1499 3709 1628 3792 su—nt
1658 3738 1875 3809 eloquia
1900 3709 1995 3795 De-i
2043 3742 2111 3798 ad

534 3814 1018 3885 evangelisandum
1057 3823 1259 3892 populo
1292 3823 1410 3892 Dei,
1459 3828 1507 3883 si
1559 3828 1615 3884 id
1653 3830 1833 3900 ipsum
1867 3832 2111 3890 dicerent

529 3916 758 3971 omnes,
789 3914 845 3962 et
886 3921 996 3964 non
1048 3920 1235 3968 essent
1268 3914 1566 3984 schismata
1617 3920 1675 3975 in
1711 3921 1822 3990 eis;
1861 3922 1908 3980 si
1958 3939 2112 3981 more

528 3992 934 4061 speculatorum
960 3999 1309 4069 providerent
1329 4015 1603 4075 quatenus
1656 4013 1935 4070 contentio
1970 4013 2113 4071 inter

528 4098 627 4142 eos
652 4094 749 4143 aut
796 4103 909 4146 non
953 4092 1212 4163 oriretur,
1257 4105 1353 4152 aut
1392 4108 1510 4154 orta
1532 4142 1547 4167 ,
1587 4101 1802 4159 collatis
1845 4120 1912 4160 ex
1957 4122 2111 4163 more

529 4176 889 4239 fraternitatis
917 4186 1262 4256 tractatibus,
1293 4189 1610 4261 sedaretur;
1641 4193 1868 4250 dubium
1889 4211 2000 4261 non
2028 4209 2114 4255 est

530 4272 667 4342 quin
710 4271 931 4330 illorum
977 4277 1035 4332 in
1078 4280 1384 4338 assertione
1434 4283 1552 4339 veri
1611 4276 1876 4345 unitatem
1929 4289 2114 4347 unitas

533 4364 700 4420 etiam
751 4367 937 4437 populi
983 4380 1339 4441 sequeretur,
1390 4381 1446 4430 et
1501 4374 1682 4431 adhuc
1718 4376 1776 4431 in
1810 4392 1914 4434 suo
1967 4387 2112 4440 statu

532 4469 864 4524 permanens
885 4459 1167 4529 antiquam
1188 4477 1379 4532 pacem
1402 4464 1676 4522 obtineret
1695 4465 1961 4534 Ecclesia,
1994 4484 2115 4539 quae

2208 627 2418 696 titudo,
2464 632 2559 702 qui
2606 642 2750 689 notae
2797 634 3103 693 sanctitatis
3145 648 3199 702 et
3228 642 3573 701 auctoritatis
3620 655 3785 713 sunt.

2206 734 2444 789 quorum
2490 722 2739 780 do’ctrina
2767 723 2936 796 fulget
2964 724 3238 798 Ecclesia,
3274 741 3330 787 et
3370 733 3466 802 qui
3508 750 3635 790 cum
3669 736 3781 794 Ι)οο

2207 809 2359 864 ιιιίιιο
2398 822 2627 881 regnant
2670 814 2727 868 in
2770 815 2953 883 caelis,
2987 825 3040 871 et
3070 817 3126 873 in
3172 819 3332 877 terris
3369 818 3655 882 miraculis
3687 843 3785 884 co-

2207 908 2729 971 ruscant;quorum
2761 905 3140 966 sanctionibus
3180 924 3293 964 non
3342 911 3653 982 ignorantia
3694 919 3787 975 vel

2205 987 2572 1059 negligentia,
2618 993 2715 1048 sed
2763 995 2946 1050 studio
2992 997 3281 1066 reluctari,
3322 1002 3457 1072 quid
3502 1003 3650 1068 aliud
3696 1018 3785 1063 est

2205 1092 2372 1147 quam
2417 1081 2707 1169 spiritum,
2735 1085 2830 1155 qui
2869 1100 2969 1156 per
2996 1103 3091 1144 eos
3132 1088 3347 1149 locutus
3388 1103 3493 1160 est,
3525 1095 3782 1169 blaspbev

2205 1169 2394 1224 mare?
2418 1168 2543 1226 Istis
2583 1172 2701 1228 sine
2732 1174 2920 1243 dubio,
2970 1186 3025 1233 et
3064 1194 3175 1235 non
3215 1182 3373 1239 nobis
3420 1168 3783 1244 adversantur

2204 1260 2519 1333 quicunque
2578 1265 2649 1320 ab
2712 1270 3204 1329 excommunicatis
3266 1283 3393 1330 ante
3458 1278 3781 1336 canonicam

2205 1353 2668 1411 examinationem
2693 1371 2802 1412 non
2825 1359 3119 1428 abstinent,
3148 1371 3202 1417 et
3241 1378 3349 1419 non
3393 1366 3783 1433 abstinendum

2204 1441 2420 1498 docent.
2467 1442 2621 1499 Talia
2663 1446 2812 1501 enim
2859 1449 3146 1519 praedictos
3191 1449 3384 1509 Patres
3428 1457 3690 1513 concordi
3726 1469 3782 1514 et

2206 1532 2425 1587 assidua
2465 1534 2833 1604 prohibitione
2874 1548 3086 1596 vetasse
3117 1557 3227 1596 non
3271 1544 3450 1599 solum
3503 1547 3563 1600 hi
3604 1549 3780 1604 sciunt

2207 1624 2303 1696 qui
2347 1641 2415 1682 ex
2447 1628 2667 1699 scriptis
2708 1629 2929 1686 illorum
2973 1645 3328 1703 acceperunt,
3375 1654 3569 1693 verum
3620 1642 3778 1696 etiam

2206 1717 2373 1772 rudes
2413 1727 2467 1773 et
2506 1719 2791 1789 illitterati,
2821 1720 2936 1792 qui,
2958 1724 3061 1779 etsi
3098 1724 3271 1796 legem
3299 1727 3573 1799 ignorent,
3605 1740 3779 1788 tamen

2209 1824 2275 1865 ea
2298 1825 2420 1882 quae
2461 1811 2598 1883 legis
2638 1821 2769 1868 sunt
2811 1813 2984 1886 (Rem.
3019 1816 3080 1887 ιι)
3106 1832 3172 1872 ex
3198 1818 3501 1876 inveterata
3543 1832 3598 1877 et
3648 1840 3779 1879 nun-

2206 1917 2373 1972 quam
2400 1912 2612 1960 mutata
2631 1907 3028 1965 consuetudine
3062 1909 3389 1967 didicerunt.
3414 1909 3547 1968 Hac
3581 1915 3778 1985 itaque,

2206 2010 2329 2064 quae
2362 1994 2735 2067 legislatorum
2781 1994 2971 2056 talium
3019 2002 3380 2063 unanimitate
3424 2013 3654 2073 statuta,
3684 2023 3780 2062 usu

2206 2084 2592 2155 antiquissimo
2647 2086 2756 2143 huc
2804 2103 2980 2160 usque
3036 2091 3276 2157 stabilita
3329 2102 3492 2162 sunt,
3542 2096 3782 2168 quando-

2205 2174 2424 2245 quidem
2451 2177 2654 2247 apertis
2683 2180 3057 2251 oppositisquc
3085 2181 3509 2252 impulsionibus
3527 2187 3775 2256 quassati

2206 2275 2502 2336 nequeunt,
2534 2269 2692 2339 quasi
2732 2284 2800 2323 ex
2837 2268 3007 2327 latere
3048 2274 3484 2341 machinationes
3523 2274 3781 2346 parantur

2206 2356 2273 2411 ad
2316 2357 2662 2429 decipiendas
2702 2359 2919 2416 illorum
2974 2363 3257 2433 opiniones
3293 2364 3492 2439 [forte,
3534 2367 3782 2443 animas]

2206 2444 2301 2515 qui
2330 2447 2560 2503 minoris
2586 2448 2955 2522 intelligentia:
2984 2454 3347 2526 aestimantur.
3502 2462 3507 2465 ’

2278 2589 2345 2646 Et
2386 2592 2516 2662 quia
2548 2592 2699 2664 apud
2744 2593 2881 2651 tales
2903 2596 3069 2658 etiam
3120 2612 3235 2654 non
3271 2598 3469 2655 leviter
3492 2601 3697 2672 agitur,
3726 2610 3787 2655 ut

2208 2678 2263 2734 in
2286 2681 2423 2737 adeo
2467 2682 2583 2738 triti
2616 2685 2832 2756 lateque
2857 2687 3095 2756 patentis
3121 2688 3336 2745 itineris
3368 2690 3546 2756 ductu
3568 2692 3787 2747 exorbi-

2206 2780 2344 2838 tent,
2370 2773 2528 2845 juxta
2556 2774 2661 2830 iter
2696 2777 3016 2833 scandalum
3051 2779 3274 2849 ponitur
3309 2781 3482 2852 (Pal.
3516 2784 3745 2852 cmix)
3766 2823 3784 2849 ,

2206 2860 2337 2921 dum
2366 2863 2617 2933 quaedam
2653 2864 2785 2921 vitia
2819 2866 3037 2931 veritati
3062 2867 3148 2925 \ad
3188 2870 3603 2927 subversioncm
3642 2871 3793 2926 veris

2206 2953 2336 3009 tatis
2381 2952 2490 3010 illis
2532 2964 2933 3026 proponuntur.
2961 2956 3288 3023 Audivimus
3327 2961 3475 3020 enim
3518 2962 3787 3031 quosdam

2208 3044 2496 3101 contraria:
2518 3046 2691 3116 partis
2718 3047 2975 3115 clericos,
2992 3049 3061 3107 de
3082 3065 3182 3105 sua
3205 3051 3436 3114 scientia
3462 3053 3789 3124 gloriantes,

2208 3134 2265 3190 id
2325 3136 2495 3192 studii
2533 3137 2741 3206 habere
2776 3148 2837 3195 ut
2886 3138 2953 3195 de
2996 3139 3172 3207 sacris
3216 3141 3461 3213 undique
3500 3144 3792 3201 codicibus

2211 3226 2332 3283 illas
2388 3229 2690 3295 sententias
2760 3230 3019 3302 colligant
3070 3246 3211 3301 quas
3258 3234 3438 3296 sancti
3488 3233 3687 3291 Patres
3722 3234 3794 3289 ad

2208 3317 2571 3374 cohibendam
2632 3320 2851 3376 illorum
2903 3322 3247 3379 sacerdotum
3310 3323 3793 3396 intemperantiam

2207 3408 2590 3477 condiderunt,
2607 3411 2699 3482 qui
2725 3411 2780 3467 in
2804 3411 3150 3482 proferendis
3169 3415 3468 3482 sententiis
3482 3417 3795 3487 ιιι-αἰγίδος

2211 3507 2341 3558 sunt
2365 3499 2660 3558 indiscrete
2706 3503 2925 3574 ligando
2962 3504 3048 3559 vel
3083 3505 3365 3561 solvendo.
3396 3504 3542 3588 Vere
3587 3506 3648 3565 in
3682 3506 3795 3580 his,

2209 3599 2270 3653 ut
2298 3590 2357 3646 in
2381 3592 2659 3660 omnibus,
2703 3594 3006 3655 laudabiles
3028 3604 3193 3665 atque
3232 3597 3633 3668 amplectenda
3668 3598 3791 3654 illo-

2208 3699 2335 3745 rum
2356 3685 2664 3752 senteutiai,
2684 3686 2781 3756 qui
2809 3686 3058 3745 omnium
3098 3686 3182 3752 sic
3204 3703 3395 3755 curam
3418 3690 3706 3759 gerebant,
3734 3697 3793 3745 ut

2209 3782 2264 3829 et
2294 3775 2548 3845 praelatos
2572 3792 2604 3831 a
2626 3776 3059 3846 principitatione
3082 3790 3528 3848 compescerent,
3564 3790 3621 3836 et
3660 3781 3791 3838 sab-

2206 3864 2481 3935 jectorum
2501 3867 2827 3927 innocentiae
2848 3866 3224 3931 defensionem
3255 3873 3639 3937 necessariam
3662 3888 3791 3945 μου

2211 3958 2476 4019 viderent.

2283 4095 2488 4150 Verum
2536 4094 2613 4150 illi
2678 4095 2796 4167 qui,
2852 4095 2921 4151 ad
2978 4094 3086 4151 hoc
3140 4097 3288 4167 quod
3346 4096 3790 4167 persuadendum

2214 4194 2593 4258 susceperunt,
2629 4186 2736 4242 ista
2777 4187 3162 4254 introducunt,
3208 4188 3375 4254 bono,
3404 4196 3461 4242 at
3504 4204 3620 4244 non
3660 4188 3793 4244 bene

2213 4285 2463 4334 utuntur.
2505 4276 2644 4333 Nam
2674 4277 2824 4349 quod
2848 4278 3305 4334 sancti'doctores
3328 4278 3397 4333 ad
3440 4293 3793 4339 communem

2213 4368 2520 4439 profectum
2546 4377 2659 4425 tam
2697 4385 2888 4426 eorum
2940 4369 3034 4441 qui
3064 4377 3307 4440 prmsunt
3342 4385 3511 4440 quam
3537 4370 3638 4440 qui
3674 4368 3795 4425 sub-

2210 4458 2394 4529 iacent
2454 4459 2890 4527 constituerunt,
2961 4460 3069 4515 hoc
3118 4459 3208 4516 isti
3264 4459 3456 4530 procul
3504 4459 3680 4515 dubio
3728 4457 3794 4513 ad

532 4559 702 4611 nunc,
737 4544 1091 4602 inimicorum
1126 4565 1354 4606 suorum
1387 4555 1617 4623 pedibus
1645 4558 1912 4626 exposita,
1951 4558 2112 4619 inau-
2143 4581 2192 4641 ο
2217 4557 2592 4653 contemptum
2618 4550 2947 4653 episcopalis
2970 4549 3284 4653 ministerii,
3406 4549 3478 4604 ad
3517 4549 3792 4653 suscitan-

532 4635 648 4693 dita
692 4638 1024 4712 contritione
1053 4636 1390 4711 conteritur,
1437 4655 1492 4700 et
1535 4646 1953 4719 incomparabili
1997 4658 2109 4705 tam
2143 4635 2181 4641 ⁷
2216 4639 2343 4694 dam
2388 4640 2529 4695 inter
2574 4648 2822 4711 pastores
2860 4648 2915 4695 et
2952 4655 3081 4695 oves
3118 4639 3448 4696 discordiam
3477 4646 3792 4695 assume

534 4740 830 4796 corporum
854 4744 1023 4799 quam
1043 4731 1354 4787 animarum
1383 4741 1566 4804 strage
1587 4745 1921 4792 cruentatur.
1941 4738 2111 4809 Cujus

531 4818 763 4887 sanguis
799 4833 910 4875 non
945 4820 1246 4893 incongrue
1275 4823 1343 4879 de
1382 4825 1635 4882 manibus
1676 4827 1896 4883 illorum
1922 4830 2110 4901 requi-

534 4901 676 4959 ritur
708 4908 825 4977 qui,
872 4926 994 4966 eam
1040 4912 1096 4966 in
1140 4913 1226 4968 sui
1279 4915 1668 4984 procuratione
1712 4918 2108 4988 suscipientes,

535 5003 730 5050 contra
774 5012 896 5053 eam
926 5001 1346 5073 dogmatizando
1386 5006 1720 5079 transgredi,
1737 5006 1984 5065 fecerunt
2008 5024 2110 5080 po-

534 5084 730 5138 nulum
754 5083 872 5138 Dei.

2220 4728 2377 4796 Quod
2421 4729 2479 4783 in
2515 4729 2623 4784 hoc
2648 4727 2893 4798 profecto
2925 4738 3091 4799 patet,
3123 4729 3252 4799 quia
3277 4728 3401 4783 illas
3446 4726 3798 4783 solummodo

2218 4821 2517 4879 sententias
2545 4836 2683 4891 quas
2734 4836 2847 4876 suae
2878 4819 3222 4891 persuasioni
3251 4819 3572 4876 commodas
3604 4818 3795 4874 existi-

2215 4920 2368 4965 mant
2431 4909 2776 4965 auditoribus
2832 4909 2951 4964 suis
3001 4910 3306 4976 inculcant,
3376 4908 3504 4963 aliis
3562 4922 3797 4978 prorsus

2215 5000 2434 5055 silentio
2472 4999 2782 5070 oppressis,
2815 5015 2954 5070 quas
2987 4999 3346 5055 nihilominus
3369 4998 3569 5054 Patres
3596 4997 3793 5053 catho-

2214 5091 2303 5138 lici
2328 5091 2395 5138 de.
2426 5089 2612 5138 eadem
2639 5105 2699 5136 re
2726 5097 3035 5138 statuerunt
3053 5130 3067 5138 .
3094 5103 3326 5138 numne
3365 5088 3435 5138 ad
3474 5088 3625 5138 hanc
3647 5088 3795 5138 [item
