3988 5328
124 391 224 444 853

1028 385 1315 441 APPEND.
1356 385 1441 440 ill.
1479 414 1549 426 —
1579 382 2013 443 ΜΟΝΙΙΜΕΝΤΔ
2049 383 2512 444 GREGORIANA.

3283 382 3389 440 856
3398 404 3410 436 τ

123 497 393 554 nicatoris
462 496 744 553 sententia
795 505 890 553 aut
939 497 1266 569 probaretur
1315 506 1410 554 aut
1458 499 1715 555 emenda-
1744 500 1790 557 Α
1815 500 1910 568 qui
1932 508 2057 555 ante
2084 501 2352 571 synodum
2372 497 2649 554 Nicmnam
2671 497 2914 568 fuerunt,
2944 496 3298 556 decernerent
3323 499 3392 556 de

127 598 294 644 retur.

190 677 317 733 Hac
363 686 424 732 et
467 677 567 734 his
604 677 806 733 similia
853 676 1098 749 praedicti
1127 676 1346 745 fratres,
1377 679 1537 748 quasi
1564 679 1716 733 inco-

130 771 271 840 gnita
290 784 394 822 nec
427 768 648 839 aliquid
670 769 739 824 ad
768 783 882 823 rem
905 767 1254 838 pertinentia,
1282 768 1714 837 dissimulantes,

134 863 193 916 ad
236 861 342 914 bos
407 875 557 915 suos
608 873 875 930 sequaces
935 859 1214 914 instruunt
1262 867 1354 925 ut,
1412 868 1614 913 temere
1665 868 1720 913 et

134 955 332 1021 absque
375 952 544 1006 omni
599 952 920 1021 probatione
962 951 1203 1021 legitima
1241 949 1509 1019 prolatam
1559 950 1614 1002 in
1659 963 1719 1003 se

138 1042 460 1098 sententiam
487 1052 929 1108 contemnentes,
961 1042 1153 1111 jugum
1185 1041 1484 1110 disciplina:
1502 1042 1718 1109 penitus

138 1133 427 1187 excutiant.
458 1132 730 1202 Cu-mque'
745 1134 996 1203 ignorent
1029 1131 1254 1186 minime
1295 1132 1400 1186 hoc
1425 1131 1590 1185 etiam
1621 1146 1718 1184 an-

141 1225 358 1294 tiquitus
411 1223 624 1276 scitum
665 1239 806 1290 esse,
831 1223 976 1294 quod
1005 1222 1241 1294 pastoris
1289 1223 1580 1289 sententia,
1607 1222 1720 1277 sive

139 1317 273 1394 (usta
303 1314 423 1368 sive
471 1314 716 1384 injusta,
740 1316 980 1370 timenda
1015 1325 1200 1370 tamen
1241 1314 1340 1381 sit;
1371 1313 1448 1368 illi
1472 1313 1720 1368 homines

147 1407 239 1461 sub
257 1405 619 1460 anathemate
647 1407 860 1475 positos
883 1420 1130 1470 securos,
1162 1413 1216 1459 et
1253 1403 1321 1458 de
1358 1403 1599 1458 timenda
1629 1402 1719 1456 illa

148 1515 182 1552 a—
204 1507 387 1552 nostra
416 1496 742 1552 diversione
768 1497 950 1570 [nobis
993 1495 1231 1568 diversa]
1277 1497 1414 1550 nihil
1459 1496 1720 1551 sollicitos

152 1588 409 1644 reddunt:
460 1588 562 1642 illa
610 1587 1018 1658 Scripturarum-
1055 1588 1367 1642 testimonia
1409 1586 1722 1656 frequenter

153 1678 476 1749 replicando,
511 1679 572 1732 in
595 1679 796 1748 quibus
824 1680 927 1734 hoc
955 1679 1242 1743 astro-itur,
1265 1678 1414 1748 quod
1439 1678 1532 1747 qui
1562 1677 1722 1730 innoa

158 1777 347 1822 cantem
393 1769 710 1836 maledicit,
739 1770 846 1824 sibi
884 1769 1007 1840 plus
1029 1778 1188 1824 nocet
1208 1785 1375 1838 quam
1409 1769 1498 1826 cui
1523 1784 1721 1824 nocere

159 1859 361 1926 appetit,
394 1858 624 1928 aliaque
657 1859 713 1913 in
737 1859 884 1914 hunc
926 1859 1170 1914 modum.
1197 1858 1243 1911 Α
1274 1859 1474 1929 quibus
1517 1869 1726 1915 sancto-

161 1965 265 2001 rum
320 1949 506 2005 verbis
567 1965 923 2022 nequaun
978 1966 1082 2006 nos
1142 1950 1533 2018 dissentimus,
1591 1952 1728 2022 quin

164 2039 322 2106 potius
369 2056 498 2095 cum
562 2057 754 2096 amore
801 2052 855 2097 et
909 2042 1214 2096 reverentia
1256 2039 1570 2111 recipimus,
1613 2049 1728 2095 stu—

165 2129 351 2194 dentes,
385 2141 665 2202 quantum
695 2133 880 2188 divina
904 2133 1169 2203 largiente
1216 2133 1392 2204 gratia
1431 2146 1727 2202 possumus

171 2223 226 2275 de
253 2222 338 2276 illa
375 2225 680 2292 pastoralis
710 2225 869 2280 cilicii
894 2226 1157 2281 abusione
1179 2236 1231 2280 et
1254 2225 1413 2281 nobis
1439 2240 1650 2291 cavere,
1675 2235 1728 2281 et

171 2311 272 2366 aliis
310 2324 366 2368 ut
408 2325 645 2371 caveant
686 2317 1032 2386 persuadere.
1060 2315 1170 2372 illis
1195 2326 1374 2371 autem
1401 2316 1496 2387 qui
1522 2317 1636 2371 haec
1661 2316 1748 2370 ad~

176 2419 272 2458 suae
294 2407 458 2473 partis
480 2408 865 2476 adjumentum
891 2409 1014 2478 plus
1053 2424 1212 2477 aequo
1242 2408 1575 2477 intorquent,
1602 2393 1736 2462 cum.

175 2494 256 2546 tali
289 2498 670 2553 moderamine
720 2514 1006 2555 assensum
1048 2500 1373 2568 praebemus,
1421 2507 1481 2553 ut
1519 2513 1728 2568 nequa-

181 2600 320 2652 quam
359 2589 502 2643 uitra
555 2591 830 2645 terminos
871 2591 1201 2646 constitutos
1239 2589 1459 2644 illorum
1500 2591 1730 2660 vestigia

183 2691 553 2747 prosequamur
601 2701 614 2736 :
659 2698 769 2737 non
817 2683 1134 2751 adjicientes
1175 2692 1236 2736 ut
1273 2683 1380 2737 hoc
1419 2698 1486 2738 ex
1513 2682 1731 2738 illorum

189 2769 501 2826 documentis
521 2773 1005 2844 subinteliigamus
1023 2815 1038 2838 ,
1069 2774 1215 2842 quod
1241 2772 1356 2842 jam
1396 2789 1529 2830 suos
1571 2775 1729 2829 audi-'-

188 2867 309 2910 tores
345 2860 644 2916 subaudire
690 2861 963 2930 fecerunt;
1006 2863 1110 2918 hoc
1155 2863 1361 2918 scilicet
1397 2872 1480 2930 ut,
1520 2863 1571 2919 si
1608 2864 1733 2932 quis

188 2952 664 3007 excommunioatus
699 2953 900 3022 injuste
967 2969 1028 3009 se
1070 2953 1604 3008 excommunicatum
1630 2969 1734 3007 nu-

192 3035 260 3092 dis
327 3047 532 3096 tantum
625 3042 804 3097 verbis
883 3041 1118 3110 asserit,
1185 3041 1734 3098 excommunicatoris

192 3131 428 3184 sententia
479 3132 746 3202 protinus
778 3133 932 3187 irrita
972 3133 1270 3203 judicetur.
1321 3131 1384 3187 Si
1411 3132 1579 3188 stabit
1619 3133 1736 3188 haec

194 3224 574 3291 consequentia,
597 3224 712 3294 jam
734 3240 768 3280 a
788 3225 1436 3281 nulloexcommunicato
1469 3225 1731 3290 abstinet;

195 3307 303 3375 quia
334 3311 512 3368 nullus
533 3329 735 3369 eorum
760 3328 819 3369 se
843 3314 992 3384 juste
1021 3314 1324 3384 judicatum
1350 3327 1471 3368 esse
1497 3311 1733 3368 fatetur:

197 3399 276 3452 sed
299 3415 398 3456 non
417 3413 502 3459 est
515 3405 928 3476 aquapartitio
957 3415 1020 3460 ut
1057 3405 1286 3476 subjecti
1323 3405 1400 3459 ita
1447 3405 1740 3460 audiantur

199 3498 434 3556 Quatenus
470 3497 686 3566 praelati
726 3497 958 3554 inauditi
1012 3496 1392 3567 praejudicium
1436 3496 1737 3566 patiantur,

201 3581 320 3638 sicut
343 3585 535 3643 dicitur
563 3607 580 3644 :
613 3587 735 3643 Non
773 3606 885 3645 esse
903 3590 1114 3660 justum
1157 3588 1520 3656 mediatorem,
1549 3589 1639 3659 qui
1663 3589 1741 3643 sic

203 3684 337 3730 ultam
359 3687 560 3746 partem
583 3681 756 3749 audit,
787 3690 847 3740 ut
876 3681 1012 3735 nihil
1031 3679 1188 3735 alteri
1226 3688 1465 3735 reservet.

258 3763 396 3830 Quod
424 3771 470 3825 si
499 3773 624 3828 haec
666 3773 880 3828 naviter
918 3787 1206 3843 emergens
1240 3771 1494 3826 doctrina
1537 3772 1596 3826 in
1634 3770 1741 3828 Ec-

206 3852 345 3910 clesia
374 3858 707 3919 fructiﬁcare
731 3864 979 3936 cmperit,
1011 3863 1223 3934 antiqui
1249 3863 1438 3919 Patres
1463 3865 1519 3918 in
1540 3879 1743 3918 vanum

208 3941 554 4009 laboraverunt
587 3954 765 4026 (Psal.
795 3940 1010 4025 cxxvi),
1039 3956 1134 4024 qui
1181 3955 1234 4009 id
1282 3955 1460 4010 modis
1490 3955 1748 4010 omnibus

213 4040 510 4110 satagebant,
533 4045 588 4099 id
618 4046 802 4100 conati
830 4054 978 4113 sunt,
1002 4045 1363 4117 quatenus_,in
1404 4061 1517 4100 uno
1542 4044 1746 4102 Christi

213 4138 428 4198 ωψοπε,
453 4137 598 4203 quod
629 4145 713 4191 est
745 4127 1007 4203 Ecclesia,
1034 4155 1133 4194 nec
1168 4139 1238 4194 ab
1273 4137 1746 4192 excellentioribus

215 4220 439 4279 membris
457 4226 671 4284 minora
695 4237 1068 4300 gravarentur,
1093 4245 1195 4284 nec
1217 4227 1476 4283 inferiora
1499 4228 1747 4296 superio-

218 4305 344 4365 ribus
386 4318 726 4374 resultarent.
782 4319 964 4375 Multa:
1017 4320 1234 4375 illorum
1295 4319 1712 4375 constitutiones
1732 4357 1746 4384 ,

220 4411 368 4457 causa:
410 4423 525 4476 qua:
566 4411 707 4465 inter
749 4426 849 4466 nos
888 4412 1182 4467 ventilatur
1222 4418 1605 4481 congruentes,
1645 4409 1750 4463 hoc

1817 593 1904 648 bis
1923 591 2019 662 qui
2050 591 2432 646 communione
2453 591 2754 659 privantur,
2786 604 2883 646 seu
2922 606 2989 645 ex
3016 591 3160 645 clero
3186 604 3284 644 seu
3323 605 3392 645 ex

1816 682 1958 737 laico
1977 681 2187 746 ordine,
2212 681 2280 734 ab
2299 681 2591 750 episcopis,
2619 689 2679 736 ut
2711 681 2768 734 hi
2807 681 2901 750 qui
2927 681 3190 750 abjiciunt
3211 691 3263 736 ct
3295 681 3387 750 qui

1818 773 2148 843 abjiciuntur
2197 770 2430 842 [videtur
2483 773 2655 826 deesse
2703 771 2887 824 vocula
2960 772 3388 838 innotescerent,

1816 864 1896 918 vel
1924 861 2163 933 similis],
2189 863 2261 916 ita
2296 863 2696 932 subjunxerunt
2727 881 2740 916 τ
2775 861 3096 932 Requiratur
3131 872 3305 916 autem
3330 881 3392 917 ne

1817 953 2282 1024 pusillanimitate,
2331 962 2422 1005 aut
2472 954 2819 1020 contentione,
2869 954 2947 1009 vel
2995 955 3102 1009 alio
3163 955 3394 1024 quolibet

1818 1045 2046 1114 episcopi
2105 1045 2232 1097 vitio
2295 1045 2538 1103 videatur
2607 1061 2639 1096 a
2702 1047 3098 1115 congregatione
3160 1044 3394 1098 seclusus

1820 1135 2053 1206 (Nicen.
2094 1133 2282 1189 concil.
2321 1150 2441 1210 cap.
2495 1135 2579 1204 5).
2625 1133 2868 1201 Qualiter
2911 1143 3091 1192 autem
3127 1135 3396 1203 quibusve

1819 1227 1998 1281 modis
2033 1225 2418 1296 inquirendum
2439 1225 2548 1292 ‘sit,
2576 1226 2932 1281 nihilominus
2960 1226 3282 1280 addiderunt
3312 1226 3398 1280 his

1819 1316 2035 1371 verbis:
2069 1315 2138 1370 Ut
2167 1333 2286 1386 ergo
2329 1316 2594 1370 decentius
2640 1317 2972 1386 inquiratur,
3020 1317 3144 1369 bene
3193 1318 3398 1385 placuit

1821 1408 1976 1461 annis
2008 1407 2232 1477 singulis
2271 1423 2362 1477 per
2401 1423 2821 1477 unamquamque
2861 1407 3184 1476 provinciam
3217 1407 3294 1459 bis
3341 1407 3398 1458 in

1821 1514 1960 1552 anno
2009 1497 2234 1551 concilia
2289 1496 2552 1552 celebrare
2591 1495 2741 1568 (Nic.
2791 1514 2969 1566 conc.,
3015 1497 3129 1559 loc.
3162 1497 3308 1567 cit.);
3344 1505 3400 1550 et

1821 1597 2028 1652 caetera,
2056 1603 2178 1659 quae
2203 1597 2525 1657 sequuntur.

1891 1680 2061 1752 igitur
2100 1681 2194 1750 qui
2233 1680 2300 1734 ad
2349 1680 2632 1734 decentem
2674 1679 2754 1732 rei
2795 1679 2962 1748 hujus
2988 1678 3400 1748 inquisitionem

1823 1771 2056 1828 concilia
2086 1770 2408 1826 celebranda
2443 1785 2567 1825 esse
2608 1769 2985 1838 decreverunt,
3029 1785 3418 1840 nequaquam,

1831 1875 1891 1920 ut
1923 1876 2072 1919 nunc
2113 1863 2284 1918 moris
2325 1871 2429 1927 est,
2475 1861 2723 1915 arbitrati
2763 1866 2892 1914 sunt
2946 1861 3011 1914 ad
3060 1861 3399 1930 probandam

1827 1971 2018 2021 eorum
2059 1955 2153 2024 qui
2203 1952 2399 2022 abjecti
2456 1960 2585 2005 sunt
2659 1951 3025 2005 innocentiam
3079 1952 3182 2005 hac
3239 1967 3401 2021 posse

1829 2045 2093 2112 suilicere,
2135 2044 2182 2099 si
2216 2044 2424 2114 passim
2469 2056 2708 2111 vageque
2751 2041 2808 2094 in
2841 2056 2976 2096 suos
3016 2041 3397 2094 excommuni-

1829 2145 2041 2191 catores
2071 2135 2323 2200 absentes
2345 2133 2579 2188 convitia
2609 2141 2661 2186 et
2676 2131 3103 2186 obtrectationes
3128 2139 3424 2194 eructent._

1829 2225 1971 2296 Ergo
2015 2226 2108 2295 qui
2159 2234 2348 2281 contra
2395 2239 2584 2280 sacros
2632 2236 2871 2276 canones
2919 2219 3194 2288 Nicaenos,
3250 2221 3399 2273 nulla

1830 2317 2080 2373 condicta
2129 2316 2375 2387 synodo,
2433 2314 2581 2368 nulla
2633 2311 2968 2382 praecedente
3013 2305 3399 2380 inquisitione,

1828 2407 2094 2463 canonica
2134 2405 2517 2460 communione
2553 2403 2794 2473 privatos
2845 2401 2902 2455 in
2960 2401 3404 2455 communionem

1830 2497 2130 2565 recipiunt,
2177 2496 2402 2548 audiant
2445 2494 2494 2548 si
2534 2493 2782 2563 ejusdem
2809 2492 3028 2546 concilii
3063 2499 3265 2546 statuta
3290 2499 3405 2545 tam

1830 2588 2020 2642 leviter
2044 2585 2296 2639 violanda
2339 2585 2449 2639 sint
2472 2592 2526 2639 et
2547 2579 2972 2648 contemnenda‘;
3001 2582 3225 2638 audiant
3273 2581 3405 2652 quid

1831 2686 2054 2734 sanctus
2082 2675 2376 2745 Gregorius
2419 2676 2484 2730 de
2521 2675 2846 2729 auctoritate
2885 2681 3121 2744 quatuor
3145 2673 3408 2729 concilio—

1833 2787 1955 2826 rum
1994 2767 2410 2838 principalium,
2451 2779 2687 2834 quorum
2732 2763 2876 2817 istud
2923 2763 3260 2832 praecipuum
3292 2771 3404 2828 est,

1833 2860 2049 2916 sentiat.
2095 2856 2374 2925 Siquidem
2411 2855 2466 2908 in
2507 2853 2736 2922 epistola
2771 2852 3176 2918 Alexandrino,
3213 2852 3407 2905 Antio-

1834 2951 2042 3016 cheno,
2111 2944 2600 3016 llierosolymitano
2649 2943 2975 3014 patriarchis
3028 2942 3267 3008 directa,
3329 2941 3409 2996 sic

1835 3042 1910 3095 ait
1939 3041 2055 3110 (lib.
2086 3054 2124 3106 t,
2157 3037 2316 3107 epist.
2339 3036 2467 3106 24):
2497 3035 2647 3088 Sicut
2669 3035 2840 3089 sancti
2875 3033 3147 3104 Evangelii
3179 3041 3410 3102 quatuor

1763 3165 1803 3221 ε
1837 3133 2017 3198 libros,
2055 3131 2130 3183 sic
2166 3134 2395 3198 quatuor
2423 3124 2651 3181 concilia
2687 3127 2953 3194 suscipere
2985 3131 3038 3179 et
3067 3123 3304 3178 venerari
3329 3137 3408 3174 me

1840 3224 2029 3294 fateor,
2057 3221 2181 3290 quia
2203 3221 2260 3272 in
2283 3218 2364 3270 his
2382 3258 2397 3284 ,
2425 3215 2565 3270 velut
2589 3216 2642 3268 in
2669 3217 2930 3285 quadrato
2974 3213 3170 3282 lapide,
3210 3219 3410 3264 sanctte

1838 3314 1964 3384 ﬁdei
2015 3317 2284 3366 structura
2329 3308 2629 3377 consurgit,
2689 3314 2738 3360 et
2777 3303 3057 3375 cujuslibet
3098 3304 3218 3358 vitae
3255 3311 3412 3384 atque

1840 3404 2064 3459 actionis
2091 3417 2274 3456 norma
2297 3398 2558 3452 consistit.
2598 3397 3051 3466 Quisquis‘eorum
3085 3393 3412 3448 soliditatem

1841 3512 1943 3549 non
1975 3501 2133 3560 tenet,
2163 3491 2372 3546 etiamsi
2409 3487 2548 3558 lapis
2596 3503 2705 3541 esse
2749 3486 3009 3554 videatur,
3046 3493 3220 3540 tamen
3260 3494 3413 3539 extra

1843 3586 2129 3655 aediﬁcium
2154 3583 2316 3653 jacet.

1910 3677 2064 3743 item,
2087 3681 2210 3745 post
2227 3687 2421 3743 pauca,
2457 3671 2524 3726 de
2553 3670 2745 3725 iisdem
2769 3666 3016 3724 conciliis
3041 3684 3054 3721 :
3084 3657 3245 3734 Quia,
3287 3667 3415 3720 dum

1842 3765 2130 3824 universali
2178 3773 2301 3820 sunt
2345 3779 2597 3817 consensu
2645 3763 2964 3828 constituta,
2997 3774 3052 3813 se
3086 3765 3138 3812 et
3181 3772 3285 3810 non
3316 3756 3417 3810 illa

1843 3862 2066 3917 destruit
2114 3860 2350 3930 quisquis
2388 3856 2661 3926 preesumit
2698 3864 2790 3907 aut
2816 3852 3012 3908 solvere
3054 3865 3184 3922 quos
3214 3849 3416 3918 ligant,

1846 3963 1940 4006 aut
1987 3951 2155 4021 ligare
2201 3965 2327 4019 quos
2374 3947 2600 4001 solvunt.
2648 3943 2897 4014 Quisquis
2922 3958 3044 4015 ergo
3077 3941 3226 3999 aliud
3252 3941 3414 4011 sapit,

1849 4041 2131 4098 anathema
2157 4039 2248 4092 sit.

1919 4131 2154 4185 Audiam
2189 4127 2353 4184 etiam
2388 4125 2481 4195 qui
2525 4131 2677 4179 tanto
2705 4123 2900 4178 adnisu
2924 4120 3099 4176 sancti
3129 4136 3194 4175 ac
3230 4121 3417 4188 magni

1851 4221 2066 4280 concilii
2101 4218 2306 4272 Niczeni
2335 4223 2539 4270 statuta
2581 4212 2864 4266 annuiiarc
2894 4216 3169 4279 satagunt,
3203 4207 3417 4276 specia-

1849 4315 1956 4368 lem
1977 4313 2044 4366 de
2071 4310 2162 4364 illo
2191 4307 2332 4362 beati
2361 4304 2558 4359 Leonis
2585 4301 2910 4357 sententiam
2937 4300 3112 4371 (epist.
3143 4297 3235 4369 55)
3263 4315 3275 4350 :
3310 4295 3418 4349 Leo

1853 4378 2430 4475 episcopusOAnatholio
2461 4395 2721 4464 episcopo.
2749 4390 2871 4446 Non
2919 4391 3185 4456 trecentis,
3225 4387 3422 4456 inquit,

223 4500 340 4550 “9"0
385 4495 627 4568 dogmate
686 4500 1022 4558 frustrantur
1065 4510 1120 4556 et
1161 4503 1218 4556 in
1267 4477 1483 4556 irritum
1523 4499 1745 4555 cadunt.
1785 4503 1827 4556 D
1853 4496 2028 4548 decem
2061 4502 2216 4562 atque
2251 4496 2365 4542 octo
2414 4485 2670 4556 episcopis
2690 4479 3136 4552 1pfquantumlibet
3164 4477 3426 4568 copiosior

225 4574 431 4646 Quorum
475 4591 761 4661 synodicas
791 4602 844 4648 et
885 4593 1187 4648 decretales
1241 4592 1539 4648 sententias
1580 4591 1628 4645 si
1666 4589 1755 4644 hic

227 4668 510 4748 inserimus,
543 4683 778 4739 fortasse
816 4683 1097 4739 fastidium
1141 4684 1443 4756 legentibus
1489 4682 1753 4752 ingerent,

228 4776 280 4814 eo
305 4771 435 4835 Quod
474 4775 615 4830 trita:
661 4784 791 4832 sunt
835 4784 889 4830 et
934 4784 1046 4830 tam
1090 4791 1192 4830 usu
1234 4789 1400 4844 quam
1435 4772 1757 4827 auctoritate

233 4857 504 4919 notissimae.
532 4866 979 4938 Quandoquidem
1019 4875 1201 4921 autem
1235 4866 1314 4919 illi
1347 4865 1444 4934 qui
1483 4863 1758 4919 contraria

237 4957 496 5015 δευοιιεωι
529 4974 735 5014 serenae
759 4959 867 5014 luci
893 4957 1182 5028 caliginem
1225 4956 1428 5010 inferre
1469 4962 1756 5018 conantur,

238 5045 562 5111 necessarium
592 5049 869 5117 ducimus,
913 5059 1108 5104 contra
1139 5047 1458 5119 ingruentes
1503 5046 1760 5100 novitatis

240 5121 374 5194 huius
410 5137 784 5208 obscuritates,
825 5142 1106 5210 antiquam
1165 5149 1220 5194 et
1270 5145 1461 5191 notam
1510 5136 1762 5191 Ecclesiae

242 5211 476 5282 lucernam
515 5247 678 5302 super
704 5232 1091 5288 candelabrum
1125 5243 1328 5300 ponere
1370 5225 1524 5298 (Luc.
1562 5228 1662 5296 XI),
1706 5235 1766 5280 ut

1856 4588 1930 4640 sit
1965 4599 2208 4638 numerus
2271 4579 2640 4644 sacerdotum,
2688 4575 2770 4629 vel
2816 4587 3120 4642 comparare
3150 4586 3204 4623 se
3235 4565 3429 4620 audeat

1859 4678 1938 4732 uel
1967 4676 2242 4746 praeferre;
2270 4689 2388 4726 cum
2423 4679 2572 4724 tanto
2608 4667 2860 4722 diuinitus
2892 4661 3166 4733 privilegio
3205 4657 3429 4712 Nic-cena

1859 4767 2088 4838 synodus
2125 4766 2194 4818 sit
2239 4770 2564 4827 consecrata,
2591 4769 2651 4814 ut
2676 4759 2782 4812 sive
2810 4771 2900 4827 per
2918 4755 3191 4824 pauciores
3217 4749 3322 4802 sive
3340 4757 3433 4816 per

1859 4860 2035 4930 plures
2074 4855 2433 4911 ecclesiastica
2457 4852 2671 4921 judicia
2693 4849 3034 4912 celebrentur,
3064 4843 3206 4898 omni
3224 4840 3433 4924 penitus

1860 4927 2180 5002 auctoritate
2227 4946 2297 4996 sit
2339 4957 2561 4997 vacuum
2626 4935 2876 5010 quidquid
2912 4934 2976 4987 ab
3023 4935 3241 4990 illorum
3277 4927 3442 4998 fuerit

1862 5040 2232 5093 constitutione
2258 5035 2540 5088 diversum.

1935 5130 2066 5186 item
2095 5131 2162 5185 de
2187 5127 2376 5181 eadem
2400 5140 2488 5177 re:
2518 5121 2704 5176 Sancti
2735 5128 2785 5173 et
2815 5121 3134 5175 venerabiles
3166 5115 3353 5169 Patres
3388 5109 3449 5164 in

1865 5224 1992 5276 urbe
2025 5222 2269 5282 Nicena,
2295 5215 2548 5282 sacrilego
2580 5215 2710 5267 Ario
2739 5227 2854 5264 cum
2881 5224 2977 5262 sua
3004 5212 3273 5282 impietate
3296 5201 3455 5255 dam-

3104 5315 3180 5328 ..-ιι
3210 5291 3458 5328 ρρρΙοεδΠ-

2474 5318 2515 5328 .4
2539 5305 2594 5328 2..
2640 5305 2784 5328 £..-...
2823 5302 3007 5328 ..ι-..ιιλέ
