3988 5328
445 297 554 360 855
1416 277 1506 338 AD
1543 268 1770 330 OPERA
1811 267 1867 322 S.
1905 257 2232 322 GREGORII
2269 251 2712 314 APPENDICES.
3581 244 3704 302 355

442 421 566 467 mm
592 398 926 472 temporibus
947 395 1052 456 iuge
1077 390 1293 464 penitus
1316 388 1460 459 leges
1481 386 1857 449 destruuntur,
1880 392 2017 451 quas
2047 374 2092 430 Α
2117 387 2261 472 mus,
2294 371 2424 433 illud
2450 369 2697 426 videlicet
2730 366 2823 426 ubi
2847 366 3043 472 dicitur
3120 364 3260 430 Quia
3294 369 3498 472 oportet

954 451 1127 556 usque
1170 483 1227 538 in
1271 451 1437 543 ﬁne-In
1489 475 1677 534 mundi
1726 485 2016 533 mansuras
2113 466 2347 536 abjectus
2391 473 2467 519 est
2500 479 2602 519 non
2632 477 2820 556 negare
2855 460 3182 556 audientiam
3223 454 3481 556 rogati“;
3519 461 3571 556 ξι

446 546 830 659 praedixerunt.
1039 546 1056 556 -
1521 657 1532 659 Α
1634 656 1649 659 Α
1677 656 1688 659 _
1877 653 1890 659 Α
2113 559 2386 659 episcopus
2418 556 2508 626 qui
2532 570 2652 659 eum
2671 552 2821 659 juste
2846 546 3707 659 velinjustemabjecit‘,putieffr

518 669 964 744 Quandoquidem
1015 665 1180 737 igitur
1215 661 1420 736 synodo
1447 657 1608 730 cujus
1634 656 1727 711 hic
1769 653 2016 744 testimo-
2117 651 2349 744 accipiat
2378 658 2436 708 ut
2463 648 2726 744 negotium
2756 645 3098 744 discutiatur.
3129 641 3388 744 llinc,‘ut
3420 646 3707 739 putamus,

447 732 565 824 nia.
584 732 787 821 inserta
835 767 964 817 sunt
986 799 1002 824 ,
1033 732 1225 812 omnes
1247 732 1464 826 'synodi
1517 763 1641 820 quae
1691 743 2021 803 authenticaa
2118 742 2188 797 ad
2215 740 2555 798 excusandas
2582 736 2963 794 excusationes
2994 733 3168 805 (Psal.
3199 732 3350 833 (ιιι),
3381 732 3708 833 occasiones

449 821 596 922 sunt,
631 866 876 926 quasque
900 821 1143 908 Ecclesia
1174 821 1387 916 recipit,
1422 839 1788 912 principatum
1819 849 2019 891 conce-
2119 841 2364 926 sumunt,
2391 831 2549 926 quasi
2593 837 2815 926 propter
2847 828 3001 926 hoc-,—
3011 824 3392 926 examinatio,
3421 821 3566 877 sicut
3594 821 3712 924 do-

448 919 606 1013 du'nt,
633 919 875 1015 singulas
899 940 1131 996 aliarum
1154 935 1450 994 sententias
1473 937 1760 986 annectere
1783 941 1893 984 non
1910 933 2022 980 tam
2120 928 2260 994 huit,
2297 924 2415 981 ﬁeri
2445 939 2556 980 non
2568 922 2857 1015 debilis“?!
2879 921 3050 1015 (45?).
3082 919 3230 1015 ‘l‘lOd
3261 919 3711 1015 θιοοωιξιυνίθξθ

449 1007 824 1095 necessarium
871 1039 956 1090 est
995 1043 1162 1101 quam
1205 1026 1497 1099 prolixum.
1538 1019 1720 1082 Unum
1766 1026 1950 1074 tamen
1995 1031 2026 1070 ο
2125 1027 2214 1078 tor
2244 1017 2312 1078 ad
2341 1014 2676 1088 probandam
2701 1013 2788 1072 vel
2813 1011 3228 1082 improbandam
3255 1008 3586 1070 sententiam
3621 1007 3712 1063 eis

452 1127 700 1200 pluribus
725 1125 790 1180 de
815 1118 1124 1179 Sardicensi
1168 1117 1399 1177 concilio
1430 1125 1738 1182 excerpere,
1783 1123 1891 1164 non
1929 1107 2027 1166 abs
2125 1109 2443 1180 patientiam
2469 1122 2580 1161 non
2607 1104 2936 1162 exhibuerit,

453 1190 513 1276 re
539 1217 812 1276 ducimus.
861 1213 920 1272 in
952 1211 1116 1282 hujus
1152 1223 1388 1278 namque
1421 1203 1636 1262 concilii
1663 1199 1984 1272 praefatione
2011 1239 2027 1264 ,
2197 1201 2280 1262 Ad
2319 1199 2467 1270 quod
2495 1197 2841 1260 reiutandum
2879 1211 2989 1252 non
3029 1195 3442 1265 Scripturamm
3468 1190 3710 1248 testimo-

454 1325 582 1368 cum
634 1309 701 1365 de
755 1305 988 1362 diversis
1043 1302 1381 1359 diversorum
1429 1295 1786 1354 conciliorum
1828 1289 2032 1362 regulis
2130 1295 2243 1362 nia,
2270 1307 2382 1349 non
2425 1304 2699 1347 canonum
2742 1288 3080 1353 auctoritas,
3109 1286 3205 1342 sed
3244 1287 3362 1356 ipse
3399 1298 3585 1339 rerum
3613 1298 3711 1354 ge-

459 1409 804 1465 tractaretur,
839 1398 917 1452 ita
939 1394 1153 1452 tandem
1184 1391 1533 1461 subjunctum
1561 1394 1645 1442 est
1673 1404 1686 1439 :
1721 1382 1824 1440 Sed
1860 1383 1917 1437 in
1950 1380 2032 1434 his
2132 1394 2343 1440 starum
2370 1383 2505 1439 ordo
2531 1379 2875 1453 respondeat.
2911 1373 3110 1435 Notum
3138 1377 3286 1434 enim
3315 1376 3578 1434 omnibus
3601 1375 3710 1431 ὼ.-

459 1490 698 1547 omnibus
756 1487 855 1549 illa
887 1485 1032 1556 sequi
1079 1482 1322 1538 debemus
1363 1493 1682 1551 quaacunquc
1727 1493 1761 1528 a
1811 1473 2033 1530 Nicccno
2134 1491 2479 1548 cumquaque
2514 1483 2618 1540 est,
2662 1472 2952 1528 anathema
3001 1471 3132 1527 illud
3165 1470 3235 1527 de
3279 1483 3395 1539 quo
3432 1469 3613 1539 agitur
3654 1467 3714 1528 in

461 1582 684 1644 concilio
710 1589 760 1636 et
787 1596 818 1633 a
841 1585 1027 1634 sancta
1053 1582 1215 1648 atque,
1242 1569 1534 1642 apostolica
1564 1567 1804 1626 Romana
1826 1561 2036 1641 [Eccle-
2136 1568 2346 1640 synodo
2390 1567 2635 1623 Romana
2678 1580 2802 1636 qua:
2835 1563 3018 1634 (1080)
3056 1563 3232 1634 prima
3267 1559 3716 1631 Quadragesima

461 1672 569 1746 sia]
603 1689 706 1739 non
739 1671 1038 1739 discrepare
1059 1665 1311 1721 videmus.
1859 1744 1870 1746 _
1977 1742 2036 1746 __
2062 1709 2112 1746 ῃ
2139 1658 2476 1714 hebdomade
2507 1673 2573 1713 ex
2601 1671 2755 1713 more
2783 1656 3058 1746 celebrata
3095 1662 3181 1712 est
3206 1653 3490 1724 prolatum
3524 1649 3710 1706 fisse.

531 1709 686 1834 Quod
739 1709 942 1817 auten:
978 1759 1035 1813 in
1088 1755 1332 1826 ejusdem
1393 1750 1609 1809 concilii
1673 1744 1912 1817 capitulo
1969 1742 2036 1796 l7

2151 1747 2295 1815 Quod
2347 1764 2474 1805 cum
2521 1749 2580 1804 in
2626 1756 2808 1818 partes
2851 1745 3176 1808 Teutonicas
3206 1709 3577 1802 linsonuisset
3599 1785 3615 1809 ,
3659 1743 3712 1802 in

461 1833 764 1921 invenitur,
822 1852 943 1907 illos
1003 1848 1236 1904 velimus
1299 1843 1576 1900 attendere
1637 1839 1733 1910 qui
1787 1846 1899 1891 tam
1951 1833 2035 1892 fa-

462 1946 565 2008 cile
615 1947 779 2001 etiam
837 1939 1206 2012 quorumlibet
1260 1936 1661 2007 episcoporum,
1701 1929 1898 1984 nedum
1932 1925 2040 1981 Ro-

464 2037 614 2093 mani
672 2033 946 2108 pontitlcis
999 2029 1323 2087 sententiam
1376 2027 1495 2082 sine
1543 2022 1702 2094 legali
1761 2019 2043 2077 examina-

464 2128 610 2190 tione
661 2125 1019 2191 rescindunt;
1057 2120 1214 2192 quasi
1257 2117 1600 2175 discussione
1643 2129 1753 2169 non
1804 2111 2043 2180 indigeat

463 2217 728 2288 quidquid
788 2217 1005 2274 illorum
1063 2213 1245 2268 verbis
1305 2211 1418 2265 sive
1468 2208 1678 2279 justum
1730 2205 1844 2260 sive
1900 2201 2043 2271 inju-

465 2315 609 2366 stum
651 2306 932 2362 asseritur.
976 2303 1298 2359 Continetur
1338 2307 1519 2355 autem
1554 2298 1634 2353 sic
1681 2297 1738 2351 in
1780 2293 2043 2365 praeﬁnito

468 2399 706 2476 capitulo
727 2418 740 2454 :
764 2396 821 2460 Si
845 2398 1115 2467 episcopus
1143 2394 1258 2465 quis
1285 2393 1417 2462 forte
1441 2387 1748 2453 iracundus,
1773 2385 1910 2465 quod
1935 2399 2061 2447 esse,

469 2509 571 2549 non
602 2490 783 2558 debet,
814 2489 922 2551 cito
947 2496 997 2543 et
1029 2502 1209 2557 aspere
1242 2487 1628 2539 commoveatur
1657 2477 1903 2531 adversus
1927 2490 2046 2544 pre-

468 2582 733 2654 sbyterum
755 2583 861 2635 sive
882 2580 1164 2634 diaconum
1185 2591 1358 2641 suum,
1382 2582 1432 2628 et
1457 2569 1809 2626 exterminare
1838 2582 1956 2621 eum
1982 2564 2046 2618 de

470 2654 713 2728 Ecclesia
738 2671 980 2738 voluerit,
1004 2667 1382 2740 providendum
1417 2671 1493 2718 est
1532 2679 1593 2716 ne
1620 2662 1864 2717 innocens
1894 2656 2047 2716 dam—

471 2772 644 2834 netur,
676 2771 770 2817 aut
809 2763 996 2832 perdat
1034 2759 1469 2814 communionem.
1514 2752 1599 2819 Et,
1644 2749 1834 2822 paucis
1881 2747 2048 2802 inter—

470 2839 796 2921 missis,sic
820 2852 1039 2908 demum
1073 2848 1414 2907 concluditur
1451 2864 1464 2900 :
1493 2843 1708 2907 Tamen,
1741 2841 2047 2920 priusquam

471 2944 654 2998 omnia
711 2943 990 3014 diligenter
1051 2951 1100 2996 et
1160 2939 1391 3010 ﬁdeliter
1455 2935 1859 2999 examinentur,
1929 2946 2047 2984 eum

472 3034 562 3105 qui
613 3034 786 3105 fuerat
831 3051 863 3087 a
919 3033 1279 3088 communione
1327 3035 1602 3100 separatus
1631 3067 1646 3094 ,
1695 3033 1816 3079 ante
1866 3021 2047 3092 cogni—

476 3126 670 3184 tionem
699 3123 876 3179 nullus
907 3124 1053 3178 debet
1079 3137 1394 3193 prasumere
1441 3127 1498 3172 ut
1541 3133 1659 3171 eum
1697 3112 2050 3175 communioni

473 3215 660 3271 societ.

550 3304 688 3361 Ecce
715 3303 773 3358 in
794 3291 899 3361 hoc
922 3304 1044 3361 loco
1066 3302 1372 3374 specialiter
1393 3300 1460 3357 de
1486 3300 1578 3353 illo
1609 3297 2054 3354 excommunica-

479 3395 646 3454 tionis
681 3411 878 3466 genere
924 3395 1121 3467 agitur,
1169 3393 1314 3466 quod
1340 3435 1354 3458 ,
1405 3389 1684 3447 iracundia
1729 3397 2052 3460 grassante,

479 3487 857 3554 committitur,
884 3487 1029 3557 quod
1054 3501 1286 3557 propero
1311 3493 1364 3540 et
1385 3497 1580 3552 aspero
1605 3489 1756 3555 motu
1785 3480 2056 3536 accelera-

483 3589 593 3646 tur;
625 3588 680 3635 et
707 3587 886 3634 tamen
915 3591 1263 3647 summopere
1291 3582 1514 3631 cavetur
1543 3587 1609 3626 ne
1631 3571 1715 3626 vel
1737 3570 1815 3626 sic
1837 3563 2058 3625 excom-

483 3671 818 3730 municatum
846 3653 1311 3750 antediligentem
1349 3666 1808 3729 examinationem
1859 3664 2058 3736 aliquis

482 3764 728 3834 recipiat.

555 3856 681 3912 Haec
710 3865 765 3912 et
788 3856 875 3911 his
896 3855 1094 3912 similia
1131 3853 1187 3909 in
1229 3851 1478 3908 conciliis
1513 3858 1568 3905 et
1599 3849 1651 3904 in
1683 3849 2075 3904 Romanorum.

2136 1839 2385 1910 proximo
2425 1838 2635 1895 Pascha
2659 1879 2674 1906 ,
2715 1837 2955 1908 episcopi
3016 1837 3110 1907 qui
3148 1836 3204 1892 in
3249 1836 3477 1892 civitate
3515 1834 3716 1890 Babino

2137 1946 2302 2002 perga
2338 1929 2537 1986 festum
2566 1929 2700 1984 illud
2732 1928 3095 1994 celebrarunt,
3126 1927 3182 1982 in
3204 1927 3293 1983 die
3319 1936 3540 1994 sancto,
3581 1927 3717 1982 inter

2139 2021 2433 2077 missarum
2461 2020 2722 2076 solemnia
2747 2019 2920 2075 multa
2949 2027 3004 2075 et
3030 2019 3322 2075 inhonesta
3345 2019 3406 2073 in
3430 2017 3714 2076 dominum

2141 2127 2336 2183 papam
2383 2112 2630 2183 (Gregor.
2658 2109 2771 2182 Vll)
2805 2110 2938 2168 vitia
2964 2109 3294 2181 jaculantes,
3322 2110 3590 2174 omnibus
3625 2111 3717 2179 qui

2143 2203 2454 2275 congregati
2501 2209 2632 2258 sunt
2677 2201 3137 2258 denuntiaverunt
3191 2217 3258 2259 ex
3304 2209 3442 2259 tunc
3490 2201 3551 2258 in
3596 2202 3719 2257 reli-e

2144 2309 2312 2363 quum
2350 2307 2695 2365 nequaquam
2743 2308 2844 2363 pro
2879 2293 3177 2362 apostolico
3219 2293 3534 2351 habendum
3569 2307 3714 2358 esse;

2143 2385 2328 2456 ibique
2372 2384 2720 2454 incipientes,
2773 2383 3206 2454 pertransierunt
3253 2400 3354 2455 per
3402 2385 3718 2441 universum

2145 2492 2374 2548 regnum
2405 2476 2595 2533 eadem
2624 2475 2990 2546 praedicando,
3022 2475 3294 2547 adjunctis
3337 2476 3446 2532 sibi
3495 2485 3552 2532 et
3599 2477 3719 2536 aliis

2145 2567 2388 2637 ejusdem
2417 2566 2567 2622 verbi
2597 2565 2884 2628 ministris.
2916 2565 3071 2632 Quod
3096 2566 3143 2622 si
3167 2566 3297 2622 talia
3337 2583 3399 2624 se
3424 2581 3496 2623 ea
3525 2581 3720 2625 neces-

2145 2659 2307 2715 sitate
2335 2673 2622 2731 aggressos
2655 2673 2776 2715 esse
2810 2659 3110 2716 obtendunt
3139 2661 3290 2731 quod
3327 2661 3593 2718 audienti:
3633 2663 3718 2718 eis

2145 2750 2410 2822 denegata
2455 2748 2690 2817 fuisset,
2733 2749 2979 2821 judicent
3028 2767 3222 2808 omnes
3265 2753 3362 2824 qui
3395 2767 3590 2808 unum
3635 2769 3724 2808 sa-

2146 2839 2304 2910 piunt
2345 2840 2394 2897 si
2433 2842 2488 2896 in
2533 2841 2628 2896 tali
2669 2841 2934 2910 temporis
2981 2842 3264 2898 intervallo
3291 2845 3398 2899 hoc
3427 2845 3543 2900 ullo
3565 2843 3724 2898 modo

2148 2930 2265 2987 ﬂeri
2292 2933 2531 3003 potuerit
2555 2941 2847 3004 quatenus,
2891 2943 3014 3002 post
3058 2934 3392 3004 agnitionem
3421 2935 3648 3004 prolata:
3671 2935 3725 2988 in

2077 3041 2118 3099 ο
2152 3035 2210 3078 se
2251 3024 2552 3091 sententiae,
2605 3024 2789 3079 sedem
2837 3025 3191 3095 apostolicam
3227 3040 3328 3096 pro
3387 3026 3728 3085 discutienda

2153 3129 2320 3172 causa
2349 3116 2805 3186 interpellassent,
2827 3131 3002 3187 eaque
3031 3117 3136 3173 hoc
3166 3118 3474 3190 denegante
3513 3119 3572 3172 in
3600 3132 3733 3188 pra».

2155 3205 2300 3274 dicto
2328 3208 2450 3263 loco
2481 3217 2535 3264 et
2575 3217 2818 3278 tempore
2848 3208 2991 3265 hanc
3034 3209 3357 3264 seditionem
3403 3208 3736 3264 commovis-

2154 3307 2294 3354 sent.
2331 3297 2528 3370 Liquet
2568 3298 2813 3370 profecto
2853 3300 3022 3370 quod,
3052 3301 3156 3356 etsi
3201 3301 3462 3356 voluntas
3490 3301 3598 3355 hoc
3633 3299 3738 3354 illis

2155 3403 2489 3467 suggereret,
2516 3395 2660 3451 sicut
2682 3409 2783 3451 nec
2810 3394 2958 3462 fecit,
2985 3404 3165 3456 tamen
3197 3395 3463 3465 temporis
3487 3393 3738 3464 angustia

2157 3502 2268 3542 non
2292 3496 2588 3558 pateretur.
2633 3486 2787 3544 Unde
2819 3496 2992 3542 totum
3018 3487 3150 3542 illud
3178 3486 3384 3556 pariter
3410 3485 3738 3555 comproba-

2156 3589 2266 3645 tur,
2291 3580 2440 3650 quod
2471 3594 2573 3637 nec
2600 3578 2872 3636 discussio
2897 3577 3039 3634 facta
3071 3587 3174 3645 est,
3203 3591 3304 3633 nec
3327 3585 3391 3631 ut
3414 3577 3573 3631 ﬂeret
3596 3590 3742 3646 qu:-

2158 3673 2325 3729 situm
2365 3682 2450 3730 est
2475 3672 2562 3728 vel
2605 3671 2950 3742 denegatum.
2997 3669 3227 3727 Constat
3258 3685 3392 3741 ergo
3421 3668 3742 3724 temeritatis

2159 3763 2341 3833 potius
2373 3763 2612 3835 impulsu
2641 3777 2807 3835 quam
2844 3762 3184 3821 necessitatis
3213 3762 3267 3817 id
3299 3769 3484 3816 actum
3533 3775 3662 3816 esse
3683 3769 3743 3814 ut

2157 3855 2615 3918 excommunicati
2635 3863 2761 3912 ante
2781 3855 3160 3925 probationem
3183 3853 3489 3924 legitimam
3515 3853 3574 3908 in
3594 3867 3744 3908 com-

482 3947 775 4018 prtesulum
812 3947 1043 4002 decretis
1073 3945 1231 4016 quasi
1263 3959 1437 4014 usque
1470 3943 1536 3998 ad
1571 3941 1849 3997 fastidium
1883 3941 2058 3997 incul-
2159 3949 2477 4004 munionem
2503 3948 2892 4017 reciperentur.
2918 3944 3072 4013 Quod
3101 3945 3566 4018 quemadmodum
3601 3960 3741 4016 prte-

485 4046 698 4096 cantur.
717 4035 828 4093 Nec
859 4039 965 4093 hoc
989 4037 1207 4108 quidem
1239 4034 1632 4100 intermittitur,
1669 4033 1846 4103 qualis
1876 4040 2059 4088 utros-
2162 4040 2289 4096 fatis
2327 4039 2574 4095 conciliis
2611 4046 2667 4093 et
2711 4037 2945 4094 decretis
2974 4037 3248 4092 invenitur
3294 4038 3588 4092 adversum
3617 4078 3633 4103 ,
3669 4037 3741 4092 ita

486 4145 594 4200 que
636 4129 875 4184 vindicta
926 4137 1188 4199 sequatur
1233 4145 1246 4181 :
1299 4128 1455 4193 istos,
1501 4126 1546 4182 si
1575 4125 2063 4181 excommunicatis
2159 4132 2322 4186 etiam
2353 4146 2461 4185 non
2490 4137 2718 4196 nostro,
2753 4129 2850 4184 sed
2876 4129 3116 4184 virorum
3148 4130 3575 4198 apostolicomm
3611 4129 3743 4184 Gre-

489 4222 723 4279 scienter
751 4230 806 4275 et
834 4231 957 4275 ante
984 4220 1272 4289 utriusque
1316 4219 1487 4289 partis
1527 4219 1732 4288 justam
1779 4217 2061 4272 examina-
2163 4223 2298 4293 gorii
2319 4231 2482 4292 atque
2500 4219 2700 4278 Leonis
2722 4219 2970 4292 [judicio]
2997 4221 3147 4275 omni
3165 4221 3486 4281 auctoritate
3507 4233 3740 4276 vacuum

491 4314 695 4368 tionem
761 4312 1185 4390 communicant,
1240 4311 1584 4381 latebrasque
1639 4307 2018 4366 defensionum
2044 4349 2059 4374 ,
2095 4380 2133 4390 h
2164 4321 2218 4367 et
2244 4314 2364 4369 sine
2387 4313 2732 4369 cunctatione
2757 4313 3105 4368 cessandum.
3157 4312 3224 4367 Et
3251 4313 3381 4382 quia
3413 4327 3525 4367 non
3560 4311 3742 4367 minus

489 4385 789 4471 quominus
823 4399 891 4453 ad
925 4380 1353 4454 satisfactionem
1388 4397 1774 4468 perducantur,
1827 4408 2053 4467 praeten-

2165 4403 2549 4460 ecclesiasticis
2570 4404 3054 4459 consuetudinibus
3079 4419 3243 4474 quam
3267 4380 3478 4472 legibus
3506 4403 3741 4472 refraga-

493 4492 668 4558 dumi
701 4488 1200 4546 “communicatos
1245 4497 1424 4542 autem
1447 4529 1462 4554 ν
1501 4488 1549 4543 εί
1583 4497 1708 4542 amre
1735 4489 2065 4544 audientiam
2168 4506 2257 4551 tur
2281 4537 2296 4563 ,
2329 4495 2599 4566 praedictis
2623 4496 2836 4551 duobus
2890 4495 3116 4551 testibus
3139 4536 3153 4562 ,
3208 4496 3468 4560 tertium,
3525 4496 3742 4549 beatum

497 4579 904 4638 communicare
946 4577 1410 4652 prazsumpserint.
1447 4578 1701 4659 geuusa:
1739 4595 1853 4634 suae
1879 4581 2070 4638 adesse
2171 4586 2530 4656 Augustinum
2576 4584 2953 4656 conjungcndo
2977 4626 2991 4651 ,
3023 4586 3286 4656 triplicem
3321 4585 3626 4640 funiculum
3665 4584 3743 4638 fa-

498 4671 860 4746 neglexcrint,
892 4671 938 4726 si
977 4669 1121 4726 infra
1164 4669 1520 4726 constitutum
1556 4671 1846 4724 terminum
1883 4686 2067 4726 coram

501 4764 616 4818 suis
655 4761 1281 4822 excommunicatoribus
1318 4776 1540 4817 causam
1585 4775 1736 4816 suam
1787 4777 1893 4816 non
1949 4777 2071 4831 pcr-

500 4853 742 4923 egerint,
771 4855 816 4908 si
847 4854 1189 4926 interdictum
1223 4853 1326 4908 sibi
1364 4852 1725 4907 ministerium
1765 4868 2065 4921 usurpave-

503 4943 632 5009 rint;
663 4959 784 5012 quae
809 4946 934 5014 quia
964 4945 1096 4999 nulli
1130 4945 1402 5015 incognita
1433 4954 1581 5008 sunt,
1611 4944 1775 4998 latius
1806 4943 1895 4998 hic
1928 4960 2068 4998 enu-

503 5046 714 5087 merare
739 5048 836 5085 nec
860 5036 1156 5092 necessitas
1178 5036 1365 5106 exigit,
1391 5051 1489 5090 nec
1502 5035 1742 5095 brevitas
1763 5035 2071 5105 epistolaris

506 5119 760 5174 admittit.

2172 4677 2400 4732 ciamus.
2444 4675 2568 4743 Qui,
2595 4677 2663 4731 ad
2692 4676 3024 4742 Casulanum
3068 4677 3442 4747 presbyterum
3474 4677 3739 4741 scribens,

2174 4768 2313 4822 inter
2333 4768 2438 4821 alia
2474 4767 2554 4822 sic
2583 4767 2660 4821 ait
2692 4785 2706 4821 :
2742 4765 2890 4820 Sicut
2915 4768 3343 4837 praevaricatores
3387 4767 3563 4836 legum
3604 4767 3742 4820 diri-

2174 4874 2359 4912 narum
2381 4899 2398 4923 ,
2427 4859 2504 4911 ita
2541 4867 2590 4911 et
2617 4867 2990 4927 contemptores
3029 4858 3464 4911 consuetudinum
3496 4857 3743 4912 ecclesia—

2172 4949 2426 5000 sticarum
2454 4947 2720 5002 coercendi
2759 4957 2900 5002 sunt.
2937 4948 3066 5003 item
3107 4949 3174 5004 ad
3208 4948 3531 5005 Ianuarium
3570 4993 3581 5002 .
3618 4947 3744 5005 0m-

2175 5039 2263 5090 uia
2293 5037 2448 5103 talia,
2475 5055 2594 5108 qua:
2623 5055 2713 5092 nec
2742 5047 3046 5092 sanctarum
3073 5039 3471 5109 Scripturarum
3502 5039 3741 5094 auctori-

2176 5129 2370 5180 tatibus
2401 5129 2751 5190 continentar,
2782 5145 2871 5184 nec
2891 5130 3780 5186 concavas-“WA
