3988 5328
172 277 294 340 857

1083 271 1374 329 APPEND.
1414 269 1504 326 ιιι.
1543 302 1612 311 -
1647 264 2580 340 ΜΟΝΗΜΕΝΤΑΖΟΒΕΟΟΜΑΝΑ.

3350 268 3467 328 858

171 396 236 450 in
269 390 617 462 Evangelio:
655 386 779 443 Non
812 394 889 442 cst
915 385 1210 456 discipulus
1258 402 1414 455 super
1457 385 1771 455 magistrum
1801 385 1848 441 Λ
1876 383 2087 436 ﬁnitum
2125 389 2210 436 est
2256 390 2315 436 ut
2353 380 2537 435 nullus
2585 370 2877 450 episcopus
2900 421 2915 446 ,
2947 379 3068 435 nisi
3115 380 3169 435 in
3217 381 3468 454 legitima-

172 482 416 555 (κακὴ.
443 481 522 552 x).
554 479 694 536 Vere
719 477 1089 549 evangelicum
1111 485 1167 532 et
1187 475 1542 546 apostolicam
1567 476 1772 530 doctri-

169 590 316 634 nam
353 580 482 628 ante
515 579 730 642 tempus
773 568 1138 641 iudicaverint
1177 568 1271 638 qui
1311 576 1422 622 tam
1468 567 1774 623 inordinate

171 681 295 721 non
326 664 509 720 solum
536 663 864 719 sententiam
907 659 1109 717 summi
1136 659 1446 730 pontiﬁcis,
1491 659 1588 716 sed
1611 668 1667 715 et
1691 659 1774 730 ip-

171 770 310 816 sum
356 754 786 810 condemnantes
827 753 1232 824 iudicaverunt,
1289 751 1557 807 sententia
1604 751 1775 808 indis-

171 862 374 913 cussa,
399 854 685 902 auctorem
707 843 1012 913 sententias,
1044 843 1374 910 inauditum,
1401 842 1771 901 inconvictum

173 951 286 994 nec
315 936 634 993 confessum
657 980 672 1004 ,
695 937 790 992 sed
813 951 989 1007 neque
1011 943 1337 991 conventum
1363 935 1447 990 vel
1468 933 1772 990 commoni-

171 1032 333 1086 tnm!
358 1029 688 1086 sententiam
714 1029 956 1099 quidem,
985 1043 1108 1098 quze
1130 1026 1225 1081 tali
1246 1035 1488 1096 tempore
1508 1042 1540 1080 a
1561 1026 1770 1098 synodo

173 1119 437 1180 Romana
477 1121 824 1191 promulgata
870 1129 955 1175 est
977 1160 993 1186 ,
1041 1117 1263 1188 quando
1298 1118 1444 1172 nulla
1477 1117 1546 1174 de
1583 1117 1770 1188 praesi-

171 1213 346 1268 dente
385 1213 752 1269 contradictio
795 1210 934 1277 fuit;
984 1210 1163 1279 ipsum
1213 1208 1593 1279 praesidentem
1618 1250 1634 1277 ,
1679 1209 1769 1265 cui

171 1310 314 1359 tunc
344 1302 613 1374 temporis
641 1318 750 1358 non
785 1301 964 1357 solum
999 1316 1063 1357 ea
1089 1317 1213 1372 qua
1257 1300 1313 1372 in
1356 1301 1478 1356 istis
1523 1301 1788 1371 partibus-

168 1401 262 1448 est
291 1392 566 1460 Ecclesia,
601 1395 694 1450 sed
725 1394 817 1448 illa
847 1409 972 1464 qua:
1005 1392 1060 1448 in
1109 1401 1227 1448 toto
1272 1393 1407 1448 orbe
1443 1392 1641 1449 diﬂ'usa
1683 1402 1769 1450 est

167 1483 422 1539 debitam
445 1485 848 1555 subiectionem
876 1484 1150 1551 exhibuit;
1181 1484 1357 1553 illum,
1395 1484 1640 1556 inquam,
1665 1501 1786 1542 suo.

169 1583 225 1633 et
259 1591 378 1630 non
408 1576 656 1647 synodali
698 1577 904 1646 iudicio
927 1575 1326 1645 refutaverunt,
1357 1585 1412 1632 et
1435 1578 1604 1632 alium
1627 1619 1642 1645 ,
1670 1578 1766 1649 qui

1876 473 2084 546 synodo
2111 482 2166 529 et
2206 488 2308 528 suo
2337 481 2604 542 tempore,
2638 471 2936 542 apostolica
2973 473 3294 530 auctoritate
3323 490 3457 530 con-

1873 575 2086 632 vocata,
2115 564 2352 635 iudicari
2391 573 2486 618 aut
2519 564 2770 620 damnari
2812 565 3012 635 possit;
3049 575 3104 621 et
3141 566 3287 636 quod
3337 567 3456 624 sine

1872 657 2063 728 prima:
2086 655 2231 712 sedis
2255 655 2574 711 auctoritate
2611 653 2841 712 concilia
2884 669 3003 712 rata
3041 672 3164 713 esse
3191 673 3300 712 non
3326 673 3455 728 pos-

1873 749 2002 804 sint.
2049 746 2175 806 lltcc
2219 747 2313 819 qui
2347 748 2544 818 quaerit
2567 789 2582 814 ,
2611 748 2858 805 invenire
2905 749 3109 820 poterit
3144 748 3200 803 in
3234 750 3474 820 scriptis,

1873 842 2297 913 apostolicorum
2322 839 2472 908 Julii,
2504 839 2748 909 Damasi,
2777 839 3036 910 Marcelli,
3075 842 3276 900 Gclasii
3317 843 3455 902 alio-

1872 948 2124 1004 rumque,
2148 933 2306 988 bcato
2327 931 2536 988 Isidoro
2557 932 2794 1004 idipsum
2822 943 3131 991 attestantc.

1909 1023 2248 1081 -Mirandum
2288 1023 2456 1096 igitur
2491 1033 2576 1082 est
2619 1026 2770 1082 viros
2811 1027 3109 1097 prudentes
3151 1026 3289 1082 adeo
3322 1036 3453 1083 nota

1870 1117 2132 1174 oblivioni
2161 1116 2472 1184 tradidisse,
2522 1118 2638 1188 qui,
2686 1118 2836 1173 nulla
2883 1118 3148 1174 existente
3202 1119 3410 1190 synodo
3437 1130 3469 1185 ,'

1871 1209 2023 1264 illum
2050 1209 2365 1280 episcopum
2405 1208 2714 1279 iudicantes
2737 1209 3170 1280 reprobavcrunt
3198 1211 3314 1265 sine
3358 1227 3456 1266 cu—

1863 1301 1955 1371 jus
1995 1301 2320 1356 auctoritate
2364 1316 2468 1356 nec
2524 1302 2844 1371 episcopum
2889 1302 3128 1374 aliquem
3169 1301 3453 1365 damnare,
3505 1352 3507 1354 .

1868 1407 1970 1448 nec
1998 1391 2248 1462 generale
2277 1391 2574 1448 concilium
2613 1391 2739 1446 licet
2774 1405 3127 1461 congregare.
3174 1389 3316 1445 Ecce
3354 1405 3456 1444 no-

1865 1497 1969 1538 vus
1993 1482 2128 1536 ordo
2156 1482 2504 1552 iudiciarius,
2536 1496 2665 1537 ecce
2699 1489 2915 1536 matura
2942 1480 3158 1536 Domini
3200 1480 3452 1537 saterdo—

1866 1582 1983 1630 tum
2025 1573 2272 1645 iudicia!
2325 1572 2421 1628 lsti
2457 1574 2672 1644 iudices
2711 1573 2758 1630 si
2807 1589 2874 1628 eo
2918 1589 3030 1644 quo
3068 1573 3456 1644 iudicaverunt

170 1666 342 1736 paulo
365 1675 500 1722 ante
533 1682 566 1721 a
601 1668 728 1723 sede
769 1668 1070 1738 apostolica
1113 1668 1407 1727 damnatus
1435 1679 1556 1737 est,
1587 1670 1763 1730 eidem
1797 1726 1838 1740 ἢ
1859 1666 2239 1737 iudicarentur
2263 1665 2540 1740 [iudicio],
2569 1666 2645 1721 ita
2668 1675 2781 1721 uta
2809 1665 3042 1722 subditis
3064 1666 3181 1722 suis
3205 1665 3453 1721 eamdem

169 1726 290 1811 sedi
325 1771 454 1828 qua
479 1757 635 1818 illum
666 1726 1022 1816 damnaverat
1045 1801 1059 1827 ,
1091 1761 1402 1831 pontiﬁcem
1438 1726 1762 1834 designave-
1796 1726 1839 1781 Β
1859 1726 2346 1829 pradamnationis
2368 1726 2546 1814 vicem
2573 1758 2880 1828 reciperent
2913 1772 3079 1828 quam
3105 1757 3329 1828 praelato
3353 1773 3456 1812 suo

169 1855 344 1915 runt,
376 1847 626 1906 Romana
674 1849 916 1910 Ecclesia
961 1866 1065 1906 nec
1107 1853 1330 1908 conscia
1380 1868 1482 1909 nec
1531 1869 1764 1910 conseri.-
1863 1848 2284 1920 impenderunt;
2313 1863 2660 1920 nequaquam
2692 1849 2799 1904 hoc
2827 1847 3262 1903 ecclesiasticum
3304 1845 3464 1917 iudi--

168 1938 360 1998 tiente.
400 1938 545 2006 Quid
581 1941 750 2013 igitur
774 1957 1048 2003 canonum
1085 1943 1417 2000 testimoniis
1454 1945 1523 2000 ad
1559 1945 1764 2017 impro-

171 2028 353 2085 banda
393 2031 511 2086 hmc
544 2031 753 2101 iudicia
795 2033 1130 2104 indigemus,
1174 2051 1298 2105 quae
1326 2050 1428 2092 nec
1450 2036 1763 2096 similitudi-

170 2136 295 2177 nem
317 2130 670 2178 sensatorum
687 2125 1024 2195 iudiciorum
1047 2136 1255 2194 tenent,
1280 2128 1373 2182 sed
1396 2129 1557 2199 quasi
1584 2129 1760 2199 prima

171 2209 352 2268 fronte
380 2212 540 2285 plena
578 2214 932 2286 blasphemiae
953 2218 1249 2286 apparent?
1279 2216 1437 2286 Nam,
1475 2229 1536 2274 ut
1568 2237 1760 2276 verum

173 2301 466 2371 fateamur,
488 2305 627 2360 nihil
655 2306 711 2361 in
739 2317 1056 2363 sanctorum
1077 2308 1304 2365 Patrum
1329 2310 1546 2380 scriptis
1567 2322 1758 2369 contra

173 2391 489 2462 huiusmodi
523 2401 977 2468 praesumptiones
1030 2399 1337 2470 specialiter
1375 2402 1612 2458 edictum
1655 2420 1757 2462 nos

171 2481 447 2545 invenisse
476 2488 867 2555 meminimus,
899 2490 1025 2561 quia
1074 2490 1302 2548 insania:
1346 2507 1458 2550 non
1503 2502 1624 2548 erat
1669 2495 1756 2550 lex

171 2577 440 2647 ponenda.
467 2576 548 2633 Ex
575 2580 876 2635 abundanti
903 2590 1087 2636 autem
1127 2584 1197 2638 ab
1237 2587 1480 2656 antiquis
1509 2589 1754 2648 doctori-

171 2667 270 2724 bus
296 2676 572 2725 statutum
616 2681 702 2726 est
739 2682 930 2728 contra
968 2673 1089 2730 illas
1122 2675 1498 2746 imperitorum
1536 2682 1752 2751 episco—

167 2770 366 2836 porum
387 2756 789 2828 infestationes,
811 2778 954 2832 quae,
981 2765 1082 2819 etsi
1105 2765 1175 2819 ab
1195 2766 1597 2824 adversantium
1620 2770 1728 2828 insi
1747 2806 1755 2813 -

170 2849 272 2906 diis
296 2850 619 2919 procedant,
653 2853 972 2909 nonnullam
1019 2863 1203 2911 tamen
1249 2857 1523 2926 aequitatis
1559 2859 1753 2932 imagi-

171 2953 292 2998 nem
337 2941 704 3010 praetendunt,
754 2944 959 3002 scilicet
1005 2945 1261 3014 induciis,
1315 2935 1766 3020 evocationibus,

1862 1940 2031 2008 cium,
2080 1940 2175 1998 sed
2218 1955 2347 1998 vere
2395 1939 2638 1997 furorem
2685 1939 3031 2011 tyrannicum
3080 1938 3449 1994 nominarent.

1860 2029 1972 2089 Nec
1997 2033 2050 2088 id
2071 2033 2304 2100 mirum;
2337 2048 2486 2099 nam,
2513 2040 2575 2087 ut
2595 2032 2662 2087 de
2683 2031 2958 2102 episcopis
2979 2040 3278 2097 taceamus,
3304 2038 3454 2085 certe

1861 2124 1996 2180 nulli
2023 2125 2332 2191 hominum,
2356 2124 2735 2195 cuiuscunque
2761 2122 3120 2194 professionis
3149 2123 3236 2178 vel
3262 2121 3453 2182 condi-

1859 2216 2025 2274 tionis
2051 2217 2144 2284 sit,
2175 2218 2282 2272 tale
2309 2217 2579 2288 iudicium
2602 2216 2728 2286 iure
2755 2217 3036 2286 competit,
3069 2215 3232 2288 quale
3267 2215 3324 2269 in
3359 2213 3452 2268 ul-

1859 2305 1974 2380 lum
2025 2307 2295 2378 processit
2324 2308 2420 2378 qui
2465 2323 2496 2364 a
2540 2309 2692 2364 nullo
2732 2308 2954 2364 homine
2975 2307 3308 2380 iudicandus
3343 2314 3447 2360 est.

1861 2397 2015 2455 Sicut
2041 2399 2151 2466 ille,
2181 2401 2494 2470 apostolica?
2516 2401 2781 2457 doctrina:
2802 2402 2985 2457 adhuc
3005 2399 3247 2466 nescius,
3275 2412 3449 2454 cano-

1857 2503 1990 2545 num
2019 2491 2264 2561 ignarus,
2287 2491 2620 2550 Nicodemus
2652 2494 2793 2550 dixit
2817 2513 2831 2549 :
2859 2493 3118 2564 Nunquid
3143 2493 3230 2547 lca:
3266 2500 3450 2546 nostra

1847 2580 2061 2650 judicat
2085 2599 2422 2654 quemquam,
2450 2587 2556 2640 nisi
2580 2587 2816 2642 audierit
2837 2589 2903 2642 ab
2937 2589 3052 2656 ipso
3081 2587 3231 2656 prius
3266 2592 3319 2640 et
3360 2599 3450 2638 co-

1856 2675 2092 2744 gnoverit
2124 2675 2252 2744 quid
2284 2676 2495 2745 faciat?
2515 2675 2694 2747 (Joan.
2722 2677 2846 2747 vn.)

1925 2763 2003 2819 De
2048 2765 2141 2820 illo
2183 2774 2365 2821 autem
2415 2766 2721 2841 (Guiberto)
2753 2767 2884 2838 quid
2929 2767 3199 2832 dicamus,
3227 2765 3344 2836 qui,
3375 2767 3445 2821 ad

1855 2855 2219 2924 supplendum
2248 2856 2414 2926 huius
2439 2858 2672 2930 depositi
2701 2859 2906 2926 locum,
2933 2866 3044 2912 tam
3090 2857 3314 2928 provide
3347 2858 3443 2912 de-

1853 2942 2138 3014 ligentium
2167 2944 2528 3015 dispositione
2561 2956 2779 3003 erectus
2807 2948 2924 3003 est?
2951 2945 3090 3002 Vere
3116 2947 3183 3002 de
3213 2947 3306 3001 illo
3335 2947 3454 3003 hoc-

171 3027 626 3098 discussionibus,
653 3032 882 3104 aliisque
911 3033 1068 3105 iuxta
1108 3046 1353 3092 tenorem
1389 3039 1745 3110 iudiciorum.

1855 3031 2088 3088 dicimus
2125 3034 2377 3103 verisque
2421 3034 2654 3091 testibus
2695 3037 3084 3106 approbamus,
3117 3035 3294 3106 quod,
3335 3036 3438 3091 etsi

170 3118 246 3182 Ad
287 3119 524 3180 istorum
550 3124 860 3184 cautionem
889 3127 1330 3199 distinguendam
1359 3131 1408 3186 si
1449 3133 1750 3192 αυοιοιιῑωε
1783 3118 1820 3129 ν
1848 3123 1962 3192 iam
1991 3137 2091 3192 pro
2118 3123 2234 3179 suis
2256 3124 2527 3180 erratibus
2552 3141 2653 3181 nec
2677 3126 2970 3182 damnatus
2995 3135 3263 3182 essetnec
3283 3126 3440 3182 dam-

171 3221 200 3270 a
220 3208 378 3270 nobis
403 3212 722 3288 requiritur,
765 3231 877 3270 non
919 3215 1329 3288 Scripturarum
1369 3231 1624 3292 excerpta
1654 3226 1749 3282 sed

169 3297 445 3355 volumina
488 3304 835 3374 opponimus,
891 3309 1034 3363 sicut
1079 3319 1164 3366 est
1210 3311 1349 3366 liber
1402 3313 1747 3372 decretorum

170 3390 583 3463 pontiﬁcalium,
610 3396 706 3467 qui
734 3413 872 3468 pene
902 3408 1049 3456 totus
1083 3401 1138 3456 in
1174 3403 1367 3459 talium
1402 3406 1747 3465 dlscussionc

172 3481 402 3539 cuditur.
451 3483 558 3540 Sed
593 3503 661 3542 ne
689 3489 827 3543 nihil
855 3490 1052 3546 horum
1091 3494 1159 3548 ad
1188 3511 1430 3564 praesens
1464 3497 1746 3557 induxisse

170 3571 451 3629 videamur
471 3617 487 3642 ,
524 3576 657 3633 illud
703 3579 908 3635 saltem-
939 3582 1081 3637 beati
1117 3583 1363 3656 Gregorii
1392 3588 1702 3649 inseramus
1726 3636 1742 3661 ,

169 3663 305 3734 quod
345 3666 417 3720 ad
455 3665 721 3727 Joannem
748 3669 1086 3741 Defensorem
1121 3685 1342 3733 euntem
1369 3679 1425 3733 in
1453 3679 1743 3753 Hispanias

169 3755 350 3820 scribit
388 3757 458 3813 de
501 3757 777 3830 Stephano
809 3764 1065 3836 episcopo
1091 3809 1105 3833 ,
1155 3769 1250 3839 qui
1284 3769 1485 3842 iniuste
1518 3789 1640 3831 esse
1684 3787 1760 3834 sc'

168 3845 470 3916 depositum
499 3864 831 3922 conquestus
857 3867 959 3912 est.
993 3857 1260 3929 Primum,
1289 3862 1488 3933 inquit,
1515 3867 1742 3940 diligen-

169 3947 242 3990 ter
283 3944 629 4010 querendum
654 3955 734 4000 est
773 3948 820 4001 si
837 3947 1104 4017 judicium
1133 3953 1507 4012 ordinabiliter
1531 3968 1610 4015 est
1643 3962 1740 4015 Im—

168 4028 344 4097 bitum,
377 4033 430 4086 si
456 4033 555 4088 alii
585 4047 939 4106 accusatores,
970 4041 1068 4096 alii
1102 4052 1256 4098 testes
1289 4046 1526 4115 fuerunt;
1552 4051 1739 4106 deinde

166 4136 443 4179 causarum
469 4125 725 4195 qualitas,
748 4130 816 4195 si,
848 4143 1098 4187 accusata
1120 4146 1393 4205 prasente,
1411 4140 1506 4193 sub
1523 4142 1736 4213 jureju-

167 4211 322 4266 rando
347 4224 537 4269 contra
565 4234 685 4271 eum
711 4222 1068 4278 testimonium
1093 4226 1295 4280 dictum
1321 4238 1420 4296 est,
1451 4233 1499 4285 si
1527 4211 1738 4304 respon-

165 4301 311 4364 dendi
332 4303 510 4364 locum
530 4308 738 4379 habuit,
776 4315 826 4372 si
850 4317 1175 4372 examinatio
1199 4336 1544 4390 personarum
1579 4301 1736 4382 accu-

1851 3214 2088 3280 nandus,
2117 3215 2212 3270 sed
2238 3223 2292 3270 et
2319 3217 2502 3272 sedem
2526 3217 2674 3272 illam
2695 3227 2982 3274 vacantem
3006 3218 3322 3288 invenisset,
3348 3221 3438 3276 cui

1849 3320 1997 3361 nunc
2022 3307 2317 3375 superstite
2345 3308 2600 3378 pontiﬁce
2633 3310 2974 3366 adulterinus
3009 3311 3234 3366 invasor
3259 3311 3434 3381 depu-

1847 3405 1994 3453 tatus
2017 3406 2128 3466 est,
2158 3406 2363 3466 tamen,
2396 3408 2538 3455 teste
2562 3401 2726 3456 beato
2755 3401 2938 3458 Leone
2961 3444 2976 3470 ,
3006 3402 3154 3470 nulla
3182 3401 3324 3457 ratio
3355 3402 3436 3458 si-

1845 3497 2000 3545 neret
2024 3497 2086 3544 ut
2110 3489 2254 3546 inter
2279 3490 2564 3562 episcopos
2595 3493 2910 3561 haberetur,
2939 3510 3102 3564 quem
3126 3509 3229 3549 nec
3256 3493 3438 3550 clerus

1843 3578 2006 3650 elegit
2040 3594 2144 3635 nec
2168 3580 2403 3650 populus
2433 3582 2712 3652 expetivit.
2741 3583 2991 3655 Cumque
3020 3584 3266 3654 eiusdem
3290 3583 3434 3640 Leo-

1844 3670 1930 3726 nis
1967 3679 2132 3742 atque
2160 3670 2442 3728 Coelestini
2467 3674 2756 3730 sententiis
2783 3675 3080 3732 difllnitum
3119 3676 3192 3732 sit
3219 3685 3281 3732 ut
3310 3678 3436 3732 nul-

1842 3761 1909 3817 lis
1936 3762 2124 3820 invitis
2162 3764 2451 3835 episcopus
2491 3765 2672 3835 detur,
2720 3777 2930 3838 quanto
2971 3768 3156 3824 minus
3198 3769 3276 3823 illi
3324 3768 3430 3826 Ec-

1840 3851 2020 3907 clesia:
2082 3852 2289 3908 nolenti
2355 3854 2649 3927 episcopus
2705 3858 2928 3914 aliunde
2977 3861 3433 3929 superponendus

1838 3943 1988 4007 erat,
2020 3958 2144 4012 qua:
2169 3944 2257 3999 sui
2285 3943 2662 4003 incolumitate
2709 3948 2988 4018 pontiﬁcis
3033 3960 3088 4004 et
3134 3951 3428 4005 concordia

1838 4031 2009 4099 potita
2031 4040 2132 4087 est.
3229 4087 3234 4092 _
3487 4041 3490 4044 ’

1907 4122 2050 4194 Ergo
2083 4123 2208 4193 quia
2236 4140 2362 4180 cum
2398 4125 2713 4196 huiusmodi
2745 4130 3050 4199 portionem
3081 4146 3285 4200 ponere
3314 4147 3426 4187 non

1835 4211 2231 4281 acquievimus,
2275 4214 2654 4270 maledicimur
2695 4226 2750 4272 et
2793 4219 3230 4287 persecutionem
3284 4221 3426 4290 pati-

1835 4319 1961 4358 mur
2001 4303 2182 4372 (Joan.
2223 4305 2328 4376 ιιι),
2359 4317 2414 4363 et
2447 4308 2596 4364 velut
2635 4318 2798 4366 tanta:
2837 4311 3126 4377 discordia:
3170 4321 3424 4368 auctores

163 4396 387 4455 unitum
419 4415 483 4452 ac
513 4403 915 4472 muﬁcamium
943 4409 1256 4480 regulariter
1282 4415 1427 4485 facta
1463 4427 1563 4482 est;
1596 4422 1735 4491 quod
1766 4416 1811 4470 ι)
1835 4395 2020 4491 traditi
2044 4411 2236 4491 sumus
2273 4412 2376 4452 nos
2409 4406 2465 4452 et
2496 4407 2682 4455 nostra
2706 4399 2761 4454 in
2785 4399 3144 4471 direptionem
3165 4402 3426 4457 omnibus
3485 4475 3487 4478 ι

164 4487 206 4548 si
245 4487 378 4556 forte
419 4488 530 4544 huc
582 4493 886 4552 solemniter
928 4509 1051 4554 acta
1079 4517 1182 4556 non
1205 4513 1367 4574 sunt,
1398 4508 1453 4560 in
1489 4487 1731 4566 Ecclesia

165 4591 253 4630 sua
276 4578 515 4637 omnibus
542 4583 716 4638 modis
751 4597 1035 4644 revocetur.
1079 4591 1154 4646 Ili
1182 4610 1299 4649 vero
1323 4598 1416 4667 qui
1452 4615 1572 4652 eum
1600 4619 1729 4656 con.-

166 4676 241 4726 tra
271 4667 369 4725 Dei
414 4673 658 4729 timorem
701 4685 753 4731 et
799 4687 1003 4734 statuta
1047 4700 1307 4740 canonum
1355 4689 1730 4748 condemnave-

164 4767 304 4827 mtt,
340 4761 412 4819 ad
455 4765 720 4833 agendam
755 4772 1118 4838 pwnitentiam
1165 4777 1407 4832 mittendi
1459 4790 1581 4836 sunt
1635 4800 1727 4837 sex

161 4850 430 4920 mensibus,
467 4854 549 4908 ita
593 4873 721 4912 sane
748 4869 827 4926 ut,
869 4863 918 4916 si
949 4859 1116 4918 alicui
1148 4883 1329 4921 eorum
1365 4873 1554 4927 mortis
1602 4891 1728 4929 con-

161 4943 323 5012 tigerit
368 4945 644 5013 imminers
686 4951 1008 5023 discrimen,
1070 4957 1254 5014 viatici
1299 4959 1590 5019 benedictio
1623 4983 1726 5020 non

159 5044 372 5103 negetur.

226 5144 440 5205 Videant
485 5165 617 5221 ergo
651 5157 1038 5223 praidictorum
1079 5159 1413 5230 iudiciorum
1451 5167 1720 5225 mediato-

154 5261 256 5313 res,
278 5245 322 5302 si
356 5248 411 5303 in
447 5249 683 5312 Romani
711 5261 960 5326 praasulis
988 5260 1319 5320 refutatione
1343 5266 1428 5320 vel
1452 5283 1624 5324 unum
1647 5271 1714 5328 de

1831 4488 1926 4558 qui
1965 4488 2022 4542 in
2059 4487 2291 4543 circuitu
2313 4498 2500 4545 nostro
2530 4500 2680 4546 sunt.
2725 4491 2881 4559 Vere,
2911 4501 2970 4548 ut
3000 4492 3179 4561 aiunt,
3208 4493 3278 4547 ab
3313 4494 3422 4548 illis

1829 4577 1925 4644 qui
1942 4577 2058 4632 haec
2079 4575 2307 4645 faciunt,
2327 4577 2726 4646 discordamus,
2751 4581 2845 4636 sed
2874 4596 2981 4636 non
3004 4597 3188 4637 amore
3209 4582 3412 4638 discor-

1828 4664 1952 4733 diae,
1986 4666 2097 4722 imo
2131 4666 2326 4723 timore
2361 4677 2636 4739 perpetuae
2664 4672 3030 4727 damnationis
3051 4714 3067 4740 ,
3100 4673 3232 4729 certi
3271 4675 3420 4744 quod

1827 4759 2117 4814 anathema
2164 4761 2322 4818 nobis
2365 4771 2510 4818 esset
2551 4763 2669 4818 sine
2705 4762 2834 4831 line,
2883 4763 2931 4820 si
2979 4763 3036 4819 in
3073 4767 3274 4822 talibus
3319 4783 3422 4823 nos

1828 4853 2167 4925 contingeret
2202 4854 2370 4908 vitam
2407 4854 2587 4910 ﬁnire.

1856 4981 1862 4986 -
1893 4949 2037 5007 Ecce
2069 4961 2130 5008 ut
2165 4951 2400 5022 iussisti,
2453 4967 2488 5007 ο
2527 4952 2883 5010 dilectissime
2920 4957 3142 5026 pmsul,
3183 4957 3314 5031 quid
3362 4960 3431 5033 in

1824 5037 1931 5096 hac
1960 5057 2020 5097 rc
2051 5043 2414 5098 mediocritati
2453 5054 2654 5099 nostra:
2701 5043 2971 5113 videatur,
3009 5049 3266 5110 charitati
3313 5058 3433 5108 tua)

1822 5137 2135 5207 expositum
2171 5147 2274 5194 est.
2318 5137 2376 5191 Si
2416 5147 2597 5193 autem
2643 5154 2674 5192 a
2718 5140 3168 5208 prudentioribus
3207 5145 3424 5218 potiora

1822 5229 2130 5295 audiemus,
2171 5225 2435 5283 obaudire
2460 5229 2636 5296 parati
2664 5243 2879 5298 sumus,
2925 5248 2989 5289 ea
3040 5245 3223 5293 tamen
3273 5233 3421 5291 inter
