3988 5328
551 387 658 442 859

1526 391 1618 445 ΑΙ)
1651 391 1878 448 ΟΡΕΗΑ
1913 393 1970 450 S.
2011 395 2339 453 GREGORH
2381 397 2822 454 APPENDICES.
2853 432 2855 434 -

3694 403 3829 458 seo-

551 501 850 559 dilllnitiva:
867 499 1179 568 sententiae,
1206 517 1326 572 qua:
1349 504 1494 558 nulla
1518 515 1746 574 possunt
1770 510 1979 564 ratione
2000 525 2130 566 con-
2157 513 2203 569 A
2232 511 2341 564 lum
2363 519 2445 566 cst
2468 521 2523 567 et
2555 513 2733 569 modis
2755 513 3009 568 omnibus
3035 513 3354 570 cavendum.
3397 514 3490 570 llla
3519 523 3696 578 autem
3720 519 3810 572 di-

553 597 697 661 velli,
743 611 774 649 a
824 594 1025 650 sanctis
1067 593 1319 649 Patribus
1368 597 1722 667 promulgatae
1765 609 1910 666 sunt,
1948 600 2023 656 ita
2065 610 2126 656 ut

550 685 758 738 nullum
781 683 1074 737 dubietatis
1093 684 1409 755 scrupulum
1433 685 1768 756 reliquerint.
1793 687 1950 756 Ecce,
1975 692 2122 746 omni

547 770 991 841 tergiversatione
1013 780 1238 838 remota,
1263 788 1441 829 causa:
1472 789 1505 829 a
1526 770 1683 831 nObis
1716 778 1974 849 expositae
1999 789 2131 836 sunt-

547 861 614 914 de
646 870 746 915 nec
780 861 922 929 quod
945 863 1453 931 excommunicatis,
1477 866 1674 935 quibus
1713 867 1789 928 illi
1822 873 2126 925 communi-

547 961 690 1014 cant,
727 967 834 1007 non
887 954 1384 1024 communieamus;
1437 949 1579 1028 quod
1628 963 1935 1030 apostolicae
1981 966 2124 1023 sedis

545 1043 808 1111 pontiﬁci,
866 1054 918 1098 et
966 1045 1108 1100 beati
1143 1047 1287 1102 Petri
1331 1050 1536 1106 vicario
1587 1053 1971 1111 abrenuntiare
2014 1074 2122 1114 non

544 1136 956 1202 praesumimus;
991 1139 1158 1208 quod,
1191 1141 1379 1197 eodem
1413 1143 1623 1200 vivente
1645 1157 1699 1200 et
1730 1161 1855 1201 cum
1880 1148 2124 1207 Romana

545 1225 789 1282 Ecclesia
823 1232 1164 1287 concorditer
1207 1244 1418 1305 agente,
1457 1237 1626 1292 alium
1660 1240 1726 1293 ad
1756 1243 2000 1297 eamdem
2035 1260 2122 1300 se-

543 1319 664 1374 dem
705 1321 903 1392 eligere
934 1333 1028 1378 aut
1063 1325 1386 1396 eligentibus
1433 1330 1743 1387 consentire
1770 1349 1878 1389 non
1901 1337 2122 1405 acquie-

543 1411 772 1466 scimus.
815 1412 955 1484 Ergo
978 1415 1026 1468 si
1062 1416 1140 1470 illi
1170 1418 1263 1487 qui
1288 1421 1558 1476 contraria
1587 1433 1798 1492 gerunt,
1820 1425 2124 1482 verioribus

543 1510 598 1556 ct
627 1504 1152 1571 praepollentioribus
1172 1510 1514 1566 documentis
1545 1528 1607 1566 ea
1639 1514 1802 1570 licere
1824 1519 2125 1586 approbant

542 1609 667 1662 qua:
699 1611 798 1650 nos
837 1597 1022 1652 illicita
1062 1614 1181 1656 esse
1215 1601 1725 1672 demonstravimus,
1782 1625 1999 1678 aequum
2041 1622 2125 1668 est

544 1691 605 1736 ut
641 1685 870 1739 rectiora
923 1687 1243 1745 docentibus
1278 1701 1331 1746 et
1363 1693 1608 1748 auditum
1637 1705 1691 1750 et
1716 1712 2003 1756 assensum
2034 1717 2126 1760 ac-

543 1777 971 1834 commodemus.

2225 602 2365 656 vina:
2393 603 2528 672 legis
2555 613 2837 674 praecepta.
2857 605 3056 673 quibus
3117 605 3442 670 innituntur,
3492 592 3622 663 licet
3655 611 3807 664 omni

2224 693 2572 749 veneratione
2595 695 2913 765 dignissima
2941 697 3067 761 sint,
3093 713 3204 752 non
3227 706 3408 760 tamen
3450 707 3512 756 ut
3540 699 3622 758 illi
3649 701 3809 756 intel-

2225 783 2316 854 ligi
2336 786 2530 839 volunt
2550 786 2898 857 intelligimus
2921 806 2934 841 :
2959 789 3208 844 videlicet
3248 798 3309 846 ut
3344 791 3617 860 quidquid
3649 794 3806 861 quis-

2225 890 2332 946 que
2359 875 2525 946 juret,
2556 877 2924 933 indifferenter
2947 887 3000 934 et
3022 879 3140 934 sine
3169 881 3553 936 retractatione
3579 897 3808 938 servan-

2224 966 2356 1021 dum
2381 967 2480 1034 sit;
2519 969 2652 1038 quin
2690 969 2872 1039 potius
2899 970 3023 1036 hoc,
3050 971 3196 1041 quod
3225 971 3492 1043 scriptum
3521 980 3608 1028 est
3635 993 3647 1028 :
3684 973 3810 1026 Non

2224 1058 2424 1127 pollues
2460 1077 2646 1115 nomen
2675 1061 2774 1115 Dei
2804 1063 2882 1116 tui
2915 1064 2968 1116 in
3011 1081 3204 1117 cauum
3236 1063 3430 1135 (Leuit;
3453 1065 3650 1134 xvm);
3686 1065 3807 1118 Non

2223 1151 2518 1221 perjurabis
2570 1152 2625 1204 in
2675 1169 2786 1206 meo
2835 1154 3040 1208 nomine
3093 1153 3285 1224 (Leuit.
3347 1154 3496 1224 nx),
3553 1157 3808 1212 cautione

2225 1242 2430 1317 [caute]
2455 1246 2712 1301 omnibus
2739 1247 3136 1313 observandum
3157 1263 3279 1304 esse
3305 1250 3604 1315 credimus,
3626 1261 3686 1305 ut
3713 1260 3807 1304 aut

2225 1337 2362 1391 nihil
2385 1338 2571 1408 jurent
2607 1355 2728 1409 qum
2764 1340 2997 1409 iuranda
3023 1356 3134 1394 non
3165 1349 3310 1407 sunt,
3356 1351 3413 1396 et
3460 1358 3587 1418 qua:
3625 1343 3818 1412 jurata.

2227 1431 2434 1484 servari
2468 1446 2566 1486 nec
2588 1431 2784 1485 debent
2832 1447 2932 1486 nec
2955 1440 3201 1502 possunt,
3235 1433 3317 1488 vel
3345 1443 3560 1488 servata
3587 1434 3640 1488 in
3661 1436 3806 1489 aliud

2226 1520 2404 1590 majus
2444 1529 2537 1575 aut
2575 1537 2728 1592 atque
2767 1537 3025 1593 magnum
3072 1522 3374 1592 periculum
3421 1522 3705 1577 inducunt.
3746 1523 3830 1578 Si.

2226 1614 2323 1684 qui
2348 1614 2596 1670 doctores
2630 1615 2874 1671 subditos
2915 1631 3046 1671 suos
3086 1625 3182 1671 aut
3212 1617 3438 1672 omnino
3467 1633 3580 1672 non
3602 1618 3804 1687 jurare,

2226 1711 2323 1758 aut
2342 1703 2462 1758 aliis
2481 1703 2824 1772 juramentis,
2852 1705 2899 1760 si
2925 1720 3035 1775 qua
3055 1704 3376 1772 necessitate
3397 1703 3806 1776 ﬁunt,gdiligen-

2228 1795 2361 1850 tiam
2388 1795 2645 1851 adhibere
2683 1810 2794 1852 non
2827 1795 3044 1864 docent,
3069 1796 3184 1862 sed,
3211 1796 3471 1866 quolibet—
3491 1796 3656 1855 modo
3679 1798 3820 1852 ﬁant.

614 1867 719 1923 Sed
754 1869 840 1923 his
861 1887 982 1940 quae
1009 1872 1083 1927 ad
1101 1889 1213 1929 rem
1243 1876 1514 1944 pertinent
1538 1879 1780 1946 omissis,
1805 1882 1938 1938 vitia
1970 1883 2126 1955 [cou-
2158 1887 2200 1942 B
2226 1884 2310 1938 vel
2345 1883 2488 1939 facta
2519 1885 2646 1951 sint,
2688 1867 3012 1940 exsolvenda
3040 1884 3366 1955 pmdicant;
3405 1884 3537 1940 talis
3563 1885 3824 1941 doctrina.

539 1956 702 2028 vicia]
729 1966 784 2012 et
807 1959 1249 2029 vituperationes,
1279 1975 1338 2020 ut
1363 1968 1581 2034 dicitur,
1608 1969 1666 2024 in
1691 1969 1978 2028 Dominum
2001 1991 2128 2045 apo-

541 2049 792 2104 stolicum
827 2050 1103 2122 dictitant;
1143 2057 1276 2126 quid
1304 2059 1409 2116 hoc
1445 2071 1629 2116 nostra
1666 2063 1930 2120 interest?
1969 2067 2026 2121 Si
2059 2068 2127 2124 de

539 2140 652 2195 vita
690 2141 837 2197 illius
869 2145 1069 2214 agitur,
1106 2163 1206 2203 nos
1236 2165 1344 2204 non
1381 2167 1479 2222 pro
1515 2153 1635 2208 vitae
1662 2170 1775 2210 suae
1811 2159 2128 2218 considera-

538 2229 684 2285 tione
729 2232 807 2287 illi
846 2234 1151 2304 obedimus,
1195 2241 1292 2296 sed
1339 2257 1437 2311 pro
1465 2244 1769 2300 ministerio
1814 2248 2020 2304 collata:
2069 2250 2127 2304 in

538 2321 693 2378 illum
727 2325 1026 2396 dignitatis.
1066 2328 1207 2385 Nam
1246 2334 1567 2389 meritorum
1618 2352 1844 2392 suorum
1890 2341 2128 2410 qualitas

538 2415 857 2472 sacerdotali
880 2418 1056 2474 cilicio
1083 2436 1192 2476 non
1217 2423 1555 2492 prmjudicat.
1595 2423 1935 2499 Quapropter
1953 2446 2128 2501 quan:-

536 2503 787 2558 tumlibet
817 2504 992 2572 docte,
1016 2509 1414 2577 quantumlibet
1435 2511 1730 2568 artiﬁciose
1750 2515 2133 2586 in.reprehen-.

537 2592 720 2648 siones
751 2593 899 2650 illius
942 2596 1288 2666 invehantur,
1328 2609 1512 2657 tamen
1553 2603 1799 2660 convicia
1832 2621 1931 2676 pro
1959 2623 2124 2664 accur—

538 2684 749 2740 satione
773 2687 1081 2755 recipienda
1106 2706 1214 2746 non
1237 2701 1382 2754 sunt.
1425 2691 1531 2762 Ipsi
1552 2694 1720 2760 enim,
1744 2705 1804 2750 ut
1830 2697 2123 2766 sapientes,

539 2784 739 2828 norunt
779 2777 946 2845 probe
993 2776 1142 2832 hunc
1175 2794 1301 2835 vere
1341 2782 1631 2839 confusum
1661 2795 1716 2851 et
1736 2800 2128 2858 praeposterum

539 2864 784 2919 ordinem
815 2881 955 2932 esse,
991 2867 1036 2921 si
1081 2868 1254 2936 illum,
1292 2887 1455 2940 quem
1506 2875 1624 2928 sine
1659 2881 2006 2934 accusatione
2044 2883 2128 2936 vel

539 2955 885 3011 discussione
911 2959 1440 3030 praedamnaverunt,
1474 2981 1622 3040 nunc
1653 2969 1868 3024 tandem
1891 2981 2012 3041 post
2044 2973 2128 3038 [aq

537 3055 686 3101 ctum
714 3047 982 3116 judicium
1017 3065 1274 3109 accusent
1307 3065 1359 3111 et
1389 3057 1702 3112 discutiant.

611 3136 716 3193 Sed
737 3149 790 3194 et
813 3141 866 3196 in
891 3143 1014 3209 hoc,
1041 3153 1100 3200 ut
1129 3146 1402 3215 audimus,
1431 3149 1671 3204 studium
1692 3151 1966 3221 exhibent,
1992 3169 2127 3225 qua-

538 3235 697 3284 tenus
721 3246 786 3286 ex
813 3233 998 3290 multis
1026 3233 1431 3307 Scripturarum
1458 3241 1870 3298 collectionibus
1893 3245 2007 3300 suis
2031 3259 2120 3300 se-
2149 3243 2190 3300 C

537 3322 802 3389 quacibus
836 3325 1124 3382 ostendant
1162 3331 1354 3398 quanti
1391 3331 1463 3386 sit
1491 3343 1672 3387 matus
1697 3335 1997 3404 perjurium
2035 3337 2123 3390 in-

539 3428 780 3480 currere,
794 3423 848 3469 et
863 3432 1061 3471 nomen
1082 3417 1297 3473 Domini
1323 3421 1377 3474 in
1401 3437 1599 3475 vanum
1623 3438 1902 3479 assumere
1925 3425 2122 3495 (Exod.

543 3503 656 3571 xx).
698 3502 766 3558 Et
795 3505 863 3560 de
894 3507 1185 3578 episcopis,
1219 3512 1362 3565 sicut
1397 3513 1558 3580 paulo
1589 3522 1724 3568 ante
1773 3516 2126 3584 praediximus

541 3592 674 3660 quia
695 3594 940 3651 insontes
967 3598 1277 3656 damnando
1301 3603 1405 3656 sibi
1435 3603 1556 3672 plus
1586 3614 1783 3660 nocent
1811 3621 1976 3676 quam
2005 3609 2126 3678 qui-

540 3683 646 3740 bus
678 3690 1150 3759 noeerecupiunt,
1183 3709 1306 3762 quae
1336 3694 1555 3763 quidem
1591 3707 1720 3750 sunt
1749 3698 2015 3754 rationem
2034 3715 2126 3754 ve-

541 3774 720 3832 ritatis
746 3777 1022 3848 habentia,
1059 3782 1107 3837 si
1138 3784 1357 3853 quando
1387 3800 1488 3840 suo
1511 3787 1597 3840 vel
1627 3786 1746 3842 loco
1777 3789 1863 3843 vel
1885 3797 2128 3860 tempore

541 3867 914 3938 proferuntur,
959 3873 1220 3944 quiddam
1265 3876 1412 3931 enim
1453 3878 1601 3933 aliud
1647 3895 1814 3949 quam
1861 3882 2003 3950 quod
2039 3898 2126 3938 so-

543 3969 696 4028 nant,
739 3977 1028 4033 suggerere
1066 3975 1346 4036 putantur,
1381 3969 1449 4024 ad
1475 3970 1885 4040 percutiendam
1918 3973 2126 4044 simpli-

542 4051 753 4109 ciorum
798 4054 1031 4111 fratrum
1080 4058 1353 4116 inlirmam
1397 4063 1816 4132 conscientiam,
1859 4075 2126 4136 quatenus

540 4144 622 4198 eis
665 4145 766 4200 sub
815 4149 996 4216 specie
1033 4151 1249 4219 pietatis
1293 4153 1549 4223 laqueum
1576 4156 1841 4226 injiciant,
1875 4167 1929 4213 et
1967 4161 2124 4228 quasi

541 4252 668 4292 vera
699 4239 928 4295 dicendo
956 4239 1174 4311 fallant;
1212 4244 1524 4316 diligentius
1556 4257 1736 4302 autem
1767 4249 2123 4318 intuentibus,

543 4328 610 4381 ad
638 4338 838 4385 nostrae
861 4335 1289 4390 controversiam
1332 4353 1512 4393 causa:
1551 4339 1686 4394 nihil
1730 4343 1998 4410 pertinere
2044 4343 2126 4397 vi-

541 4419 757 4475 dentur.
801 4421 1087 4488 Quomodo
1119 4427 1262 4481 enim
1291 4429 1359 4482 ad
1397 4430 1546 4484 litem
1572 4431 1714 4486 inter
1740 4448 1838 4486 nos
1868 4435 2124 4504 agitatam

545 4508 650 4563 hoc
699 4513 987 4580 pertineat,
1038 4515 1093 4568 in
1141 4531 1251 4585 quo
1295 4533 1521 4587 prorsus
1557 4521 1691 4574 nihil
1725 4523 2122 4591 discordamus,

2226 1975 2376 2030 nullo
2406 1989 2646 2044 unquam
2666 1982 2909 2044 tempore
2941 1989 3073 2049 sana
3107 1974 3342 2041 exstitit;
3371 1974 3605 2030 minime
3629 1985 3804 2028 autem

2226 2063 2284 2118 in
2309 2065 2433 2131 isto,
2461 2064 2518 2118 in
2547 2079 2657 2134 quo
2706 2079 2845 2136 pene
2885 2079 3047 2120 omne
3087 2064 3234 2134 quod
3274 2064 3521 2134 loquitur
3558 2065 3822 2146 populus,_

2226 2156 2532 2234 conjuratio
2567 2164 2673 2215 est.

2297 2276 2568 2344 Quorsum
2594 2286 2774 2346 autem
2803 2277 2919 2333 haec
2941 2279 3356 2348 praadicamenta
3379 2278 3632 2343 tendant,
3649 2279 3805 2332 omis—

2226 2368 2302 2425 sis
2330 2369 2668 2440 ambagibus,
2699 2369 2856 2439 quasi
2892 2371 2960 2426 ad
3006 2371 3189 2424 vivum
3228 2371 3501 2440 tangendo
3538 2370 3802 2425 edissera-

2227 2474 2371 2514 mus.
2413 2458 2524 2516 Hoc
2547 2459 2665 2520 sine
2694 2460 2859 2516 dubio
2896 2461 3013 2526 suis
3040 2461 3542 2526 machinationibus
3575 2461 3824 2514 molinn-__

2225 2560 2334 2622 tur,
2359 2552 2426 2606 ad
2455 2552 2558 2605 hoc
2582 2567 2843 2621 sequaces
2872 2567 3002 2607 suos
3035 2553 3328 2620 perducere
3365 2562 3639 2623 satagunt,
3670 2568 3802 2622 qua-

2225 2650 2386 2698 tenus
2414 2644 2559 2712 quod
2601 2659 2880 2697 summum
2921 2642 3071 2697 nefas
3098 2651 3180 2697 est
3215 2643 3296 2698 fas
3327 2659 3450 2698 esse
3490 2653 3702 2712 putent,
3735 2645 3830 2705 ita,

2194 2781 2196 2783 .
2227 2735 2445 2805 quidem
2483 2744 2553 2789 'ut
2595 2735 2689 2804 qui
2734 2735 2971 2804 propriis
3006 2741 3320 2805 gravantur,
3346 2736 3532 2790 alienis
3555 2751 3806 2790 commu-

2227 2826 2412 2881 nicare
2439 2841 2547 2879 non
2571 2826 2801 2880 timeant
2823 2827 3077 2895 peccatis,
3105 2827 3552 2882 communicando
3575 2843 3802 2881 excom-

2204 2916 2542 2985 -munleatis,
2573 2924 2653 2984 ut,
2686 2917 2835 2971 nulla
2861 2917 3120 2972 suadente
3144 2918 3374 2984 ratione,
3403 2917 3497 2973 sed
3522 2933 3626 2988 pro
3649 2919 3816 2972 libitu—

2227 3005 2508 3062 saecularis
2559 3007 2814 3075 potentiae
2837 3047 2852 3072 ,
2907 3005 3051 3061 illius
3097 3007 3380 3075 potestatis
3431 3021 3467 3060 a
3509 3022 3570 3061 se
3617 3007 3804 3076 jugnm

2226 3095 2517 3165 projiciant
2551 3095 2607 3148 in
2646 3110 2752 3165 qua
2779 3094 3044 3149 Dominus
3073 3104 3126 3150 et
3155 3093 3407 3150 Salvator
3431 3104 3622 3150 noster
3645 3095 3803 3148 totius

2229 3184 2486 3241 Ecclesiae
2511 3187 2692 3256 posuit
2717 3185 3101 3256 principatum,
3134 3187 3277 3240 utin
3312 3186 3499 3241 sedem
3526 3186 3664 3240 adeo
3695 3200 3805 3254 spe-

2223 3277 2429 3332 cialiter
2459 3279 2808 3333 constitutam
2831 3278 3092 3332 violenter
3116 3277 3456 3333 irr'uentibns
3481 3291 3806 3332 consensum

2227 3377 2281 3424 et
2306 3369 2569 3424 auxilium
2594 3369 2889 3440 praebeant.

2293 3490 2378 3550 Ad
2427 3491 2830 3562 persuadendas
2867 3498 3048 3552 autem
3094 3489 3228 3546 tales
3264 3488 3644 3558 blasphemias
3687 3489 3822 3560 quia,

2226 3582 2604 3639 convenientia
2647 3581 2956 3640 testimonia
3010 3597 3117 3635 non
3152 3579 3457 3646 inveniunt,
3505 3581 3721 3635 ratione
3760 3589 3816 3638 et.

2226 3675 2548 3730 auctoritate
2579 3673 2911 3737 deﬁcientes,
2951 3672 3018 3728 ad
3039 3672 3353 3750 juramenta
3377 3669 3705 3740 confugium
3731 3669 3808 3725 la-

2226 3765 2398 3831 ciunt,
2425 3764 2603 3836 quasi,
2630 3763 2965 3834 julrationum
2989 3778 3213 3823 suarum
3243 3763 3597 3827 necessitate,
3628 3776 3810 3816 neces-

2226 3855 2371 3910 sario
2419 3856 2508 3910 illa
2555 3854 2912 3926 perpetranda
2946 3854 3055 3909 sint
3097 3870 3220 3924 qua:
3263 3852 3625 3930 propheticis,
3654 3866 3812 3906 evan-

2227 3948 2413 4018 gelicis
2455 3955 2510 4002 et
2545 3946 2860 4017 apostolicis
2902 3945 3165 4010 institutis
3193 3953 3376 4014 aperta
3417 3943 3602 3998 fronte
3642 3940 3813 3997 retra-

2226 4049 2442 4109 gantur.
2487 4035 2826 4107 Propheticis
2848 4035 3089 4105 quidem,
3127 4035 3267 4091 sicut
3304 4033 3361 4088 in
3386 4031 3812 4089 Deuteronomia

2225 4128 2589 4202 lcgislatocem
2614 4136 2667 4184 et
2683 4129 3013 4198 prophetam
3034 4128 3238 4183 dixisse
3262 4125 3516 4181 novimus
3552 4145 3566 4181 :
3599 4124 3703 4192 Qui
3727 4141 3816 4177 su-

2225 4223 2493 4293 perbierit,
2544 4221 2722 4275 nolens
2770 4221 2976 4277 obedire
3021 4220 3310 4282 sacerdotis
3352 4220 3581 4289 imperio
3623 4221 3715 4290 qui
3758 4234 3812 4274 eo

2227 4322 2454 4383 tempore
2480 4312 2747 4366 ministrat
2785 4310 2893 4363 Deo
2925 4317 3034 4376 tuo,
3065 4324 3130 4362 ex
3158 4309 3366 4366 decreto
3381 4297 3592 4376 judicia
3621 4309 3811 4360 morie-

2228 4413 2316 4458 tur
2337 4405 2490 4458 homo
2516 4402 2626 4469 ille,
2655 4411 2705 4456 et
2736 4402 2942 4470 auferes
2956 4399 3154 4453 malum
3172 4399 3234 4452 de
3253 4395 3422 4451 Israel
3441 4397 3628 4467 (Deut.
3648 4399 3812 4466 xvii);

2227 4495 2531 4566 evangelica
2563 4505 2743 4551 autem
2772 4494 2902 4547 tuba
2938 4492 3147 4546 intonat
3179 4510 3194 4549 :
3231 4488 3353 4543 Non
3396 4498 3473 4543 est
3517 4489 3809 4558 discipulus

545 4599 640 4653 scd
670 4616 736 4654 ex
761 4610 988 4672 utraque
1015 4584 1170 4672 parte
1200 4584 1369 4662 unum
1401 4610 1650 4680 idemque
1682 4610 1916 4668 fatemur
1935 4615 1970 4666 ?-
1989 4584 2126 4669 Nam

2228 4606 2382 4660 super
2408 4589 2720 4658 magistrum
2749 4585 2964 4656 (Matth.
2999 4585 3054 4656 ι)
3081 4603 3095 4651 ;
3135 4584 3510 4655 apostolorum
3552 4593 3736 4638 autem
3765 4594 3814 4638 et

545 4689 668 4756 quis
720 4708 865 4746 sanae
912 4695 1110 4750 mentis
1145 4697 1444 4766 perjurium
1488 4715 1650 4768 grave
1678 4710 1960 4770 peccatum
2005 4720 2126 4761 esse

546 4779 789 4836 dubitet?
828 4784 1104 4852 Similiter,
1140 4788 1284 4856 quod
1313 4789 1380 4842 de
1407 4789 1494 4842 illa
1528 4791 1790 4860 praecipiti
1828 4797 2125 4850 sentcntia-

547 4886 674 4924 rum
694 4874 995 4942 prolatione
1015 4877 1221 4943 dicunt,
1251 4878 1504 4946 dicimus,
1529 4881 1623 4935 sed
1645 4882 1710 4936 ad
1733 4884 1876 4952 quod
1897 4885 2127 4940 dicendo

549 4961 794 5029 tendunt,
829 4981 938 5019 non
967 4969 1367 5038 prosequimur.
1412 4970 1586 5026 Verba
1624 4973 1841 5028 illorum
1874 4976 2019 5030 aliud
2045 4991 2130 5031 so-

551 5056 698 5096 nant-
739 5053 883 5096 nliml
915 5057 1131 5096 cani-Inv
1193 5057 1346 5096 nunc]
1391 5069 1580 5096 [σηπίη-η

1633 5063 1965 5096 ἶιιΛοηΙῖηηοηη
2009 5067 2090 5096 An:

2229 4679 2650 4750 apostolicorum
2694 4677 2866 4748 (454),
2889 4685 2942 4731 et
2985 4684 3203 4746 quantas
3231 4676 3283 4728 in
3316 4675 3436 4729 illos
3463 4673 3811 4728 animadver-

2231 4771 2410 4826 siones
2437 4770 2750 4841 procedant,
2782 4768 2878 4838 qui
2901 4777 3090 4823 contra
3118 4767 3300 4822 sedem
3322 4766 3465 4820 beati
3496 4764 3647 4818 Petri
3675 4765 3813 4832 ejus—-

2230 4877 2335 4930 que
2366 4876 2710 4916 successores
2756 4875 2815 4914 se
2857 4857 3087 4929 erigant,
3141 4872 3236 4927 per
3286 4855 3504 4926 singula
3546 4854 3811 4916 evolvere,

2232 4953 2672 5024 supersedimus;
2708 4951 2837 5021 quia
2878 4949 3068 5004 tritum
3113 4958 3167 5003 et
3215 4947 3490 5017 prolixum
3537 4954 3641 5000 est.
3683 4942 3812 4996 illud

2224 5052 2409 5096 tamen
2452 5042 2626 5096 sancti
2667 5040 2913 5095 Creaorii
2963 5039 3144 5096 auerti
3185 5037 3354 5096 (455).
3407 5051 3517 5096 auo
3560 5049 3814 5096 expresse
