3988 5328
135 429 245 486 86!

1054 430 1344 488 APPEND.
1384 430 1470 488 Ill.
1510 462 1583 475 --
1614 428 2051 487 MONUMENTA
2084 431 2553 497 GREGORIANA-.

3319 437 3423 491 862

133 542 450 613 dejectione
480 548 560 596 est
600 542 886 614 exigendus
934 544 1020 598 cui
1068 553 1270 601 sanctis
1298 545 1552 601 Ecclesia:
1602 561 1745 601 com-
1773 547 1820 602 Α
1846 544 2037 598 tranda
2070 545 2269 619 flagitia
2298 558 2525 603 cruento
2564 546 2869 603 ministerio
2900 536 3151 613 utuntur,
3172 540 3424 603 homines

133 636 318 690 missa
347 636 509 704 fuerit
532 635 838 705 disciplina,
874 637 966 707 qui
1000 650 1104 691 non
1128 638 1299 692 solum
1327 639 1568 708 prtefatw
1614 655 1740 693 san-

131 736 243 779 cta:
284 723 547 781 Ecclesia:
583 725 911 796 jussionibus
961 746 1147 800 parere
1202 729 1401 797 debuit,
1436 730 1528 785 sed
1576 733 1740 786 etiam

132 816 272 872 aliis
326 834 393 872 ne
430 820 764 889 praterirent
807 820 1097 876 insinuare.
1138 820 1517 877 Communiter
1555 832 1739 878 autem

131 913 407 968 omnibus
439 913 743 967 timendum
778 921 863 969 est
910 915 1057 985 quod
1084 915 1199 985 ipse
1224 915 1436 986 primus
1463 916 1739 986 apostolo-

130 1020 267 1059 rum
291 1003 568 1074 de'primo
593 1019 695 1060 suo
720 1008 1043 1062 'succes’sore
1067 1006 1312 1076 loquitur
1344 1025 1357 1059 :
1390 1004 1450 1061 Si
1476 1007 1616 1077 quis,
1641 1006 1736 1073 ait,

130 1111 282 1149 nunc
305 1096 704 1150 contristaeerit
725 1094 1016 1164 Christum,
1044 1098 1135 1168 qui
1154 1099 1203 1151 ei
1228 1097 1535 1152 cathedram
1563 1097 1738 1151 credi-

130 1184 239 1250 dit,
277 1201 389 1238 noss
426 1186 671 1255 recipiet;
698 1193 750 1240 et
789 1187 908 1241 ideo
949 1204 1040 1242 nec
1073 1189 1183 1259 ipse
1221 1190 1505 1258 recipietur
1554 1188 1611 1242 in
1658 1202 1739 1243 re-

130 1292 303 1346 gnum
330 1276 603 1332 crelorum.
646 1277 841 1334 Dicant
877 1294 1007 1351 ergo
1049 1279 1147 1350 qui
1174 1280 1339 1336 verba
1387 1281 1521 1351 legis
1550 1281 1618 1335 ad
1642 1280 1737 1336 de-

131 1369 464 1424 struendam
500 1369 676 1441 legem
697 1380 1006 1439 assumunt,
1038 1373 1085 1428 si
1115 1380 1337 1445 propter
1362 1372 1545 1442 aliqua
1581 1371 1739 1440 jura-

130 1469 327 1515 meuta
356 1461 415 1516 in
446 1461 572 1519 illas
605 1464 1081 1532 praevaricationes
1128 1464 1483 1519 recidendum
1517 1465 1589 1519 sit
1615 1478 1738 1534 quae

133 1552 191 1606 in
212 1551 406 1608 Veteri
437 1552 790 1610 Testamento
810 1565 985 1612 morte
1011 1556 1369 1622 muletantur,
1385 1556 1442 1610 in
1468 1553 1621 1611 Novo
1638 1571 1737 1610 au-

132 1652 271 1711 tem,
299 1645 446 1700 sicut
468 1644 782 1716 Discipulus
819 1648 1064 1703 veritatis
1096 1648 1274 1714 docet,
1306 1663 1338 1702 a
1371 1647 1591 1702 Christo
1617 1655 1673 1701 et
1704 1662 1736 1701 a

135 1751 310 1807 regno
363 1738 634 1793 caelorum
691 1749 966 1808 separant.
1026 1738 1353 1808 Quicunque
1406 1739 1463 1793 in
1510 1739 1631 1794 istis
1678 1753 1738 1793 se

137 1837 587 1899 transgressurus
610 1830 970 1901 jurejurando
994 1830 1422 1901 spoponderunt,
1447 1845 1594 1884 nunc
1613 1844 1738 1885 sero

136 1919 203 1973 de
233 1919 543 1988 juramenti
588 1923 798 1977 cautela
855 1923 1159 1993 provident.
1220 1921 1540 1977 Certissime
1588 1922 1732 1977 enim
1766 1908 1810 1962 Β

138 2020 354 2065 constat
382 2012 515 2083 quia
561 2013 681 2082 ipsa
707 2014 840 2069 hora
868 2031 977 2084 qua
1012 2014 1273 2086 jurahant
1324 2016 1466 2085 quod
1503 2032 1612 2071 non
1645 2018 1736 2089 ju-

142 2106 377 2163 randum
421 2123 548 2163 esse
580 2107 923 2178 ignorabant,
944 2109 1254 2179 polluerunt
1270 2124 1471 2165 nomen
1500 2110 1596 2167 Dei
1626 2113 1733 2179 sui,

140 2208 194 2252 et
213 2209 642 2269 assumpserunt
662 2217 858 2257 nomen
881 2200 977 2257 Dei
994 2202 1081 2257 sui
1103 2203 1157 2256 in
1176 2218 1378 2257 vanum
1397 2202 1593 2274 (Exod.
1617 2205 1731 2273 xx).

206 2288 380 2360 Igitur
401 2306 533 2347 cum
558 2294 820 2362 apostolis
844 2309 875 2349 a
898 2293 1132 2350 Domino
1159 2295 1367 2351 dictum
1396 2296 1468 2351 sit
1501 2313 1515 2350 :
1553 2294 1736 2349 Nolite

141 2382 564 2451 omniuojurare
594 2384 814 2453 (Matth.
854 2386 933 2455 v),
979 2401 1162 2442 nonne
1208 2396 1398 2443 contra
1445 2386 1737 2444 Dominum

144 2470 245 2528 fuit
269 2481 332 2529 ut
355 2475 624 2545 episcopi,
655 2478 1030 2546 apostolorum
1072 2478 1249 2534 vicem
1274 2487 1542 2545 tenentes,
1584 2479 1738 2535 illum

146 2565 465 2636 episcopum
499 2566 597 2638 qui
638 2567 905 2639 principis
956 2571 1326 2639 apostolorum
1368 2570 1543 2626 vicem
1570 2578 1736 2638 tenet,

148 2658 465 2728 abjurarent
508 2668 564 2714 et
594 2662 1048 2731 proscriberent?
1084 2663 1288 2719 Audire
1333 2679 1463 2735 ergo
1506 2660 1740 2720 velimus

150 2749 420 2805 eduobus
454 2752 767 2819 contrariis,
819 2768 1056 2825 quorum
1106 2754 1428 2809 alterutrum
1474 2753 1741 2808 inﬁrmari

150 2856 371 2899 necesse
390 2843 485 2908 sit,
516 2852 703 2899 utrum
744 2853 928 2900 tamen
953 2844 1215 2902 Ecclesiae
1235 2847 1409 2918 magis
1431 2845 1739 2917 eligendum

152 2933 221 2989 sit
250 2951 265 2989 :
301 2950 373 2990 an
403 2935 550 3007 quod
586 2937 886 3007 prophetae,
942 2937 1089 3008 quod
1127 2938 1381 3008 apostoli,
1425 2937 1575 3008 quod
1627 2936 1744 3006 ipse

153 3029 383 3101 denique
405 3030 801 3101 prophetarum
827 3040 880 3087 et
898 3032 1269 3101 apostolorum
1304 3030 1559 3103 magister
1584 3028 1745 3085 insti-

155 3121 283 3204 tuit;
308 3136 406 3177 seu
431 3123 577 3193 quod
609 3132 799 3178 contra
825 3123 940 3179 haec
964 3125 1146 3179 omnia
1172 3122 1417 3178 moderni
1437 3121 1742 3193 pontiﬁces,

1841 637 2062 706 quidem
2086 638 2388 694 litterarum
2411 647 2681 710 expertes,
2698 640 2926 711 ideoque
2956 640 3022 695 ad
3053 639 3421 695 seductionem

1842 743 1997 782 suam
2021 729 2249 797 creduli,
2281 730 2354 786 ita
2381 731 2537 787 novis
2560 731 2668 786 illis
2696 731 2765 787 de
2794 732 3035 787 cavendo
3065 731 3305 802 perjurio
3326 732 3413 786 do-

1841 820 2115 889 gmatibus
2145 820 2329 876 infecti
2355 831 2503 889 sunt,
2532 832 2591 877 ut
2620 822 2793 878 levius
2815 832 2976 893 atque
3017 821 3284 877 venialius
3322 837 3425 894 pu-

1840 920 1955 966 tent
2024 914 2391 983 quorumlibet
2465 915 2733 970 scelerum
2793 930 3106 969 mensuram
3169 913 3435 1003 implere,S

1839 1022 2007 1076 quam
2053 1010 2234 1065 stulta:
2278 1026 2343 1065 ac
2386 1010 2837 1080 praavaricatorize
2888 1009 3269 1082 promissionis
3311 1025 3425 1065 sua:

1836 1106 1963 1153 vota
2017 1098 2351 1172 infringere;
2391 1118 2498 1157 non
2536 1103 2874 1158 attendentes
2930 1103 3077 1173 quod
3118 1110 3173 1158 et
3209 1100 3300 1156 illa
3334 1101 3425 1171 ju-

1836 1201 2083 1247 ramenta
2123 1209 2245 1264 quas
2284 1211 2353 1250 ex
2389 1209 2540 1249 more
2592 1193 2732 1249 fiunt
2764 1205 2818 1248 et
2856 1193 3095 1265 legitima
3143 1194 3432 1259 dicuntur,

1837 1284 2130 1343 interdum.
2153 1294 2373 1355 propter
2396 1287 2578 1341 varios
2604 1300 2785 1340 rerum
2807 1284 3243 1339 intercidentium
3266 1300 3426 1340 even-

1836 1385 1947 1438 tus,
1970 1376 2236 1446 gravioris
2256 1385 2442 1431 reatus
2463 1377 2657 1431 timore
2681 1374 3093 1440 rescinduutur;
3117 1374 3258 1430 sicut
3281 1390 3425 1446 saepe

1837 1466 2041 1521 milites
2067 1483 2099 1521 a
2132 1468 2249 1523 suis
2272 1480 2415 1537 saepe
2444 1466 2685 1531 famulis,
2711 1466 2824 1521 sive
2841 1465 3153 1521 satellitium
3177 1465 3281 1521 sibi
3304 1481 3428 1539 pro-

1837 1557 2020 1623 fessis,
2072 1558 2383 1627 juramenta
2430 1574 2583 1614 more
2636 1557 2841 1613 usitato
2892 1558 3117 1628 exigunt
3154 1567 3209 1613 et
3274 1555 3423 1613 acci-

1835 1650 2012 1722 piunt.
2051 1649 2155 1715 Qui
2187 1650 2234 1704 si
2267 1665 2422 1704 versa
2459 1649 2577 1704 vice
2613 1649 2977 1719 promissorcs
3015 1647 3140 1703 ﬁdei
3170 1648 3239 1703 ad
3268 1662 3426 1703 exer-

1834 1741 2006 1799 cenda
2034 1740 2317 1795 latrocinia
2346 1740 2666 1805 invitantur,
2694 1740 2780 1793 vel
2810 1739 2876 1793 ad
2905 1738 3244 1794 tractandam
3272 1737 3426 1809 priu-

1836 1832 1973 1901 cipis
2016 1842 2113 1886 aut
2149 1831 2389 1886 virorum
2428 1830 2920 1885 ccclesiasticorum
2974 1845 3185 1896 necem,
3216 1845 3311 1884 seu
3353 1822 3422 1882 ad

1838 1922 2209 1994 infringendas
2246 1939 2310 1978 ac
2332 1920 2640 1993 spoliandas
2666 1921 2949 1986 ecclesias,
2987 1936 3082 1975 seu
3109 1919 3177 1975 ad
3202 1926 3421 1989 raptum

1838 2028 2179 2073 sacratarum
2212 2017 2322 2073 Deo
2354 2017 2664 2087 virginum;
2702 2014 2949 2085 nunquid
2978 2030 3085 2069 non
3125 2014 3239 2085 jam
3282 2010 3422 2067 stul-

1840 2118 1954 2165 tum
1981 2118 2127 2165 esset
2162 2125 2255 2164 eos
2286 2109 2381 2179 qui
2434 2109 2733 2162 invitantur
2756 2106 2824 2162 ad
2857 2116 3214 2176 utrorumque
3242 2104 3425 2174 perni-

1838 2205 1977 2259 ciem
1999 2203 2288 2274 expetitum
2316 2217 2473 2273 opem
2511 2201 2672 2267 ferre,
2698 2211 2772 2268 et,
2798 2201 2900 2256 sub
2934 2200 3153 2256 nomine
3190 2199 3424 2274 ﬁdelita-

1840 2297 1928 2363 tis,
1952 2272 2190 2367 perfidia:
2217 2304 2270 2351 et
2298 2272 2635 2351 crudelitatis
2658 2288 2822 2366 opera
2852 2295 3108 2365 implere?
3148 2292 3239 2365 Sic
3260 2272 3425 2346 etiam

1838 2388 2130 2458 episcopis,
2163 2388 2415 2452 ducibus,
2462 2387 2695 2457 aliisque
2744 2384 2798 2440 in
2846 2386 3178 2463 sublimitate
3232 2381 3429 2455 positis

1840 2481 1909 2535 ab
1944 2479 2187 2536 Ecclesia
2232 2480 2316 2534 vel
2362 2478 2480 2534 fisci
2516 2477 2827 2535 hominibus
2873 2485 3219 2555 sacramenta
3272 2474 3429 2531 exhi-

1838 2572 1955 2628 beri
1994 2573 2189 2628 solent.
2229 2570 2335 2638 Qui
2373 2571 2420 2626 si
2454 2569 2608 2641 juxta
2648 2571 2829 2641 legum
2876 2568 3315 2634 constitutiones,
3366 2574 3430 2623 ut

1842 2668 2136 2738 aliquando
2184 2666 2264 2732 ιιι,
2304 2681 2336 2721 a
2376 2665 2490 2721 suis
2539 2663 2841 2719 honoribus
2888 2654 3279 2729 destituuntur,
3331 2658 3439 2739 ju-,

1843 2766 2055 2813 ratores
2077 2758 2185 2822 sui,
2214 2773 2338 2811 cum
2371 2755 2508 2810 alios
2540 2754 2844 2809 sortiuntur
2873 2740 3144 2819 dominos,
3174 2752 3243 2807 ab
3272 2756 3429 2805 ante-

1842 2850 2052 2904 riorum
2074 2848 2257 2918 jurata
2285 2847 2389 2902 llde
2411 2854 2465 2901 et
2486 2845 2819 2914 subjectione
2846 2859 2905 2900 se
2928 2838 3278 2900 subtrahunt.
3308 2837 3427 2909 Isti,

1844 2939 2286 3011 quandoquidem
2317 2953 2427 2994 non
2452 2934 2779 3002 voluntarie,
2805 2934 2901 2989 sed
2930 2932 3197 2993 compulsi
3226 2932 3431 3002 iurato-

1846 3032 1985 3087 riam
2023 3029 2443 3101 promissionem
2486 3024 2695 3081 irritam
2723 3024 2951 3092 faciunt,
2982 3025 3115 3097 quid
3151 3022 3351 3078 mirum
3380 3021 3429 3077 si

1848 3123 1917 3179 ab
1945 3122 2218 3194 aliquibus
2239 3118 2444 3192 ligandi
2468 3126 2629 3190 atque
2656 3115 2897 3172 solvendi
2932 3123 3196 3188 potestate
3233 3112 3429 3184 praedi-

157 3209 261 3268 Ituo
310 3229 380 3269 ex
428 3214 778 3284 pontiﬁcibus
821 3216 1046 3288 palatini
1103 3217 1481 3287 conjuratorcs
1546 3215 1742 3281 effecti,
1772 3244 1812 3301 ο
1847 3216 1917 3272 tis
1956 3214 2104 3269 illius
2150 3214 2322 3284 culpa:
2365 3208 2752 3301 indulgentiam
2803 3214 3235 3301 consequantur,
3261 3220 3428 3276 quam

156 3307 362 3364 naviter
388 3309 811 3365 conﬂaverunt?
847 3307 977 3377 Sed,
1005 3318 1065 3365 ut
1092 3310 1159 3364 de
1196 3307 1609 3365 sublimioribus
1640 3306 1742 3361 Ec-

158 3400 332 3456 clesiae
357 3400 706 3459 documentis
734 3410 1030 3469 taceamus,
1062 3411 1246 3458 utrum
1275 3400 1453 3471 major
1491 3412 1745 3454 reveren-

158 3492 230 3547 tia
257 3493 487 3548 debetur
530 3495 640 3551 illis
683 3494 789 3549 318
830 3495 926 3565 qui
959 3494 1015 3549 in
1044 3496 1178 3551 urbe
1201 3493 1378 3550 Nicaea
1424 3493 1481 3548 in
1523 3491 1746 3547 nomine

162 3581 371 3640 Domini
398 3586 717 3659 congregati
764 3596 923 3653 sunt,
955 3603 1024 3642 an
1053 3587 1172 3643 istis
1197 3588 1292 3657 qui
1329 3586 1478 3656 (456)
1513 3592 1737 3655 practer-

161 3676 293 3732 erito
313 3692 463 3734 anno
480 3677 724 3734 Brixiae
750 3684 1120 3735 convenerunt
1151 3679 1411 3733 adversus
1452 3676 1743 3732 Dominum

163 3777 213 3822 et
259 3770 524 3827 adversus
567 3770 837 3827 cbristum
885 3770 1048 3841 ejus?
1093 3769 1267 3841 (Psal.
1311 3768 1396 3839 ιι.)
1426 3767 1562 3823 Nam
1597 3765 1745 3838 quod

164 3860 235 3917 illi
262 3860 475 3933 Spiritu
513 3870 725 3930 sancto,
774 3869 835 3917 ut
876 3862 1207 3917 credendum
1245 3869 1351 3927 est,
1397 3859 1636 3915 dictante
1684 3859 1744 3915 in

164 3964 341 4011 sancta
386 3956 480 4011 illa
528 3965 583 4011 et
628 3956 1068 4019 nominatissima
1107 3955 1313 4028 synodo
1357 3952 1745 4020 condiderunt,

165 4046 263 4102 hoc
299 4048 406 4118 ipsi
446 4048 656 4119 absque
684 4048 932 4120 synodali
967 4055 1236 4104 conventu
1274 4046 1331 4100 in
1368 4045 1536 4101 curiae
1568 4044 1746 4098 tribu-

164 4138 373 4195 nalibus
421 4140 833 4210 abjuraverunt.
904 4139 1186 4210 Siquidem
1244 4136 1450 4193 Nicaani
1509 4151 1749 4193 canones

164 4232 542 4289 communione
594 4233 836 4303 privatos
883 4232 1196 4287 nullatenus
1258 4230 1464 4300 absque
1505 4227 1748 4299 legitima

166 4323 558 4381 examinatione
586 4323 929 4395 recipiendos
967 4324 1196 4389 docent;
1233 4320 1326 4377 isti
1353 4328 1534 4376 autem
1562 4334 1594 4375 a
1622 4334 1750 4374 san-

168 4423 248 4469 cta
282 4424 337 4471 et
378 4416 678 4487 apostolica
714 4416 842 4473 sede
879 4414 1382 4473 excommunicatos
1415 4426 1524 4466 non
1568 4410 1748 4466 solum

171 4506 279 4561 sine
312 4507 658 4565 discussione
686 4516 1027 4579 receperunt,
1063 4521 1257 4562 verum
1299 4511 1373 4572 et,
1398 4505 1466 4560 ad
1504 4502 1743 4575 ignomi-

1844 3319 1912 3358 ει
1936 3303 2214 3376 inopinata
2240 3302 2564 3359 necessitate
2587 3299 2761 3370 magis
2795 3315 2959 3370 quam
2983 3298 3124 3353 mala
3154 3298 3432 3352 voluntate

1844 3402 2193 3459 inciderunt?
2230 3400 2337 3457 Sed
2364 3399 2491 3456 novi
2516 3398 2874 3471 dogmatistze,
2901 3396 3059 3466 longe
3097 3392 3254 3447 aliter
3279 3384 3430 3460 judi-

1844 3503 2055 3562 cantes,
2092 3494 2283 3550 talium
2314 3492 2722 3548 absolutionum
2752 3489 3054 3549 ministros,
3075 3483 3431 3561 subversorcs

1844 3599 2006 3661 atque
2050 3587 2416 3661 perjuriorum
2454 3596 2807 3655 persuasorcs
2857 3577 3171 3639 nominant,
3201 3573 3432 3649 ideoque

1843 3697 1939 3737 eos
1966 3697 2130 3751 super
2154 3678 2472 3738 cathedram
2485 3674 2655 3747 Moysi
2671 3673 2785 3744 jam
2809 3687 2917 3726 non
2936 3668 3125 3727 sedere
3139 3670 3392 3745 astruunt
3411 3678 3427 3727 ;

1843 3774 1973 3845 quia
1993 3772 2206 3845 Moyses
2236 3770 2410 3828 dixit:
2446 3765 2570 3822 Non
2596 3762 2892 3839 perjurabts
2926 3759 3068 3833 (Leu.
3096 3755 3233 3829 nx).
3272 3751 3432 3821 Quod

1842 3867 1890 3923 si
1917 3868 2033 3924 haec
2056 3865 2250 3921 litteras
2282 3869 2528 3919 vetustas
2553 3859 2758 3928 absque
2782 3868 2922 3912 nova
2953 3849 3178 3922 spiritus
3220 3846 3429 3926 discre-

1845 3959 1990 4015 tione
2014 3954 2425 4015 immutabilitcr
2446 3950 2678 4010 tenenda
2705 3953 2812 4015 est,
2837 3949 3068 4017 possunt
3095 3938 3315 4012 quidem
3341 3934 3429 3992 di-

1844 4066 1968 4105 cere
1996 4058 2052 4106 et
2081 4050 2262 4120 ipsum
2295 4046 2520 4117 Moysen
2568 4041 2741 4113 Moysi
2768 4037 3029 4095 cathedra
3057 4028 3428 4089 descendisse.

1845 4138 1965 4210 Ipse
1987 4139 2135 4195 enim
2166 4138 2263 4209 qui
2300 4135 2440 4193 dixit
2468 4153 2483 4190 :
2521 4132 2647 4188 Non
2679 4126 3001 4203 perjurabis,
3046 4121 3185 4179 dixit
3218 4120 3384 4175 etiam
3412 4135 3427 4174 :

1851 4229 1974 4286 Non
2005 4229 2210 4286 occides
2240 4224 2439 4299 (Exod.
2492 4223 2618 4295 xx);
2655 4229 2711 4277 et
2738 4228 2923 4275 tamen
2953 4221 3079 4287 post
3117 4212 3432 4289 frequenter

1848 4314 2030 4379 intulit
2061 4340 2075 4377 :
2109 4320 2215 4388 Qui
2238 4319 2335 4375 hoc
2362 4317 2440 4374 vel
2463 4315 2601 4371 illud
2627 4313 2829 4386 fecerit,
2860 4302 3171 4366 occidatur.
3436 4376 3437 4379 η

1919 4413 2147 4485 Propter
2169 4428 2309 4485 quas
2330 4409 2727 4469 sententiarum
2750 4403 3062 4467 varietates,
3095 4408 3272 4485 neque
3298 4406 3433 4464 prae-

1849 4484 2120 4564 dictarum
2168 4484 2451 4575 culparum
2484 4498 2805 4556 remissores
2852 4492 3046 4566 Moysi,
3078 4504 3179 4544 nec
3218 4484 3433 4556 Moyses

171 4600 309 4656 niam
344 4609 401 4656 et
423 4600 809 4657 confusionem
843 4601 1008 4655 totius
1051 4598 1435 4655 ecclesiastica:
1480 4594 1745 4666 regionis,
1780 4595 1825 4651 D
1851 4601 1967 4672 ipse
1991 4600 2098 4656 sibi
2122 4596 2435 4655 contrarius
2459 4600 2569 4660 est;
2594 4589 2690 4647 sed
2715 4583 3118 4659 dispensatoris
3148 4590 3433 4636 sacrarum

169 4708 231 4749 ex
252 4694 381 4765 ipsis
404 4691 879 4750 anathematizatls
904 4690 1263 4763 apostolicum
1304 4688 1408 4745 sibi
1446 4689 1746 4760 elegerunt,

170 4769 281 4854 vel,
320 4794 381 4842 ut
422 4787 606 4842 verius
650 4785 940 4852 fateamur,
992 4782 1340 4854 apostolicum
1375 4780 1527 4834 illum
1564 4779 1748 4835 nomi-

170 4888 352 4936 nantes
369 4887 632 4952 apostatae
654 4877 847 4948 angelo
862 4877 1340 4947 conflguraverunt
1359 4891 1374 4939 ;
1396 4886 1558 4942 quem
1582 4871 1747 4926 etiam

170 4974 333 5029 eidem
359 4970 500 5039 sedi,
552 4987 585 5026 a
628 4985 738 5040 qua
774 4969 1064 5024 damnatus
1108 4976 1211 5031 est,
1248 4978 1371 5020 esse
1398 4962 1749 5034 imposituros

166 5065 517 5140 jurejurando
544 5060 771 5133 polliciti
802 5068 960 5126 sunt;
984 5067 1039 5114 et
1066 5073 1212 5113 nunc
1235 5055 1478 5127 quidem,
1506 5063 1568 5110 ut
1599 5053 1746 5125 quod

280 5175 341 5182 ---
376 5156 754 5182 ..-ρωποι-...κο
825 5151 1117 5182 ηωιιιηιῖοη-
1157 5147 1484 5182 ηλίηιῇΙοηηι
1556 5147 1611 5182 in
1660 5160 1755 5182 Arn

1852 4691 2262 4748 institutionum
2286 4687 2486 4753 edicta,
2514 4684 2584 4739 ad
2606 4680 2753 4737 aliud
2783 4688 2837 4735 et
2861 4676 3008 4732 aliud
3044 4672 3233 4738 relata,
3273 4676 3432 4722 utro-

1850 4788 2015 4859 bique
2058 4795 2240 4841 tamen
2290 4779 2513 4837 veritati
2556 4786 2612 4833 et
2650 4776 2879 4848 justitias
2913 4784 3157 4826 consona
3188 4767 3438 4849 sunt,et

1852 4894 2146 4935 causarum
2187 4874 2366 4931 ordini
2415 4885 2677 4955 congrua.
2726 4866 2865 4921 Ecce
2908 4861 3187 4933 legislator
3216 4862 3438 4925 propter

1850 4973 1957 5027 hoc
1997 4970 2222 5043 legalem
2263 4951 2592 5022 sententiam
2632 4962 2919 5020 immutat,
2960 4951 3439 5043 utalegis-trans-

1851 5039 2135 5133 gressione
2183 5062 2454 5115 coerceat.
2492 5050 2535 5106 E
2580 5049 2873 5121 contrario
2920 5043 3048 5099 novi
3100 5039 3444 5114 legislatures

1852 5166 2075 5182 λαις-..Α-
2093 5153 2198 5180 ιιι-Α
2223 5148 2404 5180 ‘nnnm
2436 5153 2870 5180 tranant-nactum:
2894 5136 3021 5178 1⁵94³ιί
3051 5143 3196 5178 enni,
3226 5138 3286 5176 III.
