  <div class='ocr_page' id='page_1' title='image "/cluster/home/n/w/nwhite01/storage/ocr_20150623/148/hvd.32044015471840/429.png"; bbox 0 0 3988 5328; ppageno 0'>
   <div class='ocr_carea' id='block_1_1' title="bbox 504 198 614 259">
    <p class='ocr_par' dir='ltr' id='par_1_1' title="bbox 504 198 614 259">
     <span class='ocr_line' id='line_1_1' title="bbox 504 198 614 259; baseline 0 0"><span class='ocrx_word' id='word_1_1' title='bbox 504 198 614 259; x_wconf 75' lang='grc'><strong>865</strong></span> 
     </span>
    </p>
   </div>
   <div class='ocr_carea' id='block_1_2' title="bbox 1491 220 2867 299">
    <p class='ocr_par' dir='ltr' id='par_1_2' title="bbox 1491 220 2867 299">
     <span class='ocr_line' id='line_1_2' title="bbox 1491 220 2867 299; baseline 0.018 -24"><span class='ocrx_word' id='word_1_2' title='bbox 1491 220 1584 275; x_wconf 85' lang='lat' dir='ltr'><strong>AD</strong></span> <span class='ocrx_word' id='word_1_3' title='bbox 1619 220 1850 282; x_wconf 81' lang='lat' dir='ltr'><strong>OPERA</strong></span> <span class='ocrx_word' id='word_1_4' title='bbox 1889 228 1947 286; x_wconf 89' lang='lat' dir='ltr'><strong>S.</strong></span> <span class='ocrx_word' id='word_1_5' title='bbox 1987 230 2316 293; x_wconf 74' lang='lat' dir='ltr'><strong>GREGORII</strong></span> <span class='ocrx_word' id='word_1_6' title='bbox 2344 237 2790 299; x_wconf 74' lang='lat' dir='ltr'><strong>APPENDICES’.</strong></span> <span class='ocrx_word' id='word_1_7' title='bbox 2862 252 2867 257; x_wconf 83' lang='lat'>&#39;</span> 
     </span>
    </p>
   </div>
   <div class='ocr_carea' id='block_1_3' title="bbox 3660 244 3793 311">
    <p class='ocr_par' dir='ltr' id='par_1_3' title="bbox 3660 244 3793 311">
     <span class='ocr_line' id='line_1_3' title="bbox 3660 244 3793 311; baseline 0.015 -3"><span class='ocrx_word' id='word_1_8' title='bbox 3660 244 3793 311; x_wconf 68' lang='lat' dir='ltr'><strong>85s</strong></span> 
     </span>
    </p>
   </div>
   <div class='ocr_carea' id='block_1_4' title="bbox 506 321 3799 430">
    <p class='ocr_par' dir='ltr' id='par_1_4' title="bbox 506 321 3799 430">
     <span class='ocr_line' id='line_1_4' title="bbox 506 321 3799 430; baseline 0.015 -56"><span class='ocrx_word' id='word_1_9' title='bbox 506 321 776 430; x_wconf 45' lang='lat' dir='ltr'><strong>novimus.</strong></span> <span class='ocrx_word' id='word_1_10' title='bbox 795 324 978 430; x_wconf 31' lang='lat'><strong>(“.5711</strong></span> <span class='ocrx_word' id='word_1_11' title='bbox 1002 326 1059 430; x_wconf 76' lang='lat' dir='ltr'><strong>Si</strong></span> <span class='ocrx_word' id='word_1_12' title='bbox 1080 329 1179 430; x_wconf 70' lang='lat' dir='ltr'><strong>qui</strong></span> <span class='ocrx_word' id='word_1_13' title='bbox 1208 339 1391 430; x_wconf 77' lang='lat' dir='ltr'><strong>autem</strong></span> <span class='ocrx_word' id='word_1_14' title='bbox 1419 338 1845 430; x_wconf 86' lang='lat' dir='ltr'><strong>conspirationis</strong></span> <span class='ocrx_word' id='word_1_15' title='bbox 1867 346 2086 417; x_wconf 75' lang='lat' dir='ltr'><strong>culpam</strong></span> <span class='ocrx_word' id='word_1_16' title='bbox 2114 349 2161 407; x_wconf 78' lang='grc' dir='ltr'><strong>Δ</strong></span> <span class='ocrx_word' id='word_1_17' title='bbox 2187 351 2483 423; x_wconf 71' lang='lat' dir='ltr'><strong>interimat,</strong></span> <span class='ocrx_word' id='word_1_18' title='bbox 2517 362 2696 411; x_wconf 79' lang='lat' dir='ltr'><strong>nonne</strong></span> <span class='ocrx_word' id='word_1_19' title='bbox 2736 353 2954 411; x_wconf 76' lang='lat' dir='ltr'><strong>soluisse</strong></span> <span class='ocrx_word' id='word_1_20' title='bbox 2986 365 3170 413; x_wconf 79' lang='lat' dir='ltr'><strong>contra</strong></span> <span class='ocrx_word' id='word_1_21' title='bbox 3216 362 3444 430; x_wconf 66' lang='lat' dir='ltr'><strong>officium</strong></span> <span class='ocrx_word' id='word_1_22' title='bbox 3488 366 3602 419; x_wconf 80' lang='lat' dir='ltr'><strong>est?</strong></span> <span class='ocrx_word' id='word_1_23' title='bbox 3630 365 3799 422; x_wconf 67' lang='lat' dir='ltr'><strong>itm</strong></span> 
     </span>
    </p>
   </div>
   <div class='ocr_carea' id='block_1_5' title="bbox 499 412 2091 509">
    <p class='ocr_par' dir='ltr' id='par_1_5' title="bbox 499 412 2091 509">
     <span class='ocr_line' id='line_1_5' title="bbox 499 412 2091 509; baseline 0.018 -43"><span class='ocrx_word' id='word_1_24' title='bbox 499 412 661 509; x_wconf 78' lang='lat' dir='ltr'><strong>parvi</strong></span> <span class='ocrx_word' id='word_1_25' title='bbox 673 412 855 509; x_wconf 75' lang='lat' dir='ltr'><strong>facian</strong></span> <span class='ocrx_word' id='word_1_26' title='bbox 859 424 905 509; x_wconf 83' lang='lat' dir='ltr'><strong>t,</strong></span> <span class='ocrx_word' id='word_1_27' title='bbox 917 417 1379 480; x_wconf 69' lang='lat' dir='ltr'><strong>Chalcedonensis</strong></span> <span class='ocrx_word' id='word_1_28' title='bbox 1393 429 1615 486; x_wconf 78' lang='lat' dir='ltr'><strong>concilii</strong></span> <span class='ocrx_word' id='word_1_29' title='bbox 1626 440 1831 491; x_wconf 84' lang='lat' dir='ltr'><strong>statuta</strong></span> <span class='ocrx_word' id='word_1_30' title='bbox 1847 412 2091 509; x_wconf 73' lang='lat' dir='ltr'><strong>relegant</strong></span> 
     </span>
    </p>
   </div>
   <div class='ocr_carea' id='block_1_6' title="bbox 504 502 2088 595">
    <p class='ocr_par' dir='ltr' id='par_1_6' title="bbox 504 502 2088 595">
     <span class='ocr_line' id='line_1_6' title="bbox 504 502 2088 595; baseline 0.014 -31"><span class='ocrx_word' id='word_1_31' title='bbox 504 502 652 595; x_wconf 75' lang='lat' dir='ltr'><strong>(can.</strong></span> <span class='ocrx_word' id='word_1_32' title='bbox 682 505 791 580; x_wconf 85' lang='lat' dir='ltr'><strong>l8),</strong></span> <span class='ocrx_word' id='word_1_33' title='bbox 819 507 933 578; x_wconf 86' lang='lat' dir='ltr'><strong>ubi,</strong></span> <span class='ocrx_word' id='word_1_34' title='bbox 956 509 1100 567; x_wconf 89' lang='lat' dir='ltr'><strong>inter</strong></span> <span class='ocrx_word' id='word_1_35' title='bbox 1120 512 1401 584; x_wconf 88' lang='lat' dir='ltr'><strong>iuratores</strong></span> <span class='ocrx_word' id='word_1_36' title='bbox 1423 523 1480 574; x_wconf 87' lang='lat' dir='ltr'><strong>et</strong></span> <span class='ocrx_word' id='word_1_37' title='bbox 1505 524 1914 595; x_wconf 84' lang='lat' dir='ltr'><strong>conspiratorcs</strong></span> <span class='ocrx_word' id='word_1_38' title='bbox 1937 502 2088 585; x_wconf 60' lang='lat' dir='ltr'><strong>nullo</strong></span> 
     </span>
    </p>
   </div>
   <div class='ocr_carea' id='block_1_7' title="bbox 502 598 2085 689">
    <p class='ocr_par' dir='ltr' id='par_1_7' title="bbox 502 598 2085 689">
     <span class='ocr_line' id='line_1_7' title="bbox 502 598 2085 689; baseline 0.014 -34"><span class='ocrx_word' id='word_1_39' title='bbox 502 598 824 687; x_wconf 81' lang='lat' dir='ltr'><strong>discrimine</strong></span> <span class='ocrx_word' id='word_1_40' title='bbox 850 600 1058 673; x_wconf 87' lang='lat' dir='ltr'><strong>habito,</strong></span> <span class='ocrx_word' id='word_1_41' title='bbox 1085 606 1306 678; x_wconf 76' lang='lat' dir='ltr'><strong>utrique</strong></span> <span class='ocrx_word' id='word_1_42' title='bbox 1335 611 1456 680; x_wconf 86' lang='lat' dir='ltr'><strong>pari</strong></span> <span class='ocrx_word' id='word_1_43' title='bbox 1489 628 1724 672; x_wconf 78' lang='lat' dir='ltr'><strong>censum</strong></span> <span class='ocrx_word' id='word_1_44' title='bbox 1753 619 2085 689; x_wconf 90' lang='lat' dir='ltr'><strong>plectuntur.</strong></span> 
     </span>
    </p>
   </div>
   <div class='ocr_carea' id='block_1_8' title="bbox 573 691 2089 780">
    <p class='ocr_par' dir='ltr' id='par_1_8' title="bbox 573 691 2089 780">
     <span class='ocr_line' id='line_1_8' title="bbox 573 691 2089 780; baseline 0.013 -32"><span class='ocrx_word' id='word_1_45' title='bbox 573 691 1029 767; x_wconf 77' lang='lat' dir='ltr'><strong>Quandoquidem</strong></span> <span class='ocrx_word' id='word_1_46' title='bbox 1060 691 1229 768; x_wconf 86' lang='lat' dir='ltr'><strong>igitur</strong></span> <span class='ocrx_word' id='word_1_47' title='bbox 1276 701 1418 760; x_wconf 86' lang='lat' dir='ltr'><strong>hanc</strong></span> <span class='ocrx_word' id='word_1_48' title='bbox 1454 706 1877 774; x_wconf 73' lang='lat' dir='ltr'><strong>promissionem</strong></span> <span class='ocrx_word' id='word_1_49' title='bbox 1907 697 2089 780; x_wconf 79' lang='lat' dir='ltr'><strong>suam,</strong></span> 
     </span>
    </p>
   </div>
   <div class='ocr_carea' id='block_1_9' title="bbox 503 779 2087 873">
    <p class='ocr_par' dir='ltr' id='par_1_9' title="bbox 503 779 2087 873">
     <span class='ocr_line' id='line_1_9' title="bbox 503 779 2087 873; baseline 0.013 -34"><span class='ocrx_word' id='word_1_50' title='bbox 503 779 883 858; x_wconf 85' lang='lat' dir='ltr'><strong>cujuscunque</strong></span> <span class='ocrx_word' id='word_1_51' title='bbox 909 789 1163 847; x_wconf 79' lang='lat' dir='ltr'><strong>vocabuli</strong></span> <span class='ocrx_word' id='word_1_52' title='bbox 1199 791 1289 860; x_wconf 90' lang='lat' dir='ltr'><strong>sit,</strong></span> <span class='ocrx_word' id='word_1_53' title='bbox 1319 800 1470 852; x_wconf 81' lang='lat' dir='ltr'><strong>tanta</strong></span> <span class='ocrx_word' id='word_1_54' title='bbox 1500 800 1712 856; x_wconf 84' lang='lat' dir='ltr'><strong>cautela</strong></span> <span class='ocrx_word' id='word_1_55' title='bbox 1747 779 2087 873; x_wconf 84' lang='lat' dir='ltr'><strong>custodiunt,</strong></span> 
     </span>
    </p>
   </div>
   <div class='ocr_carea' id='block_1_10' title="bbox 503 879 2090 966">
    <p class='ocr_par' dir='ltr' id='par_1_10' title="bbox 503 879 2090 966">
     <span class='ocr_line' id='line_1_10' title="bbox 503 879 2090 966; baseline 0.014 -37"><span class='ocrx_word' id='word_1_56' title='bbox 503 891 632 966; x_wconf 87' lang='lat' dir='ltr'><strong>cum</strong></span> <span class='ocrx_word' id='word_1_57' title='bbox 670 892 807 949; x_wconf 86' lang='lat' dir='ltr'><strong>pace</strong></span> <span class='ocrx_word' id='word_1_58' title='bbox 840 879 1061 938; x_wconf 89' lang='lat' dir='ltr'><strong>illorum</strong></span> <span class='ocrx_word' id='word_1_59' title='bbox 1106 884 1438 957; x_wconf 83' lang='lat' dir='ltr'><strong>inquirimus</strong></span> <span class='ocrx_word' id='word_1_60' title='bbox 1463 906 1574 960; x_wconf 89' lang='lat' dir='ltr'><strong>quo</strong></span> <span class='ocrx_word' id='word_1_61' title='bbox 1622 893 1837 960; x_wconf 86' lang='lat' dir='ltr'><strong>ordine,</strong></span> <span class='ocrx_word' id='word_1_62' title='bbox 1868 910 1976 966; x_wconf 87' lang='lat' dir='ltr'><strong>qua</strong></span> <span class='ocrx_word' id='word_1_63' title='bbox 2002 912 2090 952; x_wconf 86' lang='lat' dir='ltr'><strong>ra—</strong></span> 
     </span>
    </p>
   </div>
   <div class='ocr_carea' id='block_1_11' title="bbox 503 965 2089 1061">
    <p class='ocr_par' dir='ltr' id='par_1_11' title="bbox 503 965 2089 1061">
     <span class='ocr_line' id='line_1_11' title="bbox 503 965 2089 1061; baseline 0.015 -40"><span class='ocrx_word' id='word_1_64' title='bbox 503 965 653 1061; x_wconf 79' lang='lat' dir='ltr'><strong>tione</strong></span> <span class='ocrx_word' id='word_1_65' title='bbox 672 984 876 1028; x_wconf 85' lang='lat' dir='ltr'><strong>novum</strong></span> <span class='ocrx_word' id='word_1_66' title='bbox 896 974 1030 1031; x_wconf 90' lang='lat' dir='ltr'><strong>illud</strong></span> <span class='ocrx_word' id='word_1_67' title='bbox 1057 985 1244 1034; x_wconf 90' lang='lat' dir='ltr'><strong>votum</strong></span> <span class='ocrx_word' id='word_1_68' title='bbox 1275 982 1574 1053; x_wconf 85' lang='lat' dir='ltr'><strong>antiquiori</strong></span> <span class='ocrx_word' id='word_1_69' title='bbox 1604 965 1919 1057; x_wconf 69' lang='lat' dir='ltr'><strong>praeferant,</strong></span> <span class='ocrx_word' id='word_1_70' title='bbox 1943 989 2089 1061; x_wconf 80' lang='lat' dir='ltr'><strong>quod</strong></span> 
     </span>
    </p>
   </div>
   <div class='ocr_carea' id='block_1_12' title="bbox 502 1057 2089 1149">
    <p class='ocr_par' dir='ltr' id='par_1_12' title="bbox 502 1057 2089 1149">
     <span class='ocr_line' id='line_1_12' title="bbox 502 1057 2089 1149; baseline 0.016 -35"><span class='ocrx_word' id='word_1_71' title='bbox 502 1057 673 1149; x_wconf 84' lang='lat' dir='ltr'><strong>indie</strong></span> <span class='ocrx_word' id='word_1_72' title='bbox 696 1064 1061 1126; x_wconf 78' lang='lat' dir='ltr'><strong>ordinationis</strong></span> <span class='ocrx_word' id='word_1_73' title='bbox 1092 1086 1208 1128; x_wconf 65' lang='lat' dir='ltr'><strong>suae</strong></span> <span class='ocrx_word' id='word_1_74' title='bbox 1238 1086 1532 1145; x_wconf 86' lang='lat' dir='ltr'><strong>voverunt,</strong></span> <span class='ocrx_word' id='word_1_75' title='bbox 1552 1094 1681 1134; x_wconf 92' lang='lat' dir='ltr'><strong>cum</strong></span> <span class='ocrx_word' id='word_1_76' title='bbox 1701 1081 1770 1136; x_wconf 81' lang='lat' dir='ltr'><strong>ad</strong></span> <span class='ocrx_word' id='word_1_77' title='bbox 1811 1057 2089 1140; x_wconf 80' lang='lat' dir='ltr'><strong>summum</strong></span> 
     </span>
    </p>
   </div>
   <div class='ocr_carea' id='block_1_13' title="bbox 502 1153 2090 1231">
    <p class='ocr_par' dir='ltr' id='par_1_13' title="bbox 502 1153 2090 1231">
     <span class='ocr_line' id='line_1_13' title="bbox 502 1153 2090 1231; baseline 0.016 -25"><span class='ocrx_word' id='word_1_78' title='bbox 502 1153 873 1212; x_wconf 76' lang='lat' dir='ltr'><strong>sacerdotium</strong></span> <span class='ocrx_word' id='word_1_79' title='bbox 895 1164 1250 1229; x_wconf 85' lang='lat' dir='ltr'><strong>promovendi</strong></span> <span class='ocrx_word' id='word_1_80' title='bbox 1287 1166 1353 1225; x_wconf 90' lang='lat' dir='ltr'><strong>de</strong></span> <span class='ocrx_word' id='word_1_81' title='bbox 1376 1166 1482 1224; x_wconf 83' lang='lat' dir='ltr'><strong>ﬁde</strong></span> <span class='ocrx_word' id='word_1_82' title='bbox 1505 1178 1563 1225; x_wconf 89' lang='lat' dir='ltr'><strong>et</strong></span> <span class='ocrx_word' id='word_1_83' title='bbox 1581 1170 1889 1228; x_wconf 86' lang='lat' dir='ltr'><strong>obcdientia</strong></span> <span class='ocrx_word' id='word_1_84' title='bbox 1918 1174 2090 1231; x_wconf 87' lang='lat' dir='ltr'><strong>inter-</strong></span> 
     </span>
    </p>
   </div>
   <div class='ocr_carea' id='block_1_14' title="bbox 500 1249 2091 1329">
    <p class='ocr_par' dir='ltr' id='par_1_14' title="bbox 500 1249 2091 1329">
     <span class='ocr_line' id='line_1_14' title="bbox 500 1249 2091 1329; baseline 0.018 -34"><span class='ocrx_word' id='word_1_85' title='bbox 500 1254 848 1329; x_wconf 70' lang='lat' dir='ltr'><strong>rogarentur.</strong></span> <span class='ocrx_word' id='word_1_86' title='bbox 881 1249 1170 1312; x_wconf 88' lang='lat' dir='ltr'><strong>Credimus</strong></span> <span class='ocrx_word' id='word_1_87' title='bbox 1208 1256 1356 1314; x_wconf 91' lang='lat' dir='ltr'><strong>enim</strong></span> <span class='ocrx_word' id='word_1_88' title='bbox 1393 1263 1673 1318; x_wconf 68' lang='lat' dir='ltr'><strong>memoria:</strong></span> <span class='ocrx_word' id='word_1_89' title='bbox 1727 1264 1945 1320; x_wconf 89' lang='lat' dir='ltr'><strong>illorum</strong></span> <span class='ocrx_word' id='word_1_90' title='bbox 1978 1282 2091 1323; x_wconf 88' lang='lat' dir='ltr'><strong>non</strong></span> 
     </span>
    </p>
   </div>
   <div class='ocr_carea' id='block_1_15' title="bbox 502 1335 2090 1425">
    <p class='ocr_par' dir='ltr' id='par_1_15' title="bbox 502 1335 2090 1425">
     <span class='ocr_line' id='line_1_15' title="bbox 502 1335 2090 1425; baseline 0.016 -37"><span class='ocrx_word' id='word_1_91' title='bbox 502 1335 773 1395; x_wconf 80' lang='lat' dir='ltr'><strong>excidisse</strong></span> <span class='ocrx_word' id='word_1_92' title='bbox 827 1344 975 1412; x_wconf 89' lang='lat' dir='ltr'><strong>quod</strong></span> <span class='ocrx_word' id='word_1_93' title='bbox 1027 1345 1084 1401; x_wconf 89' lang='lat' dir='ltr'><strong>in</strong></span> <span class='ocrx_word' id='word_1_94' title='bbox 1131 1363 1292 1404; x_wconf 89' lang='lat' dir='ltr'><strong>sacro</strong></span> <span class='ocrx_word' id='word_1_95' title='bbox 1321 1350 1415 1406; x_wconf 90' lang='lat' dir='ltr'><strong>illo</strong></span> <span class='ocrx_word' id='word_1_96' title='bbox 1445 1353 1831 1425; x_wconf 90' lang='lat' dir='ltr'><strong>episcoporum</strong></span> <span class='ocrx_word' id='word_1_97' title='bbox 1867 1366 1923 1412; x_wconf 91' lang='lat' dir='ltr'><strong>ct</strong></span> <span class='ocrx_word' id='word_1_98' title='bbox 1956 1358 2090 1414; x_wconf 88' lang='lat' dir='ltr'><strong>cleri</strong></span> 
     </span>
    </p>
   </div>
   <div class='ocr_carea' id='block_1_16' title="bbox 502 1432 2090 1521">
    <p class='ocr_par' dir='ltr' id='par_1_16' title="bbox 502 1432 2090 1521">
     <span class='ocr_line' id='line_1_16' title="bbox 502 1432 2090 1521; baseline 0.02 -41"><span class='ocrx_word' id='word_1_99' title='bbox 502 1438 776 1521; x_wconf 74' lang='lat' dir='ltr'><strong>conventu</strong></span> <span class='ocrx_word' id='word_1_100' title='bbox 790 1432 963 1521; x_wconf 59' lang='lat'><strong>(458),</strong></span> <span class='ocrx_word' id='word_1_101' title='bbox 980 1436 1049 1492; x_wconf 89' lang='lat' dir='ltr'><strong>ad</strong></span> <span class='ocrx_word' id='word_1_102' title='bbox 1069 1444 1488 1510; x_wconf 88' lang='lat' dir='ltr'><strong>promerendam</strong></span> <span class='ocrx_word' id='word_1_103' title='bbox 1503 1451 1907 1517; x_wconf 88' lang='lat' dir='ltr'><strong>promotionem</strong></span> <span class='ocrx_word' id='word_1_104' title='bbox 1931 1468 2090 1510; x_wconf 84' lang='lat' dir='ltr'><strong>suam</strong></span> 
     </span>
    </p>
   </div>
   <div class='ocr_carea' id='block_1_17' title="bbox 502 1515 2088 1609">
    <p class='ocr_par' dir='ltr' id='par_1_17' title="bbox 502 1515 2088 1609">
     <span class='ocr_line' id='line_1_17' title="bbox 502 1515 2088 1609; baseline 0.02 -38"><span class='ocrx_word' id='word_1_105' title='bbox 502 1515 664 1587; x_wconf 87' lang='lat' dir='ltr'><strong>beato</strong></span> <span class='ocrx_word' id='word_1_106' title='bbox 697 1515 860 1609; x_wconf 83' lang='lat' dir='ltr'><strong>Petro</strong></span> <span class='ocrx_word' id='word_1_107' title='bbox 890 1527 1117 1600; x_wconf 83' lang='lat' dir='ltr'><strong>suisque</strong></span> <span class='ocrx_word' id='word_1_108' title='bbox 1155 1532 1377 1592; x_wconf 76' lang='lat' dir='ltr'><strong>vicariis</strong></span> <span class='ocrx_word' id='word_1_109' title='bbox 1410 1544 1466 1594; x_wconf 92' lang='lat' dir='ltr'><strong>et</strong></span> <span class='ocrx_word' id='word_1_110' title='bbox 1488 1515 1903 1600; x_wconf 76' lang='lat' dir='ltr'><strong>successoribus</strong></span> <span class='ocrx_word' id='word_1_111' title='bbox 1929 1545 2088 1601; x_wconf 86' lang='lat' dir='ltr'><strong>ﬁdem</strong></span> 
     </span>
    </p>
   </div>
   <div class='ocr_carea' id='block_1_18' title="bbox 501 1611 2090 1706">
    <p class='ocr_par' dir='ltr' id='par_1_18' title="bbox 501 1611 2090 1706">
     <span class='ocr_line' id='line_1_18' title="bbox 501 1611 2090 1706; baseline 0.02 -45"><span class='ocrx_word' id='word_1_112' title='bbox 501 1614 558 1663; x_wconf 91' lang='lat' dir='ltr'><strong>et</strong></span> <span class='ocrx_word' id='word_1_113' title='bbox 605 1611 1001 1682; x_wconf 90' lang='lat' dir='ltr'><strong>subiectionem</strong></span> <span class='ocrx_word' id='word_1_114' title='bbox 1059 1636 1119 1678; x_wconf 90' lang='lat' dir='ltr'><strong>se</strong></span> <span class='ocrx_word' id='word_1_115' title='bbox 1167 1634 1484 1685; x_wconf 75' lang='lat' dir='ltr'><strong>servaturos</strong></span> <span class='ocrx_word' id='word_1_116' title='bbox 1538 1631 1943 1700; x_wconf 84' lang='lat' dir='ltr'><strong>promiserunt;</strong></span> <span class='ocrx_word' id='word_1_117' title='bbox 1994 1636 2090 1706; x_wconf 82' lang='lat' dir='ltr'><strong>qui</strong></span> 
     </span>
    </p>
   </div>
   <div class='ocr_carea' id='block_1_19' title="bbox 503 1706 2091 1797">
    <p class='ocr_par' dir='ltr' id='par_1_19' title="bbox 503 1706 2091 1797">
     <span class='ocr_line' id='line_1_19' title="bbox 503 1706 2091 1797; baseline 0.018 -42"><span class='ocrx_word' id='word_1_118' title='bbox 503 1706 686 1797; x_wconf 79' lang='lat' dir='ltr'><strong>tamen</strong></span> <span class='ocrx_word' id='word_1_119' title='bbox 720 1720 897 1778; x_wconf 89' lang='lat' dir='ltr'><strong>nuper</strong></span> <span class='ocrx_word' id='word_1_120' title='bbox 916 1711 986 1766; x_wconf 86' lang='lat' dir='ltr'><strong>ad</strong></span> <span class='ocrx_word' id='word_1_121' title='bbox 1020 1712 1278 1784; x_wconf 88' lang='lat' dir='ltr'><strong>iniuriam</strong></span> <span class='ocrx_word' id='word_1_122' title='bbox 1303 1718 1550 1789; x_wconf 87' lang='lat' dir='ltr'><strong>ejusdem</strong></span> <span class='ocrx_word' id='word_1_123' title='bbox 1582 1723 1849 1796; x_wconf 87' lang='lat' dir='ltr'><strong>principis</strong></span> <span class='ocrx_word' id='word_1_124' title='bbox 1871 1736 2091 1797; x_wconf 78' lang='lat' dir='ltr'><strong>aposto-</strong></span> 
     </span>
    </p>
   </div>
   <div class='ocr_carea' id='block_1_20' title="bbox 505 1791 2091 1889">
    <p class='ocr_par' dir='ltr' id='par_1_20' title="bbox 505 1791 2091 1889">
     <span class='ocr_line' id='line_1_20' title="bbox 505 1791 2091 1889; baseline 0.02 -44"><span class='ocrx_word' id='word_1_125' title='bbox 505 1791 684 1889; x_wconf 79' lang='lat' dir='ltr'><strong>lorum</strong></span> <span class='ocrx_word' id='word_1_126' title='bbox 712 1802 1019 1858; x_wconf 85' lang='lat' dir='ltr'><strong>successori</strong></span> <span class='ocrx_word' id='word_1_127' title='bbox 1064 1805 1184 1876; x_wconf 87' lang='lat' dir='ltr'><strong>ejus</strong></span> <span class='ocrx_word' id='word_1_128' title='bbox 1222 1811 1553 1878; x_wconf 83' lang='lat' dir='ltr'><strong>promissam</strong></span> <span class='ocrx_word' id='word_1_129' title='bbox 1584 1791 1782 1887; x_wconf 50' lang='lat' dir='ltr'><strong>ﬁdem—</strong></span> <span class='ocrx_word' id='word_1_130' title='bbox 1805 1825 1861 1873; x_wconf 90' lang='lat' dir='ltr'><strong>et</strong></span> <span class='ocrx_word' id='word_1_131' title='bbox 1904 1791 2091 1889; x_wconf 74' lang='lat' dir='ltr'><strong>subje-</strong></span> 
     </span>
    </p>
   </div>
   <div class='ocr_carea' id='block_1_21' title="bbox 501 1882 2090 1976">
    <p class='ocr_par' dir='ltr' id='par_1_21' title="bbox 501 1882 2090 1976">
     <span class='ocr_line' id='line_1_21' title="bbox 501 1882 2090 1976; baseline 0.02 -40"><span class='ocrx_word' id='word_1_132' title='bbox 501 1882 742 1976; x_wconf 85' lang='lat' dir='ltr'><strong>ctionem</strong></span> <span class='ocrx_word' id='word_1_133' title='bbox 771 1890 992 1959; x_wconf 85' lang='lat' dir='ltr'><strong>publica</strong></span> <span class='ocrx_word' id='word_1_134' title='bbox 1025 1896 1368 1965; x_wconf 82' lang='lat' dir='ltr'><strong>professione</strong></span> <span class='ocrx_word' id='word_1_135' title='bbox 1399 1882 1829 1976; x_wconf 71' lang='lat' dir='ltr'><strong>abnegaverunt.</strong></span> <span class='ocrx_word' id='word_1_136' title='bbox 1864 1882 2090 1967; x_wconf 36' lang='lat' dir='ltr'><strong>llludvex</strong></span> 
     </span>
    </p>
   </div>
   <div class='ocr_carea' id='block_1_22' title="bbox 502 1974 2088 2057">
    <p class='ocr_par' dir='ltr' id='par_1_22' title="bbox 502 1974 2088 2057">
     <span class='ocr_line' id='line_1_22' title="bbox 502 1974 2088 2057; baseline 0.021 -31"><span class='ocrx_word' id='word_1_137' title='bbox 502 1974 856 2049; x_wconf 87' lang='lat' dir='ltr'><strong>antiquorum</strong></span> <span class='ocrx_word' id='word_1_138' title='bbox 897 1993 1218 2044; x_wconf 87' lang='lat' dir='ltr'><strong>sanctorum</strong></span> <span class='ocrx_word' id='word_1_139' title='bbox 1272 1989 1502 2050; x_wconf 90' lang='lat' dir='ltr'><strong>Patrum</strong></span> <span class='ocrx_word' id='word_1_140' title='bbox 1541 1974 1868 2056; x_wconf 68' lang='lat' dir='ltr'><strong>auctoritate</strong></span> <span class='ocrx_word' id='word_1_141' title='bbox 1909 2001 2088 2057; x_wconf 88' lang='lat' dir='ltr'><strong>cdocti</strong></span> 
     </span>
    </p>
   </div>
   <div class='ocr_carea' id='block_1_23' title="bbox 504 2061 2091 2162">
    <p class='ocr_par' dir='ltr' id='par_1_23' title="bbox 504 2061 2091 2162">
     <span class='ocr_line' id='line_1_23' title="bbox 504 2061 2091 2162; baseline 0.02 -45"><span class='ocrx_word' id='word_1_142' title='bbox 504 2061 782 2162; x_wconf 74' lang='lat' dir='ltr'><strong>fecerunt;</strong></span> <span class='ocrx_word' id='word_1_143' title='bbox 822 2069 881 2127; x_wconf 90' lang='lat' dir='ltr'><strong>in</strong></span> <span class='ocrx_word' id='word_1_144' title='bbox 919 2072 1027 2131; x_wconf 89' lang='lat' dir='ltr'><strong>isto</strong></span> <span class='ocrx_word' id='word_1_145' title='bbox 1059 2086 1242 2162; x_wconf 80' lang='lat' dir='ltr'><strong>autem</strong></span> <span class='ocrx_word' id='word_1_146' title='bbox 1275 2081 1449 2138; x_wconf 89' lang='lat' dir='ltr'><strong>solam</strong></span> <span class='ocrx_word' id='word_1_147' title='bbox 1482 2087 1774 2144; x_wconf 66' lang='lat' dir='ltr'><strong>mundanae</strong></span> <span class='ocrx_word' id='word_1_148' title='bbox 1805 2091 2091 2160; x_wconf 83' lang='lat' dir='ltr'><strong>potestatis</strong></span> 
     </span>
    </p>
   </div>
   <div class='ocr_carea' id='block_1_24' title="bbox 490 2156 2091 2252">
    <p class='ocr_par' dir='ltr' id='par_1_24' title="bbox 490 2156 2091 2252">
     <span class='ocr_line' id='line_1_24' title="bbox 490 2156 2091 2252; baseline 0.019 -43"><span class='ocrx_word' id='word_1_149' title='bbox 490 2156 841 2252; x_wconf 49' lang='lat' dir='ltr'><strong>voluntatem</strong></span> <span class='ocrx_word' id='word_1_150' title='bbox 868 2158 1111 2224; x_wconf 82' lang='lat' dir='ltr'><strong>exsecuti</strong></span> <span class='ocrx_word' id='word_1_151' title='bbox 1139 2180 1288 2230; x_wconf 86' lang='lat' dir='ltr'><strong>sunt.</strong></span> <span class='ocrx_word' id='word_1_152' title='bbox 1328 2173 1618 2242; x_wconf 86' lang='lat' dir='ltr'><strong>Quomodo</strong></span> <span class='ocrx_word' id='word_1_153' title='bbox 1637 2194 1769 2251; x_wconf 83' lang='lat' dir='ltr'><strong>ergo</strong></span> <span class='ocrx_word' id='word_1_154' title='bbox 1791 2156 1897 2238; x_wconf 79' lang='lat' dir='ltr'><strong>hoc</strong></span> <span class='ocrx_word' id='word_1_155' title='bbox 1917 2182 2091 2252; x_wconf 85' lang='lat' dir='ltr'><strong>pluris</strong></span> 
     </span>
    </p>
   </div>
   <div class='ocr_carea' id='block_1_25' title="bbox 506 2243 2093 2343">
    <p class='ocr_par' dir='ltr' id='par_1_25' title="bbox 506 2243 2093 2343">
     <span class='ocr_line' id='line_1_25' title="bbox 506 2243 2093 2343; baseline 0.02 -44"><span class='ocrx_word' id='word_1_156' title='bbox 506 2243 744 2343; x_wconf 77' lang='lat' dir='ltr'><strong>faciunt,</strong></span> <span class='ocrx_word' id='word_1_157' title='bbox 776 2255 924 2323; x_wconf 91' lang='lat' dir='ltr'><strong>quod</strong></span> <span class='ocrx_word' id='word_1_158' title='bbox 957 2255 1016 2313; x_wconf 92' lang='lat' dir='ltr'><strong>in</strong></span> <span class='ocrx_word' id='word_1_159' title='bbox 1074 2261 1327 2320; x_wconf 88' lang='lat' dir='ltr'><strong>cubiculo</strong></span> <span class='ocrx_word' id='word_1_160' title='bbox 1361 2264 1478 2321; x_wconf 87' lang='lat' dir='ltr'><strong>sive</strong></span> <span class='ocrx_word' id='word_1_161' title='bbox 1508 2267 1567 2323; x_wconf 87' lang='lat' dir='ltr'><strong>in</strong></span> <span class='ocrx_word' id='word_1_162' title='bbox 1602 2243 1728 2325; x_wconf 70' lang='lat' dir='ltr'><strong>aula</strong></span> <span class='ocrx_word' id='word_1_163' title='bbox 1772 2243 1934 2343; x_wconf 65' lang='lat' dir='ltr'><strong>regis</strong></span> <span class='ocrx_word' id='word_1_164' title='bbox 1951 2272 2093 2330; x_wconf 78' lang='lat' dir='ltr'><strong>inter</strong></span> 
     </span>
    </p>
   </div>
   <div class='ocr_carea' id='block_1_26' title="bbox 505 2339 2090 2435">
    <p class='ocr_par' dir='ltr' id='par_1_26' title="bbox 505 2339 2090 2435">
     <span class='ocr_line' id='line_1_26' title="bbox 505 2339 2090 2435; baseline 0.019 -42"><span class='ocrx_word' id='word_1_165' title='bbox 505 2339 778 2407; x_wconf 86' lang='lat' dir='ltr'><strong>palatinos</strong></span> <span class='ocrx_word' id='word_1_166' title='bbox 798 2348 1057 2423; x_wconf 80' lang='lat' dir='ltr'><strong>strepitus</strong></span> <span class='ocrx_word' id='word_1_167' title='bbox 1079 2354 1556 2427; x_wconf 85' lang='lat' dir='ltr'><strong>conspiraverunt,</strong></span> <span class='ocrx_word' id='word_1_168' title='bbox 1579 2374 1745 2430; x_wconf 89' lang='lat' dir='ltr'><strong>quam</strong></span> <span class='ocrx_word' id='word_1_169' title='bbox 1768 2339 1919 2431; x_wconf 75' lang='lat' dir='ltr'><strong>illud,</strong></span> <span class='ocrx_word' id='word_1_170' title='bbox 1944 2365 2090 2435; x_wconf 82' lang='lat' dir='ltr'><strong>quod</strong></span> 
     </span>
    </p>
   </div>
   <div class='ocr_carea' id='block_1_27' title="bbox 505 2446 2093 2528">
    <p class='ocr_par' dir='ltr' id='par_1_27' title="bbox 505 2446 2093 2528">
     <span class='ocr_line' id='line_1_27' title="bbox 505 2446 2093 2528; baseline 0.016 -38"><span class='ocrx_word' id='word_1_171' title='bbox 505 2449 692 2528; x_wconf 76' lang='lat' dir='ltr'><strong>coram</strong></span> <span class='ocrx_word' id='word_1_172' title='bbox 739 2454 900 2511; x_wconf 79' lang='lat' dir='ltr'><strong>sacro</strong></span> <span class='ocrx_word' id='word_1_173' title='bbox 932 2446 1094 2505; x_wconf 85' lang='lat' dir='ltr'><strong>altari</strong></span> <span class='ocrx_word' id='word_1_174' title='bbox 1135 2450 1454 2523; x_wconf 84' lang='lat' dir='ltr'><strong>sanctisque</strong></span> <span class='ocrx_word' id='word_1_175' title='bbox 1497 2462 1813 2511; x_wconf 89' lang='lat' dir='ltr'><strong>sanctorum</strong></span> <span class='ocrx_word' id='word_1_176' title='bbox 1843 2457 2093 2528; x_wconf 88' lang='lat' dir='ltr'><strong>reliquiis</strong></span> 
     </span>
    </p>
   </div>
   <div class='ocr_carea' id='block_1_28' title="bbox 504 2525 2027 2617">
    <p class='ocr_par' dir='ltr' id='par_1_28' title="bbox 504 2525 2027 2617">
     <span class='ocr_line' id='line_1_28' title="bbox 504 2525 2027 2617; baseline 0.016 -37"><span class='ocrx_word' id='word_1_177' title='bbox 504 2525 612 2583; x_wconf 80' lang='lat' dir='ltr'><strong>sub</strong></span> <span class='ocrx_word' id='word_1_178' title='bbox 643 2529 959 2592; x_wconf 89' lang='lat' dir='ltr'><strong>testimonio</strong></span> <span class='ocrx_word' id='word_1_179' title='bbox 988 2535 1196 2596; x_wconf 82' lang='lat' dir='ltr'><strong>Christi</strong></span> <span class='ocrx_word' id='word_1_180' title='bbox 1223 2549 1280 2597; x_wconf 88' lang='lat' dir='ltr'><strong>et</strong></span> <span class='ocrx_word' id='word_1_181' title='bbox 1311 2541 1572 2601; x_wconf 69' lang='lat' dir='ltr'><strong>Ecclesiae</strong></span> <span class='ocrx_word' id='word_1_182' title='bbox 1595 2546 1831 2617; x_wconf 82' lang='lat' dir='ltr'><strong>professi</strong></span> <span class='ocrx_word' id='word_1_183' title='bbox 1861 2525 2027 2605; x_wconf 75' lang='lat' dir='ltr'><strong>sunt?</strong></span> 
     </span>
    </p>
   </div>
   <div class='ocr_carea' id='block_1_29' title="bbox 530 2617 2095 2697">
    <p class='ocr_par' dir='ltr' id='par_1_29' title="bbox 530 2617 2095 2697">
     <span class='ocr_line' id='line_1_29' title="bbox 530 2617 2095 2697; baseline 0.015 -25"><span class='ocrx_word' id='word_1_184' title='bbox 530 2684 533 2687; x_wconf 19' lang='grc' dir='ltr'><em>ν</em></span> <span class='ocrx_word' id='word_1_185' title='bbox 575 2617 645 2697; x_wconf 85' lang='lat' dir='ltr'><strong>At</strong></span> <span class='ocrx_word' id='word_1_186' title='bbox 675 2619 912 2697; x_wconf 81' lang='lat' dir='ltr'><strong>fortasse</strong></span> <span class='ocrx_word' id='word_1_187' title='bbox 926 2666 951 2694; x_wconf 61' lang='grc' dir='ltr'><strong>,ι</strong></span> <span class='ocrx_word' id='word_1_188' title='bbox 971 2627 1039 2684; x_wconf 87' lang='lat' dir='ltr'><strong>ad</strong></span> <span class='ocrx_word' id='word_1_189' title='bbox 1071 2646 1229 2688; x_wconf 87' lang='lat' dir='ltr'><strong>suam</strong></span> <span class='ocrx_word' id='word_1_190' title='bbox 1270 2633 1644 2694; x_wconf 90' lang='lat' dir='ltr'><strong>defensionem</strong></span> <span class='ocrx_word' id='word_1_191' title='bbox 1684 2645 1930 2695; x_wconf 87' lang='lat' dir='ltr'><strong>nostram</strong></span> <span class='ocrx_word' id='word_1_192' title='bbox 1961 2654 2095 2696; x_wconf 76' lang='lat' dir='ltr'><strong>vero</strong></span> 
     </span>
    </p>
   </div>
   <div class='ocr_carea' id='block_1_30' title="bbox 503 2711 2091 2799">
    <p class='ocr_par' dir='ltr' id='par_1_30' title="bbox 503 2711 2091 2799">
     <span class='ocr_line' id='line_1_30' title="bbox 503 2711 2091 2799; baseline 0.014 -35"><span class='ocrx_word' id='word_1_193' title='bbox 503 2711 1005 2787; x_wconf 80' lang='lat' dir='ltr'><strong>exprobrationem,</strong></span> <span class='ocrx_word' id='word_1_194' title='bbox 1056 2719 1205 2778; x_wconf 91' lang='lat' dir='ltr'><strong>illius</strong></span> <span class='ocrx_word' id='word_1_195' title='bbox 1251 2723 1552 2794; x_wconf 88' lang='lat' dir='ltr'><strong>juramcnti</strong></span> <span class='ocrx_word' id='word_1_196' title='bbox 1604 2729 1752 2799; x_wconf 92' lang='lat' dir='ltr'><strong>quod</strong></span> <span class='ocrx_word' id='word_1_197' title='bbox 1802 2730 2091 2786; x_wconf 89' lang='lat' dir='ltr'><strong>nobiscum</strong></span> 
     </span>
    </p>
   </div>
   <div class='ocr_carea' id='block_1_31' title="bbox 504 2806 2093 2888">
    <p class='ocr_par' dir='ltr' id='par_1_31' title="bbox 504 2806 2093 2888">
     <span class='ocr_line' id='line_1_31' title="bbox 504 2806 2093 2888; baseline 0.015 -35"><span class='ocrx_word' id='word_1_198' title='bbox 504 2814 796 2861; x_wconf 80' lang='lat' dir='ltr'><strong>commune</strong></span> <span class='ocrx_word' id='word_1_199' title='bbox 818 2806 1021 2865; x_wconf 82' lang='lat' dir='ltr'><strong>habent</strong></span> <span class='ocrx_word' id='word_1_200' title='bbox 1047 2814 1428 2871; x_wconf 85' lang='lat' dir='ltr'><strong>necessitatem</strong></span> <span class='ocrx_word' id='word_1_201' title='bbox 1461 2810 1822 2888; x_wconf 65' lang='lat' dir='ltr'><strong>prattendent,</strong></span> <span class='ocrx_word' id='word_1_202' title='bbox 1849 2818 2093 2877; x_wconf 87' lang='lat' dir='ltr'><strong>dicentes</strong></span> 
     </span>
    </p>
   </div>
   <div class='ocr_carea' id='block_1_32' title="bbox 504 2890 2094 2983">
    <p class='ocr_par' dir='ltr' id='par_1_32' title="bbox 504 2890 2094 2983">
     <span class='ocr_line' id='line_1_32' title="bbox 504 2890 2094 2983; baseline 0.016 -39"><span class='ocrx_word' id='word_1_203' title='bbox 504 2890 841 2983; x_wconf 15' lang='lat' dir='ltr'><strong>scriuratam</strong></span> <span class='ocrx_word' id='word_1_204' title='bbox 877 2898 1193 2961; x_wconf 85' lang='lat' dir='ltr'><strong>ﬁdelitatem</strong></span> <span class='ocrx_word' id='word_1_205' title='bbox 1224 2904 1525 2979; x_wconf 75' lang='lat' dir='ltr'><strong>infringere</strong></span> <span class='ocrx_word' id='word_1_206' title='bbox 1559 2910 1765 2968; x_wconf 89' lang='lat' dir='ltr'><strong>veritos</strong></span> <span class='ocrx_word' id='word_1_207' title='bbox 1796 2911 1902 2969; x_wconf 92' lang='lat' dir='ltr'><strong>nisi</strong></span> <span class='ocrx_word' id='word_1_208' title='bbox 1928 2911 2094 2983; x_wconf 67' lang='lat' dir='ltr'><strong>regia:</strong></span> 
     </span>
    </p>
   </div>
   <div class='ocr_carea' id='block_1_33' title="bbox 504 2966 2160 3090">
    <p class='ocr_par' dir='ltr' id='par_1_33' title="bbox 504 2966 2160 3090">
     <span class='ocr_line' id='line_1_33' title="bbox 504 2966 2160 3090; baseline 0.014 -53"><span class='ocrx_word' id='word_1_209' title='bbox 504 2966 776 3090; x_wconf 51' lang='lat' dir='ltr'><strong>voluntati</strong></span> <span class='ocrx_word' id='word_1_210' title='bbox 799 3005 1035 3090; x_wconf 46' lang='lat' dir='ltr'><strong>.morem</strong></span> <span class='ocrx_word' id='word_1_211' title='bbox 1078 3004 1346 3090; x_wconf 75' lang='lat' dir='ltr'><strong>gererent.</strong></span> <span class='ocrx_word' id='word_1_212' title='bbox 1384 2966 1467 3054; x_wconf 71' lang='grc' dir='ltr'>Ᾰᾶ</span> <span class='ocrx_word' id='word_1_213' title='bbox 1507 2999 1656 3070; x_wconf 88' lang='lat' dir='ltr'><strong>quod</strong></span> <span class='ocrx_word' id='word_1_214' title='bbox 1686 2966 2088 3072; x_wconf 65' lang='lat' dir='ltr'><strong>respondendo,</strong></span> <span class='ocrx_word' id='word_1_215' title='bbox 2117 3032 2160 3090; x_wconf 71' lang='grc' dir='ltr'>ο</span> 
     </span>
    </p>
   </div>
   <div class='ocr_carea' id='block_1_34' title="bbox 506 3068 2085 3163">
    <p class='ocr_par' dir='ltr' id='par_1_34' title="bbox 506 3068 2085 3163">
     <span class='ocr_line' id='line_1_34' title="bbox 506 3068 2085 3163; baseline 0.016 -37"><span class='ocrx_word' id='word_1_216' title='bbox 506 3068 573 3163; x_wconf 84' lang='lat' dir='ltr'><strong>de</strong></span> <span class='ocrx_word' id='word_1_217' title='bbox 597 3072 704 3161; x_wconf 82' lang='lat' dir='ltr'><strong>illis</strong></span> <span class='ocrx_word' id='word_1_218' title='bbox 737 3076 1089 3139; x_wconf 88' lang='lat' dir='ltr'><strong>inhonestum</strong></span> <span class='ocrx_word' id='word_1_219' title='bbox 1120 3086 1325 3157; x_wconf 88' lang='lat' dir='ltr'><strong>aliquid</strong></span> <span class='ocrx_word' id='word_1_220' title='bbox 1347 3068 1661 3161; x_wconf 24' lang='lat' dir='ltr'><strong>eloqulwnon</strong></span> <span class='ocrx_word' id='word_1_221' title='bbox 1682 3068 2085 3163; x_wconf 72' lang='lat' dir='ltr'><strong>przesumimus.</strong></span> 
     </span>
    </p>
   </div>
   <div class='ocr_carea' id='block_1_35' title="bbox 509 3160 2088 3254">
    <p class='ocr_par' dir='ltr' id='par_1_35' title="bbox 509 3160 2088 3254">
     <span class='ocr_line' id='line_1_35' title="bbox 509 3160 2088 3254; baseline 0.015 -36"><span class='ocrx_word' id='word_1_222' title='bbox 509 3160 586 3254; x_wconf 63' lang='lat' dir='ltr'><strong>lle</strong></span> <span class='ocrx_word' id='word_1_223' title='bbox 610 3160 767 3225; x_wconf 78' lang='lat' dir='ltr'><strong>nObis</strong></span> <span class='ocrx_word' id='word_1_224' title='bbox 790 3178 995 3243; x_wconf 86' lang='lat' dir='ltr'><strong>autem,</strong></span> <span class='ocrx_word' id='word_1_225' title='bbox 1024 3185 1293 3247; x_wconf 86' lang='lat' dir='ltr'><strong>quotquot</strong></span> <span class='ocrx_word' id='word_1_226' title='bbox 1316 3179 1550 3252; x_wconf 91' lang='lat' dir='ltr'><strong>principi</strong></span> <span class='ocrx_word' id='word_1_227' title='bbox 1577 3160 1736 3237; x_wconf 78' lang='lat' dir='ltr'><strong>ﬁdem</strong></span> <span class='ocrx_word' id='word_1_228' title='bbox 1757 3183 2088 3254; x_wconf 87' lang='lat' dir='ltr'><strong>iuravimus,</strong></span> 
     </span>
    </p>
   </div>
   <div class='ocr_carea' id='block_1_36' title="bbox 507 3251 2093 3342">
    <p class='ocr_par' dir='ltr' id='par_1_36' title="bbox 507 3251 2093 3342">
     <span class='ocr_line' id='line_1_36' title="bbox 507 3251 2093 3342; baseline 0.015 -36"><span class='ocrx_word' id='word_1_229' title='bbox 507 3251 614 3325; x_wconf 85' lang='lat' dir='ltr'><strong>hoc</strong></span> <span class='ocrx_word' id='word_1_230' title='bbox 624 3272 752 3342; x_wconf 81' lang='lat' dir='ltr'><strong>vere</strong></span> <span class='ocrx_word' id='word_1_231' title='bbox 763 3267 819 3316; x_wconf 88' lang='lat' dir='ltr'><strong>et</strong></span> <span class='ocrx_word' id='word_1_232' title='bbox 833 3259 1277 3337; x_wconf 85' lang='lat' dir='ltr'><strong>irrefragabiliter</strong></span> <span class='ocrx_word' id='word_1_233' title='bbox 1292 3251 1617 3327; x_wconf 86' lang='lat' dir='ltr'><strong>attestamur</strong></span> <span class='ocrx_word' id='word_1_234' title='bbox 1632 3251 1800 3342; x_wconf 86' lang='lat' dir='ltr'><strong>quod,</strong></span> <span class='ocrx_word' id='word_1_235' title='bbox 1817 3273 1884 3340; x_wconf 89' lang='lat' dir='ltr'><strong>si,</strong></span> <span class='ocrx_word' id='word_1_236' title='bbox 1901 3251 2093 3330; x_wconf 89' lang='lat' dir='ltr'><strong>nostro</strong></span> 
     </span>
    </p>
   </div>
   <div class='ocr_carea' id='block_1_37' title="bbox 507 3347 2093 3438">
    <p class='ocr_par' dir='ltr' id='par_1_37' title="bbox 507 3347 2093 3438">
     <span class='ocr_line' id='line_1_37' title="bbox 507 3347 2093 3438; baseline 0.016 -40"><span class='ocrx_word' id='word_1_237' title='bbox 507 3347 741 3425; x_wconf 83' lang='lat' dir='ltr'><strong>consilio</strong></span> <span class='ocrx_word' id='word_1_238' title='bbox 767 3351 1041 3412; x_wconf 86' lang='lat' dir='ltr'><strong>animatus</strong></span> <span class='ocrx_word' id='word_1_239' title='bbox 1066 3367 1362 3430; x_wconf 86' lang='lat' dir='ltr'><strong>nostraque</strong></span> <span class='ocrx_word' id='word_1_240' title='bbox 1390 3377 1493 3434; x_wconf 84' lang='lat' dir='ltr'><strong>ope</strong></span> <span class='ocrx_word' id='word_1_241' title='bbox 1527 3362 1720 3432; x_wconf 89' lang='lat' dir='ltr'><strong>fretus,</strong></span> <span class='ocrx_word' id='word_1_242' title='bbox 1754 3362 1888 3422; x_wconf 90' lang='lat' dir='ltr'><strong>illud</strong></span> <span class='ocrx_word' id='word_1_243' title='bbox 1909 3382 2093 3438; x_wconf 78' lang='lat' dir='ltr'><strong>agres-</strong></span> 
     </span>
    </p>
   </div>
   <div class='ocr_carea' id='block_1_38' title="bbox 509 3444 2092 3525">
    <p class='ocr_par' dir='ltr' id='par_1_38' title="bbox 509 3444 2092 3525">
     <span class='ocr_line' id='line_1_38' title="bbox 509 3444 2092 3525; baseline 0.013 -33"><span class='ocrx_word' id='word_1_244' title='bbox 509 3451 607 3502; x_wconf 82' lang='lat' dir='ltr'><strong>sus</strong></span> <span class='ocrx_word' id='word_1_245' title='bbox 648 3449 796 3498; x_wconf 83' lang='lat' dir='ltr'><strong>esset</strong></span> <span class='ocrx_word' id='word_1_246' title='bbox 825 3444 971 3501; x_wconf 87' lang='lat' dir='ltr'><strong>unde</strong></span> <span class='ocrx_word' id='word_1_247' title='bbox 1013 3454 1227 3505; x_wconf 89' lang='lat' dir='ltr'><strong>tantum</strong></span> <span class='ocrx_word' id='word_1_248' title='bbox 1276 3452 1475 3509; x_wconf 67' lang='lat' dir='ltr'><strong>animae</strong></span> <span class='ocrx_word' id='word_1_249' title='bbox 1521 3453 1846 3525; x_wconf 81' lang='lat' dir='ltr'><strong>periculum,</strong></span> <span class='ocrx_word' id='word_1_250' title='bbox 1877 3464 2092 3514; x_wconf 85' lang='lat' dir='ltr'><strong>tantum</strong></span> 
     </span>
    </p>
   </div>
   <div class='ocr_carea' id='block_1_39' title="bbox 507 3530 2096 3616">
    <p class='ocr_par' dir='ltr' id='par_1_39' title="bbox 507 3530 2096 3616">
     <span class='ocr_line' id='line_1_39' title="bbox 507 3530 2096 3616; baseline 0.012 -29"><span class='ocrx_word' id='word_1_251' title='bbox 507 3530 661 3611; x_wconf 73' lang='lat' dir='ltr'><strong>regni</strong></span> <span class='ocrx_word' id='word_1_252' title='bbox 689 3541 747 3589; x_wconf 88' lang='lat' dir='ltr'><strong>et</strong></span> <span class='ocrx_word' id='word_1_253' title='bbox 764 3535 898 3607; x_wconf 80' lang='lat' dir='ltr'><strong>regii</strong></span> <span class='ocrx_word' id='word_1_254' title='bbox 927 3536 1154 3598; x_wconf 87' lang='lat' dir='ltr'><strong>honoris</strong></span> <span class='ocrx_word' id='word_1_255' title='bbox 1174 3541 1447 3599; x_wconf 85' lang='lat' dir='ltr'><strong>defectum</strong></span> <span class='ocrx_word' id='word_1_256' title='bbox 1468 3545 1770 3616; x_wconf 89' lang='lat' dir='ltr'><strong>incidisset,</strong></span> <span class='ocrx_word' id='word_1_257' title='bbox 1787 3548 1907 3605; x_wconf 90' lang='lat' dir='ltr'><strong>sine</strong></span> <span class='ocrx_word' id='word_1_258' title='bbox 1926 3550 2096 3607; x_wconf 91' lang='lat' dir='ltr'><strong>dubio</strong></span> 
     </span>
    </p>
   </div>
   <div class='ocr_carea' id='block_1_40' title="bbox 505 3628 2092 3708">
    <p class='ocr_par' dir='ltr' id='par_1_40' title="bbox 505 3628 2092 3708">
     <span class='ocr_line' id='line_1_40' title="bbox 505 3628 2092 3708; baseline 0.015 -34"><span class='ocrx_word' id='word_1_259' title='bbox 505 3628 566 3675; x_wconf 89' lang='lat' dir='ltr'><strong>et</strong></span> <span class='ocrx_word' id='word_1_260' title='bbox 582 3628 923 3699; x_wconf 84' lang='lat' dir='ltr'><strong>sacramenti</strong></span> <span class='ocrx_word' id='word_1_261' title='bbox 944 3629 1237 3690; x_wconf 86' lang='lat' dir='ltr'><strong>violatores</strong></span> <span class='ocrx_word' id='word_1_262' title='bbox 1264 3643 1320 3691; x_wconf 83' lang='lat' dir='ltr'><strong>et</strong></span> <span class='ocrx_word' id='word_1_263' title='bbox 1338 3633 1465 3691; x_wconf 84' lang='lat' dir='ltr'><strong>ﬁdei</strong></span> <span class='ocrx_word' id='word_1_264' title='bbox 1486 3636 1872 3708; x_wconf 77' lang='lat' dir='ltr'><strong>existeremus,</strong></span> <span class='ocrx_word' id='word_1_265' title='bbox 1899 3649 1955 3698; x_wconf 90' lang='lat' dir='ltr'><strong>et</strong></span> <span class='ocrx_word' id='word_1_266' title='bbox 1981 3656 2092 3698; x_wconf 91' lang='lat' dir='ltr'><strong>non</strong></span> 
     </span>
    </p>
   </div>
   <div class='ocr_carea' id='block_1_41' title="bbox 507 3718 2095 3805">
    <p class='ocr_par' dir='ltr' id='par_1_41' title="bbox 507 3718 2095 3805">
     <span class='ocr_line' id='line_1_41' title="bbox 507 3718 2095 3805; baseline 0.016 -39"><span class='ocrx_word' id='word_1_267' title='bbox 507 3718 725 3805; x_wconf 86' lang='lat' dir='ltr'><strong>tantum</strong></span> <span class='ocrx_word' id='word_1_268' title='bbox 778 3720 1163 3781; x_wconf 71' lang='lat' dir='ltr'><strong>ecclesiastica:</strong></span> <span class='ocrx_word' id='word_1_269' title='bbox 1213 3725 1476 3800; x_wconf 81' lang='lat' dir='ltr'><strong>regionis,</strong></span> <span class='ocrx_word' id='word_1_270' title='bbox 1527 3729 1625 3786; x_wconf 88' lang='lat' dir='ltr'><strong>sed</strong></span> <span class='ocrx_word' id='word_1_271' title='bbox 1674 3739 1729 3787; x_wconf 89' lang='lat' dir='ltr'><strong>et</strong></span> <span class='ocrx_word' id='word_1_272' title='bbox 1780 3733 2095 3805; x_wconf 73' lang='lat' dir='ltr'><strong>reipublicze</strong></span> 
     </span>
    </p>
   </div>
   <div class='ocr_carea' id='block_1_42' title="bbox 508 3804 2095 3890">
    <p class='ocr_par' dir='ltr' id='par_1_42' title="bbox 508 3804 2095 3890">
     <span class='ocr_line' id='line_1_42' title="bbox 508 3804 2095 3890; baseline 0.014 -30"><span class='ocrx_word' id='word_1_273' title='bbox 508 3804 713 3873; x_wconf 84' lang='lat' dir='ltr'><strong>publici</strong></span> <span class='ocrx_word' id='word_1_274' title='bbox 739 3810 925 3870; x_wconf 86' lang='lat' dir='ltr'><strong>hostes</strong></span> <span class='ocrx_word' id='word_1_275' title='bbox 960 3815 1420 3887; x_wconf 79' lang='lat' dir='ltr'><strong>adjudicaremur.</strong></span> <span class='ocrx_word' id='word_1_276' title='bbox 1445 3820 1709 3890; x_wconf 82' lang='lat' dir='ltr'><strong>Quamvis</strong></span> <span class='ocrx_word' id='word_1_277' title='bbox 1735 3804 1883 3881; x_wconf 85' lang='lat' dir='ltr'><strong>enim</strong></span> <span class='ocrx_word' id='word_1_278' title='bbox 1907 3827 2095 3883; x_wconf 86' lang='lat' dir='ltr'><strong>senior</strong></span> 
     </span>
    </p>
   </div>
   <div class='ocr_carea' id='block_1_43' title="bbox 505 3895 2095 3983">
    <p class='ocr_par' dir='ltr' id='par_1_43' title="bbox 505 3895 2095 3983">
     <span class='ocr_line' id='line_1_43' title="bbox 505 3895 2095 3983; baseline 0.015 -30"><span class='ocrx_word' id='word_1_279' title='bbox 505 3895 792 3973; x_wconf 80' lang='lat' dir='ltr'><strong>dignitate,</strong></span> <span class='ocrx_word' id='word_1_280' title='bbox 842 3914 1000 3963; x_wconf 61' lang='lat' dir='ltr'><strong>relate</strong></span> <span class='ocrx_word' id='word_1_281' title='bbox 1048 3918 1233 3966; x_wconf 82' lang='lat' dir='ltr'><strong>tamen</strong></span> <span class='ocrx_word' id='word_1_282' title='bbox 1260 3911 1480 3983; x_wconf 85' lang='lat' dir='ltr'><strong>juvenis</strong></span> <span class='ocrx_word' id='word_1_283' title='bbox 1519 3914 1625 3971; x_wconf 89' lang='lat' dir='ltr'><strong>fuit</strong></span> <span class='ocrx_word' id='word_1_284' title='bbox 1654 3916 1743 3973; x_wconf 90' lang='lat' dir='ltr'><strong>cui</strong></span> <span class='ocrx_word' id='word_1_285' title='bbox 1778 3918 1898 3974; x_wconf 63' lang='lat' dir='ltr'><strong>haec</strong></span> <span class='ocrx_word' id='word_1_286' title='bbox 1921 3916 2095 3977; x_wconf 83' lang='lat' dir='ltr'><strong>ﬁdelis</strong></span> 
     </span>
    </p>
   </div>
   <div class='ocr_carea' id='block_1_44' title="bbox 508 3994 2091 4081">
    <p class='ocr_par' dir='ltr' id='par_1_44' title="bbox 508 3994 2091 4081">
     <span class='ocr_line' id='line_1_44' title="bbox 508 3994 2091 4081; baseline 0.014 -35"><span class='ocrx_word' id='word_1_287' title='bbox 508 3994 738 4065; x_wconf 79' lang='lat' dir='ltr'><strong>sponsio</strong></span> <span class='ocrx_word' id='word_1_288' title='bbox 785 3996 927 4054; x_wconf 84' lang='lat' dir='ltr'><strong>facta</strong></span> <span class='ocrx_word' id='word_1_289' title='bbox 962 4010 1065 4058; x_wconf 85' lang='lat' dir='ltr'><strong>est.</strong></span> <span class='ocrx_word' id='word_1_290' title='bbox 1099 4001 1443 4076; x_wconf 87' lang='lat' dir='ltr'><strong>Quapropter</strong></span> <span class='ocrx_word' id='word_1_291' title='bbox 1472 4004 1528 4063; x_wconf 87' lang='lat' dir='ltr'><strong>id</strong></span> <span class='ocrx_word' id='word_1_292' title='bbox 1561 4005 1745 4078; x_wconf 78' lang='lat' dir='ltr'><strong>petius</strong></span> <span class='ocrx_word' id='word_1_293' title='bbox 1788 4010 1913 4067; x_wconf 90' lang='lat' dir='ltr'><strong>ﬁdei</strong></span> <span class='ocrx_word' id='word_1_294' title='bbox 1953 4020 2091 4081; x_wconf 88' lang='lat' dir='ltr'><strong>erat,</strong></span> 
     </span>
    </p>
   </div>
   <div class='ocr_carea' id='block_1_45' title="bbox 454 4090 2093 4170">
    <p class='ocr_par' dir='ltr' id='par_1_45' title="bbox 454 4090 2093 4170">
     <span class='ocr_line' id='line_1_45' title="bbox 454 4090 2093 4170; baseline 0.012 -35"><span class='ocrx_word' id='word_1_295' title='bbox 508 4090 785 4149; x_wconf 84' lang='lat' dir='ltr'><strong>quatenus</strong></span> <span class='ocrx_word' id='word_1_296' title='bbox 815 4090 1219 4158; x_wconf 85' lang='lat' dir='ltr'><strong>provectiorum</strong></span> <span class='ocrx_word' id='word_1_297' title='bbox 1267 4102 1402 4150; x_wconf 63' lang='lat' dir='ltr'><strong>antas</strong></span> <span class='ocrx_word' id='word_1_298' title='bbox 1430 4094 1692 4166; x_wconf 84' lang='lat' dir='ltr'><strong>juvenilis</strong></span> <span class='ocrx_word' id='word_1_299' title='bbox 1733 4098 1904 4170; x_wconf 86' lang='lat' dir='ltr'><strong>animi</strong></span> <span class='ocrx_word' id='word_1_300' title='bbox 1951 4099 2093 4154; x_wconf 88' lang='lat' dir='ltr'><strong>irra-</strong></span> 
     </span>
    </p>
   </div>
   <div class='ocr_carea' id='block_1_46' title="bbox 509 4170 2093 4258">
    <p class='ocr_par' dir='ltr' id='par_1_46' title="bbox 509 4170 2093 4258">
     <span class='ocr_line' id='line_1_46' title="bbox 509 4170 2093 4258; baseline 0.013 -35"><span class='ocrx_word' id='word_1_301' title='bbox 509 4170 802 4247; x_wconf 87' lang='lat' dir='ltr'><strong>tionabiles</strong></span> <span class='ocrx_word' id='word_1_302' title='bbox 852 4179 1120 4238; x_wconf 83' lang='lat' dir='ltr'><strong>motiones</strong></span> <span class='ocrx_word' id='word_1_303' title='bbox 1174 4182 1350 4253; x_wconf 87' lang='lat' dir='ltr'><strong>magis</strong></span> <span class='ocrx_word' id='word_1_304' title='bbox 1394 4184 1671 4256; x_wconf 87' lang='lat' dir='ltr'><strong>mitigaret</strong></span> <span class='ocrx_word' id='word_1_305' title='bbox 1717 4202 1883 4258; x_wconf 86' lang='lat' dir='ltr'><strong>quam</strong></span> <span class='ocrx_word' id='word_1_306' title='bbox 1931 4188 2093 4244; x_wconf 85' lang='lat' dir='ltr'><strong>noxia</strong></span> 
     </span>
    </p>
   </div>
   <div class='ocr_carea' id='block_1_47' title="bbox 509 4266 2097 4347">
    <p class='ocr_par' dir='ltr' id='par_1_47' title="bbox 509 4266 2097 4347">
     <span class='ocr_line' id='line_1_47' title="bbox 509 4266 2097 4347; baseline 0.013 -31"><span class='ocrx_word' id='word_1_307' title='bbox 509 4266 886 4335; x_wconf 74' lang='lat' dir='ltr'><strong>assentatione.</strong></span> <span class='ocrx_word' id='word_1_308' title='bbox 920 4269 1189 4328; x_wconf 85' lang='lat' dir='ltr'><strong>incitaret.</strong></span> <span class='ocrx_word' id='word_1_309' title='bbox 1232 4272 1369 4341; x_wconf 87' lang='lat' dir='ltr'><strong>lloc,</strong></span> <span class='ocrx_word' id='word_1_310' title='bbox 1431 4276 1678 4347; x_wconf 87' lang='lat' dir='ltr'><strong>inquam,</strong></span> <span class='ocrx_word' id='word_1_311' title='bbox 1711 4278 1835 4334; x_wconf 89' lang='lat' dir='ltr'><strong>ﬁdei</strong></span> <span class='ocrx_word' id='word_1_312' title='bbox 1867 4288 2013 4335; x_wconf 88' lang='lat' dir='ltr'><strong>esset</strong></span> <span class='ocrx_word' id='word_1_313' title='bbox 2040 4288 2097 4337; x_wconf 92' lang='lat' dir='ltr'><strong>ct</strong></span> 
     </span>
    </p>
   </div>
   <div class='ocr_carea' id='block_1_48' title="bbox 2190 443 3789 527">
    <p class='ocr_par' dir='ltr' id='par_1_48' title="bbox 2190 443 3789 527">
     <span class='ocr_line' id='line_1_48' title="bbox 2190 443 3789 527; baseline 0.009 -29"><span class='ocrx_word' id='word_1_314' title='bbox 2190 443 2330 516; x_wconf 84' lang='lat' dir='ltr'><strong>(cap.</strong></span> <span class='ocrx_word' id='word_1_315' title='bbox 2368 444 2460 516; x_wconf 74' lang='grc'><strong>12)</strong></span> <span class='ocrx_word' id='word_1_316' title='bbox 2494 465 2515 501; x_wconf 71' lang='grc' dir='ltr'>ι</span> <span class='ocrx_word' id='word_1_317' title='bbox 2546 445 2648 502; x_wconf 80' lang='lat' dir='ltr'><strong>Est</strong></span> <span class='ocrx_word' id='word_1_318' title='bbox 2681 448 2876 503; x_wconf 86' lang='lat' dir='ltr'><strong>etenim</strong></span> <span class='ocrx_word' id='word_1_319' title='bbox 2909 465 3282 522; x_wconf 77' lang='lat' dir='ltr'><strong>nonnunquam</strong></span> <span class='ocrx_word' id='word_1_320' title='bbox 3310 450 3503 508; x_wconf 86' lang='lat' dir='ltr'><strong>contra</strong></span> <span class='ocrx_word' id='word_1_321' title='bbox 3546 459 3789 527; x_wconf 61' lang='grc' dir='ltr'><strong>σπεεξη-ι</strong></span> 
     </span>
    </p>
   </div>
   <div class='ocr_carea' id='block_1_49' title="bbox 2187 537 3784 618">
    <p class='ocr_par' dir='ltr' id='par_1_49' title="bbox 2187 537 3784 618">
     <span class='ocr_line' id='line_1_49' title="bbox 2187 537 3784 618; baseline 0.01 -29"><span class='ocrx_word' id='word_1_322' title='bbox 2187 537 2507 606; x_wconf 88' lang='lat' dir='ltr'><strong>promissum</strong></span> <span class='ocrx_word' id='word_1_323' title='bbox 2528 537 2747 607; x_wconf 78' lang='lat' dir='ltr'><strong>soluere,</strong></span> <span class='ocrx_word' id='word_1_324' title='bbox 2763 551 3099 596; x_wconf 87' lang='lat' dir='ltr'><strong>sacramenta</strong></span> <span class='ocrx_word' id='word_1_325' title='bbox 3122 545 3409 612; x_wconf 86' lang='lat' dir='ltr'><strong>custodire,</strong></span> <span class='ocrx_word' id='word_1_326' title='bbox 3438 557 3497 600; x_wconf 87' lang='lat' dir='ltr'><strong>ut</strong></span> <span class='ocrx_word' id='word_1_327' title='bbox 3514 546 3784 618; x_wconf 79' lang='lat' dir='ltr'><strong>Herodes,</strong></span> 
     </span>
    </p>
   </div>
   <div class='ocr_carea' id='block_1_50' title="bbox 2189 627 3803 709">
    <p class='ocr_par' dir='ltr' id='par_1_50' title="bbox 2189 627 3803 709">
     <span class='ocr_line' id='line_1_50' title="bbox 2189 627 3803 709; baseline 0.01 -27"><span class='ocrx_word' id='word_1_328' title='bbox 2189 627 2520 699; x_wconf 78' lang='lat' dir='ltr'><strong>quijuravit,</strong></span> <span class='ocrx_word' id='word_1_329' title='bbox 2544 638 2596 686; x_wconf 90' lang='lat' dir='ltr'><strong>et</strong></span> <span class='ocrx_word' id='word_1_330' title='bbox 2617 647 2794 688; x_wconf 80' lang='lat' dir='ltr'><strong>necem</strong></span> <span class='ocrx_word' id='word_1_331' title='bbox 2812 631 3039 689; x_wconf 81' lang='lat' dir='ltr'><strong>Joannis</strong></span> <span class='ocrx_word' id='word_1_332' title='bbox 3063 636 3337 706; x_wconf 74' lang='lat' dir='ltr'><strong>prwstitit,</strong></span> <span class='ocrx_word' id='word_1_333' title='bbox 3361 654 3426 693; x_wconf 88' lang='lat' dir='ltr'><strong>ne</strong></span> <span class='ocrx_word' id='word_1_334' title='bbox 3452 641 3803 709; x_wconf 65' lang='lat' dir='ltr'><strong>promissaru-</strong></span> 
     </span>
    </p>
   </div>
   <div class='ocr_carea' id='block_1_51' title="bbox 2190 728 2424 790">
    <p class='ocr_par' dir='ltr' id='par_1_51' title="bbox 2190 728 2424 790">
     <span class='ocr_line' id='line_1_51' title="bbox 2190 728 2424 790; baseline 0.009 -18"><span class='ocrx_word' id='word_1_335' title='bbox 2190 728 2424 790; x_wconf 78' lang='lat' dir='ltr'><strong>negaret.</strong></span> 
     </span>
    </p>
   </div>
   <div class='ocr_carea' id='block_1_52' title="bbox 2259 810 3785 891">
    <p class='ocr_par' dir='ltr' id='par_1_52' title="bbox 2259 810 3785 891">
     <span class='ocr_line' id='line_1_52' title="bbox 2259 810 3785 891; baseline 0.009 -25"><span class='ocrx_word' id='word_1_336' title='bbox 2259 810 2392 867; x_wconf 87' lang='lat' dir='ltr'><strong>Item</strong></span> <span class='ocrx_word' id='word_1_337' title='bbox 2418 820 2543 883; x_wconf 89' lang='lat' dir='ltr'><strong>post</strong></span> <span class='ocrx_word' id='word_1_338' title='bbox 2563 813 2774 885; x_wconf 85' lang='lat' dir='ltr'><strong>aliqua:</strong></span> <span class='ocrx_word' id='word_1_339' title='bbox 2792 815 3157 890; x_wconf 74' lang='lat' dir='ltr'><strong>Unusquisque</strong></span> <span class='ocrx_word' id='word_1_340' title='bbox 3175 818 3471 891; x_wconf 72' lang='lat' dir='ltr'><strong>simplicem</strong></span> <span class='ocrx_word' id='word_1_341' title='bbox 3482 837 3785 879; x_wconf 69' lang='lat' dir='ltr'><strong>sermonem</strong></span> 
     </span>
    </p>
   </div>
   <div class='ocr_carea' id='block_1_53' title="bbox 2188 902 3785 980">
    <p class='ocr_par' dir='ltr' id='par_1_53' title="bbox 2188 902 3785 980">
     <span class='ocr_line' id='line_1_53' title="bbox 2188 902 3785 980; baseline 0.008 -25"><span class='ocrx_word' id='word_1_342' title='bbox 2188 902 2445 973; x_wconf 80' lang='lat' dir='ltr'><strong>proferat,</strong></span> <span class='ocrx_word' id='word_1_343' title='bbox 2469 920 2562 959; x_wconf 82' lang='lat' dir='ltr'><strong>nec</strong></span> <span class='ocrx_word' id='word_1_344' title='bbox 2584 905 2806 975; x_wconf 78' lang='lat' dir='ltr'><strong>fratrem</strong></span> <span class='ocrx_word' id='word_1_345' title='bbox 2827 908 3286 980; x_wconf 86' lang='lat' dir='ltr'><strong>cirumscriptione</strong></span> <span class='ocrx_word' id='word_1_346' title='bbox 3313 911 3588 966; x_wconf 76' lang='lat' dir='ltr'><strong>verborum</strong></span> <span class='ocrx_word' id='word_1_347' title='bbox 3611 915 3785 967; x_wconf 75' lang='lat' dir='ltr'><strong>indu-</strong></span> 
     </span>
    </p>
   </div>
   <div class='ocr_carea' id='block_1_54' title="bbox 2190 992 3787 1071">
    <p class='ocr_par' dir='ltr' id='par_1_54' title="bbox 2190 992 3787 1071">
     <span class='ocr_line' id='line_1_54' title="bbox 2190 992 3787 1071; baseline 0.008 -26"><span class='ocrx_word' id='word_1_348' title='bbox 2190 1001 2298 1059; x_wconf 89' lang='lat' dir='ltr'><strong>cat,</strong></span> <span class='ocrx_word' id='word_1_349' title='bbox 2327 992 2462 1047; x_wconf 83' lang='lat' dir='ltr'><strong>nihil</strong></span> <span class='ocrx_word' id='word_1_350' title='bbox 2481 996 2757 1063; x_wconf 82' lang='lat' dir='ltr'><strong>promittat</strong></span> <span class='ocrx_word' id='word_1_351' title='bbox 2788 997 3138 1070; x_wconf 79' lang='lat' dir='ltr'><strong>inhonestum.</strong></span> <span class='ocrx_word' id='word_1_352' title='bbox 3170 1000 3248 1054; x_wconf 78' lang='lat' dir='ltr'><strong>Ac</strong></span> <span class='ocrx_word' id='word_1_353' title='bbox 3272 1001 3667 1071; x_wconf 79' lang='lat' dir='ltr'><strong>si‘pramiserit,</strong></span> <span class='ocrx_word' id='word_1_354' title='bbox 3689 1014 3787 1056; x_wconf 85' lang='lat' dir='ltr'><strong>to—</strong></span> 
     </span>
    </p>
   </div>
   <div class='ocr_carea' id='block_1_55' title="bbox 2188 1084 3786 1165">
    <p class='ocr_par' dir='ltr' id='par_1_55' title="bbox 2188 1084 3786 1165">
     <span class='ocr_line' id='line_1_55' title="bbox 2188 1084 3786 1165; baseline 0.004 -24"><span class='ocrx_word' id='word_1_355' title='bbox 2188 1084 2467 1142; x_wconf 55' lang='lat' dir='ltr'><strong>lerabilius</strong></span> <span class='ocrx_word' id='word_1_356' title='bbox 2483 1095 2562 1145; x_wconf 87' lang='lat' dir='ltr'><strong>est</strong></span> <span class='ocrx_word' id='word_1_357' title='bbox 2581 1091 2901 1160; x_wconf 85' lang='lat' dir='ltr'><strong>promissum</strong></span> <span class='ocrx_word' id='word_1_358' title='bbox 2918 1107 3020 1145; x_wconf 88' lang='lat' dir='ltr'><strong>non</strong></span> <span class='ocrx_word' id='word_1_359' title='bbox 3044 1092 3235 1163; x_wconf 79' lang='lat' dir='ltr'><strong>facere,</strong></span> <span class='ocrx_word' id='word_1_360' title='bbox 3259 1110 3421 1165; x_wconf 85' lang='lat' dir='ltr'><strong>quam</strong></span> <span class='ocrx_word' id='word_1_361' title='bbox 3445 1095 3619 1163; x_wconf 77' lang='lat' dir='ltr'><strong>facere</strong></span> <span class='ocrx_word' id='word_1_362' title='bbox 3635 1094 3786 1165; x_wconf 70' lang='lat' dir='ltr'><strong>quod</strong></span> 
     </span>
    </p>
   </div>
   <div class='ocr_carea' id='block_1_56' title="bbox 2191 1180 3783 1259">
    <p class='ocr_par' dir='ltr' id='par_1_56' title="bbox 2191 1180 3783 1259">
     <span class='ocr_line' id='line_1_56' title="bbox 2191 1180 3783 1259; baseline 0.009 -27"><span class='ocrx_word' id='word_1_363' title='bbox 2191 1188 2341 1250; x_wconf 85' lang='lat' dir='ltr'><strong>turpe</strong></span> <span class='ocrx_word' id='word_1_364' title='bbox 2368 1189 2464 1236; x_wconf 88' lang='lat' dir='ltr'><strong>est.</strong></span> <span class='ocrx_word' id='word_1_365' title='bbox 2501 1180 2670 1254; x_wconf 66' lang='lat' dir='ltr'><strong>Saepe,</strong></span> <span class='ocrx_word' id='word_1_366' title='bbox 2711 1183 2907 1255; x_wconf 89' lang='lat' dir='ltr'><strong>inquit,</strong></span> <span class='ocrx_word' id='word_1_367' title='bbox 2939 1185 3174 1256; x_wconf 81' lang='lat' dir='ltr'><strong>plerique</strong></span> <span class='ocrx_word' id='word_1_368' title='bbox 3194 1201 3251 1241; x_wconf 89' lang='lat' dir='ltr'><strong>se</strong></span> <span class='ocrx_word' id='word_1_369' title='bbox 3274 1188 3645 1259; x_wconf 76' lang='lat' dir='ltr'><strong>constringunt</strong></span> <span class='ocrx_word' id='word_1_370' title='bbox 3674 1189 3783 1258; x_wconf 76' lang='lat' dir='ltr'><strong>ju-</strong></span> 
     </span>
    </p>
   </div>
   <div class='ocr_carea' id='block_1_57' title="bbox 2191 1267 3783 1350">
    <p class='ocr_par' dir='ltr' id='par_1_57' title="bbox 2191 1267 3783 1350">
     <span class='ocr_line' id='line_1_57' title="bbox 2191 1267 3783 1350; baseline 0.004 -24"><span class='ocrx_word' id='word_1_371' title='bbox 2191 1271 2491 1341; x_wconf 84' lang='lat' dir='ltr'><strong>risjnrandi</strong></span> <span class='ocrx_word' id='word_1_372' title='bbox 2527 1267 2885 1343; x_wconf 82' lang='lat' dir='ltr'><strong>sacramento,</strong></span> <span class='ocrx_word' id='word_1_373' title='bbox 2909 1285 2961 1331; x_wconf 90' lang='lat' dir='ltr'><strong>et</strong></span> <span class='ocrx_word' id='word_1_374' title='bbox 2990 1294 3111 1331; x_wconf 87' lang='lat' dir='ltr'><strong>cum</strong></span> <span class='ocrx_word' id='word_1_375' title='bbox 3150 1277 3252 1348; x_wconf 81' lang='lat' dir='ltr'><strong>ipsi</strong></span> <span class='ocrx_word' id='word_1_376' title='bbox 3279 1280 3614 1349; x_wconf 78' lang='lat' dir='ltr'><strong>cognoverint</strong></span> <span class='ocrx_word' id='word_1_377' title='bbox 3653 1297 3783 1350; x_wconf 77' lang='lat' dir='ltr'><strong>pro-</strong></span> 
     </span>
    </p>
   </div>
   <div class='ocr_carea' id='block_1_58' title="bbox 2190 1363 3799 1438">
    <p class='ocr_par' dir='ltr' id='par_1_58' title="bbox 2190 1363 3799 1438">
     <span class='ocr_line' id='line_1_58' title="bbox 2190 1363 3799 1438; baseline 0.005 -23"><span class='ocrx_word' id='word_1_378' title='bbox 2190 1363 2506 1417; x_wconf 80' lang='lat' dir='ltr'><strong>mittendum</strong></span> <span class='ocrx_word' id='word_1_379' title='bbox 2536 1381 2639 1419; x_wconf 88' lang='lat' dir='ltr'><strong>non</strong></span> <span class='ocrx_word' id='word_1_380' title='bbox 2676 1365 2860 1435; x_wconf 79' lang='lat' dir='ltr'><strong>fuisse,</strong></span> <span class='ocrx_word' id='word_1_381' title='bbox 2891 1369 3213 1423; x_wconf 79' lang='lat' dir='ltr'><strong>sacramenti</strong></span> <span class='ocrx_word' id='word_1_382' title='bbox 3240 1380 3417 1423; x_wconf 87' lang='lat' dir='ltr'><strong>tamen</strong></span> <span class='ocrx_word' id='word_1_383' title='bbox 3455 1370 3799 1438; x_wconf 74' lang='lat' dir='ltr'><strong>contempla-~</strong></span> 
     </span>
    </p>
   </div>
   <div class='ocr_carea' id='block_1_59' title="bbox 2191 1453 3775 1529">
    <p class='ocr_par' dir='ltr' id='par_1_59' title="bbox 2191 1453 3775 1529">
     <span class='ocr_line' id='line_1_59' title="bbox 2191 1453 3775 1529; baseline 0.004 -24"><span class='ocrx_word' id='word_1_384' title='bbox 2191 1453 2332 1507; x_wconf 86' lang='lat' dir='ltr'><strong>tione</strong></span> <span class='ocrx_word' id='word_1_385' title='bbox 2368 1453 2576 1523; x_wconf 79' lang='lat' dir='ltr'><strong>faciunt</strong></span> <span class='ocrx_word' id='word_1_386' title='bbox 2622 1457 2762 1526; x_wconf 88' lang='lat' dir='ltr'><strong>quod</strong></span> <span class='ocrx_word' id='word_1_387' title='bbox 2809 1459 3219 1528; x_wconf 76' lang='lat' dir='ltr'><strong>spoponderunt.</strong></span> <span class='ocrx_word' id='word_1_388' title='bbox 3273 1457 3346 1523; x_wconf 85' lang='lat' dir='ltr'><strong>Et</strong></span> <span class='ocrx_word' id='word_1_389' title='bbox 3386 1459 3556 1529; x_wconf 85' lang='lat' dir='ltr'><strong>paulo</strong></span> <span class='ocrx_word' id='word_1_390' title='bbox 3604 1470 3718 1529; x_wconf 83' lang='lat' dir='ltr'><strong>post</strong></span> <span class='ocrx_word' id='word_1_391' title='bbox 3759 1478 3775 1511; x_wconf 87' lang='lat'>:</span> 
     </span>
    </p>
   </div>
   <div class='ocr_carea' id='block_1_60' title="bbox 2194 1541 3775 1621">
    <p class='ocr_par' dir='ltr' id='par_1_60' title="bbox 2194 1541 3775 1621">
     <span class='ocr_line' id='line_1_60' title="bbox 2194 1541 3775 1621; baseline 0.006 -25"><span class='ocrx_word' id='word_1_392' title='bbox 2194 1541 2386 1599; x_wconf 72' lang='lat' dir='ltr'><strong>Melius</strong></span> <span class='ocrx_word' id='word_1_393' title='bbox 2406 1556 2486 1600; x_wconf 88' lang='lat' dir='ltr'><strong>est</strong></span> <span class='ocrx_word' id='word_1_394' title='bbox 2508 1555 2683 1601; x_wconf 73' lang='lat' dir='ltr'><strong>uolunt</strong></span> <span class='ocrx_word' id='word_1_395' title='bbox 2705 1564 2810 1604; x_wconf 84' lang='lat' dir='ltr'><strong>non</strong></span> <span class='ocrx_word' id='word_1_396' title='bbox 2832 1548 3049 1616; x_wconf 79' lang='lat' dir='ltr'><strong>solvere,</strong></span> <span class='ocrx_word' id='word_1_397' title='bbox 3074 1552 3214 1621; x_wconf 80' lang='lat' dir='ltr'><strong>quod</strong></span> <span class='ocrx_word' id='word_1_398' title='bbox 3237 1549 3341 1606; x_wconf 86' lang='lat' dir='ltr'><strong>sibi</strong></span> <span class='ocrx_word' id='word_1_399' title='bbox 3361 1552 3410 1605; x_wconf 89' lang='lat' dir='ltr'><strong>is</strong></span> <span class='ocrx_word' id='word_1_400' title='bbox 3439 1551 3530 1606; x_wconf 83' lang='lat' dir='ltr'><strong>cui</strong></span> <span class='ocrx_word' id='word_1_401' title='bbox 3551 1553 3775 1621; x_wconf 75' lang='lat' dir='ltr'><strong>promit-</strong></span> 
     </span>
    </p>
   </div>
   <div class='ocr_carea' id='block_1_61' title="bbox 2193 1632 3795 1711">
    <p class='ocr_par' dir='ltr' id='par_1_61' title="bbox 2193 1632 3795 1711">
     <span class='ocr_line' id='line_1_61' title="bbox 2193 1632 3795 1711; baseline 0.005 -25"><span class='ocrx_word' id='word_1_402' title='bbox 2193 1632 2330 1687; x_wconf 84' lang='lat' dir='ltr'><strong>titur</strong></span> <span class='ocrx_word' id='word_1_403' title='bbox 2370 1634 2507 1690; x_wconf 84' lang='lat' dir='ltr'><strong>nolit</strong></span> <span class='ocrx_word' id='word_1_404' title='bbox 2547 1636 2767 1693; x_wconf 67' lang='lat' dir='ltr'><strong>cxsolvi.</strong></span> <span class='ocrx_word' id='word_1_405' title='bbox 2813 1636 2938 1711; x_wconf 80' lang='lat' dir='ltr'><strong>Non</strong></span> <span class='ocrx_word' id='word_1_406' title='bbox 2978 1655 3183 1710; x_wconf 78' lang='lat' dir='ltr'><strong>semper</strong></span> <span class='ocrx_word' id='word_1_407' title='bbox 3221 1640 3491 1711; x_wconf 83' lang='lat' dir='ltr'><strong>promissa</strong></span> <span class='ocrx_word' id='word_1_408' title='bbox 3534 1640 3795 1696; x_wconf 69' lang='lat' dir='ltr'><strong>saltenda-</strong></span> 
     </span>
    </p>
   </div>
   <div class='ocr_carea' id='block_1_62' title="bbox 2190 1726 3791 1805">
    <p class='ocr_par' dir='ltr' id='par_1_62' title="bbox 2190 1726 3791 1805">
     <span class='ocr_line' id='line_1_62' title="bbox 2190 1726 3791 1805; baseline 0.006 -27"><span class='ocrx_word' id='word_1_409' title='bbox 2190 1734 2313 1779; x_wconf 87' lang='lat' dir='ltr'><strong>sunt</strong></span> <span class='ocrx_word' id='word_1_410' title='bbox 2335 1726 2536 1782; x_wconf 85' lang='lat' dir='ltr'><strong>omnia.</strong></span> <span class='ocrx_word' id='word_1_411' title='bbox 2573 1726 2812 1800; x_wconf 79' lang='lat' dir='ltr'><strong>Denique</strong></span> <span class='ocrx_word' id='word_1_412' title='bbox 2838 1730 2949 1802; x_wconf 83' lang='lat' dir='ltr'><strong>ipse</strong></span> <span class='ocrx_word' id='word_1_413' title='bbox 2993 1729 3275 1805; x_wconf 70' lang='lat' dir='ltr'><strong>Dpptinus,</strong></span> <span class='ocrx_word' id='word_1_414' title='bbox 3326 1733 3470 1786; x_wconf 84' lang='lat' dir='ltr'><strong>sicut</strong></span> <span class='ocrx_word' id='word_1_415' title='bbox 3502 1730 3791 1803; x_wconf 70' lang='lat' dir='ltr'><strong>Scriptura-</strong></span> 
     </span>
    </p>
   </div>
   <div class='ocr_carea' id='block_1_63' title="bbox 2192 1817 3484 1891">
    <p class='ocr_par' dir='ltr' id='par_1_63' title="bbox 2192 1817 3484 1891">
     <span class='ocr_line' id='line_1_63' title="bbox 2192 1817 3484 1891; baseline 0.005 -19"><span class='ocrx_word' id='word_1_416' title='bbox 2192 1817 2418 1888; x_wconf 83' lang='lat' dir='ltr'><strong>indicat,</strong></span> <span class='ocrx_word' id='word_1_417' title='bbox 2445 1818 2744 1891; x_wconf 82' lang='lat' dir='ltr'><strong>frequenter</strong></span> <span class='ocrx_word' id='word_1_418' title='bbox 2756 1838 2921 1877; x_wconf 73' lang='lat' dir='ltr'><strong>suam</strong></span> <span class='ocrx_word' id='word_1_419' title='bbox 2944 1830 3119 1877; x_wconf 81' lang='lat' dir='ltr'><strong>mutat</strong></span> <span class='ocrx_word' id='word_1_420' title='bbox 3142 1833 3484 1879; x_wconf 68' lang='lat' dir='ltr'><strong>sententiam.</strong></span> 
     </span>
    </p>
   </div>
   <div class='ocr_carea' id='block_1_64' title="bbox 2246 1912 3771 1984">
    <p class='ocr_par' dir='ltr' id='par_1_64' title="bbox 2246 1912 3771 1984">
     <span class='ocr_line' id='line_1_64' title="bbox 2246 1912 3771 1984; baseline 0.002 -15"><span class='ocrx_word' id='word_1_421' title='bbox 2246 1913 2507 1972; x_wconf 82' lang='lat' dir='ltr'><strong>Sanctus</strong></span> <span class='ocrx_word' id='word_1_422' title='bbox 2524 1912 2770 1973; x_wconf 87' lang='lat' dir='ltr'><strong>lsidorus</strong></span> <span class='ocrx_word' id='word_1_423' title='bbox 2801 1914 2855 1970; x_wconf 90' lang='lat' dir='ltr'><strong>in</strong></span> <span class='ocrx_word' id='word_1_424' title='bbox 2879 1916 3021 1972; x_wconf 83' lang='lat' dir='ltr'><strong>libro</strong></span> <span class='ocrx_word' id='word_1_425' title='bbox 3056 1916 3468 1973; x_wconf 83' lang='lat' dir='ltr'><strong>Sententiarum</strong></span> <span class='ocrx_word' id='word_1_426' title='bbox 3496 1937 3510 1972; x_wconf 93' lang='lat'>:</span> <span class='ocrx_word' id='word_1_427' title='bbox 3542 1916 3661 1972; x_wconf 77' lang='lat' dir='ltr'><strong>Non</strong></span> <span class='ocrx_word' id='word_1_428' title='bbox 3676 1927 3771 1984; x_wconf 83' lang='lat' dir='ltr'><strong>est,</strong></span> 
     </span>
    </p>
   </div>
   <div class='ocr_carea' id='block_1_65' title="bbox 2191 2001 3771 2075">
    <p class='ocr_par' dir='ltr' id='par_1_65' title="bbox 2191 2001 3771 2075">
     <span class='ocr_line' id='line_1_65' title="bbox 2191 2001 3771 2075; baseline 0.001 -18"><span class='ocrx_word' id='word_1_429' title='bbox 2191 2001 2400 2074; x_wconf 81' lang='lat' dir='ltr'><strong>inquit,</strong></span> <span class='ocrx_word' id='word_1_430' title='bbox 2447 2003 2763 2059; x_wconf 58' lang='lat' dir='ltr'><strong>“nandum</strong></span> <span class='ocrx_word' id='word_1_431' title='bbox 2811 2014 3205 2060; x_wconf 84' lang='lat' dir='ltr'><strong>sacramentum</strong></span> <span class='ocrx_word' id='word_1_432' title='bbox 3245 2005 3388 2075; x_wconf 89' lang='lat' dir='ltr'><strong>quod</strong></span> <span class='ocrx_word' id='word_1_433' title='bbox 3439 2005 3581 2059; x_wconf 83' lang='lat' dir='ltr'><strong>male</strong></span> <span class='ocrx_word' id='word_1_434' title='bbox 3610 2016 3661 2059; x_wconf 86' lang='lat' dir='ltr'><strong>et</strong></span> <span class='ocrx_word' id='word_1_435' title='bbox 3693 2006 3771 2058; x_wconf 81' lang='lat' dir='ltr'><strong>in-</strong></span> 
     </span>
    </p>
   </div>
   <div class='ocr_carea' id='block_1_66' title="bbox 2192 2093 3781 2166">
    <p class='ocr_par' dir='ltr' id='par_1_66' title="bbox 2192 2093 3781 2166">
     <span class='ocr_line' id='line_1_66' title="bbox 2192 2093 3781 2166; baseline 0.001 -19"><span class='ocrx_word' id='word_1_436' title='bbox 2192 2102 2343 2148; x_wconf 84' lang='lat' dir='ltr'><strong>caute</strong></span> <span class='ocrx_word' id='word_1_437' title='bbox 2382 2093 2733 2162; x_wconf 85' lang='lat' dir='ltr'><strong>promittitur,</strong></span> <span class='ocrx_word' id='word_1_438' title='bbox 2767 2095 2930 2150; x_wconf 80' lang='lat' dir='ltr'><strong>ueluti</strong></span> <span class='ocrx_word' id='word_1_439' title='bbox 2965 2095 3014 2150; x_wconf 87' lang='lat' dir='ltr'><strong>si</strong></span> <span class='ocrx_word' id='word_1_440' title='bbox 3061 2094 3329 2166; x_wconf 78' lang='lat' dir='ltr'><strong>quispiam</strong></span> <span class='ocrx_word' id='word_1_441' title='bbox 3358 2093 3624 2150; x_wconf 63' lang='lat' dir='ltr'><strong>adulterae</strong></span> <span class='ocrx_word' id='word_1_442' title='bbox 3661 2112 3781 2148; x_wconf 75' lang='lat' dir='ltr'><strong>cunn-</strong></span> 
     </span>
    </p>
   </div>
   <div class='ocr_carea' id='block_1_67' title="bbox 2190 2184 3793 2257">
    <p class='ocr_par' dir='ltr' id='par_1_67' title="bbox 2190 2184 3793 2257">
     <span class='ocr_line' id='line_1_67' title="bbox 2190 2184 3793 2257; baseline 0 -19"><span class='ocrx_word' id='word_1_443' title='bbox 2190 2197 2254 2238; x_wconf 86' lang='lat' dir='ltr'><strong>ca</strong></span> <span class='ocrx_word' id='word_1_444' title='bbox 2292 2184 2636 2254; x_wconf 78' lang='lat' dir='ltr'><strong>permanendi</strong></span> <span class='ocrx_word' id='word_1_445' title='bbox 2682 2185 2842 2255; x_wconf 75' lang='lat' dir='ltr'><strong>ﬁdem</strong></span> <span class='ocrx_word' id='word_1_446' title='bbox 2889 2184 3240 2257; x_wconf 79' lang='lat' dir='ltr'><strong>polliceatur;</strong></span> <span class='ocrx_word' id='word_1_447' title='bbox 3277 2184 3617 2239; x_wconf 72' lang='lat' dir='ltr'><strong>tolerabilius</strong></span> <span class='ocrx_word' id='word_1_448' title='bbox 3643 2185 3793 2240; x_wconf 65' lang='grc' dir='ltr'><strong>ω-</strong></span> 
     </span>
    </p>
   </div>
   <div class='ocr_carea' id='block_1_68' title="bbox 2190 2275 3781 2349">
    <p class='ocr_par' dir='ltr' id='par_1_68' title="bbox 2190 2275 3781 2349">
     <span class='ocr_line' id='line_1_68' title="bbox 2190 2275 3781 2349; baseline 0.002 -21"><span class='ocrx_word' id='word_1_449' title='bbox 2190 2282 2273 2328; x_wconf 90' lang='lat' dir='ltr'><strong>est</strong></span> <span class='ocrx_word' id='word_1_450' title='bbox 2319 2290 2425 2329; x_wconf 78' lang='lat' dir='ltr'><strong>non</strong></span> <span class='ocrx_word' id='word_1_451' title='bbox 2473 2275 2691 2345; x_wconf 80' lang='lat' dir='ltr'><strong>implere</strong></span> <span class='ocrx_word' id='word_1_452' title='bbox 2735 2286 3146 2346; x_wconf 82' lang='lat' dir='ltr'><strong>sacramentum,</strong></span> <span class='ocrx_word' id='word_1_453' title='bbox 3179 2294 3338 2349; x_wconf 85' lang='lat' dir='ltr'><strong>quam</strong></span> <span class='ocrx_word' id='word_1_454' title='bbox 3384 2292 3692 2346; x_wconf 68' lang='lat' dir='ltr'><strong>permanere</strong></span> <span class='ocrx_word' id='word_1_455' title='bbox 3723 2277 3781 2330; x_wconf 72' lang='lat' dir='ltr'><strong>in</strong></span> 
     </span>
    </p>
   </div>
   <div class='ocr_carea' id='block_1_69' title="bbox 2190 2366 3791 2439">
    <p class='ocr_par' dir='ltr' id='par_1_69' title="bbox 2190 2366 3791 2439">
     <span class='ocr_line' id='line_1_69' title="bbox 2190 2366 3791 2439; baseline 0.002 -19"><span class='ocrx_word' id='word_1_456' title='bbox 2190 2367 2370 2437; x_wconf 82' lang='lat' dir='ltr'><strong>stupri</strong></span> <span class='ocrx_word' id='word_1_457' title='bbox 2388 2367 2617 2439; x_wconf 77' lang='lat' dir='ltr'><strong>ﬂagitio.</strong></span> <span class='ocrx_word' id='word_1_458' title='bbox 2651 2366 2917 2425; x_wconf 87' lang='lat' dir='ltr'><strong>Similiter</strong></span> <span class='ocrx_word' id='word_1_459' title='bbox 2950 2369 3008 2424; x_wconf 89' lang='lat' dir='ltr'><strong>in</strong></span> <span class='ocrx_word' id='word_1_460' title='bbox 3041 2369 3184 2426; x_wconf 91' lang='lat' dir='ltr'><strong>libro</strong></span> <span class='ocrx_word' id='word_1_461' title='bbox 3211 2367 3644 2439; x_wconf 80' lang='lat' dir='ltr'><strong>Soliloquiorum</strong></span> <span class='ocrx_word' id='word_1_462' title='bbox 3670 2387 3684 2421; x_wconf 89' lang='lat'><strong>:</strong></span> <span class='ocrx_word' id='word_1_463' title='bbox 3713 2366 3791 2423; x_wconf 64' lang='lat' dir='ltr'><strong>fit</strong></span> 
     </span>
    </p>
   </div>
   <div class='ocr_carea' id='block_1_70' title="bbox 2191 2458 3795 2532">
    <p class='ocr_par' dir='ltr' id='par_1_70' title="bbox 2191 2458 3795 2532">
     <span class='ocr_line' id='line_1_70' title="bbox 2191 2458 3795 2532; baseline 0.002 -19"><span class='ocrx_word' id='word_1_464' title='bbox 2191 2458 2352 2514; x_wconf 88' lang='lat' dir='ltr'><strong>malis</strong></span> <span class='ocrx_word' id='word_1_465' title='bbox 2374 2460 2650 2529; x_wconf 82' lang='lat' dir='ltr'><strong>promissis</strong></span> <span class='ocrx_word' id='word_1_466' title='bbox 2668 2461 2904 2516; x_wconf 83' lang='lat' dir='ltr'><strong>rescinde</strong></span> <span class='ocrx_word' id='word_1_467' title='bbox 2923 2461 3104 2532; x_wconf 77' lang='lat' dir='ltr'><strong>ﬁdem,</strong></span> <span class='ocrx_word' id='word_1_468' title='bbox 3129 2461 3186 2516; x_wconf 90' lang='lat' dir='ltr'><strong>in</strong></span> <span class='ocrx_word' id='word_1_469' title='bbox 3208 2462 3352 2531; x_wconf 80' lang='lat' dir='ltr'><strong>turpi</strong></span> <span class='ocrx_word' id='word_1_470' title='bbox 3374 2468 3493 2515; x_wconf 80' lang='lat' dir='ltr'><strong>voto</strong></span> <span class='ocrx_word' id='word_1_471' title='bbox 3514 2468 3662 2514; x_wconf 79' lang='lat' dir='ltr'><strong>muta</strong></span> <span class='ocrx_word' id='word_1_472' title='bbox 3684 2459 3795 2516; x_wconf 84' lang='lat' dir='ltr'><strong>dc-.</strong></span> 
     </span>
    </p>
   </div>
   <div class='ocr_carea' id='block_1_71' title="bbox 2191 2548 3793 2622">
    <p class='ocr_par' dir='ltr' id='par_1_71' title="bbox 2191 2548 3793 2622">
     <span class='ocr_line' id='line_1_71' title="bbox 2191 2548 3793 2622; baseline 0 -19"><span class='ocrx_word' id='word_1_473' title='bbox 2191 2558 2417 2607; x_wconf 83' lang='lat' dir='ltr'><strong>cretum.</strong></span> <span class='ocrx_word' id='word_1_474' title='bbox 2463 2548 2618 2615; x_wconf 79' lang='lat' dir='ltr'><strong>Quod</strong></span> <span class='ocrx_word' id='word_1_475' title='bbox 2654 2552 2865 2607; x_wconf 85' lang='lat' dir='ltr'><strong>incaute</strong></span> <span class='ocrx_word' id='word_1_476' title='bbox 2910 2554 3115 2620; x_wconf 81' lang='lat' dir='ltr'><strong>vovisti,</strong></span> <span class='ocrx_word' id='word_1_477' title='bbox 3172 2569 3235 2606; x_wconf 89' lang='lat' dir='ltr'><strong>ne</strong></span> <span class='ocrx_word' id='word_1_478' title='bbox 3271 2553 3473 2622; x_wconf 80' lang='lat' dir='ltr'><strong>facias;</strong></span> <span class='ocrx_word' id='word_1_479' title='bbox 3519 2549 3793 2620; x_wconf 69' lang='lat' dir='ltr'><strong>insipiens.</strong></span> 
     </span>
    </p>
   </div>
   <div class='ocr_carea' id='block_1_72' title="bbox 2191 2640 3785 2716">
    <p class='ocr_par' dir='ltr' id='par_1_72' title="bbox 2191 2640 3785 2716">
     <span class='ocr_line' id='line_1_72' title="bbox 2191 2640 3785 2716; baseline 0.001 -20"><span class='ocrx_word' id='word_1_480' title='bbox 2191 2650 2269 2697; x_wconf 77' lang='lat' dir='ltr'><strong>est</strong></span> <span class='ocrx_word' id='word_1_481' title='bbox 2291 2643 2576 2713; x_wconf 86' lang='lat' dir='ltr'><strong>promissio</strong></span> <span class='ocrx_word' id='word_1_482' title='bbox 2600 2661 2720 2716; x_wconf 75' lang='lat' dir='ltr'><strong>qua:</strong></span> <span class='ocrx_word' id='word_1_483' title='bbox 2742 2645 2936 2700; x_wconf 86' lang='lat' dir='ltr'><strong>scelere</strong></span> <span class='ocrx_word' id='word_1_484' title='bbox 2957 2644 3300 2716; x_wconf 83' lang='lat' dir='ltr'><strong>adimpletur.</strong></span> <span class='ocrx_word' id='word_1_485' title='bbox 3336 2643 3435 2700; x_wconf 82' lang='lat' dir='ltr'><strong>Sed</strong></span> <span class='ocrx_word' id='word_1_486' title='bbox 3455 2652 3513 2700; x_wconf 82' lang='lat' dir='ltr'><strong>et</strong></span> <span class='ocrx_word' id='word_1_487' title='bbox 3533 2640 3785 2697; x_wconf 76' lang='lat' dir='ltr'><strong>Venera-</strong></span> 
     </span>
    </p>
   </div>
   <div class='ocr_carea' id='block_1_73' title="bbox 2191 2729 3791 2804">
    <p class='ocr_par' dir='ltr' id='par_1_73' title="bbox 2191 2729 3791 2804">
     <span class='ocr_line' id='line_1_73' title="bbox 2191 2729 3791 2804; baseline -0.001 -17"><span class='ocrx_word' id='word_1_488' title='bbox 2191 2730 2316 2788; x_wconf 85' lang='lat' dir='ltr'><strong>bilis</strong></span> <span class='ocrx_word' id='word_1_489' title='bbox 2339 2729 2485 2787; x_wconf 87' lang='lat' dir='ltr'><strong>Beda</strong></span> <span class='ocrx_word' id='word_1_490' title='bbox 2524 2732 2580 2787; x_wconf 88' lang='lat' dir='ltr'><strong>in</strong></span> <span class='ocrx_word' id='word_1_491' title='bbox 2620 2732 3015 2804; x_wconf 80' lang='lat' dir='ltr'><strong>Explanatione‘</strong></span> <span class='ocrx_word' id='word_1_492' title='bbox 3061 2732 3397 2803; x_wconf 84' lang='lat' dir='ltr'><strong>evangelica,</strong></span> <span class='ocrx_word' id='word_1_493' title='bbox 3417 2745 3542 2802; x_wconf 73' lang='lat' dir='ltr'><strong>quas</strong></span> <span class='ocrx_word' id='word_1_494' title='bbox 3566 2730 3791 2801; x_wconf 65' lang='lat' dir='ltr'><strong>publica</strong></span> 
     </span>
    </p>
   </div>
   <div class='ocr_carea' id='block_1_74' title="bbox 2192 2814 3789 2896">
    <p class='ocr_par' dir='ltr' id='par_1_74' title="bbox 2192 2814 3789 2896">
     <span class='ocr_line' id='line_1_74' title="bbox 2192 2814 3789 2896; baseline -0.002 -17"><span class='ocrx_word' id='word_1_495' title='bbox 2192 2814 2502 2894; x_wconf 82' lang='lat' dir='ltr'><strong>quotannis</strong></span> <span class='ocrx_word' id='word_1_496' title='bbox 2529 2824 2586 2881; x_wconf 91' lang='lat' dir='ltr'><strong>in</strong></span> <span class='ocrx_word' id='word_1_497' title='bbox 2627 2823 2874 2882; x_wconf 79' lang='lat' dir='ltr'><strong>Ecclesia</strong></span> <span class='ocrx_word' id='word_1_498' title='bbox 2917 2825 3307 2896; x_wconf 83' lang='lat' dir='ltr'><strong>pronuntiatur</strong></span> <span class='ocrx_word' id='word_1_499' title='bbox 3333 2822 3391 2877; x_wconf 91' lang='lat' dir='ltr'><strong>in</strong></span> <span class='ocrx_word' id='word_1_500' title='bbox 3420 2821 3789 2878; x_wconf 77' lang='lat' dir='ltr'><strong>decollatione</strong></span> 
     </span>
    </p>
   </div>
   <div class='ocr_carea' id='block_1_75' title="bbox 2194 2914 3794 2988">
    <p class='ocr_par' dir='ltr' id='par_1_75' title="bbox 2194 2914 3794 2988">
     <span class='ocr_line' id='line_1_75' title="bbox 2194 2914 3794 2988; baseline -0.001 -17"><span class='ocrx_word' id='word_1_501' title='bbox 2194 2915 2370 2971; x_wconf 86' lang='lat' dir='ltr'><strong>sancti</strong></span> <span class='ocrx_word' id='word_1_502' title='bbox 2388 2914 2619 2972; x_wconf 84' lang='lat' dir='ltr'><strong>Joannis</strong></span> <span class='ocrx_word' id='word_1_503' title='bbox 2638 2916 2897 2987; x_wconf 74' lang='lat' dir='ltr'><strong>Baptistae</strong></span> <span class='ocrx_word' id='word_1_504' title='bbox 2924 2936 2937 2972; x_wconf 90' lang='lat'><strong>:</strong></span> <span class='ocrx_word' id='word_1_505' title='bbox 2965 2915 3023 2973; x_wconf 90' lang='lat' dir='ltr'><strong>Si</strong></span> <span class='ocrx_word' id='word_1_506' title='bbox 3053 2916 3211 2988; x_wconf 77' lang='lat' dir='ltr'><strong>forte,</strong></span> <span class='ocrx_word' id='word_1_507' title='bbox 3235 2915 3439 2986; x_wconf 85' lang='lat' dir='ltr'><strong>inquit,</strong></span> <span class='ocrx_word' id='word_1_508' title='bbox 3460 2914 3667 2986; x_wconf 80' lang='lat' dir='ltr'><strong>aliquid</strong></span> <span class='ocrx_word' id='word_1_509' title='bbox 3689 2931 3794 2969; x_wconf 74' lang='lat' dir='ltr'><strong>nos.</strong></span> 
     </span>
    </p>
   </div>
   <div class='ocr_carea' id='block_1_76' title="bbox 2193 3006 3793 3081">
    <p class='ocr_par' dir='ltr' id='par_1_76' title="bbox 2193 3006 3793 3081">
     <span class='ocr_line' id='line_1_76' title="bbox 2193 3006 3793 3081; baseline -0.001 -21"><span class='ocrx_word' id='word_1_510' title='bbox 2193 3006 2405 3061; x_wconf 87' lang='lat' dir='ltr'><strong>incaute</strong></span> <span class='ocrx_word' id='word_1_511' title='bbox 2420 3006 2636 3076; x_wconf 75' lang='lat' dir='ltr'><strong>iurasse</strong></span> <span class='ocrx_word' id='word_1_512' title='bbox 2672 3008 2969 3081; x_wconf 78' lang='lat' dir='ltr'><strong>contigerit,</strong></span> <span class='ocrx_word' id='word_1_513' title='bbox 3020 3008 3162 3080; x_wconf 86' lang='lat' dir='ltr'><strong>quod</strong></span> <span class='ocrx_word' id='word_1_514' title='bbox 3191 3007 3528 3065; x_wconf 78' lang='lat' dir='ltr'><strong>observatum</strong></span> <span class='ocrx_word' id='word_1_515' title='bbox 3558 3006 3793 3077; x_wconf 68' lang='lat' dir='ltr'><strong>peiorem</strong></span> 
     </span>
    </p>
   </div>
   <div class='ocr_carea' id='block_1_77' title="bbox 2194 3098 3793 3172">
    <p class='ocr_par' dir='ltr' id='par_1_77' title="bbox 2194 3098 3793 3172">
     <span class='ocr_line' id='line_1_77' title="bbox 2194 3098 3793 3172; baseline -0.001 -19"><span class='ocrx_word' id='word_1_516' title='bbox 2194 3106 2373 3170; x_wconf 79' lang='lat' dir='ltr'><strong>vergat</strong></span> <span class='ocrx_word' id='word_1_517' title='bbox 2404 3098 2464 3153; x_wconf 88' lang='lat' dir='ltr'><strong>in</strong></span> <span class='ocrx_word' id='word_1_518' title='bbox 2487 3100 2710 3168; x_wconf 75' lang='lat' dir='ltr'><strong>exitum,</strong></span> <span class='ocrx_word' id='word_1_519' title='bbox 2730 3100 2954 3155; x_wconf 76' lang='lat' dir='ltr'><strong>consilio</strong></span> <span class='ocrx_word' id='word_1_520' title='bbox 2980 3100 3117 3154; x_wconf 88' lang='lat' dir='ltr'><strong>illud</strong></span> <span class='ocrx_word' id='word_1_521' title='bbox 3140 3098 3440 3172; x_wconf 87' lang='lat' dir='ltr'><strong>salubriore</strong></span> <span class='ocrx_word' id='word_1_522' title='bbox 3470 3098 3793 3163; x_wconf 60' lang='lat' dir='ltr'><strong>mutandum</strong></span> 
     </span>
    </p>
   </div>
   <div class='ocr_carea' id='block_1_78' title="bbox 2194 3188 3781 3262">
    <p class='ocr_par' dir='ltr' id='par_1_78' title="bbox 2194 3188 3781 3262">
     <span class='ocr_line' id='line_1_78' title="bbox 2194 3188 3781 3262; baseline -0.001 -19"><span class='ocrx_word' id='word_1_523' title='bbox 2194 3190 2512 3245; x_wconf 84' lang='lat' dir='ltr'><strong>noverimus.</strong></span> <span class='ocrx_word' id='word_1_524' title='bbox 2541 3189 2610 3246; x_wconf 88' lang='lat' dir='ltr'><strong>Et</strong></span> <span class='ocrx_word' id='word_1_525' title='bbox 2629 3192 2793 3261; x_wconf 85' lang='lat' dir='ltr'><strong>paulo</strong></span> <span class='ocrx_word' id='word_1_526' title='bbox 2824 3200 2980 3262; x_wconf 88' lang='lat' dir='ltr'><strong>post:</strong></span> <span class='ocrx_word' id='word_1_527' title='bbox 3001 3189 3125 3245; x_wconf 82' lang='lat' dir='ltr'><strong>Non</strong></span> <span class='ocrx_word' id='word_1_528' title='bbox 3142 3190 3316 3245; x_wconf 88' lang='lat' dir='ltr'><strong>solum</strong></span> <span class='ocrx_word' id='word_1_529' title='bbox 3335 3190 3394 3245; x_wconf 84' lang='lat' dir='ltr'><strong>in</strong></span> <span class='ocrx_word' id='word_1_530' title='bbox 3406 3188 3672 3259; x_wconf 70' lang='lat' dir='ltr'><strong>jurando,</strong></span> <span class='ocrx_word' id='word_1_531' title='bbox 3697 3193 3781 3243; x_wconf 74' lang='lat' dir='ltr'><strong>sca</strong></span> 
     </span>
    </p>
   </div>
   <div class='ocr_carea' id='block_1_79' title="bbox 2193 3279 3797 3353">
    <p class='ocr_par' dir='ltr' id='par_1_79' title="bbox 2193 3279 3797 3353">
     <span class='ocr_line' id='line_1_79' title="bbox 2193 3279 3797 3353; baseline -0.002 -18"><span class='ocrx_word' id='word_1_532' title='bbox 2193 3280 2250 3335; x_wconf 89' lang='lat' dir='ltr'><strong>in</strong></span> <span class='ocrx_word' id='word_1_533' title='bbox 2293 3280 2437 3336; x_wconf 87' lang='lat' dir='ltr'><strong>omni</strong></span> <span class='ocrx_word' id='word_1_534' title='bbox 2478 3281 2619 3353; x_wconf 89' lang='lat' dir='ltr'><strong>quod</strong></span> <span class='ocrx_word' id='word_1_535' title='bbox 2670 3282 2880 3353; x_wconf 84' lang='lat' dir='ltr'><strong>agimus</strong></span> <span class='ocrx_word' id='word_1_536' title='bbox 2926 3282 3037 3338; x_wconf 74' lang='lat' dir='ltr'><strong>Itth</strong></span> <span class='ocrx_word' id='word_1_537' title='bbox 3073 3290 3152 3336; x_wconf 87' lang='lat' dir='ltr'><strong>est</strong></span> <span class='ocrx_word' id='word_1_538' title='bbox 3196 3280 3495 3335; x_wconf 86' lang='lat' dir='ltr'><strong>moderatio</strong></span> <span class='ocrx_word' id='word_1_539' title='bbox 3538 3279 3797 3345; x_wconf 64' lang='lat' dir='ltr'><strong>solertiusT</strong></span> 
     </span>
    </p>
   </div>
   <div class='ocr_carea' id='block_1_80' title="bbox 2193 3372 3787 3446">
    <p class='ocr_par' dir='ltr' id='par_1_80' title="bbox 2193 3372 3787 3446">
     <span class='ocr_line' id='line_1_80' title="bbox 2193 3372 3787 3446; baseline -0.003 -18"><span class='ocrx_word' id='word_1_540' title='bbox 2193 3373 2542 3441; x_wconf 82' lang='lat' dir='ltr'><strong>observanda,</strong></span> <span class='ocrx_word' id='word_1_541' title='bbox 2563 3381 2622 3428; x_wconf 90' lang='lat' dir='ltr'><strong>ut</strong></span> <span class='ocrx_word' id='word_1_542' title='bbox 2652 3374 2699 3428; x_wconf 90' lang='lat' dir='ltr'><strong>si</strong></span> <span class='ocrx_word' id='word_1_543' title='bbox 2726 3373 2886 3428; x_wconf 84' lang='lat' dir='ltr'><strong>talem</strong></span> <span class='ocrx_word' id='word_1_544' title='bbox 2908 3373 3044 3444; x_wconf 81' lang='lat' dir='ltr'><strong>forte</strong></span> <span class='ocrx_word' id='word_1_545' title='bbox 3072 3374 3125 3427; x_wconf 89' lang='lat' dir='ltr'><strong>in</strong></span> <span class='ocrx_word' id='word_1_546' title='bbox 3149 3372 3359 3443; x_wconf 86' lang='lat' dir='ltr'><strong>lapsum</strong></span> <span class='ocrx_word' id='word_1_547' title='bbox 3398 3372 3604 3446; x_wconf 74' lang='lat' dir='ltr'><strong>versuti</strong></span> <span class='ocrx_word' id='word_1_548' title='bbox 3625 3372 3787 3445; x_wconf 70' lang='lat' dir='ltr'><strong>hostis</strong></span> 
     </span>
    </p>
   </div>
   <div class='ocr_carea' id='block_1_81' title="bbox 2192 3464 3801 3536">
    <p class='ocr_par' dir='ltr' id='par_1_81' title="bbox 2192 3464 3801 3536">
     <span class='ocr_line' id='line_1_81' title="bbox 2192 3464 3801 3536; baseline -0.001 -17"><span class='ocrx_word' id='word_1_549' title='bbox 2192 3464 2406 3519; x_wconf 86' lang='lat' dir='ltr'><strong>insidiis</strong></span> <span class='ocrx_word' id='word_1_550' title='bbox 2434 3465 2742 3532; x_wconf 84' lang='lat' dir='ltr'><strong>incidimus,</strong></span> <span class='ocrx_word' id='word_1_551' title='bbox 2776 3480 2848 3521; x_wconf 60' lang='grc' dir='ltr'><em>ετ</em></span> <span class='ocrx_word' id='word_1_552' title='bbox 2883 3482 2983 3536; x_wconf 88' lang='lat' dir='ltr'><strong>quo</strong></span> <span class='ocrx_word' id='word_1_553' title='bbox 3016 3466 3131 3520; x_wconf 88' lang='lat' dir='ltr'><strong>sine</strong></span> <span class='ocrx_word' id='word_1_554' title='bbox 3160 3464 3409 3535; x_wconf 82' lang='lat' dir='ltr'><strong>contagio</strong></span> <span class='ocrx_word' id='word_1_555' title='bbox 3442 3480 3663 3536; x_wconf 81' lang='lat' dir='ltr'><strong>surgere</strong></span> <span class='ocrx_word' id='word_1_556' title='bbox 3689 3479 3801 3523; x_wconf 58' lang='lat' dir='ltr'><strong>non</strong></span> 
     </span>
    </p>
   </div>
   <div class='ocr_carea' id='block_1_82' title="bbox 2192 3556 3795 3632">
    <p class='ocr_par' dir='ltr' id='par_1_82' title="bbox 2192 3556 3795 3632">
     <span class='ocr_line' id='line_1_82' title="bbox 2192 3556 3795 3632; baseline -0.002 -22"><span class='ocrx_word' id='word_1_557' title='bbox 2192 3557 2477 3627; x_wconf 87' lang='lat' dir='ltr'><strong>possimus,</strong></span> <span class='ocrx_word' id='word_1_558' title='bbox 2492 3556 2646 3611; x_wconf 86' lang='lat' dir='ltr'><strong>illum</strong></span> <span class='ocrx_word' id='word_1_559' title='bbox 2659 3557 2832 3627; x_wconf 87' lang='lat' dir='ltr'><strong>potius</strong></span> <span class='ocrx_word' id='word_1_560' title='bbox 2844 3557 3098 3612; x_wconf 67' lang='lat' dir='ltr'><strong>evadendi</strong></span> <span class='ocrx_word' id='word_1_561' title='bbox 3121 3556 3327 3632; x_wconf 80' lang='lat' dir='ltr'><strong>aditum</strong></span> <span class='ocrx_word' id='word_1_562' title='bbox 3337 3564 3615 3626; x_wconf 78' lang='lat' dir='ltr'><strong>petamus,</strong></span> <span class='ocrx_word' id='word_1_563' title='bbox 3627 3556 3795 3625; x_wconf 77' lang='lat' dir='ltr'><strong>inquo</strong></span> 
     </span>
    </p>
   </div>
   <div class='ocr_carea' id='block_1_83' title="bbox 2194 3646 3787 3727">
    <p class='ocr_par' dir='ltr' id='par_1_83' title="bbox 2194 3646 3787 3727">
     <span class='ocr_line' id='line_1_83' title="bbox 2194 3646 3787 3727; baseline -0.003 -24"><span class='ocrx_word' id='word_1_564' title='bbox 2194 3648 2472 3703; x_wconf 83' lang='lat' dir='ltr'><strong>minimum</strong></span> <span class='ocrx_word' id='word_1_565' title='bbox 2492 3649 2715 3719; x_wconf 87' lang='lat' dir='ltr'><strong>periculi</strong></span> <span class='ocrx_word' id='word_1_566' title='bbox 2740 3664 2831 3704; x_wconf 86' lang='lat' dir='ltr'><strong>nos</strong></span> <span class='ocrx_word' id='word_1_567' title='bbox 2847 3664 3181 3727; x_wconf 72' lang='lat' dir='ltr'><strong>perpessuras</strong></span> <span class='ocrx_word' id='word_1_568' title='bbox 3201 3664 3312 3701; x_wconf 85' lang='lat' dir='ltr'><strong>esse</strong></span> <span class='ocrx_word' id='word_1_569' title='bbox 3328 3648 3601 3701; x_wconf 82' lang='lat' dir='ltr'><strong>cernimus</strong></span> <span class='ocrx_word' id='word_1_570' title='bbox 3619 3646 3787 3718; x_wconf 63' lang='lat'><strong>(£59).</strong></span> 
     </span>
    </p>
   </div>
   <div class='ocr_carea' id='block_1_84' title="bbox 2258 3735 3801 3815">
    <p class='ocr_par' dir='ltr' id='par_1_84' title="bbox 2258 3735 3801 3815">
     <span class='ocr_line' id='line_1_84' title="bbox 2258 3735 3801 3815; baseline -0.001 -20"><span class='ocrx_word' id='word_1_571' title='bbox 2258 3739 2571 3797; x_wconf 80' lang='lat' dir='ltr'><strong>Mirandum</strong></span> <span class='ocrx_word' id='word_1_572' title='bbox 2603 3740 2768 3811; x_wconf 89' lang='lat' dir='ltr'><strong>igitur</strong></span> <span class='ocrx_word' id='word_1_573' title='bbox 2801 3755 2913 3807; x_wconf 88' lang='lat' dir='ltr'><strong>non</strong></span> <span class='ocrx_word' id='word_1_574' title='bbox 2963 3747 3049 3796; x_wconf 88' lang='lat' dir='ltr'><strong>est</strong></span> <span class='ocrx_word' id='word_1_575' title='bbox 3084 3738 3330 3795; x_wconf 89' lang='lat' dir='ltr'><strong>seniores</strong></span> <span class='ocrx_word' id='word_1_576' title='bbox 3373 3735 3801 3815; x_wconf 78' lang='lat' dir='ltr'><strong>Scripturarum</strong></span> 
     </span>
    </p>
   </div>
   <div class='ocr_carea' id='block_1_85' title="bbox 2192 3824 3795 3907">
    <p class='ocr_par' dir='ltr' id='par_1_85' title="bbox 2192 3824 3795 3907">
     <span class='ocr_line' id='line_1_85' title="bbox 2192 3824 3795 3907; baseline -0.004 -21"><span class='ocrx_word' id='word_1_577' title='bbox 2192 3830 2418 3901; x_wconf 89' lang='lat' dir='ltr'><strong>peritos,</strong></span> <span class='ocrx_word' id='word_1_578' title='bbox 2447 3844 2572 3907; x_wconf 80' lang='lat' dir='ltr'><strong>cum</strong></span> <span class='ocrx_word' id='word_1_579' title='bbox 2607 3830 2674 3886; x_wconf 89' lang='lat' dir='ltr'><strong>de</strong></span> <span class='ocrx_word' id='word_1_580' title='bbox 2698 3828 3027 3901; x_wconf 87' lang='lat' dir='ltr'><strong>iuramentis</strong></span> <span class='ocrx_word' id='word_1_581' title='bbox 3057 3827 3286 3885; x_wconf 86' lang='lat' dir='ltr'><strong>verbum</strong></span> <span class='ocrx_word' id='word_1_582' title='bbox 3332 3824 3606 3907; x_wconf 79' lang='lat' dir='ltr'><strong>lacerent,</strong></span> <span class='ocrx_word' id='word_1_583' title='bbox 3655 3825 3795 3881; x_wconf 72' lang='lat' dir='ltr'><strong>nihl.</strong></span> 
     </span>
    </p>
   </div>
   <div class='ocr_carea' id='block_1_86' title="bbox 2193 3900 3788 3993">
    <p class='ocr_par' dir='ltr' id='par_1_86' title="bbox 2193 3900 3788 3993">
     <span class='ocr_line' id='line_1_86' title="bbox 2193 3900 3788 3993; baseline -0.003 -16"><span class='ocrx_word' id='word_1_584' title='bbox 2193 3900 2260 3977; x_wconf 82' lang='lat' dir='ltr'><strong>de</strong></span> <span class='ocrx_word' id='word_1_585' title='bbox 2300 3900 2558 3993; x_wconf 80' lang='lat' dir='ltr'><strong>przedicta</strong></span> <span class='ocrx_word' id='word_1_586' title='bbox 2591 3900 2815 3992; x_wconf 85' lang='lat' dir='ltr'><strong>iurandi</strong></span> <span class='ocrx_word' id='word_1_587' title='bbox 2840 3919 3096 3977; x_wconf 80' lang='lat' dir='ltr'><strong>cautione</strong></span> <span class='ocrx_word' id='word_1_588' title='bbox 3123 3918 3390 3991; x_wconf 83' lang='lat' dir='ltr'><strong>attigisse,</strong></span> <span class='ocrx_word' id='word_1_589' title='bbox 3425 3918 3526 3974; x_wconf 87' lang='lat' dir='ltr'><strong>sed</strong></span> <span class='ocrx_word' id='word_1_590' title='bbox 3558 3904 3671 3973; x_wconf 80' lang='lat' dir='ltr'><strong>hoc</strong></span> <span class='ocrx_word' id='word_1_591' title='bbox 3697 3932 3788 3973; x_wconf 83' lang='lat' dir='ltr'><strong>so-</strong></span> 
     </span>
    </p>
   </div>
   <div class='ocr_carea' id='block_1_87' title="bbox 2193 3999 3790 4084">
    <p class='ocr_par' dir='ltr' id='par_1_87' title="bbox 2193 3999 3790 4084">
     <span class='ocr_line' id='line_1_87' title="bbox 2193 3999 3790 4084; baseline -0.003 -17"><span class='ocrx_word' id='word_1_592' title='bbox 2193 4013 2473 4069; x_wconf 87' lang='lat' dir='ltr'><strong>lummodo</strong></span> <span class='ocrx_word' id='word_1_593' title='bbox 2491 4013 2559 4069; x_wconf 88' lang='lat' dir='ltr'><strong>ad</strong></span> <span class='ocrx_word' id='word_1_594' title='bbox 2578 4012 2920 4084; x_wconf 84' lang='lat' dir='ltr'><strong>probandum</strong></span> <span class='ocrx_word' id='word_1_595' title='bbox 2943 3999 3274 4082; x_wconf 86' lang='lat' dir='ltr'><strong>suscepisse,</strong></span> <span class='ocrx_word' id='word_1_596' title='bbox 3288 4009 3481 4080; x_wconf 87' lang='lat' dir='ltr'><strong>dequo</strong></span> <span class='ocrx_word' id='word_1_597' title='bbox 3504 4024 3790 4080; x_wconf 83' lang='lat' dir='ltr'><strong>nunquam</strong></span> 
     </span>
    </p>
   </div>
   <div class='ocr_carea' id='block_1_88' title="bbox 2193 4090 3790 4176">
    <p class='ocr_par' dir='ltr' id='par_1_88' title="bbox 2193 4090 3790 4176">
     <span class='ocr_line' id='line_1_88' title="bbox 2193 4090 3790 4176; baseline -0.003 -18"><span class='ocrx_word' id='word_1_598' title='bbox 2193 4103 2426 4176; x_wconf 68' lang='lat' dir='ltr'><strong>quaestio</strong></span> <span class='ocrx_word' id='word_1_599' title='bbox 2468 4110 2614 4158; x_wconf 86' lang='lat' dir='ltr'><strong>mota</strong></span> <span class='ocrx_word' id='word_1_600' title='bbox 2652 4101 2774 4158; x_wconf 90' lang='lat' dir='ltr'><strong>fuit.</strong></span> <span class='ocrx_word' id='word_1_601' title='bbox 2820 4100 3015 4158; x_wconf 88' lang='lat' dir='ltr'><strong>Nullus</strong></span> <span class='ocrx_word' id='word_1_602' title='bbox 3056 4090 3204 4158; x_wconf 83' lang='lat' dir='ltr'><strong>enim</strong></span> <span class='ocrx_word' id='word_1_603' title='bbox 3250 4106 3435 4172; x_wconf 83' lang='lat' dir='ltr'><strong>negat,</strong></span> <span class='ocrx_word' id='word_1_604' title='bbox 3469 4099 3571 4155; x_wconf 85' lang='lat' dir='ltr'><strong>sed</strong></span> <span class='ocrx_word' id='word_1_605' title='bbox 3601 4113 3790 4155; x_wconf 87' lang='lat' dir='ltr'><strong>omnes</strong></span> 
     </span>
    </p>
   </div>
   <div class='ocr_carea' id='block_1_89' title="bbox 2194 4190 3788 4267">
    <p class='ocr_par' dir='ltr' id='par_1_89' title="bbox 2194 4190 3788 4267">
     <span class='ocr_line' id='line_1_89' title="bbox 2194 4190 3788 4267; baseline -0.004 -16"><span class='ocrx_word' id='word_1_606' title='bbox 2194 4210 2350 4267; x_wconf 61' lang='lat' dir='ltr'><strong>atque</strong></span> <span class='ocrx_word' id='word_1_607' title='bbox 2371 4193 2611 4252; x_wconf 86' lang='lat' dir='ltr'><strong>fatentur</strong></span> <span class='ocrx_word' id='word_1_608' title='bbox 2644 4194 2953 4267; x_wconf 87' lang='lat' dir='ltr'><strong>periurium</strong></span> <span class='ocrx_word' id='word_1_609' title='bbox 2988 4193 3195 4249; x_wconf 89' lang='lat' dir='ltr'><strong>malum</strong></span> <span class='ocrx_word' id='word_1_610' title='bbox 3228 4207 3368 4248; x_wconf 83' lang='lat' dir='ltr'><strong>esse.</strong></span> <span class='ocrx_word' id='word_1_611' title='bbox 3415 4190 3567 4264; x_wconf 84' lang='lat' dir='ltr'><strong>Ergo</strong></span> <span class='ocrx_word' id='word_1_612' title='bbox 3603 4191 3655 4247; x_wconf 90' lang='lat' dir='ltr'><strong>si</strong></span> <span class='ocrx_word' id='word_1_613' title='bbox 3679 4206 3788 4244; x_wconf 84' lang='lat' dir='ltr'><strong>ma-</strong></span> 
     </span>
    </p>
   </div>
   <div class='ocr_carea' id='block_1_90' title="bbox 2194 4283 3789 4369">
    <p class='ocr_par' dir='ltr' id='par_1_90' title="bbox 2194 4283 3789 4369">
     <span class='ocr_line' id='line_1_90' title="bbox 2194 4283 3789 4369; baseline -0.003 -27"><span class='ocrx_word' id='word_1_614' title='bbox 2194 4288 2310 4359; x_wconf 89' lang='lat' dir='ltr'><strong>lum</strong></span> <span class='ocrx_word' id='word_1_615' title='bbox 2358 4297 2462 4356; x_wconf 88' lang='lat' dir='ltr'><strong>est,</strong></span> <span class='ocrx_word' id='word_1_616' title='bbox 2500 4289 2613 4344; x_wconf 90' lang='lat' dir='ltr'><strong>imo</strong></span> <span class='ocrx_word' id='word_1_617' title='bbox 2665 4288 2796 4359; x_wconf 90' lang='lat' dir='ltr'><strong>quia</strong></span> <span class='ocrx_word' id='word_1_618' title='bbox 2828 4287 3035 4369; x_wconf 82' lang='lat' dir='ltr'><strong>malum</strong></span> <span class='ocrx_word' id='word_1_619' title='bbox 3065 4294 3171 4354; x_wconf 89' lang='lat' dir='ltr'><strong>est,</strong></span> <span class='ocrx_word' id='word_1_620' title='bbox 3215 4293 3444 4341; x_wconf 88' lang='lat' dir='ltr'><strong>caveant</strong></span> <span class='ocrx_word' id='word_1_621' title='bbox 3492 4283 3789 4354; x_wconf 83' lang='lat' dir='ltr'><strong>prudentes</strong></span> 
     </span>
    </p>
   </div>
   <div class='ocr_carea' id='block_1_91' title="bbox 507 4354 2090 4459">
    <p class='ocr_par' dir='ltr' id='par_1_91' title="bbox 507 4354 2088 4441">
     <span class='ocr_line' id='line_1_91' title="bbox 507 4354 2088 4441; baseline 0.013 -32"><span class='ocrx_word' id='word_1_622' title='bbox 507 4354 703 4425; x_wconf 85' lang='lat' dir='ltr'><strong>olﬁcii;</strong></span> <span class='ocrx_word' id='word_1_623' title='bbox 752 4360 867 4427; x_wconf 86' lang='lat' dir='ltr'><strong>sed,</strong></span> <span class='ocrx_word' id='word_1_624' title='bbox 902 4362 1006 4417; x_wconf 90' lang='lat' dir='ltr'><strong>sub</strong></span> <span class='ocrx_word' id='word_1_625' title='bbox 1056 4360 1182 4421; x_wconf 82' lang='lat' dir='ltr'><strong>ﬁdei</strong></span> <span class='ocrx_word' id='word_1_626' title='bbox 1232 4366 1435 4437; x_wconf 87' lang='lat' dir='ltr'><strong>specie,</strong></span> <span class='ocrx_word' id='word_1_627' title='bbox 1469 4368 1720 4425; x_wconf 88' lang='lat' dir='ltr'><strong>nocitura</strong></span> <span class='ocrx_word' id='word_1_628' title='bbox 1747 4371 2088 4441; x_wconf 83' lang='lat' dir='ltr'><strong>persolvere,</strong></span> 
     </span>
    </p>
   </div>
   <div class='ocr_carea' id='block_1_92' title="bbox 2197 4354 3796 4459">
    <p class='ocr_par' dir='ltr' id='par_1_92' title="bbox 2197 4354 3796 4456">
     <span class='ocr_line' id='line_1_92' title="bbox 2197 4354 3796 4456; baseline -0.004 -17"><span class='ocrx_word' id='word_1_629' title='bbox 2197 4356 2263 4439; x_wconf 88' lang='lat' dir='ltr'><strong>ne</strong></span> <span class='ocrx_word' id='word_1_630' title='bbox 2299 4383 2380 4439; x_wconf 91' lang='lat' dir='ltr'><strong>sic</strong></span> <span class='ocrx_word' id='word_1_631' title='bbox 2414 4354 2602 4454; x_wconf 79' lang='lat' dir='ltr'><strong>iurent</strong></span> <span class='ocrx_word' id='word_1_632' title='bbox 2648 4354 2921 4454; x_wconf 71' lang='lat' dir='ltr'><strong>quatenus</strong></span> <span class='ocrx_word' id='word_1_633' title='bbox 2949 4382 3195 4454; x_wconf 77' lang='lat' dir='ltr'><strong>peierare</strong></span> <span class='ocrx_word' id='word_1_634' title='bbox 3234 4381 3665 4451; x_wconf 85' lang='lat' dir='ltr'><strong>compellantur,</strong></span> <span class='ocrx_word' id='word_1_635' title='bbox 3690 4378 3796 4456; x_wconf 42' lang='lat' dir='ltr'><strong>hoc:</strong></span> 
     </span>
    </p>
   </div>
   <div class='ocr_carea' id='block_1_93' title="bbox 508 4449 2094 4525">
    <p class='ocr_par' dir='ltr' id='par_1_93' title="bbox 508 4449 2094 4525">
     <span class='ocr_line' id='line_1_93' title="bbox 508 4449 2094 4525; baseline 0.013 -26"><span class='ocrx_word' id='word_1_636' title='bbox 508 4454 702 4502; x_wconf 90' lang='lat' dir='ltr'><strong>contra</strong></span> <span class='ocrx_word' id='word_1_637' title='bbox 726 4449 885 4506; x_wconf 88' lang='lat' dir='ltr'><strong>ﬁdem</strong></span> <span class='ocrx_word' id='word_1_638' title='bbox 922 4460 979 4508; x_wconf 74' lang='lat' dir='ltr'><strong>et</strong></span> <span class='ocrx_word' id='word_1_639' title='bbox 1009 4452 1246 4511; x_wconf 71' lang='lat' dir='ltr'><strong>cilicium</strong></span> <span class='ocrx_word' id='word_1_640' title='bbox 1286 4465 1391 4525; x_wconf 89' lang='lat' dir='ltr'><strong>est,</strong></span> <span class='ocrx_word' id='word_1_641' title='bbox 1427 4459 1571 4514; x_wconf 89' lang='lat' dir='ltr'><strong>sicut</strong></span> <span class='ocrx_word' id='word_1_642' title='bbox 1604 4469 1827 4518; x_wconf 89' lang='lat' dir='ltr'><strong>sanctus</strong></span> <span class='ocrx_word' id='word_1_643' title='bbox 1861 4462 2094 4519; x_wconf 83' lang='lat' dir='ltr'><strong>Ambro-</strong></span> 
     </span>
    </p>
   </div>
   <div class='ocr_carea' id='block_1_94' title="bbox 508 4536 2093 4623">
    <p class='ocr_par' dir='ltr' id='par_1_94' title="bbox 508 4536 2093 4623">
     <span class='ocr_line' id='line_1_94' title="bbox 508 4536 2093 4623; baseline 0.013 -32"><span class='ocrx_word' id='word_1_644' title='bbox 508 4536 632 4593; x_wconf 85' lang='lat' dir='ltr'><strong>sius</strong></span> <span class='ocrx_word' id='word_1_645' title='bbox 661 4546 893 4597; x_wconf 89' lang='lat' dir='ltr'><strong>testatur</strong></span> <span class='ocrx_word' id='word_1_646' title='bbox 916 4543 974 4598; x_wconf 89' lang='lat' dir='ltr'><strong>in</strong></span> <span class='ocrx_word' id='word_1_647' title='bbox 999 4544 1143 4602; x_wconf 91' lang='lat' dir='ltr'><strong>libro</strong></span> <span class='ocrx_word' id='word_1_648' title='bbox 1167 4563 1228 4602; x_wconf 87' lang='lat' dir='ltr'><strong>m</strong></span> <span class='ocrx_word' id='word_1_649' title='bbox 1264 4546 1342 4603; x_wconf 85' lang='lat' dir='ltr'><strong>De</strong></span> <span class='ocrx_word' id='word_1_650' title='bbox 1371 4548 1740 4622; x_wconf 58' lang='lat' dir='ltr'><strong>olliciislcap.</strong></span> <span class='ocrx_word' id='word_1_651' title='bbox 1770 4553 1882 4623; x_wconf 70' lang='grc' dir='ltr'><strong>ιε),</strong></span> <span class='ocrx_word' id='word_1_652' title='bbox 1911 4554 2003 4610; x_wconf 90' lang='lat' dir='ltr'><strong>ubi</strong></span> <span class='ocrx_word' id='word_1_653' title='bbox 2024 4556 2093 4611; x_wconf 90' lang='lat' dir='ltr'><strong>de</strong></span> 
     </span>
    </p>
   </div>
   <div class='ocr_carea' id='block_1_95' title="bbox 508 4625 2087 4712">
    <p class='ocr_par' dir='ltr' id='par_1_95' title="bbox 508 4625 2087 4712">
     <span class='ocr_line' id='line_1_95' title="bbox 508 4625 2087 4712; baseline 0.013 -31"><span class='ocrx_word' id='word_1_654' title='bbox 508 4625 807 4687; x_wconf 78' lang='lat' dir='ltr'><strong>Herodiani</strong></span> <span class='ocrx_word' id='word_1_655' title='bbox 842 4637 1174 4694; x_wconf 84' lang='lat' dir='ltr'><strong>sacramenti</strong></span> <span class='ocrx_word' id='word_1_656' title='bbox 1197 4637 1432 4696; x_wconf 87' lang='lat' dir='ltr'><strong>nefanda</strong></span> <span class='ocrx_word' id='word_1_657' title='bbox 1462 4641 1847 4712; x_wconf 87' lang='lat' dir='ltr'><strong>adimpletione</strong></span> <span class='ocrx_word' id='word_1_658' title='bbox 1870 4653 2087 4701; x_wconf 88' lang='lat' dir='ltr'><strong>tractat.</strong></span> 
     </span>
    </p>
   </div>
   <div class='ocr_carea' id='block_1_96' title="bbox 514 4715 2090 4803">
    <p class='ocr_par' dir='ltr' id='par_1_96' title="bbox 514 4715 2090 4803">
     <span class='ocr_line' id='line_1_96' title="bbox 514 4715 2090 4803; baseline 0.011 -30"><span class='ocrx_word' id='word_1_659' title='bbox 514 4715 670 4783; x_wconf 78' lang='lat' dir='ltr'><strong>Quod</strong></span> <span class='ocrx_word' id='word_1_660' title='bbox 707 4724 1031 4781; x_wconf 70' lang='lat' dir='ltr'><strong>testimatum</strong></span> <span class='ocrx_word' id='word_1_661' title='bbox 1083 4738 1183 4799; x_wconf 87' lang='lat' dir='ltr'><strong>est,</strong></span> <span class='ocrx_word' id='word_1_662' title='bbox 1248 4730 1445 4803; x_wconf 89' lang='lat' dir='ltr'><strong>inquit,</strong></span> <span class='ocrx_word' id='word_1_663' title='bbox 1497 4733 1623 4803; x_wconf 80' lang='lat' dir='ltr'><strong>fidei</strong></span> <span class='ocrx_word' id='word_1_664' title='bbox 1670 4750 1800 4803; x_wconf 86' lang='lat' dir='ltr'><strong>esse,</strong></span> <span class='ocrx_word' id='word_1_665' title='bbox 1846 4738 2090 4791; x_wconf 68' lang='lat' dir='ltr'><strong>amentia:</strong></span> 
     </span>
    </p>
   </div>
   <div class='ocr_carea' id='block_1_97' title="bbox 506 4810 2091 4897">
    <p class='ocr_par' dir='ltr' id='par_1_97' title="bbox 506 4810 2091 4897">
     <span class='ocr_line' id='line_1_97' title="bbox 506 4810 2091 4897; baseline 0.013 -34"><span class='ocrx_word' id='word_1_666' title='bbox 506 4810 639 4887; x_wconf 69' lang='lat' dir='ltr'><strong>fuit.</strong></span> <span class='ocrx_word' id='word_1_667' title='bbox 676 4811 810 4871; x_wconf 85' lang='lat' dir='ltr'><strong>Item</strong></span> <span class='ocrx_word' id='word_1_668' title='bbox 850 4817 905 4873; x_wconf 92' lang='lat' dir='ltr'><strong>in</strong></span> <span class='ocrx_word' id='word_1_669' title='bbox 946 4821 1137 4877; x_wconf 89' lang='lat' dir='ltr'><strong>eodem</strong></span> <span class='ocrx_word' id='word_1_670' title='bbox 1187 4823 1330 4879; x_wconf 88' lang='lat' dir='ltr'><strong>libro</strong></span> <span class='ocrx_word' id='word_1_671' title='bbox 1360 4824 1498 4897; x_wconf 89' lang='lat' dir='ltr'><strong>(cap.</strong></span> <span class='ocrx_word' id='word_1_672' title='bbox 1534 4825 1647 4895; x_wconf 80' lang='lat'><strong>50),</strong></span> <span class='ocrx_word' id='word_1_673' title='bbox 1691 4826 1759 4883; x_wconf 90' lang='lat' dir='ltr'><strong>de</strong></span> <span class='ocrx_word' id='word_1_674' title='bbox 1800 4827 2091 4885; x_wconf 80' lang='lat' dir='ltr'><strong>exhibendi</strong></span> 
     </span>
    </p>
   </div>
   <div class='ocr_carea' id='block_1_98' title="bbox 505 4901 2093 4991">
    <p class='ocr_par' dir='ltr' id='par_1_98' title="bbox 505 4901 2093 4991">
     <span class='ocr_line' id='line_1_98' title="bbox 505 4901 2093 4991; baseline 0.011 -34"><span class='ocrx_word' id='word_1_675' title='bbox 505 4901 677 4965; x_wconf 62' lang='lat' dir='ltr'><strong>cilicii</strong></span> <span class='ocrx_word' id='word_1_676' title='bbox 717 4906 1045 4967; x_wconf 89' lang='lat' dir='ltr'><strong>discretione</strong></span> <span class='ocrx_word' id='word_1_677' title='bbox 1088 4930 1103 4968; x_wconf 91' lang='lat'><strong>:</strong></span> <span class='ocrx_word' id='word_1_678' title='bbox 1155 4913 1395 4985; x_wconf 76' lang='lat' dir='ltr'><strong>O/iicium</strong></span> <span class='ocrx_word' id='word_1_679' title='bbox 1459 4926 1566 4986; x_wconf 89' lang='lat' dir='ltr'><strong>est,</strong></span> <span class='ocrx_word' id='word_1_680' title='bbox 1623 4918 1734 4988; x_wconf 87' lang='lat' dir='ltr'><strong>ait,</strong></span> <span class='ocrx_word' id='word_1_681' title='bbox 1772 4918 2093 4991; x_wconf 78' lang='lat' dir='ltr'><strong>depositum</strong></span> 
     </span>
    </p>
   </div>
   <div class='ocr_carea' id='block_1_99' title="bbox 508 5001 2094 5082">
    <p class='ocr_par' dir='ltr' id='par_1_99' title="bbox 508 5001 2094 5082">
     <span class='ocr_line' id='line_1_99' title="bbox 508 5001 2094 5082; baseline 0.012 -35"><span class='ocrx_word' id='word_1_682' title='bbox 508 5010 720 5057; x_wconf 79' lang='lat' dir='ltr'><strong>scrvare</strong></span> <span class='ocrx_word' id='word_1_683' title='bbox 753 5006 803 5051; x_wconf 90' lang='lat' dir='ltr'><strong>et</strong></span> <span class='ocrx_word' id='word_1_684' title='bbox 850 5001 1080 5067; x_wconf 82' lang='lat' dir='ltr'><strong>reddere.</strong></span> <span class='ocrx_word' id='word_1_685' title='bbox 1116 5001 1219 5059; x_wconf 86' lang='lat' dir='ltr'><strong>Sed</strong></span> <span class='ocrx_word' id='word_1_686' title='bbox 1250 5006 1516 5064; x_wconf 85' lang='lat' dir='ltr'><strong>interdum</strong></span> <span class='ocrx_word' id='word_1_687' title='bbox 1544 5011 1888 5065; x_wconf 85' lang='lat' dir='ltr'><strong>commutatio</strong></span> <span class='ocrx_word' id='word_1_688' title='bbox 1910 5012 1970 5082; x_wconf 77' lang='lat' dir='ltr'><strong>ﬁt</strong></span> <span class='ocrx_word' id='word_1_689' title='bbox 1999 5019 2094 5066; x_wconf 88' lang='lat' dir='ltr'><strong>aut</strong></span> 
     </span>
    </p>
   </div>
   <div class='ocr_carea' id='block_1_100' title="bbox 512 5094 2093 5174">
    <p class='ocr_par' dir='ltr' id='par_1_100' title="bbox 512 5094 2093 5174">
     <span class='ocr_line' id='line_1_100' title="bbox 512 5094 2093 5174; baseline 0.013 -34"><span class='ocrx_word' id='word_1_690' title='bbox 512 5094 747 5170; x_wconf 76' lang='lat' dir='ltr'><strong>tempore</strong></span> <span class='ocrx_word' id='word_1_691' title='bbox 782 5098 874 5143; x_wconf 88' lang='lat' dir='ltr'><strong>aut</strong></span> <span class='ocrx_word' id='word_1_692' title='bbox 915 5095 1249 5165; x_wconf 88' lang='lat' dir='ltr'><strong>necessitate,</strong></span> <span class='ocrx_word' id='word_1_693' title='bbox 1280 5108 1339 5153; x_wconf 89' lang='lat' dir='ltr'><strong>ut</strong></span> <span class='ocrx_word' id='word_1_694' title='bbox 1375 5117 1479 5156; x_wconf 86' lang='lat' dir='ltr'><strong>non</strong></span> <span class='ocrx_word' id='word_1_695' title='bbox 1511 5103 1581 5156; x_wconf 87' lang='lat' dir='ltr'><strong>sit</strong></span> <span class='ocrx_word' id='word_1_696' title='bbox 1615 5104 1842 5174; x_wconf 73' lang='lat' dir='ltr'><strong>ofﬁcium</strong></span> <span class='ocrx_word' id='word_1_697' title='bbox 1878 5105 2093 5160; x_wconf 86' lang='lat' dir='ltr'><strong>reddere</strong></span> 
     </span>
    </p>
   </div>
   <div class='ocr_carea' id='block_1_101' title="bbox 511 5178 2095 5268">
    <p class='ocr_par' dir='ltr' id='par_1_101' title="bbox 511 5178 2095 5268">
     <span class='ocr_line' id='line_1_101' title="bbox 511 5178 2095 5268; baseline 0.012 -37"><span class='ocrx_word' id='word_1_698' title='bbox 511 5178 656 5253; x_wconf 80' lang='lat' dir='ltr'><strong>quod</strong></span> <span class='ocrx_word' id='word_1_699' title='bbox 692 5181 1147 5253; x_wconf 82' lang='lat' dir='ltr'><strong>acceperis,.uelut</strong></span> <span class='ocrx_word' id='word_1_700' title='bbox 1176 5188 1229 5241; x_wconf 79' lang='lat' dir='ltr'><strong>si</strong></span> <span class='ocrx_word' id='word_1_701' title='bbox 1260 5191 1398 5260; x_wconf 87' lang='lat' dir='ltr'><strong>quis,</strong></span> <span class='ocrx_word' id='word_1_702' title='bbox 1432 5202 1618 5248; x_wconf 88' lang='lat' dir='ltr'><strong>contra</strong></span> <span class='ocrx_word' id='word_1_703' title='bbox 1660 5195 1894 5266; x_wconf 88' lang='lat' dir='ltr'><strong>patriam</strong></span> <span class='ocrx_word' id='word_1_704' title='bbox 1944 5211 2095 5268; x_wconf 87' lang='lat' dir='ltr'><strong>opem</strong></span> 
     </span>
    </p>
   </div>
   <div class='ocr_carea' id='block_1_102' title="bbox 508 5268 2098 5328">
    <p class='ocr_par' dir='ltr' id='par_1_102' title="bbox 508 5268 2098 5328">
     <span class='ocr_line' id='line_1_102' title="bbox 508 5268 2098 5328; baseline 0 0"><span class='ocrx_word' id='word_1_705' title='bbox 508 5268 690 5328; x_wconf 72' lang='lat' dir='ltr'><strong>ferens</strong></span> <span class='ocrx_word' id='word_1_706' title='bbox 712 5269 977 5328; x_wconf 79' lang='lat' dir='ltr'><strong>barbaris.</strong></span> <span class='ocrx_word' id='word_1_707' title='bbox 999 5272 1273 5328; x_wconf 75' lang='lat' dir='ltr'><strong>pecuniam</strong></span> <span class='ocrx_word' id='word_1_708' title='bbox 1294 5293 1506 5328; x_wconf 67' lang='lat' dir='ltr'><strong>annuus</strong></span> <span class='ocrx_word' id='word_1_709' title='bbox 1539 5285 1705 5328; x_wconf 69' lang='lat' dir='ltr'><strong>lmstic</strong></span> <span class='ocrx_word' id='word_1_710' title='bbox 1731 5297 1971 5328; x_wconf 70' lang='lat' dir='ltr'><strong>rnnnannt</strong></span> <span class='ocrx_word' id='word_1_711' title='bbox 2016 5287 2098 5328; x_wconf 71' lang='lat' dir='ltr'><strong>sto!</strong></span> 
     </span>
    </p>
   </div>
   <div class='ocr_carea' id='block_1_103' title="bbox 2197 4470 3787 4546">
    <p class='ocr_par' dir='ltr' id='par_1_103' title="bbox 2197 4470 3787 4546">
     <span class='ocr_line' id='line_1_103' title="bbox 2197 4470 3787 4546; baseline -0.003 -17"><span class='ocrx_word' id='word_1_712' title='bbox 2197 4489 2300 4546; x_wconf 90' lang='lat' dir='ltr'><strong>pro</strong></span> <span class='ocrx_word' id='word_1_713' title='bbox 2329 4482 2481 4530; x_wconf 89' lang='lat' dir='ltr'><strong>certo</strong></span> <span class='ocrx_word' id='word_1_714' title='bbox 2502 4475 2739 4532; x_wconf 89' lang='lat' dir='ltr'><strong>scientes</strong></span> <span class='ocrx_word' id='word_1_715' title='bbox 2777 4475 2905 4546; x_wconf 86' lang='lat' dir='ltr'><strong>quia</strong></span> <span class='ocrx_word' id='word_1_716' title='bbox 2942 4490 3002 4530; x_wconf 88' lang='lat' dir='ltr'><strong>se</strong></span> <span class='ocrx_word' id='word_1_717' title='bbox 3041 4474 3193 4545; x_wconf 88' lang='lat' dir='ltr'><strong>ipsos</strong></span> <span class='ocrx_word' id='word_1_718' title='bbox 3218 4474 3362 4528; x_wconf 89' lang='lat' dir='ltr'><strong>male</strong></span> <span class='ocrx_word' id='word_1_719' title='bbox 3380 4483 3437 4528; x_wconf 88' lang='lat' dir='ltr'><strong>et</strong></span> <span class='ocrx_word' id='word_1_720' title='bbox 3460 4470 3787 4540; x_wconf 65' lang='lat' dir='ltr'><strong>incauteiu</strong></span> 
     </span>
    </p>
   </div>
   <div class='ocr_carea' id='block_1_104' title="bbox 2199 4563 3767 4645">
    <p class='ocr_par' dir='ltr' id='par_1_104' title="bbox 2199 4563 3767 4645">
     <span class='ocr_line' id='line_1_104' title="bbox 2199 4563 3767 4645; baseline -0.003 -24"><span class='ocrx_word' id='word_1_721' title='bbox 2199 4566 2372 4622; x_wconf 86' lang='lat' dir='ltr'><strong>rando</strong></span> <span class='ocrx_word' id='word_1_722' title='bbox 2391 4566 2674 4623; x_wconf 90' lang='lat' dir='ltr'><strong>destruere</strong></span> <span class='ocrx_word' id='word_1_723' title='bbox 2694 4574 2960 4638; x_wconf 88' lang='lat' dir='ltr'><strong>possunt;</strong></span> <span class='ocrx_word' id='word_1_724' title='bbox 2984 4567 3158 4639; x_wconf 86' lang='lat' dir='ltr'><strong>legem</strong></span> <span class='ocrx_word' id='word_1_725' title='bbox 3185 4574 3369 4621; x_wconf 88' lang='lat' dir='ltr'><strong>autem</strong></span> <span class='ocrx_word' id='word_1_726' title='bbox 3394 4563 3623 4645; x_wconf 83' lang='lat' dir='ltr'><strong>Domini</strong></span> <span class='ocrx_word' id='word_1_727' title='bbox 3646 4572 3700 4618; x_wconf 85' lang='lat' dir='ltr'><strong>et</strong></span> <span class='ocrx_word' id='word_1_728' title='bbox 3719 4563 3767 4617; x_wconf 85' lang='lat' dir='ltr'><strong>le</strong></span> 
     </span>
    </p>
   </div>
   <div class='ocr_carea' id='block_1_105' title="bbox 2198 4653 3790 4730">
    <p class='ocr_par' dir='ltr' id='par_1_105' title="bbox 2198 4653 3790 4730">
     <span class='ocr_line' id='line_1_105' title="bbox 2198 4653 3790 4730; baseline -0.003 -19"><span class='ocrx_word' id='word_1_729' title='bbox 2198 4672 2319 4728; x_wconf 87' lang='lat' dir='ltr'><strong>gem</strong></span> <span class='ocrx_word' id='word_1_730' title='bbox 2340 4656 2565 4713; x_wconf 84' lang='lat' dir='ltr'><strong>Patrum</strong></span> <span class='ocrx_word' id='word_1_731' title='bbox 2591 4666 2908 4714; x_wconf 89' lang='lat' dir='ltr'><strong>nostrorum</strong></span> <span class='ocrx_word' id='word_1_732' title='bbox 2937 4657 3170 4730; x_wconf 82' lang='lat' dir='ltr'><strong>iurando</strong></span> <span class='ocrx_word' id='word_1_733' title='bbox 3191 4657 3498 4723; x_wconf 89' lang='lat' dir='ltr'><strong>destruere,</strong></span> <span class='ocrx_word' id='word_1_734' title='bbox 3527 4653 3646 4709; x_wconf 84' lang='lat' dir='ltr'><strong>Deo</strong></span> <span class='ocrx_word' id='word_1_735' title='bbox 3664 4669 3790 4725; x_wconf 82' lang='lat' dir='ltr'><strong>pro-</strong></span> 
     </span>
    </p>
   </div>
   <div class='ocr_carea' id='block_1_106' title="bbox 2197 4734 3789 4821">
    <p class='ocr_par' dir='ltr' id='par_1_106' title="bbox 2197 4734 3789 4821">
     <span class='ocr_line' id='line_1_106' title="bbox 2197 4734 3789 4821; baseline -0.003 -19"><span class='ocrx_word' id='word_1_736' title='bbox 2197 4748 2352 4819; x_wconf 90' lang='lat' dir='ltr'><strong>pitio,</strong></span> <span class='ocrx_word' id='word_1_737' title='bbox 2389 4766 2499 4805; x_wconf 93' lang='lat' dir='ltr'><strong>non</strong></span> <span class='ocrx_word' id='word_1_738' title='bbox 2529 4757 2778 4821; x_wconf 91' lang='lat' dir='ltr'><strong>possunt.</strong></span> <span class='ocrx_word' id='word_1_739' title='bbox 2816 4748 2955 4804; x_wconf 86' lang='lat' dir='ltr'><strong>Ecce</strong></span> <span class='ocrx_word' id='word_1_740' title='bbox 2986 4749 3040 4803; x_wconf 90' lang='lat' dir='ltr'><strong>in</strong></span> <span class='ocrx_word' id='word_1_741' title='bbox 3065 4734 3364 4819; x_wconf 60' lang='lat' dir='ltr'><strong>praelibatis</strong></span> <span class='ocrx_word' id='word_1_742' title='bbox 3387 4745 3789 4802; x_wconf 86' lang='lat' dir='ltr'><strong>catholicorum</strong></span> 
     </span>
    </p>
   </div>
   <div class='ocr_carea' id='block_1_107' title="bbox 2196 4835 3788 4907">
    <p class='ocr_par' dir='ltr' id='par_1_107' title="bbox 2196 4835 3788 4907">
     <span class='ocr_line' id='line_1_107' title="bbox 2196 4835 3788 4907; baseline -0.004 -13"><span class='ocrx_word' id='word_1_743' title='bbox 2196 4838 2419 4896; x_wconf 91' lang='lat' dir='ltr'><strong>Patrum</strong></span> <span class='ocrx_word' id='word_1_744' title='bbox 2442 4840 2726 4897; x_wconf 87' lang='lat' dir='ltr'><strong>sententiis</strong></span> <span class='ocrx_word' id='word_1_745' title='bbox 2748 4839 2883 4897; x_wconf 88' lang='lat' dir='ltr'><strong>satis</strong></span> <span class='ocrx_word' id='word_1_746' title='bbox 2903 4839 3337 4895; x_wconf 87' lang='lat' dir='ltr'><strong>demonstratum</strong></span> <span class='ocrx_word' id='word_1_747' title='bbox 3360 4844 3447 4891; x_wconf 89' lang='lat' dir='ltr'><strong>est</strong></span> <span class='ocrx_word' id='word_1_748' title='bbox 3466 4836 3619 4907; x_wconf 87' lang='lat' dir='ltr'><strong>quod</strong></span> <span class='ocrx_word' id='word_1_749' title='bbox 3637 4835 3788 4906; x_wconf 84' lang='lat' dir='ltr'><strong>jura—</strong></span> 
     </span>
    </p>
   </div>
   <div class='ocr_carea' id='block_1_108' title="bbox 2197 4926 3792 5004">
    <p class='ocr_par' dir='ltr' id='par_1_108' title="bbox 2197 4926 3792 5004">
     <span class='ocr_line' id='line_1_108' title="bbox 2197 4926 3792 5004; baseline -0.006 -16"><span class='ocrx_word' id='word_1_750' title='bbox 2197 4941 2382 4988; x_wconf 89' lang='lat' dir='ltr'><strong>menta</strong></span> <span class='ocrx_word' id='word_1_751' title='bbox 2398 4931 2600 5002; x_wconf 88' lang='lat' dir='ltr'><strong>injuste</strong></span> <span class='ocrx_word' id='word_1_752' title='bbox 2612 4931 2886 5004; x_wconf 88' lang='lat' dir='ltr'><strong>promissa</strong></span> <span class='ocrx_word' id='word_1_753' title='bbox 2897 4939 2953 4987; x_wconf 89' lang='lat' dir='ltr'><strong>et</strong></span> <span class='ocrx_word' id='word_1_754' title='bbox 2971 4930 3025 4985; x_wconf 94' lang='lat' dir='ltr'><strong>in</strong></span> <span class='ocrx_word' id='word_1_755' title='bbox 3041 4929 3220 5000; x_wconf 88' lang='lat' dir='ltr'><strong>majus</strong></span> <span class='ocrx_word' id='word_1_756' title='bbox 3236 4926 3549 4998; x_wconf 84' lang='lat' dir='ltr'><strong>periculum</strong></span> <span class='ocrx_word' id='word_1_757' title='bbox 3567 4941 3792 4997; x_wconf 74' lang='lat' dir='ltr'><strong>vergen-</strong></span> 
     </span>
    </p>
   </div>
   <div class='ocr_carea' id='block_1_109' title="bbox 2194 5013 3785 5100">
    <p class='ocr_par' dir='ltr' id='par_1_109' title="bbox 2194 5013 3785 5100">
     <span class='ocr_line' id='line_1_109' title="bbox 2194 5013 3785 5100; baseline -0.006 -26"><span class='ocrx_word' id='word_1_758' title='bbox 2194 5019 2271 5075; x_wconf 88' lang='lat' dir='ltr'><strong>tia</strong></span> <span class='ocrx_word' id='word_1_759' title='bbox 2295 5018 2558 5092; x_wconf 88' lang='lat' dir='ltr'><strong>[mutare]</strong></span> <span class='ocrx_word' id='word_1_760' title='bbox 2581 5019 2853 5091; x_wconf 85' lang='lat' dir='ltr'><strong>cogimur,</strong></span> <span class='ocrx_word' id='word_1_761' title='bbox 2879 5017 2975 5090; x_wconf 90' lang='lat' dir='ltr'><strong>qui</strong></span> <span class='ocrx_word' id='word_1_762' title='bbox 2992 5015 3161 5072; x_wconf 87' lang='lat' dir='ltr'><strong>anihil</strong></span> <span class='ocrx_word' id='word_1_763' title='bbox 3185 5014 3437 5086; x_wconf 89' lang='lat' dir='ltr'><strong>iniquum</strong></span> <span class='ocrx_word' id='word_1_764' title='bbox 3452 5013 3785 5100; x_wconf 73' lang='lat' dir='ltr'><strong>iuravimus.</strong></span> 
     </span>
    </p>
   </div>
   <div class='ocr_carea' id='block_1_110' title="bbox 2271 5100 3791 5176">
    <p class='ocr_par' dir='ltr' id='par_1_110' title="bbox 2271 5100 3791 5176">
     <span class='ocr_line' id='line_1_110' title="bbox 2271 5100 3791 5176; baseline -0.007 -12"><span class='ocrx_word' id='word_1_765' title='bbox 2271 5104 2377 5164; x_wconf 86' lang='lat' dir='ltr'><strong>Sed</strong></span> <span class='ocrx_word' id='word_1_766' title='bbox 2418 5108 2618 5164; x_wconf 90' lang='lat' dir='ltr'><strong>dicitur</strong></span> <span class='ocrx_word' id='word_1_767' title='bbox 2650 5108 2810 5164; x_wconf 89' lang='lat' dir='ltr'><strong>nobis</strong></span> <span class='ocrx_word' id='word_1_768' title='bbox 2858 5127 2871 5163; x_wconf 94' lang='lat'>:</span> <span class='ocrx_word' id='word_1_769' title='bbox 2905 5106 3076 5162; x_wconf 87' lang='lat' dir='ltr'><strong>Fideli</strong></span> <span class='ocrx_word' id='word_1_770' title='bbox 3117 5104 3352 5176; x_wconf 88' lang='lat' dir='ltr'><strong>principi</strong></span> <span class='ocrx_word' id='word_1_771' title='bbox 3381 5102 3653 5174; x_wconf 83' lang='lat' dir='ltr'><strong>iurastis,</strong></span> <span class='ocrx_word' id='word_1_772' title='bbox 3703 5100 3791 5157; x_wconf 87' lang='lat' dir='ltr'><strong>cui</strong></span> 
     </span>
    </p>
   </div>
   <div class='ocr_carea' id='block_1_111' title="bbox 2198 5194 3790 5267">
    <p class='ocr_par' dir='ltr' id='par_1_111' title="bbox 2198 5194 3790 5267">
     <span class='ocr_line' id='line_1_111' title="bbox 2198 5194 3790 5267; baseline -0.006 -11"><span class='ocrx_word' id='word_1_773' title='bbox 2198 5200 2249 5256; x_wconf 88' lang='lat' dir='ltr'><strong>si</strong></span> <span class='ocrx_word' id='word_1_774' title='bbox 2280 5199 2468 5257; x_wconf 89' lang='lat' dir='ltr'><strong>ﬁdeles</strong></span> <span class='ocrx_word' id='word_1_775' title='bbox 2511 5215 2634 5256; x_wconf 92' lang='lat' dir='ltr'><strong>esse</strong></span> <span class='ocrx_word' id='word_1_776' title='bbox 2665 5199 2855 5267; x_wconf 87' lang='lat' dir='ltr'><strong>vultis,</strong></span> <span class='ocrx_word' id='word_1_777' title='bbox 2898 5199 3059 5255; x_wconf 89' lang='lat' dir='ltr'><strong>ﬁdem</strong></span> <span class='ocrx_word' id='word_1_778' title='bbox 3111 5195 3339 5252; x_wconf 90' lang='lat' dir='ltr'><strong>domino</strong></span> <span class='ocrx_word' id='word_1_779' title='bbox 3389 5194 3699 5264; x_wconf 87' lang='lat' dir='ltr'><strong>apostolico</strong></span> <span class='ocrx_word' id='word_1_780' title='bbox 3737 5201 3790 5247; x_wconf 84' lang='lat' dir='ltr'><strong>et</strong></span> 
     </span>
    </p>
   </div>
   <div class='ocr_carea' id='block_1_112' title="bbox 2200 5284 3789 5328">
    <p class='ocr_par' dir='ltr' id='par_1_112' title="bbox 2200 5284 3789 5328">
     <span class='ocr_line' id='line_1_112' title="bbox 2200 5284 3789 5328; baseline -0.001 0"><span class='ocrx_word' id='word_1_781' title='bbox 2200 5289 2564 5328; x_wconf 67' lang='lat' dir='ltr'><strong>nhndinntiom</strong></span> <span class='ocrx_word' id='word_1_782' title='bbox 2602 5286 2865 5328; x_wconf 57' lang='lat' dir='ltr'><strong>ahnnirntn</strong></span> <span class='ocrx_word' id='word_1_783' title='bbox 2923 5296 2974 5328; x_wconf 69' lang='lat' dir='ltr'><strong>ni</strong></span> <span class='ocrx_word' id='word_1_784' title='bbox 3005 5286 3422 5328; x_wconf 69' lang='lat' dir='ltr'><strong>nhnmmtinnom</strong></span> <span class='ocrx_word' id='word_1_785' title='bbox 3455 5285 3611 5328; x_wconf 72' lang='lat' dir='ltr'><strong>illam</strong></span> <span class='ocrx_word' id='word_1_786' title='bbox 3647 5284 3789 5328; x_wconf 71' lang='lat' dir='ltr'><strong>iura-</strong></span> 
     </span>
    </p>
   </div>
  </div>
