3988 5328
156 286 263 343 865

1037 281 1325 343 APPEND.
1364 284 1453 340 ill.
1493 317 1564 327 ——
1594 280 2028 340 MONUMENTA
2067 280 2534 339 GREGORIANA.

3315 287 3420 346 866

158 401 288 455 sedc
312 399 619 472 apostolica
655 414 765 454 non
800 398 1090 466 abstinete,
1121 407 1178 454 et
1215 412 1325 452 non
1359 395 1741 453 abstinendum
1775 395 1820 452 A
1846 398 2124 461 urgentem
2141 392 2496 461 praecedentis
2517 391 2730 462 injuria
2753 393 3418 462 necessitatem,omncm-

158 493 387 559 docete;
422 492 570 563 quod
599 493 646 547 si
673 506 783 546 non
809 489 1068 558 feceritis,
1111 489 1257 544 velut
1287 489 1550 556 infideles,
1582 486 1745 558 regia

159 581 449 637 sententia
475 581 842 652 subjaccbitis.
874 581 1022 636 Dura
1067 579 1389 651 propositio,
1431 588 1485 636 et
1510 578 1747 648 antiqua

158 669 235 723 illi
256 670 502 740 quodam
519 671 681 726 modo
702 671 1025 738 conformis,
1047 686 1156 741 qua
1177 670 1378 725 dicitur
1397 667 1484 723 :Si
1508 669 1586 723 vis
1606 669 1746 722 ami-

160 775 251 811 cus
284 775 400 812 esse
426 758 678 826 Cesaris,
713 760 959 830 sacriﬁca
994 760 1130 824 diis;
1162 758 1302 831 quod
1339 759 1385 812 si
1410 774 1511 810 non
1537 758 1743 827 feceris,

159 850 421 919 punieris.
480 850 538 905 Si
582 867 703 906 eam
748 869 914 922 quam
957 851 1217 922 jubcmur
1266 850 1580 906 ﬁdelitatem
1630 849 1741 921 regi

161 939 552 1010 impendimus,
577 958 686 998 non
719 951 930 997 tantum
950 957 1136 998 coram
1161 942 1268 997 isto
1295 957 1420 1012 rege
1441 943 1536 997 sed
1559 957 1745 998 coram

161 1031 411 1084 omnium
456 1047 646 1103 regum
698 1031 845 1103 Rege
879 1032 1118 1102 perfidia
1147 1039 1358 1087 reatum
1390 1031 1744 1102 incurrimus,

161 1134 289 1174 nam
341 1134 537 1174 omnes
585 1120 896 1174 divinarum
947 1120 1128 1191 legum
1181 1130 1373 1191 sponte
1424 1121 1743 1188 violatores,

163 1207 305 1262 sicut
326 1207 611 1278 Scriptura
632 1208 810 1275 docet,
835 1218 1099 1278 apostata
1121 1209 1446 1266 efﬁciuntur.
1461 1209 1748 1278 Quomodo

162 1311 292 1367 ergo
318 1297 389 1350 ad
426 1298 762 1366 apostasiam
798 1306 853 1352 et
880 1297 1160 1366 perﬁdiam
1197 1298 1356 1368 quasi
1397 1315 1496 1368 pro
1519 1299 1748 1369 jurisju-

163 1387 321 1440 randi
359 1387 624 1457 religione
663 1388 1112 1458 constringimur,
1146 1389 1240 1459 qui
1277 1390 1411 1443 nihil
1448 1390 1554 1445 nisi
1584 1391 1746 1448 ﬁdem

159 1478 380 1546 jurasse
417 1477 688 1532 dicimur?
717 1477 853 1532 Mira
884 1480 999 1533 res!
1025 1478 1186 1533 ﬁdem
1212 1479 1544 1548 juravimus,
1567 1490 1620 1534 et
1641 1482 1747 1536 nisi

165 1571 447 1640 perfidiam
492 1570 783 1636 faciamus,
830 1571 1036 1641 perjuri
1088 1571 1325 1626 dicimur
1371 1581 1427 1626 et
1472 1572 1745 1640 infideles;

1845 498 1954 553 quc
1984 482 2147 552 hujus
2170 483 2385 540 discidii
2409 484 2626 554 culpam
2651 485 2718 540 ad
2742 484 3106 542 inchoationis
3125 489 3421 559 primordia

1844 574 2058 630 referri.
2082 575 2340 644 Audiant,
2368 577 2613 647 inquam,
2649 577 2818 648 quod,
2855 579 3072 636 etiamsi
3098 580 3422 639 Christiana

1845 665 1930 720 vel
1974 665 2357 722 ecclesiastica
2410 666 2690 739 religionis
2736 677 2884 725 esset
2945 670 3145 727 talibus
3207 671 3424 745 injuriis

1847 758 1982 816 tales
2013 758 2420 816 vicissitudines
2452 761 2770 832 rependere,
2806 770 2952 818 certe
2982 779 3084 819 nec
3121 764 3226 820 hoc
3259 765 3424 822 modo

1847 845 2246 904 inexcusabiles
2268 848 2384 903 ﬁeri
2406 857 2629 918 possent
2653 868 2666 904 :
2694 865 2822 905 nam
2847 851 3158 921 apostolica
3172 852 3420 908 animad-

1846 936 2136 1004 versionis,
2171 951 2282 1007 qua
2319 951 2380 992 se
2419 937 2708 1007 injuriatos
2750 948 3068 1008 causantur,
3112 939 3216 1012 ipsi
3243 942 3424 1012 potius

1847 1045 2013 1086 causa
2034 1031 2378 1096 exstiterunt,
2397 1039 2452 1087 et
2469 1032 2615 1087 unde
2636 1047 2696 1088 se
2717 1047 2978 1089 accensos
2994 1042 3422 1104 conquerantur,

1848 1120 1954 1175 hoc
1997 1120 2101 1190 ipsi
2149 1120 2304 1191 prius
2340 1119 2732 1190 incenderant;
2782 1123 3012 1194 ideoque
3055 1123 3286 1194 injurias
3311 1140 3425 1181 non

1849 1221 1960 1267 tam
1984 1213 2288 1268 retulerunt
2315 1229 2482 1284 quam
2509 1214 2828 1269 intulerunt.
2862 1214 3000 1270 Cum
3024 1217 3168 1271 enim
3188 1215 3426 1286 primum

1848 1304 1917 1359 ad
1952 1304 2272 1360 initiandam
2294 1306 2436 1361 hanc
2469 1321 2582 1360 rem
2613 1304 2762 1377 (460)
2788 1305 3103 1362 Wormatia
3133 1306 3428 1364 conﬂuxis-

1850 1403 1988 1462 sent,
2025 1395 2120 1451 ubi
2169 1396 2349 1451 omnis
2379 1413 2544 1467 quam
2574 1397 2814 1467 patimur
2837 1397 3118 1453 calamitas
3146 1399 3428 1456 exordium

1849 1487 2105 1558 sumpsit,
2129 1489 2336 1544 nullam
2357 1489 2536 1542 adhuc
2561 1488 2819 1544 dominus
2839 1504 2978 1559 papa
3000 1491 3419 1548 excommunica-

1850 1579 2017 1636 tionis
2031 1580 2116 1634 vel
2137 1579 2501 1634 anathematis
2522 1579 2849 1634 sententiam
2872 1579 3182 1648 destinavit,
3211 1581 3430 1652 sed‘ipsi

166 1660 298 1713 nihil
353 1675 603 1729 unquam
643 1660 970 1729 iuravimus,
1009 1660 1115 1715 nisi
1163 1661 1309 1731 quod
1361 1662 1512 1717 salvo
1559 1663 1750 1718 ordine
1785 1735 1822 1742 _
1853 1671 2128 1741 (primitias
2147 1670 3435 1742 discordiarum),ipsoignoranteetnihilminus

169 1759 356 1804 nostro
397 1749 519 1804 ﬁeri
554 1759 761 1820 posset.

234 1839 540 1896 Videamus
597 1841 764 1912 igitur
807 1842 853 1896 si
895 1841 1249 1898 sacerdotalis
1288 1842 1372 1897 vel
1414 1842 1625 1900 ordinis
1667 1845 1751 1900 vel

163 1931 325 1985 ofﬁcii
355 1931 432 1986 sit
456 1931 527 1986 ad
570 1933 674 1987 hoc
704 1933 995 1987 consilium
1044 1934 1129 1988 vel
1152 1949 1309 2004 opem
1362 1935 1675 1990 ministrare
1693 1946 1754 1992 ut

164 2022 522 2077 Christianus
543 2024 796 2094 princeps
813 2040 843 2078 a
860 2023 1172 2079 Christiana
1193 2026 1310 2095 lege
1325 2026 1575 2082 homines
1595 2038 1756 2099 cogat

168 2115 467 2181 discedere,
493 2124 550 2170 et
570 2116 848 2170 discedere
873 2117 1120 2173 nolentes
1151 2120 1368 2187 publica
1412 2122 1756 2177 animadver-

166 2207 320 2261 sione
333 2207 728 2277 persequatur;
754 2216 831 2273 ut,
851 2206 1050 2278 fugatis
1073 2210 1469 2278 sacerdotibus,
1489 2211 1755 2266 Sanctita-

167 2299 248 2352 ria
275 2298 397 2365 Dei,
421 2298 581 2370 quasi
606 2299 914 2354 hereditate
933 2301 1203 2370 possideat
1225 2301 1398 2372 (Psal.
1426 2305 1669 2372 Lxxxn);
1696 2313 1757 2358 ut

171 2390 478 2445 oblationes
523 2390 763 2444 fidelium
799 2400 853 2445 et
892 2393 1221 2462 patrimonia
1268 2409 1592 2463 pauperum,
1638 2395 1756 2451 suis

169 2495 512 2552 suorumque
541 2481 734 2536 usibus
759 2481 1262 2552 incomparabiliter
1292 2481 1755 2554 [irrecuperabili—

174 2570 270 2642 ter]
296 2580 561 2641 usurpet;
579 2569 902 2637 ut,Neronis
925 2573 1195 2644 exemplo,
1212 2573 1435 2632 Petrum
1451 2583 1504 2629 et
1528 2574 1756 2634 Paulum

174 2663 368 2718 iterum
405 2665 464 2718 in
497 2664 763 2720 membris
809 2665 926 2721 suis
971 2667 1085 2736 pati
1127 2664 1321 2734 faciat;
1371 2674 1433 2721 ut
1476 2665 1755 2722 Simonem

173 2751 383 2825 Magum
419 2771 617 2811 rursus
649 2765 840 2811 contra
878 2756 1160 2812 Simonem
1195 2757 1418 2812 Petrum
1441 2759 1673 2826 excitet;
1700 2769 1760 2814 ut

174 2845 335 2903 intret
382 2848 440 2902 in
474 2848 962 2905 sanctificationem
998 2865 1122 2905 cum
1161 2852 1435 2922 superbia,
1461 2852 1553 2907 ubi
1583 2868 1759 2924 usque

173 2939 333 2993 modo
370 2938 584 3005 ﬁdeles,
639 2940 692 2993 in
729 2941 892 2995 corde
943 2942 1182 2998 contrito
1219 2952 1273 2998 et
1303 2943 1612 3009 humiliato,
1657 2958 1758 3013 pro

174 3031 498 3086 remissione
550 3041 897 3102 peccatorum
950 3048 1179 3088 suorum
1231 3034 1392 3096 nudis
1437 3035 1667 3104 pedibus
1701 3035 1757 3090 in

171 3123 458 3178 ecclesiam
471 3121 747 3196 [introire]
769 3134 1199 3192 consueverunt;
1221 3135 1280 3180 ut
1301 3126 1420 3181 loca
1442 3135 1760 3183 sanctorum

171 3215 441 3284 sanguine
466 3227 786 3270 consecrata
807 3215 1139 3272 famulorum
1165 3219 1340 3273 sancti
1361 3217 1506 3274 Petri
1533 3230 1759 3276 cruenta

170 3315 349 3377 strage
379 3307 612 3377 polluat.
650 3307 906 3380 Nunquid
934 3310 1226 3379 pastoralis
1250 3309 1409 3364 ofﬁcii
1440 3319 1524 3366 est
1563 3311 1760 3368 talibus

171 3407 293 3452 actu
316 3399 408 3453 vel
427 3401 664 3456 consilio
683 3401 1044 3471 participare?
1063 3399 1316 3473 Nunquid
1339 3402 1582 3458 ﬁdelitati
1603 3418 1758 3458 com-

172 3488 300 3556 petit
321 3490 548 3563 regibus
567 3492 896 3561 persuadere
917 3501 998 3557 ut,
1014 3491 1220 3547 Christi
1243 3493 1484 3548 tunicam
1501 3502 1556 3549 et
1579 3509 1760 3550 sacer-

169 3579 358 3634 dotum
399 3581 525 3650 ejus
571 3583 896 3638 vestimenta
927 3582 1258 3650 scindentes,
1303 3583 1477 3638 scindi
1508 3600 1539 3638 a
1566 3599 1626 3639 se
1668 3601 1758 3640 re-

171 3685 335 3738 gnum
371 3675 724 3729 mereantur?

241 3769 348 3826 Sed
380 3770 501 3823 hac
535 3767 719 3820 omnia
738 3766 863 3821 novi
885 3765 1137 3821 doctores
1159 3767 1405 3822 ﬁdelitati
1433 3767 1757 3833 attribuunt,

168 3862 416 3916 dicentes
450 3875 511 3913 se
543 3857 762 3927 quidem
805 3857 966 3912 beato
1003 3855 1166 3912 Petro
1205 3867 1368 3928 atque
1395 3858 1508 3913 sedi
1539 3865 1758 3928 aposto-

171 3953 285 4008 lica
335 3952 572 4006 devotos
611 3950 882 4016 existere;
923 3948 1135 4003 sedenti
1165 3959 1349 4004 autem
1384 3964 1549 4018 super
1572 3949 1755 4004 sedem

173 4044 318 4098 illam
371 4041 627 4096 insolitas
671 4040 903 4109 injurias
934 4039 1130 4095 merito
1165 4039 1415 4110 irrogari,
1447 4039 1543 4110 qui
1576 4039 1634 4094 in
1659 4040 1760 4093 ho-

171 4136 349 4189 mines
388 4131 715 4196 immeritos,
746 4145 929 4200 regem
959 4130 1166 4186 scilicet
1211 4139 1267 4186 et
1311 4129 1616 4200 episcopos,
1647 4138 1757 4183 tam

169 4226 451 4290 insolitam
478 4223 847 4278 damnationis
871 4223 1196 4278 sententiam
1220 4221 1600 4292 promulgavit.
1627 4220 1759 4288 Quis

171 4319 270 4374 bus
301 4305 750 4386 respondendum
775 4323 861 4369 est
880 4315 1047 4386 quod,
1071 4314 1176 4369 etsi
1200 4314 1254 4368 in
1279 4313 1386 4368 illis
1409 4313 1760 4385 synodalibus

1857 1771 2100 1834 putante,
2125 1761 2428 1832 pralationi
2455 1762 2816 1831 sua'superba
2838 1771 2892 1816 et
2913 1762 3196 1832 repentina
3217 1762 3418 1819 temeri-

1854 1862 1966 1908 tate
1977 1852 2520 1907 abrenuntiaverunt.
2535 1849 2693 1905 Initia
2704 1851 2955 1906 dolorum
2971 1852 3086 1908 hac
3101 1852 3119 1923 (
3125 1851 3294 1908 Marc.
3309 1853 3432 1925 xm)

1854 1942 2110 2011 primum.
2166 1939 2280 1996 lloc
2316 1939 2642 1995 fermentum
2683 1949 2852 1996 totam
2900 1940 3154 1996 Ecclesia
3194 1958 3434 2000 massam

1855 2031 2100 2100 corrupit
2131 2030 2184 2103 (I
2211 2029 2334 2087 Cor.
2361 2030 2435 2102 v).
2479 2029 2636 2097 Quod
2679 2030 2727 2086 si
2759 2031 2884 2102 quis
2911 2041 3092 2103 negat,
3120 2031 3278 2088 facile
3304 2049 3436 2106 pro-

1857 2119 1975 2174 bari
1995 2128 2195 2189 potest,
2219 2120 2264 2176 si
2293 2128 2462 2192 gesta
2486 2120 2564 2174 rei
2586 2129 2642 2174 et
2671 2121 2932 2190 temporis
2961 2122 3128 2176 series
3151 2137 3437 2177 recensea-

1856 2219 1965 2265 tur.
1987 2210 2306 2266 Conventus
2327 2211 2472 2265 enim
2498 2210 2606 2276 ille,
2631 2211 2698 2266 de
2726 2226 2838 2282 quo
2872 2211 3126 2278 dicimus,
3157 2212 3296 2267 inter
3326 2210 3438 2268 Na-

1858 2304 2123 2359 tivitatem
2150 2302 2493 2359 Dominicam
2517 2312 2572 2358 et
2592 2312 2910 2374 sequentem
2955 2303 3438 2375 Quadragesimam

1857 2397 2187 2452 constitutus
2208 2403 2312 2459 est,
2337 2394 2410 2448 ita
2435 2394 2765 2450 distantibus
2789 2395 2980 2464 spatiis
3013 2403 3072 2468 ut
3103 2385 3440 2466 quacunque

1857 2496 2174 2558 gererentur
2211 2486 2440 2540 Romam
2480 2486 2674 2558 synodi
2700 2495 2942 2557 tempore
2967 2483 3172 2542 differri
3196 2497 3440 2559 possent.

1860 2579 1968 2635 Sed
2000 2588 2126 2637 ante
2149 2579 2396 2634 eamdem
2421 2577 2736 2633 Nativitatis
2756 2578 3052 2634 Dominica
3071 2577 3441 2647 festivitatem,

1857 2685 1986 2726 cum
2017 2687 2109 2725 rex
2139 2668 2450 2726 natalitium
2465 2670 2609 2724 diem
2630 2669 2861 2724 Andrea
2885 2670 3118 2740 apostoli
3140 2669 3442 2742 Bapinberg

1858 2761 2206 2829 celebrasset,
2234 2769 2386 2816 tanta
2416 2761 2596 2817 adhuc
2620 2760 2762 2815 inter
2800 2775 3030 2831 regnum
3069 2769 3125 2816 et
3163 2777 3440 2817 summum

1859 2852 2224 2925 sacerdotium
2256 2851 2550 2908 concordia
2580 2850 2774 2921 viguit,
2799 2859 2860 2905 ut
2892 2866 3054 2906 omne
3095 2852 3243 2922 quod
3293 2851 3443 2924 (461)

1862 2942 1935 2999 ibi
1958 2944 2012 2997 in
2043 2943 2304 2999 destituto
2328 2941 2574 3012 ejusdem
2614 2941 2719 2997 loci
2753 2941 3007 3012 episcopo
3045 2942 3262 3013 alioque
3310 2943 3442 2998 sub-

1863 3036 2055 3091 stituto
2082 3043 2264 3090 actum
2299 3044 2402 3099 est,
2453 3042 2626 3088 totum
2654 3032 2894 3103 iussioni
2914 3041 2968 3088 et
2990 3033 3311 3089 obedientia
3334 3031 3435 3088 Ro-

1861 3125 2010 3181 mani
2059 3123 2422 3194 imputaretur
2457 3123 2754 3193 pontiﬁcis.
2792 3122 2860 3176 Et
2893 3123 3008 3193 ipse
3041 3123 3259 3194 quidem
3291 3123 3442 3194 prin-

1861 3233 1990 3287 ceps
2011 3218 2118 3272 hoc
2149 3217 2350 3282 verbis,
2374 3217 2478 3272 hoc
2515 3216 2713 3272 litteris
2747 3232 2779 3271 a
2813 3217 2941 3272 sede
2971 3217 3268 3287 apostolica
3313 3219 3442 3273 cha-

1861 3308 2077 3364 ritative
2109 3307 2332 3363 directis
2357 3307 2662 3378 injunctum
2696 3307 2801 3363 sibi
2846 3306 3014 3363 fuisse
3061 3315 3292 3364 testatus
3338 3319 3446 3388 est.

1860 3399 1999 3456 Ecce
2027 3399 2317 3455 manifesta
2345 3399 2544 3455 indicia
2580 3399 2688 3455 huc
2721 3414 2897 3469 usque
2920 3399 3290 3468 permanentis
3314 3415 3446 3456 con-

1859 3493 2078 3548 cordia.
2093 3491 2235 3558 Quid
2257 3507 2388 3563 ergo
2408 3499 2520 3546 tam
2540 3492 2652 3547 cito
2676 3490 2999 3546 intercidere
3019 3491 3216 3560 potuit,
3239 3499 3302 3546 ut
3332 3491 3445 3560 ille,

1859 3583 1954 3653 qui
1989 3583 2046 3637 in
2083 3583 2335 3652 proximo
2363 3591 2490 3637 ante
2518 3581 2866 3636 Nativitatem
2916 3580 3134 3636 Domini
3185 3589 3351 3637 tanta
3390 3581 3446 3636 in

1860 3673 2101 3729 Ecclesia
2138 3673 2558 3744 magniﬁcentia
2592 3671 2698 3727 fuit
2719 3681 2780 3726 ut
2803 3671 2870 3727 ad
2892 3680 3087 3726 nutum
3109 3670 3256 3728 illius
3277 3672 3428 3742 digni

1861 3774 2032 3819 tatum
2057 3765 2392 3820 mutationes
2421 3765 2646 3829 ﬁerent;
2699 3763 2841 3817 idem
2872 3763 3062 3833 paucis
3091 3770 3215 3833 post
3235 3760 3448 3817 Nativi-

1859 3865 2027 3912 tatem
2053 3857 2265 3923 diebus,
2297 3856 2682 3920 inconventus,
2720 3854 3020 3919 inauditus,
3070 3854 3238 3910 totius
3280 3855 3448 3911 etiam

1860 3947 2085 4017 ignarus
2113 3945 2498 4012 dissensionis,
2523 3944 2997 4015 proscriberetur?
3029 3945 3113 4000 Ab
3156 3945 3250 4000 illa
3299 3944 3448 4000 enim

1859 4035 1968 4101 die,
1990 4033 2085 4104 qui
2115 4034 2253 4088 tanti
2289 4033 2510 4088 habitus
2538 4040 2623 4087 est
2653 4031 2724 4086 ab
2755 4031 2865 4096 eis,
2896 4031 3008 4098 imo
3049 4031 3120 4086 ab
3169 4031 3448 4096 omnibus,

1862 4126 2065 4180 nullam
2109 4139 2303 4179 eorum
2351 4124 2678 4194 legationem
2714 4121 2942 4190 accepit,
2967 4135 3142 4190 usque
3174 4120 3306 4175 dum
3355 4120 3448 4175 illa

1861 4217 2070 4274 veniret
2099 4233 2207 4287 qua
2238 4215 2445 4272 dictum
2473 4221 2557 4270 est
2591 4231 2604 4268 :
2638 4211 2926 4279 Descende,
2963 4211 3243 4278 descende,
3276 4211 3448 4265 inter-

1861 4311 2087 4364 dicimus
2124 4309 2220 4362 tibi
2250 4325 2403 4362 omne
2427 4307 2520 4377 jus
2553 4314 2817 4376 papatus;
2851 4304 3066 4375 aliaque
3111 4301 3444 4373 huiusmodi.

163 4410 391 4480 judiciis
425 4408 698 4463 districtio
721 4407 1200 4462 mansuetudinem
1225 4405 1569 4472 excessisset,
1602 4406 1675 4459 ita
1703 4415 1761 4459 ut
1795 4425 1838 4478 ι)
1936 4401 2132 4456 Dicant
2173 4415 2303 4471 ergo
2350 4400 2514 4470 hujus
2557 4397 2846 4469 legationis
2892 4395 3307 4467 compositores,
3351 4394 3448 4466 qui

169 4504 410 4557 domnus
447 4499 784 4570 apostolicus
816 4498 938 4568 plus
971 4498 1133 4553 solito
1171 4507 1226 4552 et
1260 4514 1367 4552 non
1400 4513 1501 4567 pro
1535 4497 1764 4551 materia

171 4609 336 4664 super
365 4606 464 4647 eos
488 4605 714 4644 manum
758 4589 1133 4660 congravarit,
1167 4589 1425 4643 decuerat
1455 4573 1636 4642 tamen
1671 4604 1765 4641 or-

171 4687 446 4741 thodoxos
497 4683 822 4754 episcopos,
871 4681 1146 4738 catholico
1205 4679 1438 4751 principi
1488 4676 1765 4751 [suadere]

169 4787 446 4849 quatenus
468 4776 549 4830 sic
578 4773 838 4844 injuriam
863 4789 1019 4828 suam
1042 4771 1399 4827 ulcisceretur
1435 4786 1501 4824 ne
1524 4769 1765 4825 divinam

172 4870 438 4925 ultionem
477 4867 532 4920 in
573 4882 634 4920 se
665 4872 1006 4934 provocaret,
1036 4879 1105 4918 ne
1125 4861 1384 4917 Ecclesia
1413 4861 1629 4931 regulas
1664 4875 1761 4930 pe-

171 4963 320 5016 nitus
354 4957 743 5020 confunderet,
780 4971 848 5010 ne
875 4955 1134 5020 cadibus,
1173 4952 1460 5018 incendiis,
1498 4952 1761 5008 vastatio-

174 5034 334 5110 nibus
388 5053 441 5107 id
481 5059 671 5122 ageret
718 5049 863 5119 quod
893 5046 1278 5104 ecclesiasticis
1325 5045 1762 5101 discussionibus

173 5145 440 5172 ΑκμκσιιιιοσὶΊ
472 5150 589 5172 nun.

1866 4493 2160 4550 conventui
2182 4493 2502 4548 Wormatia
2533 4491 2720 4547 habito
2752 4490 3087 4557 intererant,
3131 4489 3224 4545 ubi
3277 4488 3449 4558 gratis

1867 4601 1897 4640 a
1928 4601 1986 4641 se
2009 4585 2204 4655 jugum
2233 4583 2537 4655 disciplina
2575 4583 2942 4654 projecerunt,
2967 4581 3061 4637 ubi
3085 4590 3285 4638 sancta
3319 4583 3450 4636 obe-

1867 4677 2084 4732 dientia
2109 4676 2351 4732 libellum
2383 4675 2594 4746 repudii
2620 4676 3090 4746 conscripserunt,
3127 4674 3222 4730 ubi
3251 4687 3450 4728 novam

1868 4768 2012 4825 hanc
2044 4771 2252 4825 mundo
2287 4769 2458 4838 legem
2489 4768 2852 4824 condiderunt
2877 4776 2938 4822 ut
2969 4782 3163 4825 servus
3187 4766 3454 4841 principis

1867 4877 2084 4918 summo
2105 4861 2350 4933 pontiﬁci
2371 4861 2684 4916 cathedram
2701 4860 3066 4931 episcopalem
3098 4859 3454 4917 interdicendi

1864 4955 1956 5025 jus
1979 4955 2178 5012 habeat
2194 4976 2207 5012 :
2222 4955 2408 5012 dicant
2421 4967 2570 5023 ergo,
2585 4954 2799 5022 dicant;
2815 4963 2870 5008 et
2883 4953 2929 5010 si
2945 4967 3057 5009 non
3073 4955 3257 5023 nobis,
3273 4961 3460 5009 tamen

1869 5046 2125 5103 Ecclesia
2162 5050 2310 5119 juste
2353 5046 2614 5100 adversus
2664 5061 2760 5102 eos
2816 5045 3180 5116 proclamanti
3233 5059 3466 5117 respon-

1870 5139 2028 5172 ιιηηηο
2061 5140 2260 5170 ηηῖιιηο
2294 5134 2722 5170 τινωιδολοσιοῖιιηο
2758 5138 2937 5168 θοι-εἶι-
2975 5139 3104 5166 ιλιι-
3158 5159 3218 5166 -_
3286 5135 3465 5164 ΔηΙιῖΙΑ
