3988 5328
172 249 283 306 859

1066 248 1359 305 APPEND.
1396 244 1486 307 ut.
1525 276 1597 290 --
1633 244 2071 304 IONUMENTA
2103 244 2571 307 GBEGOBiANA.

3351 252 3459 308 870

172 352 527 432 temporibus
556 360 875 432 profundior
904 359 1197 427 inhorruit,
1236 375 1300 415 ea
1329 358 1623 415 luminaria
1649 373 1773 430 quae
1799 362 1848 419 Α
1871 359 2073 415 rimum
2102 374 2267 430 posse
2285 375 2448 431 quem
2478 359 2574 415 tibi
2609 369 2699 415 tua
2721 359 2931 417 sanitas
2953 361 3148 431 probat
3172 361 3338 423 etiam
3366 366 3458 422 ia-

170 453 368 525 posttit
388 453 448 506 in
469 451 812 507 ﬁrmamento
842 458 903 505 ut
933 450 1152 506 luceant
1183 464 1347 523 super
1384 458 1607 515 terram,
1631 463 1771 503 non-

176 553 470 614 nunquam
507 541 712 598 clarius
760 528 1036 613 etl‘ulgere,
1064 550 1119 597 et
1138 558 1261 612 quae
1284 542 1491 598 dudum
1525 540 1630 596 sibi
1657 550 1772 597 tana

176 640 295 689 tum
325 632 730 691 interluxerunt
778 646 904 687 cum
927 630 1290 700 iucunditate,
1332 630 1498 686 etiam
1532 630 1771 688 homini-

174 723 283 778 bus
306 724 611 779 clementer
634 721 764 779 facit
786 722 1146 779 innotescere.

249 813 399 883 Inter
429 830 556 885 qua:
584 830 687 887 ego
711 830 821 870 non
853 814 1127 870 immerito
1172 814 1510 873 numerarim
1555 813 1615 871 Β.
1672 815 1769 870 Αι-

179 916 473 963 tmannum
508 907 848 965 Pataviensis
867 907 1124 965 Ecclesiae
1151 907 1521 964 venerandum
1557 908 1772 963 antisti-

179 1008 311 1065 tem,
335 992 437 1069 qui
488 1007 613 1068 post
641 1014 903 1056 occasum
940 998 1104 1069 hujus
1149 998 1399 1063 mortalis
1456 996 1581 1052 vitae
1631 997 1773 1053 inter

176 1088 363 1146 sidera
415 1090 543 1149 cali
603 1090 924 1156 collocatus,
971 1099 1084 1147 tam
1106 1090 1300 1145 crebro
1332 1088 1492 1145 nobis
1539 1089 1773 1159 desuper

180 1197 324 1237 novo
346 1181 519 1245 micat
550 1181 858 1252 splendore,
899 1182 1152 1238 videlicet
1194 1181 1250 1237 in
1300 1181 1597 1237 virtutibus
1614 1189 1671 1237 et
1698 1180 1773 1236 si-

179 1272 325 1343 gnis,
362 1287 489 1343 quas
531 1288 628 1342 per
672 1288 800 1329 eum
845 1282 1107 1342 operatur
1168 1272 1436 1331 mirabilis
1474 1272 1533 1327 in
1567 1272 1774 1328 sanctis

172 1363 297 1441 suis
328 1361 502 1429 Deus,
542 1371 605 1417 ut
624 1378 735 1418 non
785 1363 1084 1435 incongrue
1104 1363 1173 1419 ad
1201 1379 1328 1419 eum
1359 1362 1420 1419 Β.
1447 1360 1550 1419 Job
1564 1363 1773 1420 dixisse

173 1454 418 1523 iudicem
456 1473 469 1510 :
500 1453 635 1511 Cum
667 1462 715 1509 te
768 1464 1133 1525 consumptum
1163 1455 1449 1525 putaveris,
1472 1454 1661 1509 orieris
1688 1462 1774 1513 .ut

170 1532 376 1618 lucifer
408 1547 551 1618 (Job.
580 1548 681 1619 xl).
714 1547 798 1604 Ad
829 1548 952 1618 ejus
1004 1548 1151 1605 enim
1206 1548 1401 1603 merita
1447 1547 1773 1605 declaranda

180 1639 403 1711 fugiunt
442 1640 739 1706 daemones,
775 1638 1057 1710 paralytici
1084 1647 1369 1705 curantur,
1396 1637 1775 1695 illuminantur

178 1731 330 1801 caici,
352 1730 628 1799 contracti
656 1731 1041 1799 restituuntur,
1086 1738 1145 1787 et
1178 1730 1455 1789 variarum
1494 1729 1773 1801 pelluntur

175 1825 377 1881 damna
403 1823 938 1887 incommoditatum.
972 1822 1166 1879 Erisne
1188 1837 1320 1894 ergo
1364 1837 1608 1894 praesens
1636 1829 1771 1878 actas

162 1918 313 1972 adeo
335 1931 504 1983 caeca,
528 1924 590 1970 ut
608 1915 746 1971 tanti
770 1902 1006 1971 luminis
1026 1914 1275 1982 claritas,
1316 1928 1426 1985 quo
1453 1912 1600 1970 Deus
1642 1912 1770 1971 illu-

177 2017 317 2064 strat
339 2016 399 2063 et
441 2007 697 2063 miriﬁcat
729 2015 983 2063 sanctum
1038 2022 1230 2074 suum,
1286 2005 1532 2079 ingratos
1581 2005 1771 2062 oculos

178 2107 306 2155 tuos
340 2114 455 2155 non
491 2098 854 2171 perstringat!
883 2113 997 2153 non
1029 2096 1370 2154 conterreat?
1397 2095 1604 2152 Dixerit
1644 2096 1776 2152 huc-

166 2177 357 2262 ἰιεέιιιε
398 2208 414 2246 :
476 2189 523 2247 0
581 2191 849 2262 generatio
882 2205 1047 2261 praua
1096 2196 1147 2243 et
1189 2187 1545 2259 exasperatis!
1591 2185 1768 2260 (Psal.

172 2279 391 2353 'Lxxvn)
414 2282 570 2352 signa
613 2285 793 2335 nostra
823 2297 927 2334 non
953 2280 1203 2347 vidimus,
1231 2274 1351 2350 jam
1378 2294 1483 2333 non
1518 2286 1595 2333 est
1633 2276 1773 2332 Pro-

180 2372 337 2442 pheta
372 2370 551 2442 (Psal.
588 2371 801 2441 Lxxtn).
830 2370 932 2437 En,
964 2370 1058 2442 qui
1081 2369 1211 2426 facit
1244 2369 1531 2427 nobiscum
1553 2369 1771 2441 signum

176 2461 237 2517 in
256 2462 469 2518 bonum
501 2460 676 2534 (Psal.
702 2462 923 2535 Lxxxv),
947 2469 1001 2518 et
1033 2463 1352 2518 consolatur
1390 2477 1494 2517 nos
1534 2476 1632 2533 per
1655 2475 1772 2516 me-

171 2552 283 2606 ~rita
316 2550 511 2607 famuli
547 2551 652 2618 sui,
683 2552 896 2606 innovat
931 2554 1106 2623 signa,
1135 2563 1187 2608 et
1230 2553 1476 2606 immutat
1504 2550 1773 2606 mirabilia

182 2660 346 2713 usque
368 2643 441 2696 ad
465 2643 605 2697 diem
633 2643 768 2696 hanc
794 2640 988 2711 (Eccli.
1014 2641 1220 2712 xxxvi).
1256 2639 1776 2712 Ergonedubitabis

185 2734 248 2789 de
277 2734 398 2789 viro
427 2733 556 2800 hoc,
580 2748 615 2789 ο
638 2733 934 2800 incredula,
959 2733 1105 2805 quod
1140 2733 1257 2804 ipse
1280 2748 1391 2787 non
1417 2730 1689 2786 introierit
1718 2731 1774 2785 in

178 2826 456 2898 potentias
504 2825 722 2882 Domini
780 2825 956 2895 (Psal.
1008 2825 1161 2897 axx),
1235 2824 1332 2895 qui
1375 2832 1485 2879 tam
1527 2829 1776 2894 potenter

182 2916 373 2973 adesse
395 2931 509 2971 non
535 2917 713 2972 tardat
744 2916 1083 2987 supplicibus
1104 2915 1252 2971 suis?
1274 2912 1394 2969 Non
1419 2914 1641 2985 quidem
1663 2929 1765 2968 au-

184 3008 266 3064 dis
284 2992 499 3076 vocem,
527 3009 778 3065 umbram
802 3025 912 3064 non
942 3009 1127 3075 'vides;
1154 3023 1379 3063 manum
1411 3021 1522 3061 non
1577 3006 1772 3073 sentis,

181 3108 242 3155 ut
282 3101 564 3171 quondam
610 3101 668 3156 in
720 3100 1134 3171 apostolisaegri
1167 3097 1480 3162 audiebant,
1519 3096 1775 3152 videbant

182 3200 237 3247 et
284 3193 622 3260 sentiebant;
677 3200 734 3248 et
798 3201 980 3248 tamen
1035 3190 1207 3247 sentis
1261 3188 1543 3253 beneﬁcia,
1599 3195 1669 3243 et.
1704 3186 1773 3242 ad

179 3285 585 3341 invocationem
616 3285 738 3357 ejus
768 3284 996 3354 pristina
1032 3283 1233 3355 gaudes
1254 3280 1644 3337 incolumitate.

196 3368 199 3371 ’
246 3375 419 3435 Crede
439 3376 611 3449 igitur
633 3376 781 3447 apud
815 3374 988 3431 Deum
1023 3375 1227 3441 vivere,
1259 3380 1315 3428 et
1328 3372 1472 3442 apud
1489 3386 1616 3427 eum
1651 3369 1773 3440 plu-

1869 451 2159 516 visibiliter
2180 450 2441 509 adfuisse.
2478 450 2712 509 Proinde
2750 453 2908 508 crede
2933 463 3205 523 sanctum,
3224 458 3459 526 pradica

1871 544 2180 613 probatum,
2235 544 2328 614 qui
2379 543 2494 614 jam
2542 558 2652 599 non
2690 559 2771 610 sc,
2813 545 2908 601 sed
2939 561 3103 616 quem
3139 547 3285 604 Deus
3313 565 3459 607 com-

1872 636 2093 691 mendat
2143 634 2231 707 (11
2259 634 2382 691 Cor.
2414 636 2507 707 x);
2542 636 2638 708 qui
2674 636 2790 707 jam
2820 652 2932 693 non
2956 639 3023 695 de
3055 656 3113 695 se
3147 641 3268 712 ipso
3299 645 3459 701 testi-

1872 725 2119 783 monium
2143 726 2275 782 dicit
2300 725 2482 795 (Joan.
2514 725 2655 797 vni),
2690 727 2785 783 sed
2810 728 2900 785 cui
2921 729 3057 784 dant
3077 732 3455 791 testimonium

1872 827 2004 885 tres,
2028 820 2124 890 qui
2160 828 2290 875 sunt
2325 818 2381 874 in
2405 819 2566 884 caelo,
2598 818 2777 885 Pater,
2812 829 2869 875 et
2897 820 3089 886 Filius,
3115 830 3169 876 et
3220 821 3458 894 Spiritus

1873 921 2096 967 sanctus
2123 910 2175 981 (1
2205 911 2367 966 Joan.
2396 914 2472 982 ν).
2498 910 2684 982 Itaque
2713 911 2760 969 si
2779 912 3005 982 leprosi,
3022 913 3113 984 qui
3134 914 3460 973 habitabant

1875 1000 1929 1056 in
1966 1013 2122 1072 porta
2148 1001 2432 1069 Samariae,
2461 1002 2784 1072 semctipsos
2808 1012 3068 1074 arguunt,
3095 1005 3140 1058 si
3161 1004 3303 1060 diem
3327 1006 3459 1062 boni

1875 1095 2051 1151 nuntii
2108 1102 2290 1151 tacent
2319 1094 2537 1149 civitati
2574 1091 2683 1166 (IV
2731 1093 2858 1165 Reg.
2910 1094 3032 1166 vn),
3066 1090 3240 1150 multo
3284 1097 3461 1168 magis

1875 1202 1977 1242 nos
1995 1187 2281 1259 arguendi,
2318 1195 2375 1242 et
2398 1185 2796 1247 incredulitatis
2826 1194 2993 1255 atque
3054 1187 3463 1259 ingratitudinis

1874 1287 2099 1349 peccato
2123 1277 2606 1351 erimusnotandi,
2636 1277 2684 1332 si
2708 1275 2969 1351 Ecclesia:
2996 1276 3093 1359 Dci
3136 1288 3316 1336 tantas
3364 1278 3461 1334 Dei

1874 1369 2082 1437 laudes,
2117 1378 2267 1426 tanta
2300 1368 2466 1441 hujus
2510 1368 2686 1426 sancti
2716 1368 3011 1439 praeconia,
3060 1377 3270 1425 tantum
3316 1370 3483 1441 apud,

1874 1477 1979 1517 nos
2008 1463 2311 1533 repositum
2353 1463 2673 1519 thesaurum
2720 1456 3067 1521 invideamus
3093 1446 3180 1518 vel
3227 1462 3463 1533 abscon-

1874 1556 2090 1613 damus.
3018 1602 3019 1605 η
3212 1606 3217 1611 .
3250 1606 3255 1613 ,
3306 1558 3312 1563 ”

1948 1649 2206 1705 Conabor
2239 1649 2623 1719 quamobrem,
2658 1652 2857 1705 vestris
2914 1646 3090 1702 vietus
3144 1618 3479 1725 etcatljutus‘
3506 1638 3555 1713 3‘

1872 1740 2148 1813 precibus,
2162 1739 2453 1813 _neverendi
2474 1738 2753 1795 dominiet
2767 1721 3239 1803 fratres,scribere
3258 1718 3463 1823 ahquid
3526 1734 3529 1737 ’
3566 1746 3569 1751 '
3606 1736 3610 1740 ’

1870 1830 1939 1886 de
1958 1829 2071 1885 vita
2094 1838 2151 1885 et
2182 1827 2466 1885 miraculis
2484 1828 2623 1891 ωιιί
2646 1827 2943 1897 pontiﬁcis,
2968 1842 3073 1883 non
3095 1826 3151 1880 in
3193 1823 3466 1896 persuasi-

1872 1919 2064 1974 bilibtts
2113 1919 2360 1975 humana
2407 1918 2685 1989 sapientiae
2728 1916 2897 1972 verbis
2944 1906 2999 1985 (1
3058 1910 3181 1970 Cor.
3233 1912 3316 1983 ιι),
3340 1902 3465 1983 qua:

1872 2010 2007 2067 mihi
2028 2007 2176 2069 nulla
2203 2017 2309 2077 cst,
2342 2017 2399 2065 et
2425 2023 2591 2080 quam
2612 2022 2713 2079 ego
2733 2022 2861 2063 cum
2888 1999 3152 2078 Apostolo
3174 2002 3463 2059 stultitiam

1872 2099 2000 2156 novi
2022 2098 2139 2156 fore
2171 2099 2315 2170 apud
2350 2098 2556 2165 Deum;
2605 2099 2700 2154 sed
2729 2111 2986 2153 sermone
3035 2092 3270 2167 simplici
3295 2102 3347 2150 et
3371 2094 3465 2164 pio

1871 2207 2177 2264 proponam
2230 2190 2421 2248 lectori
2460 2189 2726 2260 quidquid
2756 2204 2824 2243 ex
2878 2183 3284 2257 antiquioribus
3335 2185 3463 2256 qui—

1870 2285 2103 2345 busdam
2138 2282 2357 2353 scriptis
2407 2282 2720 2352 recentique
2760 2278 3025 2351 memoria
3060 2291 3183 2343 vos,
3206 2276 3303 2333 ﬁlii
3327 2275 3468 2329 veri.

1871 2365 2021 2445 tatis,
2058 2374 2429 2431 indicaveritis
2458 2378 2513 2429 et
2568 2370 2936 2427 astruxeritis.
2982 2366 3235 2427 Scribere
3282 2376 3466 2423 autem

1872 2484 1996 2539 quae
2019 2466 2085 2523 ad
2112 2482 2227 2522 rem
2253 2481 2360 2521 non
2410 2464 2703 2535 pertinent,
2744 2467 2798 2518 et
2833 2456 3202 2532 ampliﬁcandi
3230 2472 3398 2515 causa
3432 2473 3466 2512 a

1872 2551 2191 2615 narratione
2213 2556 2435 2627 longius
2450 2554 2681 2626 digredi,
2718 2570 2822 2609 nec
2849 2568 2950 2609 vos
2985 2550 3190 2632 petitis,
3228 2564 3330 2605 nec
3362 2563 3465 2621 ego

1838 2638 1843 2647 ’
1873 2649 2135 2718 spondeo.
2168 2642 2425 2717 Spondeo
2442 2661 2597 2713 vero,
2624 2645 2671 2700 si
2691 2644 2824 2716 quid
2853 2644 2910 2698 in
2938 2643 3025 2709 his
3065 2639 3285 2712 scriptis
3336 2632 3465 2694 cor-

1872 2739 2179 2811 rigendum,
2211 2738 2556 2805 mutandum,
2579 2745 2675 2791 aut
2713 2734 3014 2791 tollendum
3038 2729 3463 2794 testimaveritis,

1872 2830 1929 2895 id
1957 2844 2175 2901 equum
2199 2829 2343 2897 mihi,
2359 2844 2471 2884 non
2488 2829 2708 2883 turbare
2728 2827 2999 2895 animum,
3018 2824 3221 2895 quippe
3242 2821 3338 2894 qui
3362 2835 3466 2876 nec

1873 2920 2086 2986 amicis,
2121 2934 2359 2991 quorum
2402 2918 2547 2973 oculi
2600 2932 2713 2971 non
2756 2906 2887 2972 sunt
2939 2913 3342 2978 columbarum,
3366 2909 3465 2967 sed

1876 3011 2208 3082 aquilarum,
2228 3009 2346 3065 haec
2372 3004 2643 3078 carpenda
2666 3021 2843 3079 nego;
2896 3020 3000 3077 pro
3027 3003 3232 3075 quibus
3254 3001 3462 3057 nullam

1876 3116 2063 3174 quaero
2091 3098 2340 3172 gloriam,
2368 3098 2463 3154 sed
2495 3105 2706 3173 tantum
2734 3096 2892 3160 vobis
2920 3094 3159 3150 debitam
3203 3091 3466 3148 exhibere

1877 3190 2261 3256 obedientiam,
2293 3197 2347 3244 et
2370 3189 2511 3260 ejus,
2538 3188 2605 3243 de
2629 3203 2741 3258 quo
2770 3185 3082 3254 scribimus,
3111 3183 3258 3258 apud
3287 3181 3464 3239 Deum

1765 3285 1768 3288 ⁴
1876 3281 2323 3338 intercessionem
2343 3288 2399 3337 et
2429 3278 2885 3335 misericordiam.

2392 3365 2636 3440 Explicit
2667 3366 2945 3447 prologus.

186 3497 3449 3537 Μή

984 3655 1448 3749 INCIPIT
1515 3651 1799 3746 VITA
1873 3651 1965 3740 S.
2042 3649 2663 3743 ALTMANNI

1411 3787 1869 3869 PATAVIEN'Sls
1907 3809 2236 3866 EPISCOPI.

248 4075 453 4131 Beatus
471 4069 645 4142 igitur
662 4062 994 4121 Altmannus
1018 4058 1086 4116 de
1106 4065 1263 4131 gente
1289 4050 1569 4112 Saxonum
1587 4054 1775 4111 oriuu-
1806 4041 1851 4095 D
1879 4052 2014 4127 (Isa.
2043 4053 2213 4122 vat.)
2244 4050 2400 4142 Unde
2426 4050 2616 4119 etiam,
2635 4051 2949 4107 ‘secundum
2985 4067 3105 4120 ejus
3135 4051 3460 4108 sententiam

180 4167 311 4231 dus;
336 4162 478 4218 nihil
499 4169 687 4215 tamen
712 4153 890 4210 ferum
918 4159 1015 4207 aut
1035 4147 1367 4223 saxeum‘ab
1398 4147 1491 4200 illa
1509 4145 1774 4203 didicerat

181 4258 425 4320 natione,
483 4251 602 4315 sed,
667 4256 932 4316 tanquam
980 4257 1192 4314 gemma
1222 4238 1617 4310 pretiosissima
1652 4252 1775 4307 quae

179 4362 251 4402 ex
282 4359 424 4400 auro
452 4337 753 4412 fulgentior
774 4336 937 4401 nitet,
963 4334 1043 4388 sic
1063 4332 1153 4386 ille
1183 4329 1347 4385 claris
1382 4327 1701 4398 parentibus
1717 4327 1773 4381 in

182 4434 333 4489 omni
354 4431 604 4489 bonitate
629 4436 685 4482 ct
708 4427 996 4481 honestate
1031 4419 1231 4489 clarior
1254 4416 1474 4472 elIulsit.
1500 4413 1605 4482 Qui
1641 4414 1785 4469 libe—,

181 4527 393 4583 ralibus
427 4523 665 4578 traditus
711 4515 934 4582 studiis,
978 4528 1046 4569 eo
1080 4513 1231 4566 intus
1262 4508 1540 4578 aspirante
1587 4514 1642 4561 et
1684 4506 1779 4560 do-

182 4627 339 4675 cente
361 4615 454 4687 qui
485 4613 637 4667 docet
658 4609 920 4663 hominem
953 4604 1230 4659 scientiam
1254 4599 1430 4673 (Psal.
1465 4596 1639 4665 xcm),
1664 4606 1775 4652 tam

183 4708 386 4766 divinis
428 4720 597 4777 quam
621 4697 1017 4773 philOSOphicis
1065 4691 1473 4766 elegantissime
1496 4689 1777 4759 institutus

184 4807 267 4853 est
298 4794 626 4865 disciplinis.
654 4789 720 4844 Et
743 4790 869 4844 licet
890 4784 1185 4842 nonnullos
1216 4781 1445 4839 scientia
1489 4780 1606 4835 haec
1631 4778 1779 4839 inflet

189 4884 241 4961 (1
270 4888 396 4944 Cor.
421 4885 545 4956 vni)
566 4925 582 4952 ,
629 4884 778 4937 hunc
832 4889 1014 4935 tamen
1049 4878 1228 4931 virum
1262 4876 1354 4931 illa
1384 4891 1495 4931 non
1528 4873 1773 4942 inﬂabat,

190 4980 283 5036 sed
316 4978 571 5042 ornabat,
611 4973 707 5030 sed
743 4969 1177 5027 commendabat.
1204 4967 1390 5038 Longe
1418 4965 1524 5021 fuit
1543 4974 1609 5035 et,
1641 4967 1778 5022 alter

194 5071 259 5102 ..ιι
280 5070 360 5102 ms
388 5068 480 5102 nos:
509 5067 633 5102 πιιια
672 5063 891 5102 caninnt
941 5075 1107 5102 ninam
1132 5065 1348 5102 annth
1381 5072 1572 5102 canem
1598 5052 1773 5102 (Rn'm-

1871 4148 1967 4216 qui
2000 4146 2138 4201 dixit
2176 4127 2598 4214 quod’httmilcm
2623 4144 2875 4214 spiritum
2896 4145 3134 4213 sequitur
3150 4144 3324 4215 (forte
3341 4161 3463 4199 sus-

1871 4236 2050 4306 cipiet)
2082 4235 2275 4306 gloria,
2328 4235 2526 4306 dignus
2568 4234 2788 4290 habitus
2817 4243 2903 4290 est
2935 4235 3184 4303 exaltari,
3222 4235 3316 4305 qui
3346 4244 3460 4290 tam

1872 4328 2165 4398 prudenter
2191 4325 2334 4397 apud
2358 4340 2419 4381 se
2445 4324 2712 4381 didicerat
2732 4325 3034 4385 humiliari.

1941 4418 2005 4475 ln
2026 4418 2270 4476 Ecclesia
2315 4432 2439 4488 qua:
2461 4417 2664 4472 dicitur
2703 4414 3114 4482 Paderbrnnne,
3139 4430 3247 4470 non
3282 4415 3458 4471 solum

1872 4511 2194 4577 canonicus,
2223 4524 2415 4565 verum
2439 4509 2609 4564 etiam
2636 4509 2706 4564 ad
2758 4507 3002 4579 regimen
3034 4507 3347 4562 scholarum
3370 4506 3462 4561 dc-

1874 4604 2049 4659 lectus
2081 4610 2136 4658 et
2176 4602 2365 4658 multis
2398 4602 2560 4657 annis
2595 4601 2856 4657 astrictus
2889 4609 2993 4656 est.
3016 4597 3306 4655 Crescente
3327 4613 3461 4652 vero

1874 4694 2013 4750 tanti
2036 4692 2139 4749 viri
2162 4691 2332 4757 fama,
2356 4700 2760 4762 consequenter
2786 4691 2956 4751 crevit
2980 4697 3039 4750 et
3061 4688 3254 4760 gloria.
3281 4687 3462 4755 Quare

1874 4783 1932 4838 in
1957 4783 2048 4837 illa
2069 4783 2236 4838 nobili
2259 4780 2501 4838 Ecclesia
2552 4780 2906 4852 Aquisgrani,
2962 4793 3087 4848 quae
3145 4780 3303 4849 longe
3345 4779 3463 4848 jam

1876 4876 2219 4946 antiquitate,
2252 4874 2380 4929 sede
2428 4871 2717 4928 Teutonici
2736 4872 3029 4927 decoratur
3071 4871 3247 4942 regni,
3291 4883 3467 4924 cano-

1876 4967 2127 5022 nicorunt
2153 4965 2479 5037 praepositus
2523 4965 2729 5021 meruit
2754 4963 3064 5020 sublimari.
3116 4963 3196 5019 Eo
3248 4976 3473 5032 quoque

1875 5057 1932 5102 in
1967 5066 2210 5102 totum».
2237 5057 2291 5102 in
2327 5055 2531 5102 naiasin
2557 5054 2799 5102 Heinrici
2834 5054 2980 5102 ιλιι-1.Ῐί
3020 5052 3375 5102 immratoris
3412 5051 3478 5102 in
