3988 5328
151 64 270 149 εῖτ.

1064 66 1349 125 APPEND.
1389 65 1478 126 Ill.
1513 98 1585 107 —
1618 63 2053 123 NONUMENTA
2090 59 2554 127 GREGORI.\_.\'.»\.

3337 60 3443 119 875

153 178 405 263 nubatur
428 179 696 245 moribus,
736 179 929 250 quales
958 179 1099 235 idem
1138 181 1334 236 docere
1370 180 1583 237 videtur
1607 178 1752 248 Apo-
1781 181 1825 237 Λ
1854 177 2231 237 PatavienSem
2269 175 2451 229 sedem
2501 174 2793 263 episcopus
2844 173 3180 247 gubernabo.
3232 172 3444 228 Vatici-

156 270 362 338 stolus,
388 288 517 331 cum
542 273 660 329 sive
683 271 1030 333 Timotheum
1059 273 1174 343 sive
1197 273 1380 330 Titum
1417 272 1640 331 instruit
1671 272 1758 327 di-

154 375 294 415 cens
341 380 356 416 :
412 360 632 432 Oportet
678 370 856 416 auum
906 362 1207 434 episcopum
1251 360 1760 433 irreprehcnsibilcm

155 469 292 517 esse,
321 454 585 520 sobrium,
616 454 945 524 prudentem,
985 454 1259 525 pudicum,
1298 453 1638 526 hospitalem,
1669 452 1758 508 bo—

158 546 408 617 uiguttm,
434 546 747 613 modestum,
772 555 822 601 et
846 546 1247 622 amplectentem
1279 564 1422 614 eum,
1452 547 1544 618 qui
1572 563 1759 601 secun-

158 639 290 692 dum
321 654 517 692 sanam
541 638 842 694 doctrinam
859 648 961 705 est,
983 639 1196 710 ﬁdelem
1216 656 1508 695 sermonem
1531 638 1585 713 (I
1618 639 1757 703 Tim,

162 747 261 796 tu;
293 728 405 783 Tit.
444 730 508 799 ι).
545 728 615 785 Et
660 739 843 787 tamen
870 732 925 786 in
946 731 1206 789 omnibus
1239 732 1327 788 his
1358 732 1425 788 ad
1449 732 1759 803 exemplum

161 816 223 874 Β.
259 816 384 883 Job,
426 835 538 876 non
579 818 716 877 vidit
732 808 917 879 ~solent
951 836 1078 876 cum
1110 820 1341 894 fulgeret
1366 822 1622 892 desuper,
1658 836 1759 878 nec

161 910 349 967 lunam
374 910 716 967 incedentem
741 913 887 969 clare
906 911 1030 983 (Job
1057 914 1247 984 xxxi);
1270 913 1422 983 quia,
1452 922 1513 968 ut
1543 913 1607 973 Β.
1631 912 1760 967 Gre.

160 1002 298 1071 gorii
331 1003 520 1057 verbis
544 1012 689 1067 utar,
716 1019 837 1059 cum
862 1020 993 1074 opus
1027 1021 1183 1059 suum
1210 1006 1376 1064 etiam
1406 1004 1532 1065 aliis
1574 1022 1756 1065 mm-

159 1091 372 1160 plorum
418 1090 593 1157 lucem
640 1093 913 1160 trsbueret,
945 1095 1015 1150 ad
1050 1096 1484 1165 presumption“
1531 1095 1758 1166 gloriam

159 1181 244 1239 vir
263 1191 487 1235 sanctus
532 1182 669 1237 illud
715 1199 820 1236 non
848 1184 1109 1249 attendit;
1134 1185 1247 1249 sed,
1299 1184 1427 1238 dum
1455 1202 1550 1256 pro
1579 1202 1640 1239 eo
1672 1202 1759 1240 ea:-

164 1272 281 1325 tolli
334 1274 540 1339 timuit,
572 1274 639 1327 ab
670 1275 921 1329 intuendo
968 1292 1028 1330 eo
1074 1277 1255 1331 oculos
1304 1279 1493 1333 mentis
1541 1280 1753 1340 avertit.

164 1360 329 1427 Nam,
365 1364 507 1416 sicut
538 1363 667 1418 litua
697 1363 1115 1422 illustratiouem
1147 1386 1180 1422 α
1207 1369 1360 1423 radio
1381 1369 1512 1423 solis
1533 1371 1754 1440 accipit,

160 1452 239 1506 ita
268 1453 420 1522 fatua
439 1470 474 1508 a
497 1454 631 1509 bono
659 1473 815 1526 opere
841 1458 976 1512 vires
1014 1469 1064 1513 et
1090 1460 1292 1531 furoris
1314 1464 1568 1533 gratiam,
1599 1465 1753 1535 quasi

1857 265 2018 341 nium
2054 265 2157 323 hoc
2189 280 2371 319 rerum
2399 262 2653 337 probavit
2685 273 2948 330 eventus;
2984 264 3185 335 singuli
3209 280 3447 336 namque

1862 354 1918 412 in
1952 355 2230 422 Ecclesiis,
2260 371 2399 432 quas
2429 355 2533 411 sibi
2561 354 2895 426 delegerant,
2928 355 3235 423 sublimati,
3264 373 3333 410 ne
3362 357 3447 411 in-

1861 447 2157 504 fructuosa:
2196 448 2419 503 arbores
2454 448 2524 503 ab
2554 448 2674 518 ipso
2725 448 2820 519 qui
2878 448 3218 520 plantaverat
3244 465 3338 505 eos
3389 449 3447 505 in

1859 541 2023 597 domo
2067 556 2166 597 sua
2197 539 2592 606 invenirentur,
2630 540 2987 595 reddiderunt
3027 538 3265 595 fructum
3303 549 3446 595 tem-

1858 631 2086 703 poribus
2142 630 2296 699 suis;
2350 631 2565 703 singula
2600 631 2802 703 quippe
2854 631 3186 687 monasteria
3230 631 3285 686 in
3326 632 3447 687 suis

1859 723 2267 779 constituerunt
2308 723 2622 797 episcopiis,
2646 732 2700 779 ct
2733 724 3011 798 sepultura
3061 741 3160 780 sua
3198 725 3445 780 illustra-

1858 821 2074 873 verunt,
2108 810 2431 874 Gebhardus
2467 827 2704 885 namque
2757 813 2812 867 in
2839 814 3219 881 Admontensi,
3248 812 3447 869 Albero

1858 919 1989 959 vero
2040 904 2097 961 in
2155 902 2551 971 Lambacensi,
2612 902 2939 967 Altmanuus
2993 904 3048 967 in
3112 902 3445 964 Kouviccnsi

1859 995 2194 1055 monasterio
2242 994 2541 1066 requiescit
2587 994 2643 1051 in
2670 993 2921 1051 Domino.
2950 994 3191 1068 Corpora
3222 997 3444 1067 quidem

1859 1086 2078 1142 illorum
2101 1085 2215 1141 illic
2245 1086 2300 1140 in
2326 1102 2460 1156 pace
2480 1086 2693 1157 sepulta
2715 1096 2865 1154 sunt,
2895 1087 2989 1142 sed
3007 1088 3192 1143 vivent
3217 1087 3443 1143 nomina

1857 1194 2050 1233 eorum
2078 1178 2135 1233 in
2158 1188 2445 1234 aeternum.
2472 1177 2666 1252 (Eccli.
2697 1183 2869 1249 xuv.)
2910 1178 3193 1247 Quomodo
3219 1196 3326 1235 non
3357 1184 3410 1241 vi
3431 1208 3446 1222 ι

1857 1280 2064 1338 verent.
2095 1287 2218 1342 qua:
2254 1271 2312 1326 in
2362 1270 2503 1333 libro
2548 1271 2675 1331 vita:
2701 1272 2942 1342 ascripta
2989 1280 3276 1337 tenentur;
3318 1286 3448 1329 cum

1856 1376 1984 1417 vere
2012 1377 2079 1417 cx
2114 1362 2224 1418 illis
2263 1360 2471 1419 fuerint
2515 1363 2720 1434 quibus
2754 1361 3022 1418 Dominus
3059 1362 3388 1433 repromittit
3427 1378 3442 1414 :

1857 1447 1930 1503 Et
1963 1467 2068 1505 non
2111 1451 2314 1520 delebo,
2365 1451 2645 1531 inquiens,
2702 1452 2925 1511 nomina
2974 1468 3164 1507 eorum
3200 1452 3264 1505 de
3308 1450 3447 1509 libro

160 1544 470 1603 claritatem
496 1524 719 1606 luminis
745 1551 999 1622 aspergit,
1030 1524 1266 1615 δείμςωε
1292 1524 1425 1625 ένδο
1453 1524 1564 1623 vir;
1586 1524 1752 1634 (ίυωη
1788 1524 1831 1583 Β
1857 1541 2020 1611 vita?
2050 1543 2235 1616 (Apoc.
2280 1542 2387 1614 tu.)
2421 1524 2581 1612 Sunt,
2624 1544 2720 1615 qui
2765 1553 2963 1599 vocant
2990 1544 3212 1602 nomina
3259 1558 3357 1597 sua
3388 1542 3445 1601 in

160 1652 263 1693 nec
312 1653 458 1708 opus
485 1638 844 1701 manifestum
867 1658 972 1704 nec
1016 1642 1163 1701 {ama
1201 1645 1493 1703 laudabilis
1537 1650 1752 1717 extulit,

161 1742 261 1782 nec
284 1728 459 1782 solem
492 1727 793 1800 fulgentem
818 1731 1054 1809 desuper
1075 1736 1159 1795 vel
1189 1735 1374 1791 lunam
1415 1737 1753 1795 incedentem

160 1819 310 1877 dare
340 1820 501 1881 vidit.

230 1907 403 1965 Porro
426 1925 556 1966 cum
574 1928 736 1969 nemo
756 1916 1021 1973 accendat
1053 1918 1338 1975 lucernam
1362 1930 1415 1975 et
1444 1932 1610 1991 ponat
1631 1939 1754 1980 eam

161 1999 266 2055 sub
298 2001 504 2068 modio,
534 2004 631 2059 sed
661 2020 827 2076 super
853 2009 1263 2077 candelabrum,
1290 2020 1352 2065 ut
1373 2012 1551 2069 luceat
1574 2012 1754 2067 omni»

130 2090 265 2147 ‘bus
290 2092 388 2161 qui
424 2094 481 2147 in
529 2094 692 2151 domo
726 2106 856 2152 sunt
897 2097 1118 2169 (Matth.
1151 2112 1230 2171 v),
1254 2102 1459 2171 placuit
1493 2103 1754 2165 invisibili

159 2196 216 2241 et
243 2187 349 2243 soli
372 2187 507 2255 Deo,
541 2190 637 2260 qui
658 2190 837 2246 lucem
863 2192 1077 2248 habitat
1101 2194 1558 2263 inaccessibilem,
1583 2197 1758 2254 lucer-

163 2293 289 2333 nam
340 2280 491 2335 hanc
522 2297 689 2352 quam
743 2283 861 2360 ipse
896 2284 1057 2346 Pater
1098 2286 1371 2345 luminum
1405 2289 1753 2359 accenderat,

166 2377 224 2426 ut
243 2369 455 2426 luceret
490 2386 678 2430 coram
714 2373 1054 2443 hominibus,
1085 2384 1140 2431 et
1164 2377 1415 2433 viderent
1435 2394 1600 2452 opera
1633 2380 1755 2450 ejus

162 2452 324 2526 bona,
349 2472 406 2517 et
441 2464 815 2536 gloriﬁcarent
856 2466 1028 2527 Deum
1062 2468 1257 2542 (Ibid,)
1302 2488 1404 2530 suo
1436 2473 1775 2533 testimonio

166 2554 249 2610 his
271 2554 370 2625 qui
402 2566 623 2614 tantum
646 2558 833 2615 vident
888 2560 947 2621 in
976 2559 1118 2622 facie
1171 2571 1227 2619 et
1278 2580 1374 2620 cor
1404 2564 1605 2621 intueri
1660 2582 1756 2623 ue-

164 2657 392 2719 queunt,
417 2650 660 2728 amplius
682 2665 848 2730 quam
874 2653 1188 2713 inualuerat
1211 2656 1552 2715 innotescere
1578 2666 1632 2714 et
1646 2674 1758 2721 meo

166 2737 463 2809 nilestare;
499 2741 857 2800 manifestare
885 2753 1069 2802 autem
1095 2746 1179 2803 sic
1204 2765 1219 2809 ε

233 2830 365 2889 Erat
397 2832 455 2888 in
478 2832 698 2890 civitate
717 2833 1030 2893 Pataviensi
1052 2837 1259 2898 femina
1285 2838 1557 2909 quaedam,
1593 2842 1755 2913 cujus

164 2920 273 2977 ﬁlia
319 2922 491 2983 unica
545 2924 702 2997 plaga
752 2925 917 2996 lepra:
983 2941 1247 2997 percussa
1288 2937 1392 2984 est.
1413 2930 1515 2985 Cui
1551 2931 1753 3003 saepius

164 3013 341 3067 oranti
366 3021 425 3067 et
452 3013 687 3070 salutem
717 3014 844 3071 tilia:
888 3031 920 3070 a
944 3014 1175 3073 Domino
1199 3019 1519 3089 suppliciter
1558 3034 1751 3092 postu-

164 3101 294 3156 lanti
324 3104 632 3158 revelatum
673 3113 759 3160 est
790 3104 847 3159 in
877 3107 1112 3173 somnis,
1156 3106 1204 3162 si
1244 3109 1313 3163 de
1338 3107 1615 3166 ablutione
1638 3127 1754 3167 ma-

166 3206 337 3247 nuum
387 3192 453 3246 Β.
493 3191 777 3253 Διιιιιιιιιιιὶ
812 3205 935 3271 post
970 3205 1315 3257 sacramenta
1354 3199 1650 3255 missarum
1685 3199 1752 3256 ti-

156 3285 295 3345 liam
320 3296 677 3365 perungeret,
705 3289 955 3365 pristiam
981 3289 1210 3349 sanitari
1238 3290 1573 3347 redderetur.
1600 3291 1754 3365 Quod

162 3378 295 3435 dum
327 3378 423 3432 illa
450 3376 687 3434 ﬁdeliter
707 3378 947 3445 fecisset,
971 3390 1161 3434 sanata
1186 3389 1271 3435 est
1293 3381 1403 3439 ﬁlia
1431 3382 1552 3452 ejus
1573 3397 1640 3438 ex
1664 3383 1754 3439 illa

80 3488 86 3495 ·
167 3469 321 3525 hora.
360 3469 512 3537 Quid
558 3470 744 3526 minus
794 3470 998 3527 habere
1028 3472 1246 3528 videtur
1276 3483 1499 3530 sanctus
1553 3476 1653 3531 iste
1688 3478 1757 3534 ab

167 3557 265 3616 illo
303 3574 513 3632 magno
560 3560 827 3633 propheta
883 3560 1084 3629 Eliseo,
1117 3562 1212 3634 qui
1249 3564 1456 3634 lepram
1513 3564 1756 3627 Naaman

169 3651 289 3723 Syri
341 3640 673 3709 curandam”
705 3652 891 3708 docuit
923 3652 980 3708 in
1027 3651 1296 3710 Iordane?
1331 3655 1449 3729 (IV
1504 3656 1631 3729 Reg,
1676 3660 1755 3733 γρ)

168 3744 257 3800 Ille
309 3745 520 3825 septies
578 3744 885 3809 sanandum
936 3746 1105 3819 jussit
1152 3748 1356 3817 lavari;
1405 3749 1525 3807 haec
1588 3753 1757 3807 semel

165 3838 294 3905 lota,
323 3837 577 3893 secundo
608 3836 782 3899 lavari
810 3854 919 3894 non
953 3840 1123 3910 eguit,
1155 3841 1285 3911 quia
1323 3841 1613 3903 sanitatem
1648 3844 1755 3906 illi.

162 3946 227 3985 co
249 3931 430 3986 sensit
457 3946 629 4002 quam
659 3931 885 4001 optavit.
1728 4002 1735 4007 ε

228 4024 344 4082 Nec
379 4026 492 4081 hoc
518 4024 637 4080 solo
672 4023 939 4079 miraculo
980 4022 1245 4080 Dominus
1278 4024 1576 4081 declaravit
1599 4026 1759 4097 cujus

165 4120 305 4190 apud
329 4134 465 4174 eum
498 4117 684 4173 meriti
708 4116 943 4183 dilectus
968 4117 1211 4180 [amulos
1232 4134 1369 4173 suus
1395 4116 1593 4187 fuerit;
1622 4120 1758 4199 quin

1856 1635 2021 1693 terris
2051 1636 2169 1696 suis
2218 1634 2394 1707 (Psal.
2427 1636 2641 1706 vam),
2678 1652 2779 1692 nec
2815 1646 2998 1692 tamen
3037 1644 3446 1708 cognoscuntur

1854 1741 1923 1782 ex
1949 1727 2171 1783 nomine
2198 1726 2398 1797 (Exod.
2433 1727 2630 1798 xxxiii)
2655 1745 2669 1795 ;
2697 1727 2828 1798 quia
2854 1727 3017 1783 deleti
3045 1736 3174 1791 sunt
3202 1727 3270 1782 de
3301 1727 3447 1782 libro

1855 1818 2178 1887 viventium,
2224 1828 2279 1874 et
2319 1835 2444 1875 cum
2475 1819 2643 1890 justis
2693 1836 3041 1891 nequaquam
3074 1820 3445 1879 conscribunq-

1855 1918 1964 1965 tur.
2009 1908 2165 1966 Unde
2198 1919 2254 1966 et
2285 1910 2573 1966 districtus
2613 1908 2784 1967 Iudex
2842 1911 3094 1967 dicturus
3142 1920 3227 1968 εει
3272 1911 3353 1967 eis
3389 1910 3447 1966 in

1856 1998 1948 2061 illa
1997 2000 2280 2063 tremenda
2326 2001 2671 2071 separatione
2705 2001 2977 2057 bonorum
3023 2013 3077 2058 et
3119 2003 3392 2065 malorum
3427 2019 3442 2055 :

1858 2088 2126 2144 Discedite
2185 2108 2219 2144 a
2278 2108 2394 2157 me,
2462 2091 2776 2158 maledicti,
2839 2093 2896 2146 in
2957 2094 3130 2165 ignem
3185 2103 3448 2153 internum

1857 2181 2079 2252 (Matth.
2120 2185 2271 2255 xxv),
2299 2184 2428 2254 quia
2455 2199 2563 2238 non
2590 2185 2716 2239 novi
2745 2201 2861 2241 vos.
2900 2183 3109 2243 Horum
3140 2187 3447 2245 secundum

1857 2270 2109 2334 Sanctum
2130 2275 2298 2332 David
2329 2278 2469 2348 perit
2500 2280 2763 2343 memoria
2787 2296 2915 2336 cum
2932 2281 3115 2339 sonitu
3134 2280 3312 2354 (Psal.
3340 2280 3443 2353 ix);

1856 2377 1971 2439 aut,
2003 2368 2051 2425 si
2097 2386 2206 2439 qua
2240 2378 2344 2439 est,
2388 2369 2506 2429 haec
2551 2386 2659 2425 non
2706 2370 2763 2434 in
2811 2371 3209 2438 benedictione,
3245 2372 3337 2428 sed
3387 2372 3445 2427 in

1856 2461 2237 2521 maledictionc
2271 2470 2374 2523 est,
2419 2458 2678 2533 Nunquid
2730 2462 2879 2517 enim
2917 2478 3115 2539 parum
3161 2472 3280 2518 erat
3313 2462 3442 2530 illis,

1856 2553 2117 2613 molestos
2136 2568 2258 2617 esse
2283 2552 2630 2621 hominibus;
2656 2553 2787 2627 quia
2816 2553 3031 2609 molesti
3048 2562 3205 2610 erant
3233 2563 3286 2608 et
3311 2553 3441 2620 Deo,

1854 2647 2004 2711 sicut
2049 2645 2117 2702 de
2154 2644 2429 2707 similibus
2459 2659 2651 2709 eorum
2683 2653 2915 2705 testatus
2944 2654 3027 2701 est
3058 2645 3266 2709 Isaias?
3300 2645 3439 2714 (Ira,

1857 2736 1979 2809 vn.)
2013 2734 2079 2791 Et
2113 2736 2236 2792 ideo
2273 2736 2431 2807 longe
2463 2744 2547 2793 est
2582 2736 2653 2791 ab
2690 2736 2772 2791 eis
2800 2738 2945 2808 quod
2977 2737 3045 2792 de
3086 2737 3286 2794 dilecto
3331 2737 3443 2793 Deo

1856 2836 1911 2882 et
1944 2826 2261 2882 hominibus
2314 2824 2537 2892 dicitur,
2587 2826 2749 2897 cujus
2802 2827 3069 2891 memoria
3116 2826 3171 2883 in
3222 2828 3442 2895 benedi-

1856 2918 2037 2975 ctione
2059 2928 2141 2973 εει
2163 2914 2354 2987 (Eccli.
2384 2916 2530 2982 va).

1926 3034 2220 3102 Attendite,
2266 3048 2476 3105 quaeso,
2503 3034 2788 3105 pontiﬁces
2828 3036 3019 3097 saeculi
3074 3036 3275 3104 nostri,
3319 3053 3443 3107 qua

1856 3127 2010 3185 vobis
2037 3124 2302 3191 memoria
2349 3124 2644 3194 succedat;
2682 3141 2792 3189 non
2819 3127 2888 3183 de
2920 3128 3331 3192 ωιιδιζιιαὶοιιε
3350 3144 3442 3184 cc-

1852 3215 2172 3281 clesiarum,
2229 3214 2326 3271 sed
2361 3214 2737 3282 castellorum,
2761 3231 2889 3294 quae
2922 3231 3022 3281 vos
3048 3217 3106 3281 in
3125 3218 3361 3281 accisis
3384 3229 3443 3283 et

1848 3307 2152 3385 praeruptis
2184 3306 2465 3367 montibus
2491 3321 2799 3385 pauperum
2840 3308 3042 3375 sudore
3068 3316 3129 3373 et
3149 3309 3441 3373 viduarum

1858 3397 2087 3455 minutis
2116 3396 2458 3459 instauratis,
2500 3396 2583 3455 Ad
2608 3397 2743 3475 quid
2784 3406 2991 3467 autem,
3015 3397 3126 3461 nisi
3156 3406 3217 3463 ut
3244 3399 3444 3461 abiude

1854 3489 2129 3563 pellantur
2179 3487 2462 3558 homines;
2508 3503 2620 3549 non
2653 3488 2932 3561 daautones
2981 3489 3115 3545 inibi
3160 3490 3329 3549 vincti
3357 3507 3445 3563 ge.-

1858 3587 2010 3632 iuant
2064 3577 2120 3635 in
2166 3578 2480 3650 ergastulis,
2526 3576 2786 3642 deficiant
2831 3579 2887 3651 in
2935 3580 3253 3657 suppliciis,
3278 3590 3341 3647 ut
3370 3583 3443 3645 ibi

1858 3679 2170 3746 peccatores
2215 3686 2322 3729 non
2367 3677 2778 3737 convertantur,
2822 3671 2919 3727 sed
2972 3672 3306 3741 puniantur;
3338 3689 3443 3743 pu-

1859 3763 2082 3819 niantur
2108 3774 2219 3822 non
2245 3757 2315 3821 ad
2339 3766 2689 3836 peccatorum
2718 3758 2935 3833 veniam
2955 3800 2971 3826 ,
3006 3760 3103 3816 sed
3145 3761 3217 3817 ad
3249 3771 3447 3827 vestae

1854 3852 2077 3923 injuria;
2100 3850 2418 3912 vindictam.
2459 3847 2568 3904 Vos
2597 3850 2772 3905 sancti
2804 3848 3045 3917 Domini,
3083 3852 3324 3909 ministri
3348 3852 3446 3925 Dei

1856 3941 2053 4009 nostri,
2086 3938 2153 4002 de
2190 3938 2398 4018 quibus
2431 3938 2589 3999 nobis
2621 3954 2803 3994 sermo
2827 3947 2932 4005 est,
2972 3940 3192 3997 saniore
3214 3943 3446 4007 consilio

1860 4028 2202 4096 instruxistis
2245 4027 2578 4091 monasteria
2617 4028 2685 4084 de
2721 4028 3091 4084 oblationibus
3120 4030 3364 4087 ﬁdelium
3392 4042 3449 4109 et

1856 4122 2026 4187 rebus
2046 4119 2427 4185 ecclesiarum,
2445 4117 2588 4174 unde
2612 4117 2911 4188 abiguntur
2936 4118 3236 4188 daemones,
3271 4129 3328 4176 ει
3352 4121 3447 4197 ubi

166 4211 326 4275 etiam
349 4226 460 4288 per
484 4209 880 4273 antecedentes
903 4211 1219 4285 prophetias
1244 4210 1363 4288 jam
1393 4212 1600 4277 dudum
1628 4228 1762 4284 pras-
1792 4225 1837 4287 ι)
1863 4211 2203 4299 recipiuntur
2244 4224 2544 4299 pauperes,
2582 4217 2981 4299 convertuntur
3023 4220 3359 4282 peccatores,
3393 4222 3451 4281 et

162 4302 502 4372 signaverat,
526 4300 669 4374 quid
700 4309 825 4371 post
862 4301 1051 4372 plures
1085 4317 1264 4366 annos
1290 4302 1513 4367 iuturus
1533 4314 1670 4360 erat.
1698 4304 1756 4371 In

163 4393 322 4454 anuis
343 4393 504 4448 enim
529 4392 918 4448 adolescentia:
964 4394 1284 4460 constituto,
1315 4410 1442 4458 cum
1473 4395 1639 4459 simul
1665 4412 1757 4453 es-

79 4476 88 4493 ⁶
166 4494 281 4542 seut
308 4486 434 4561 ipse
478 4492 538 4549 et
565 4483 916 4551 Gebhardus,
959 4484 1125 4555 cujus
1182 4501 1349 4561 supra
1381 4488 1756 4558 meminimus,

166 4585 216 4631 et
235 4576 390 4649 (465)
414 4575 621 4632 Albero
639 4574 955 4648 [Adelbero]
979 4577 1328 4647 postmodum
1341 4577 1761 4652 Wirzebnrgeu-

168 4668 243 4727 sis
263 4669 584 4749 episcopus,
607 4667 811 4727 accidit
842 4677 904 4724 ut
929 4684 1096 4749 super
1136 4670 1441 4742 marginem
1468 4669 1633 4727 fontis
1658 4673 1760 4729 ali-

164 4759 322 4831 cujus
346 4773 553 4831 panem
582 4759 886 4822 .comcsturi
928 4758 1336 4821 consedissent.
1379 4757 1525 4823 Inter
1566 4771 1755 4821 mutua

168 4851 460 4922 colloquia,
518 4850 729 4921 quibus
770 4865 1062 4930 pauperem
1110 4865 1359 4911 mensam
1404 4850 1753 4921 condiebant,

171 4944 389 5001 meliora
428 4942 501 4998 de
543 4955 607 5002 se
652 4957 898 5021 sperare,
924 4950 980 4997 et
1003 4942 1242 5014 quodam
1285 4941 1500 4999 occulto
1521 4957 1588 4999 ac
1613 4960 1754 5016 pm-

168 5052 297 5108 sago
331 5036 535 5108 spiritu
567 5035 863 5106 praedicere
891 5035 1066 5091 adorti
1102 5043 1249 5097 sunt.
1282 5035 1481 5113 Aitque
1502 5034 1753 5095 Gebhar-

167 5128 268 5183 dus
295 5147 309 5183 :
336 5126 450 5201 Ego
471 5128 534 5183 in
576 5124 959 5198 Salzpurgensi
994 5124 1239 5183 Ecclesia
1278 5127 1569 5197 episcopus
1604 5128 1757 5186 futu-

171 5212 267 5274 rus
291 5235 434 5275 sum.
479 5216 687 5273 Albero
708 5232 839 5273 vero
866 5237 878 5273 :
904 5217 970 5273 Et
1004 5234 1125 5291 ego,
1150 5219 1348 5290 inquit,
1387 5219 1441 5273 in
1470 5217 1759 5295 Wirzpur—

1542 5311 1584 5328 ΙἿ

1862 4295 2069 4362 sancta:
2118 4295 2485 4370 simplicitatis
2530 4313 2596 4355 ac
2634 4298 2808 4354 beatae
2857 4300 3198 4371 paupertatis
3258 4301 3451 4372 religio

1859 4401 2238 4454 conservatur.
2276 4389 2379 4446 Ubi
2421 4389 2510 4446 die
2535 4405 2602 4447 ac
2622 4400 2779 4447 nocte
2809 4406 2918 4447 non
2942 4378 3203 4449 tacebunt
3223 4394 3457 4451 laudare

1864 4503 2063 4551 nomen
2121 4484 2358 4552 Domini,
2406 4499 2546 4556 quos
2603 4500 2636 4549 a
2697 4480 2832 4545 Solis
2859 4493 2983 4540 ortu
3032 4494 3091 4542 et
3125 4502 3349 4555 occasu,
3385 4486 3456 4555 ab

1863 4580 2119 4651 aquilone
2151 4586 2207 4635 et
2236 4577 2398 4657 mari,
2427 4591 2495 4640 ex
2515 4578 2772 4639 omnibus
2804 4576 3020 4650 populis
3048 4589 3105 4636 et
3128 4579 3355 4653 linguis,
3387 4593 3458 4653 ex

1865 4672 2014 4729 omni
2050 4679 2210 4740 astate
2253 4668 2664 4735 etconditione,
2718 4683 2854 4725 sexu
2878 4678 2932 4723 et
2960 4672 3187 4730 natione
3234 4685 3459 4741 congre-

1864 4747 2013 4834 gavit
2059 4762 2133 4817 ad
2154 4758 2573 4835 gloriﬁcandum
2609 4773 2697 4825 se;
2730 4758 2825 4835 qui
2857 4758 2925 4814 de
2949 4746 3325 4820 servientibus
3352 4756 3459 4827 sibi

1864 4854 2124 4911 omnibus
2157 4853 2293 4911 facit
2315 4866 2412 4907 cor
2437 4864 2610 4907 unum
2638 4859 2693 4906 et
2712 4848 2957 4907 animam
2977 4867 3160 4915 unum
3193 4854 3336 4929 (Act.
3364 4851 3461 4923 iv).

1862 4946 1931 5005 Et
1958 4962 2055 5002 vos
2084 4946 2212 5005 licet
2264 4956 2459 5003 somno
2490 4948 2677 4999 vestro
2717 4941 3114 5019 requiescatis,
3155 4955 3218 5004 ut
3254 4955 3469 5010 semper

1860 5039 2116 5107 optastis,
2158 5045 2214 5093 et
2261 5030 2622 5103 requiescatis
2645 5048 2676 5086 a
2712 5032 2994 5090 laboribus
3043 5039 3253 5101 vestris
3283 5033 3468 5106 (Apoc.

1865 5130 2001 5199 xiv),
2029 5130 2175 5186 haud
2206 5137 2390 5182 tamen
2413 5123 2742 5180 crediderim
2766 5126 2999 5199 spiritus
3030 5146 3255 5195 vestros
3283 5126 3476 5181 deesse

1864 5224 1998 5280 locis
2043 5238 2167 5294 quae
2190 5221 2437 5275 viventes
2473 5225 2627 5279 tanta
2661 5220 2949 5277 devotione
2977 5216 3392 5293 conm-missis
3422 5220 3480 5279 et
