3988 5328
569 297 674 355 375
768 372 773 377 Δ

1462 304 1466 309 θ
1550 298 1640 355 an
1675 298 1902 357 orem
1944 299 2000 356 s.
2043 271 2852 357 cnsconu'srpcumcns.
2930 282 2933 295 '
3244 335 3249 338 -
3722 299 3819 357 sas

565 424 748 472 astate
771 417 1017 474 videlicet
1052 416 1354 482 orantibus,
1392 430 1717 472 succurrere
1753 417 2148 485 laborantibus,
2181 418 2225 475 Α
2252 417 2433 473 locum
2465 415 2771 473 seminandi
2795 416 2852 471 in
2875 431 3006 487 agro
3031 391 3248 472 Domini
3270 391 3456 472 semen
3481 405 3664 473 suum.
3689 418 3821 491 Ager

565 507 749 578 lapsos
797 507 1052 574 allevare,
1102 518 1155 563 et
1199 517 1323 563 vota
1364 507 1705 579 singulorum
1758 508 1812 563 in
1851 517 2157 580 conspectw

564 593 764 656 divina!
796 599 1098 672 maiestatis
1137 611 1477 670 promovere.
1533 598 1846 654 Putaverim
1882 615 1977 655 vos
2019 615 2147 655 cum

563 684 797 751 Domino
828 693 894 750 de
923 693 1061 751 caelo
1090 694 1423 764 prospicere,
1459 693 1520 748 ut
1541 680 1772 749 videatis
1801 693 1849 749 si
1883 701 1968 748 est
1989 693 2149 748 intel-

562 776 740 854 ligens
770 789 865 837 aut
886 782 1177 853 requirens
1212 781 1385 837 De'um
1431 775 1606 853 (Psa'l.
1646 782 1777 853 ur);
1806 790 1865 837 ‘et
1900 783 1945 837 si
1984 797 2145 853 quem

563 863 883 927 inveneritis
906 871 1129 941 segnius
1150 875 1419 942 agentem,
1454 878 1509 926 et
1540 864 1762 926 mentiri
1784 870 1895 926 Deo
1920 866 1975 925 in
2007 871 2149 927 votis

562 960 704 1027 suis,
739 967 793 1037 et
826 959 1137 1016 claudicare
1178 975 1209 1016 a
1233 960 1444 1017 semitis
1487 958 1740 1028 Domini;
1784 976 1909 1017 reor
1950 974 2047 1017 vos
2081 952 2148 1016 ii—

561 1049 671 1106 lico
694 1066 819 1106 cum
856 1046 1063 1123 angelis
1084 1052 1238 1122 pacis
1267 1067 1454 1107 amare
1487 1050 1637 1119 ﬂere,
1668 1058 1723 1106 et
1744 1052 2023 1123 querelam
2050 1067 2146 1124 ge-

564 1141 734 1196 mitus
764 1156 949 1197 coram
982 1140 1121 1197 facie
1155 1141 1370 1197 Domini
1412 1158 1512 1214 pro
1545 1157 1631 1209 eo,
1664 1142 1754 1197 vel
1777 1152 1968 1198 contra
1995 1158 2145 1209 eum,

566 1230 661 1299 qui
684 1230 953 1300 ejusmodi
981 1240 1084 1297 est,
1118 1231 1434 1287 medullitus
1464 1232 1753 1301 deponere.
1996 1216 2010 1227 ’

636 1318 1038 1399 Attendendum
1090 1328 1424 1392 quapropter
1474 1330 1577 1387 est,
1618 1320 1816 1375 fratres
1841 1328 1896 1376 et
1916 1320 2145 1389 domini,

565 1427 675 1482 qua
710 1411 996 1483 disciplina
1025 1413 1396 1468 rcverentiave
1417 1413 1572 1468 vobis
1592 1414 2027 1468 conversandum
2055 1414 2147 1479 sit,

566 1504 712 1561 inter
752 1522 915 1577 quos,
956 1521 1083 1562 cum
1119 1506 1323 1563 sanctis
1354 1506 1562 1577 angelis
1607 1506 1695 1561 isti
1732 1504 1920 1561 Patres
1970 1514 2023 1561 et
2051 1521 2150 1577 pa-

565 1596 715 1655 troni
739 1599 907 1654 vestri
945 1598 1165 1665 adsunt,
1198 1598 1516 1655 discurrunt
1551 1607 1605 1653 et
1638 1606 1835 1652 vestra:
1870 1597 2033 1653 saluti
2066 1598 2150 1652 in-

565 1687 881 1746 desinenter
921 1686 1223 1761 invigilant,
1258 1706 1327 1745 ne
1353 1689 1485 1762 quid
1521 1689 1906 1760 irreligiosum,
1956 1690 2042 1744 vel
2063 1688 2150 1743 in-

2248 516 2433 563 autem
2477 507 2805 564 universalis
2857 515 2943 563 est
2995 508 3253 562 mundus.
3302 507 3409 564 Sed
3461 508 3530 564 ad
3565 524 3689 564 eum
3714 525 3819 568 non

2250 597 2409 652 nobis
2439 606 2523 653 est
2554 612 2756 653 sermo.
2792 598 3022 669 Agrum,
3054 600 3142 654 vel
3170 598 3385 654 vineam
3421 600 3702 672 quodlibet
3738 604 3823 658 in-

2248 686 2433 758 telligo
2459 688 2891 755 monasterium;
2917 703 3077 759 agros
3108 690 3295 759 plures
3326 691 3412 745 vel
3438 690 3654 759 vineas,
3679 693 3821 763 plura

2250 778 2603 836 monasteria.
2652 779 2711 835 In
2741 781 2831 835 his
2863 780 2994 835 vitia
3037 782 3425 837 invalescentia
3470 783 3654 838 laetam
3703 795 3822 841 tunc

2248 871 2514 942 temporis
2544 869 2961 942 strangulabant
2992 869 3228 943 frugem,
3276 880 3524 927 sanctam
3558 873 3681 928 dico
3707 873 3824 929 relic

2250 963 2486 1034 gionem.
2514 962 2572 1016 ln
2597 963 2687 1019 his
2704 962 2838 1018 vitis
2872 976 3002 1017 vera
3038 978 3301 1018 conversa
3346 962 3530 1019 fuerat
3553 964 3611 1019 in
3631 966 3823 1021 amaris

2248 1050 2517 1120 tudinem,
2565 1051 2681 1125 Ego
2732 1063 2873 1121 sum,
2906 1054 2984 1110 ait
3016 1053 3294 1123 Christus,
3337 1056 3460 1110 vitis
3496 1073 3622 1111 tera
3650 1057 3821 1129 (lacn.

2250 1143 2362 1212 sv).
2391 1142 2499 1197 ISte
2524 1143 2702 1199 dulcis
2735 1139 2791 1199 et
2832 1142 3021 1201 rectus
3050 1144 3317 1201 Dominus
3345 1162 3529 1204 nonne
3560 1149 3827 1203 convertis

2250 1240 2341 1287 tur
2373 1232 2428 1286 in
2475 1232 2892 1289 amaritudinem
2919 1235 2969 1289 ei
3002 1235 3095 1307 qui
3127 1235 3312 1291 horret
3356 1252 3480 1307 quae
3506 1245 3633 1293 sunt
3664 1227 3824 1306 recta,

2250 1340 2374 1396 quas
2399 1334 2611 1391 sancta,
2644 1342 2768 1397 quae
2797 1327 3015 1397 pudica,
3046 1344 3169 1399 qua:
3199 1329 3359 1385 bonae
3381 1328 3563 1396 famae,
3588 1346 3706 1401 quae
3724 1331 3826 1384 vir-

2251 1413 2408 1480 tutis,
2436 1430 2561 1484 qua:
2576 1414 2975 1470 districtionis?
3004 1414 3231 1487 (Philip.
3263 1418 3362 1485 Iv.)
3381 1415 3573 1472 Nonne
3589 1434 3823 1472 amarum

2244 1503 2455 1574 judicat
2476 1503 2758 1559 Christum
2801 1506 2896 1575 qui
2922 1506 3105 1560 renuit
3132 1514 3356 1577 gustare
3386 1515 3441 1562 et
3462 1507 3648 1564 videre
3671 1523 3824 1581 quam

2251 1596 2436 1652 suavis
2458 1594 2533 1651 sit
2556 1596 2683 1651 ille?
2704 1595 2881 1668 (Psal.
2908 1597 3131 1669 χχχιιι.)

2324 1686 2415 1743 Sic
2447 1703 2509 1744 se
2531 1688 2765 1744 habente
2788 1703 2922 1760 agro
2942 1689 3029 1744 vel
3053 1689 3215 1744 vinea
3235 1685 3477 1755 Domini,
3514 1703 3624 1747 non
3649 1689 3825 1746 credes

563 1780 785 1847 decens,
834 1781 917 1836 vel
950 1781 1314 1838 incorrectum
1365 1781 1671 1852 reperiatur
1710 1781 1857 1852 quod
1878 1794 1974 1837 eos
2002 1792 2143 1837 eon-
2178 1769 2221 1825 Β
2245 1780 2424 1835 virum
2448 1779 2664 1835 Domini
2689 1781 2761 1836 ab
2786 1780 2904 1836 imo
2930 1789 3149 1853 pectore
3180 1782 3517 1853 ingemuisse
3551 1782 3619 1837 ad
3654 1782 3823 1838 Domi-

564 1872 749 1929 tristet
768 1881 863 1928 aut
882 1873 1115 1945 elonget.

566 1958 567 1963 “
639 1961 749 2040 Sed
789 1964 1125 2043 redeundum
1164 1964 1279 2036 jam
1333 1964 1400 2021 ad
1450 1964 1819 2021 narrationem
1875 1972 1977 2020 est.
2027 1962 2144 2020 Non

563 2054 711 2110 enim
737 2054 976 2112 doctoris
999 2057 1141 2126 apud
1183 2072 1282 2112 vos
1308 2057 1482 2113 vicem
1519 2068 1667 2128 gero,
1707 2057 1801 2112 scd
1822 2057 2144 2125 narratoris,

565 2155 755 2201 earum
802 2154 1014 2202 tantum
1054 2163 1237 2204 rerum
1279 2165 1419 2220 quas
1449 2164 1547 2205 vos
1577 2148 1796 2221 scriptis
1837 2148 2147 2205 docuer‘atis

566 2245 662 2291 aut
687 2248 822 2293 voce
850 2237 992 2293 viva.

642 2326 831 2400 itaque
872 2330 1065 2387 beatus
1109 2329 1204 2387 Dei
1243 2331 1502 2401 famulus,
1550 2333 1794 2405 quotidie
1829 2342 1955 2389 cum
2005 2330 2147 2389 Pro-

567 2418 730 2488 pheta
772 2416 1035 2491 adjiciens
1088 2421 1156 2479 ad
1186 2422 1405 2480 laudem
1436 2423 1652 2481 Domini
1691 2441 1855 2496 opera
1886 2424 2003 2493 Dei,
2038 2436 2147 2481 non

567 2511 686 2567 suis
710 2513 941 2582 meritis,
979 2513 1074 2570 sed
1117 2515 1314 2572 divina:
1348 2516 1597 2573 attribuit
1622 2517 2034 2585 misericordiae,
2069 2516 2150 2573 di-

566 2616 699 2662 cens
749 2621 877 2661 cum
916 2605 1247 2664 Psalmista:
1282 2607 1407 2664 Non
1437 2610 1585 2665 nobis
1619 2609 1864 2677 Domine,
1907 2624 2012 2664 non
2051 2626 2147 2665 no—

568 2695 672 2765 bis,
700 2697 792 2753 sed
828 2700 1030 2754 nomini
1060 2708 1150 2754 tuo
1174 2700 1248 2755 da
1272 2700 1499 2773 gloriam
1523 2701 1699 2773 (Psal.
1730 2701 1906 2774 cxm).
1932 2701 2000 2758 Et
2019 2717 2147 2759 cum

566 2786 827 2860 Apostolo
852 2808 865 2846 :
903 2790 1096 2847 Gratia
1125 2790 1224 2848 Dei
1249 2809 1366 2847 sum
1395 2793 1452 2847 id
1475 2794 1618 2866 quod
1648 2810 1764 2849 sum
1795 2793 1847 2863 (ι
1872 2794 1995 2850 Cor.
2031 2794 2142 2867 xv).

567 2878 639 2936 Ut
680 2890 865 2939 autem
912 2898 1021 2941 non
1071 2882 1340 2941 fallaciter
1391 2886 1842 2957 subsequeretur,
1873 2897 1924 2941 et
1967 2889 2148 2959 gratia

564 2972 678 3041 ejus
735 2975 796 3030 in
865 2992 948 3032 me
1000 2992 1170 3032 vacua
1234 2994 1337 3033 non
1395 2979 1531 3050 fuit,
1580 2980 1866 3037 aedificavit
1902 2980 1986 3035 vir
2019 2994 2148 3036 san-

565 3071 710 3133 ctus,
740 3066 797 3122 in
828 3068 1093 3125 suburbio
1121 3068 1454 3139 Pataviensi,
1496 3070 1553 3126 in
1582 3071 1789 3128 honore
1834 3070 1892 3127 S.
1940 3067 2147 3128 Nicolai

566 3157 856 3215 ecclesiam
890 3176 1056 3232 super
1087 3161 1240 3219 littus
1275 3161 1415 3219 (Eni
1450 3162 1714 3231 ﬂuminis,
1747 3164 1996 3235 pluribus
2026 3180 2147 3221 eam

564 3240 759 3307 (litans
781 3250 950 3308 rebus
971 3260 1025 3307 et
1052 3251 1518 3324 possessionibus.
1546 3251 1797 3310 Prmi‘ecit
1831 3259 2015 3310 autem
2036 3254 2150 3310 illic

566 3338 969 3404 Hartmannum
1000 3343 1375 3414 praepositum,
1426 3344 1609 3399 virum
1656 3345 1925 3416 sapientia
1969 3355 2024 3401 et
2070 3346 2149 3402 fa-

567 3433 772 3490 cundia
800 3435 1314 3503 commendabilem,
1356 3436 1453 3507 qui
1483 3430 1771 3508 Rudolpho
1795 3439 1908 3510 regi
1935 3439 2148 3494 charis—

564 3524 763 3591 simus,
808 3526 976 3581 etiam
1021 3521 1244 3583 Urbano
1268 3542 1422 3599 papa:
1472 3528 1698 3600 suisque
1737 3531 2151 3587 successoribus

569 3615 892 3672 notissimus
916 3614 1038 3672 fuit.
1073 3615 1192 3685 Hic,
1225 3626 1287 3673 ut
1306 3619 1595 3690 religiosus
1628 3629 1766 3689 erat,
1796 3622 1912 3692 ipse
1942 3621 2024 3677 sic
2060 3639 2149 3678 rei

564 3707 791 3778 ligiosos
850 3708 1080 3766 clericos
1125 3717 1182 3765 et
1219 3710 1389 3767 laicos
1435 3710 1799 3785 undecunque
1847 3715 2109 3787 colligens
2132 3753 2148 3786 ,

566 3813 916 3856 communem
954 3816 1050 3858 eos
1078 3801 1247 3858 vitam
1293 3802 1494 3859 ducere
1528 3805 1632 3861 sub
1660 3806 1845 3877 regula
1873 3806 1929 3863 S.
1958 3808 2149 3881 Augu¢

567 3890 700 3948 stini
717 3892 901 3949 verbis
922 3901 977 3949 et
1004 3895 1268 3966 exemplis
1296 3896 1585 3967 diligenter
1624 3897 1879 3954 instituit.

558 3986 561 3989 λ
640 3977 747 4041 His'
768 3984 847 4041 ita
868 3987 1105 4057 peractis
1131 3987 1455 4044 indefessus
1492 3988 1701 4045 Christi
1729 3991 1983 4047 minister
2028 4009 2149 4049 ma-

566 4090 702 4133 num
745 4092 903 4133 suam
950 4079 1103 4135 misit
1144 4080 1215 4136 ad
1257 4078 1505 4149 fortiora,
1549 4096 1678 4138 vere
1724 4082 1985 4153 fortiora;
2024 4087 2152 4156 quia

567 4168 730 4241 longe
754 4170 878 4241 plus
910 4170 1068 4227 affert
1099 4171 1434 4229 diillcultatis
1468 4188 1534 4230 ac
1563 4175 1771 4231 laboris
1797 4177 2071 4234 radicatas
2099 4187 2154 4234 et

565 4262 897 4319 inveteratas
920 4264 1149 4320 evellere
1168 4266 1466 4336 pravitates
1487 4282 1652 4338 quam
1671 4268 1844 4323 bonas
1865 4285 1895 4323 a
1920 4270 2153 4340 primor-

566 4353 657 4409 dio
705 4353 946 4410 inserere
991 4355 1327 4427 disciplinas.
1359 4356 1520 4428 Ergo,
1556 4358 1686 4429 quia
1718 4375 1914 4415 nomen
1973 4360 2152 4430 ipsum

2248 1888 2379 1928 num
2422 1879 2476 1927 et
2521 1872 2776 1928 dixisse:
2818 1871 2888 1928 Ut
2945 1875 3074 1944 quid
3124 1882 3384 1944 operatur
3425 1862 3702 1945 agricola?
3742 1875 3824 1928 de;

2247 1962 2498 2017 διηκεὲεεὶ
2545 1968 2833 2017 maceriam
2885 1963 3027 2033 ejus,
3059 1972 3111 2018 et
3155 1963 3488 2018 vindemiant
3518 1981 3634 2018 eam
3663 1980 3823 2018 omnes

2247 2055 2337 2128 qui
2359 2055 2867 2126 pratergrediuntur
2914 2058 3096 2111 riam?
3128 2056 3525 2111 Ertermiuarit
3567 2074 3681 2111 eam
3710 2062 3823 2127 aper

2247 2147 2313 2201 de
2346 2148 2505 2215 silva,
2551 2157 2602 2202 et
2625 2147 2917 2219 singularis
2951 2149 3095 2219 ferus
3128 2148 3378 2219 depastus
3412 2157 3494 2202 est
3526 2165 3662 2204 eam.
3694 2147 3821 2201 Dm:

2247 2239 2506 2294 virtutum
2538 2249 2868 2320 convertere;
2904 2241 3100 2310 respice
3138 2241 3201 2294 de
3235 2239 3387 2307 calo,
3419 2250 3473 2293 et
3510 2241 3655 2307 veni,
3674 2248 3721 2294 et
3752 2241 3820 2293 ri-

2248 2332 2357 2385 sita
2384 2331 2590 2386 vineam
2613 2330 2971 2403 islanr(Psal.
3006 2330 3218 2403 Lxxu).
3258 2331 3402 2387 Dicit
3430 2347 3563 2388 vero
3584 2333 3822 2388 inimicus

2249 2431 2414 2478 tuus:
2443 2422 2630 2478 Omnis
2679 2417 2968 2494 plantatio,
3010 2435 3171 2495 quam
3217 2434 3321 2479 non
3366 2424 3638 2495 plantavit
3668 2423 3822 2480 Peter

2250 2530 2394 2569 meus
2428 2514 2683 2583 ewlestis,
2719 2516 3083 2570 eradicabitur
3122 2515 3343 2587 (Matth.
3378 2518 3506 2587 xv);
3537 2532 3603 2573 en
3632 2524 3821 2590 quanta

2249 2604 2643 2661 subcreverunt
2675 2621 2798 2676 quae
2821 2606 2880 2661 tu
2912 2619 3023 2661 non
3058 2606 3341 2677 plautasti,
3373 2622 3411 2663 ο
3445 2606 3648 2663 Pater?
3669 2607 3821 2675 Num,

2248 2697 2375 2767 quia
2403 2696 2735 2753 constituisti
2758 2713 2865 2765 me,
2891 2706 2952 2753 ut
2972 2698 3224 2764 evellam,
3253 2708 3307 2753 et
3329 2699 3628 2768 destruam,
3653 2710 3706 2757 et
3725 2700 3825 2755 dis-

2249 2789 2441 2859 sipem,
2463 2796 2519 2843 et
2539 2788 2851 2859 disperdam
2871 2790 2897 2844 ἲ
2921 2789 3054 2862 (Jer.
3084 2788 3148 2860 ι.)
3174 2790 3467 2862 Aggrediar
3487 2792 3670 2862 spinas
3691 2788 3825 2848 istas

2248 2894 2310 2934 se
2361 2880 2597 2936 invicem
2619 2881 3066 2952 compiectentes.
3103 2881 3222 2937 Una
3251 2884 3399 2938 enim
3449 2883 3692 2941 adhaeret
3713 2886 3820 2951 uni,

2248 2980 2309 3027 ut
2339 2988 2407 3027 ne
2429 2973 2763 3043 spiraculum
2784 2976 3029 3030 transeat
3049 2990 3147 3046 per
3183 2990 3280 3030 eas
3301 2973 3425 3046 (Job
3447 2974 3583 3048 nt).
3606 2977 3687 3031 An
3706 2976 3820 3047 quia

2250 3071 2307 3118 tu
2333 3064 2470 3120 dicis
2510 3065 2672 3120 nobis
2704 3067 2879 3122 servis
2909 3066 3041 3135 tuis,
3071 3075 3133 3121 ut
3160 3065 3411 3124 sinamus
3435 3076 3668 3139 utraque
3711 3083 3821 3123 ere-'-

2250 3170 2403 3212 seere
2430 3172 2607 3227 usque
2640 3158 2707 3213 ad
2737 3173 2974 3214 messem
2999 3158 3218 3230 (Matth.
3264 3159 3388 3231 χιιι)
3425 3180 3440 3214 :
3471 3174 3587 3214 rem
3613 3168 3821 3215 tamar-

2248 3249 2415 3305 duam
2444 3254 2666 3321 tamque
2696 3250 2970 3307 dillicilem
2995 3251 3397 3307 dissimulabo?
3420 3251 3705 3324 Siquidem
3726 3261 3821 3307 non

2250 3337 2460 3411 ignoro,
2483 3339 2815 3397 Ecclesiaste
2835 3342 3086 3410 docente,
3110 3343 3254 3413 quod
3282 3342 3376 3414 qui
3412 3344 3674 3414 transfert
3702 3342 3823 3413 lapi-

2251 3429 2363 3499 des,
2391 3446 2583 3504 graves
2614 3433 2823 3489 scilicet
2852 3450 2917 3489 ac
2943 3434 3113 3490 duros
3151 3447 3452 3505 pravorum
3476 3443 3682 3493 meres.
3704 3430 3822 3503 agile

2251 3532 2404 3594 getur
2442 3523 2499 3578 in
2522 3526 2633 3590 eis;
2660 3534 2716 3581 et
2745 3538 2758 3580 :
2799 3524 2904 3592 Qui
2930 3526 3127 3580 scindit
3170 3526 3339 3598 ligna,
3379 3526 3433 3581 id
3462 3535 3571 3593 est,
3602 3527 3825 3597 pertina-

2251 3615 2399 3670 cium
2425 3616 2611 3682 corda,
2638 3615 3002 3671 vulnerabitur
3026 3615 3091 3670 ab
3124 3617 3201 3670 eis
3241 3614 3445 3689 (Ea-le.
3494 3617 3573 3686 Χ).
3601 3615 3755 3687 Ergo,
3783 3614 3824 3668 si

2252 3707 2529 3775 concedis,
2561 3715 2810 3763 crescant
2859 3716 3109 3779 utraque.
3144 3708 3252 3764 Sed
3290 3708 3425 3779 quid
3457 3721 3704 3781 agemus,
3741 3707 3825 3778 qui

2253 3798 2442 3869 spinas
2496 3808 2747 3854 crescere
2796 3800 3075 3855 cernimus
3129 3807 3186 3854 et
3224 3799 3483 3855 tricicmn
3548 3797 3826 3856 suffocari?

2255 3887 2534 3945 Sollicitus
2562 3890 2783 3961 Quidem
2833 3905 2915 3958 es,
2952 3900 3025 3947 ne
3054 3889 3193 3947 forte
3239 3891 3564 3964 colligentes
3609 3892 3826 3956 zizania,

2252 3981 2592 4037 eradicemus
2618 3982 2781 4037 simul
2801 3991 2857 4037 et
2884 3982 3128 4038 triticum
3167 3981 3389 4053 (Matth.-
3429 3979 3575 4053 xtﬁ).
3607 3982 3711 4038 Sed
3730 3996 3825 4036 non

2254 4082 2340 4128 est
2372 4073 2529 4128 labor
2581 4072 2639 4127 in
2673 4072 3038 4130 discernenda
3066 4075 3310 4130 triticum
3360 4075 3451 4141 sit,
3484 4090 3555 4129 an
3603 4073 3826 4138 zizania;

2254 4162 2547 4220 manifesta
2570 4173 2702 4220 sunt
2726 4166 2985 4222 scandala
3007 4166 3145 4222 haec.
3170 4164 3289 4222 Non
3312 4175 3477 4238 egent
3493 4176 3825 4231 accusatore;

2247 4256 2421 4311 etiam
2455 4256 2575 4312 sine
2599 4266 2739 4312 teste
2764 4256 3039 4314 constant.
3072 4257 3297 4314 Publica
3338 4256 3518 4329 fama;
3546 4261 3679 4325 imo,
3700 4259 3828 4314 infa-

2243 4345 2368 4400 ntia
2398 4345 2618 4400 clamat.
2647 4343 2842 4401 Nonne
2877 4346 2968 4403 hic
2992 4348 3202 4403 clamor
3231 4348 3349 4419 jam
3380 4349 3635 4404 ascendit
3663 4350 3729 4405 ad
3756 4349 3832 4402 te?

566 4441 811 4512 episcopi
836 4441 1093 4500 Ecclesia:
1127 4443 1225 4500 Dei
1250 4460 1379 4500 eum
1410 4447 1858 4517 superintendere
1888 4449 2148 4506 admone-

2255 4434 2368 4507 Ego
2388 4444 2517 4491 tuus
2539 4435 2940 4507 qualiscunque
2975 4437 3218 4493 vicarius
3244 4438 3504 4493 descendi
3544 4438 3615 4495 ad
3648 4456 3759 4505 eos,
3784 4446 3829 4491 et

567 4531 681 4597 bat,
706 4532 1076 4590 consideravit
1094 4549 1287 4606 agrum
1321 4544 1377 4591 ct
1402 4536 1638 4606 vineam,
1663 4552 1828 4609 quam
1859 4540 1963 4595 sibi
2000 4541 2149 4596 loca-

567 4629 725 4677 verat
752 4619 1019 4678 Dominus
1044 4641 1059 4689 ;
1096 4632 1147 4678 et
1170 4640 1285 4678 ecce
1313 4634 1481 4681 totum
1500 4628 1835 4697 repleverant
1861 4632 2067 4697 urlirm,
2099 4641 2149 4687 et

569 4724 883 4781 aperuerant
913 4717 1245 4787 superﬁciem
1271 4712 1388 4787 ejus
1433 4719 1619 4789 spinea,
1654 4730 1703 4775 et
1748 4723 1980 4776 maceria
2012 4723 2152 4793 lapi-

569 4806 699 4861 dum
745 4808 1016 4864 destructa
1044 4820 1161 4865 erat
1203 4809 1388 4881 (Prov.
1427 4810 1600 4882 xxiv).
1653 4810 1759 4869 Sed
1807 4829 1946 4884 quas
1990 4824 2151 4886 putas

570 4895 793 4964 quidem
835 4912 936 4970 ego
978 4899 1157 4955 dicam
1210 4898 1415 4956 urticas
1452 4906 1509 4956 et
1561 4902 1785 4971 spinas?
1819 4900 2038 4973 Utique,
2092 4904 2146 4959 in

570 4985 738 5041 corde
782 4990 1171 5061 negligentium
1200 4993 1503 5062 prurientia
1536 5000 1753 5048 terrena
1802 4994 2072 5051 desideria
2097 5005 2144 5052 et.

2256 4525 2414 4581 video
2446 4526 2594 4595 quod
2628 4525 2709 4581 sic
2749 4534 2946 4581 cuncta
2970 4540 3135 4597 opere
3153 4528 3588 4597 compleverunt.
3622 4526 3739 4582 Non
3758 4526 3830 4581 ἰός

2258 4618 2418 4673 venio
2452 4618 2565 4673 illic
2582 4618 2778 4673 saltem
2808 4617 3137 4690 Decalogum
3178 4625 3577 4691 praeceptorum
3602 4630 3829 4683 tuorum,

2242 4710 2419 4779 icujus
2438 4719 2690 4780 respectu
2709 4725 2931 4780 parcere
2960 4711 3209 4777 debeam,
3234 4710 3327 4781 qui
3352 4724 3581 4781 parcere
3602 4713 3826 4768 mallem.

2256 4802 2374 4857 'l‘uo
2402 4802 2570 4873 igitur
2599 4801 2773 4859 fretus
2821 4805 3047 4870 auxilio,
3087 4812 3141 4859 et
3175 4806 3422 4875 Apostoli
3458 4806 3540 4862 tui
3592 4804 3830 4869 consilid.

2256 4892 2499 4947 auferam
2542 4895 2745 4948 malum
2788 4894 2856 4949 de
2900 4896 3153 4951 domibus
3192 4898 3322 4962 tuis,
3367 4913 3511 4967 quas
3539 4899 3697 4954 decet
3720 4915 3831 4954 san-

2251 4984 2458 5040 ctitcdc
2481 4983 2534 5056 (I
2562 4984 2684 5039 Cor.
2712 5002 2766 5050 v,
2803 4984 2953 5041 Psal.
2984 4970 3249 5059 χοιιι).Ἐι
3277 4990 3325 5044 si
3346 4991 3479 5059 quid
3510 5006 3578 5046 ex
3608 4992 3715 5047 hoc
3746 4974 3831 5047 ii-
