3988 5328
146 249 256 306 877

1048 262 1336 323 APPEND.
1372 262 1461 322 III.
1498 292 1572 305 —
1601 253 2041 317 NONUMENTA
2084 249 2548 317 GRECORIANA.

3325 240 3429 296 878

147 362 269 422 Hoc
305 376 417 423 tam
448 367 601 433 felici
630 389 766 433 ausu
790 377 1009 436 solliciti
1044 381 1296 448 ριιιιοι-ίε,
1339 380 1597 436 manu
1618 367 1821 434 sunt’A
1847 370 1958 426 otia
1998 369 2293 437 multorum
2349 365 2616 438 proiicere
2662 361 2827 419 saluti
2876 369 2931 416 et
3001 357 3428 416 conversationi.

148 457 377 513 novalia
402 466 811 535 coenobiorum,
851 476 908 523 et
952 484 1109 540 seges
1150 469 1437 526 fecundior
1477 466 1745 535 surrexit.

147 547 426 632 quoniam
451 553 855 614 infructuosum
886 557 1084 617 fuisset
1117 577 1302 618 serere
1337 577 1501 632 super
1539 559 1745 629 spinas.

150 628 302 696 Hinc
318 640 436 712 jam
480 643 679 702 domus
719 649 895 704 sancti
932 649 1175 706 Floriani
1219 628 1479 723 martyris
1516 628 1749 711 fructifi-

151 731 310 785 cavit
344 732 673 790 suavitatem
701 737 907 804 odoris,
953 748 1008 794 et
1053 740 1216 796 tiores
1248 740 1369 811 ejus
1398 739 1611 796 fructus
1645 739 1752 793 bo-

154 823 319 879 noris
364 832 419 879 et
465 824 776 884 honestatis
815 828 1014 896 (Ercli.
1065 830 1252 902 sxw).
1302 830 1393 887 Sic
1438 829 1751 887 coenobium

157 914 360 972 Sancti
421 916 697 992 Hippolyti
752 922 1067 978 scholarum
1122 924 1320 979 studiis
1376 937 1553 994 usque
1604 935 1753 977 nunc

157 1007 420 1080 insigne;
466 1010 549 1067 sic
592 1016 985 1071 monasterium
1017 1014 1203 1072 Sancti
1244 1016 1460 1088 Agapiti
1496 1014 1754 1086 martyris

160 1093 218 1151 in
261 1095 800 1170 Chremismunster;
845 1105 1283 1175 qukl.Deminus
1323 1107 1474 1163 dedit
1501 1105 1752 1176 benigni~

163 1197 359 1254 tatem,
378 1192 643 1249 dederunt
656 1203 710 1249 et
731 1184 847 1265 ipsa
867 1195 1108 1253 fructum
1124 1214 1287 1255 suum
1311 1197 1487 1269 (Psal.
1505 1199 1750 1266 txxxtv).

234 1277 710 1344 Quemadmodum
752 1300 881 1340 vero
922 1286 990 1341 de
1031 1287 1309 1344 Abraham
1357 1289 1623 1359 scriptum
1671 1297 1758 1345 est

163 1369 317 1438 quod
346 1380 460 1423 erat
489 1372 702 1441 vadens,
736 1382 787 1428 et
817 1369 962 1430 ultra
1002 1376 1340 1449 progrediens
1377 1378 1448 1434 ad
1482 1377 1755 1434 meridiem

166 1462 324 1534 (Gen.
360 1464 463 1536 xu)
495 1485 509 1520 :
538 1465 620 1522 sic
652 1476 706 1523 et
737 1467 795 1525 in
821 1479 1013 1527 sancto
1042 1472 1147 1528 hoc
1178 1472 1297 1528 viro
1321 1472 1505 1529 videre
1537 1471 1661 1539 fuit,
1687 1488 1757 1528 eo

165 1553 318 1623 quod
344 1564 398 1609 et
417 1555 535 1625 ipse
559 1555 707 1613 filius
725 1569 871 1616 esset
892 1560 1144 1618 Abrahae.
1168 1561 1287 1618 Non
1318 1562 1532 1619 suﬂ'ecit
1553 1578 1756 1619 novum

166 1646 488 1704 emnobium
525 1648 854 1721 instituisse,
905 1654 1154 1710 instituta
1199 1656 1528 1722 correxisse,
1577 1655 1756 1712 adhuc

165 1739 521 1808 progreditur
558 1743 628 1798 ad
677 1759 818 1815 opus
860 1745 1168 1811 excelsum,
1214 1747 1271 1802 in
1314 1756 1501 1803 monte
1538 1748 1758 1803 excelso
1786 1723 1832 1779 Β

167 1839 526 1899 construere,
569 1832 822 1892 videlicet
851 1835 1136 1895 basilicam
1167 1841 1515 1911 magniﬁcam
1557 1855 1761 1902 sancta

166 1914 267 1973 Dei
295 1916 563 1978 Genitrici
608 1938 675 1980 ac
714 1940 930 1997 semper
955 1927 1165 1999 Virgini
1206 1929 1410 1988 Mariae.
1452 1932 1589 1989 Nam
1633 1949 1760 1992 cum

166 2011 407 2080 quadam
435 2014 525 2071 die
554 2015 612 2072 in
636 2015 765 2074 vilia
787 2034 911 2090 qua;
939 2016 1191 2078 Moutarn
1222 2023 1446 2093 dicitur,
1476 2028 1758 2097 resideret,

168 2104 405 2161 attendit
430 2104 650 2165 eminus
688 2119 929 2167 montem
956 2113 1157 2170 vicinis
1182 2118 1462 2175 montibus
1488 2134 1597 2174 non
1623 2135 1760 2175 con-

167 2194 408 2266 tiguum,
433 2215 597 2270 quem
625 2202 823 2274 vulgus
849 2201 1097 2261 Kotwicb
1136 2209 1463 2279 appellabat.
1494 2208 1659 2269 Visus
1679 2222 1763 2270 est

170 2300 331 2344 mons
358 2288 450 2346 ille
480 2308 737 2352 amoenus
761 2304 814 2351 et
848 2296 917 2352 ad
959 2299 1317 2358 habitandum
1338 2306 1476 2360 satis
1504 2306 1756 2362 idoneus.

174 2373 342 2445 Cujus
382 2381 702 2467 qualitatem
742 2400 868 2440 cum
901 2387 973 2441 ab
1005 2387 1206 2446 incolis
1228 2392 1531 2460 didicisset,
1555 2396 1762 2451 mulam

175 2481 329 2524 suam
355 2482 580 2542 repente
601 2476 773 2531 sterni
790 2475 966 2546 jubet,
990 2488 1045 2536 et
1066 2483 1237 2538 multa
1258 2484 1418 2540 turba
1446 2486 1760 2555 comitatus,

177 2559 369 2614 stricto
397 2563 643 2632 quodam
674 2574 729 2619 et
751 2576 1027 2639 praerupto
1048 2571 1185 2626 calle
1223 2582 1468 2630 montem
1492 2576 1762 2646 ascendit,

178 2664 277 2704 suo
316 2651 603 2710 instruens
637 2670 892 2726 ascensu,
932 2660 1079 2728 quod
1110 2670 1321 2718 tantum
1355 2678 1453 2734 per
1480 2666 1682 2723 arduas
1709 2678 1765 2725 et

179 2753 438 2813 angustas
472 2746 701 2802 semitas
730 2749 1114 2806 mandatorum
1146 2751 1243 2808 Dei
1267 2754 1336 2810 de
1365 2757 1528 2811 terris
1564 2757 1676 2813 itur.
1695 2759 1766 2815 ad

180 2842 343 2888 astra.
390 2834 657 2892 Lustrato
704 2838 888 2910 itaque
926 2848 1113 2898 monte
1161 2851 1306 2912 toto,
1354 2846 1487 2902 dum
1519 2859 1768 2907 cerneret

182 2926 485 2994 spatiosum
515 2937 571 2984 et
603 2929 672 2984 ad
708 2933 1138 2990 construendum
1169 2938 1561 2995 monasterium
1593 2942 1766 3010 aptis-

1847 459 2023 516 Struit
2045 475 2178 531 ergo
2199 460 2430 516 insidias
2450 468 2506 512 et
2537 455 2762 528 opponit
2790 452 3175 523 impedimenta
3189 491 3205 518 ,
3229 450 3433 521 quibus

1846 554 2120 613 irretitum
2158 554 2229 611 ab
2270 554 2394 609 istis
2422 558 2670 623 oporteat
2708 547 2974 604 desistere
2992 560 3115 616 qua
3153 552 3434 601 tantorum

1847 645 2116 716 profectui
2159 646 2305 702 dolet
2350 644 2629 715 prodesse.
2674 638 2968 696 Cousuetis
3022 637 3208 708 itaque
3261 635 3436 692 utitur

1849 736 2264 804 instrumentis,
2289 744 2345 791 et
2386 750 2482 805 per
2510 733 2755 789 membra
2804 746 2905 788 sua
2933 728 3277 787 efﬁciendum
3322 744 3436 785 non

1848 828 2060 885 dubitat
2098 828 2246 900 quod
2271 843 2368 899 per
2395 842 2456 884 se
2481 826 2693 883 etilcere
2718 825 2904 882 minus
2923 829 3126 894 sperat.
3153 819 3276 888 Quo
3305 835 3439 877 vero

1849 921 2061 989 ordine,
2083 920 2463 992 explicandum
2486 924 2754 989 superest.
3130 952 3133 955 η
3426 936 3437 945 ~

1922 1013 2049 1068 Fuit
2068 1029 2135 1068 eo
2161 1024 2405 1082 tempore
2430 1026 2528 1081 per
2555 1009 2877 1065 universum
2911 1006 3026 1062 fere
3043 1020 3276 1078 regnum
3294 1004 3413 1062 Ten
3428 1031 3443 1057 ν

1853 1105 2096 1161 tonieum
2139 1119 2303 1175 grave
2332 1101 2649 1159 scandalum
2690 1109 2746 1156 et
2773 1097 3084 1167 communis
3120 1097 3347 1169 querela
3369 1097 3440 1151 de

1840 1198 2248 1253 ‘incontinentia
2276 1196 2641 1253 sacerdotum.
2673 1191 2860 1264 Neque
2881 1193 3027 1248 enim
3056 1190 3272 1248 occulta
3299 1190 3439 1246 late-

1854 1288 1976 1355 bat;
2004 1288 2099 1344 sed
2126 1288 2275 1359 frons
2309 1288 2606 1343 meretricis
2636 1286 2784 1357 facta
2803 1293 2922 1340 erat
2944 1285 3043 1352 eis,
3064 1292 3118 1340 et
3136 1284 3443 1339 erubescere

1855 1380 2111 1437 nolebant
2161 1379 2309 1453 (Jer.
2356 1396 2418 1436 in
2440 1380 2481 1451 ).
2519 1378 2706 1435 Delata
2734 1386 2820 1435 est
2861 1392 2951 1433 res
2990 1377 3060 1433 ad
3102 1391 3269 1432 aures
3324 1375 3440 1431 Bos

1855 1472 2329 1543 manipontiﬂcis;
2359 1473 2671 1545 visumque,
2698 1480 2761 1527 ut
2799 1469 3167 1526 decretalibus
3191 1469 3444 1540 epistolis

1855 1571 2063 1620 tantam
2084 1565 2465 1621 enormitatem
2489 1571 2743 1636 argueret
2760 1570 2815 1619 et
2832 1561 3164 1634 prohiberet.
3179 1561 3446 1616 Annaunt

1856 1663 1910 1711 et
1934 1656 2385 1727 congratulantur
2404 1656 2647 1727 episcopi
2672 1664 2747 1723 et,
2769 1670 2871 1725 pro
2892 1667 3078 1725 posse,
3109 1652 3448 1708 salutaribus

1859 1747 2133 1803 mandatis
2174 1756 2557 1820 cooperantur.
2604 1746 2973 1814 Quamobrem
2999 1744 3061 1799 Β.
3092 1745 3445 1811 Altmannus,

1861 1838 2090 1895 collecto
2107 1838 2340 1896 fratrum
2369 1839 2608 1896 concilio
2640 1839 2697 1893 in
2720 1837 3030 1894 Pataviensi
3055 1837 3203 1901 sede,
3232 1836 3445 1893 litteras

1861 1945 2028 2001 super
2048 1937 2154 1987 nae
2172 1947 2235 1987 re
2260 1932 2330 1987 ad
2353 1947 2416 1988 se
2441 1931 2680 1987 directas
2706 1929 2925 1986 recitari
2948 1929 3122 2000 jubet,
3146 1929 3448 1985 obsecrans

1860 2028 1917 2077 et
1933 2021 2233 2080 exhortans
2256 2038 2326 2079 ne
2364 2021 2547 2095 gravis
2567 2021 2845 2093 iudicetur
2867 2020 3127 2092 pudicitia
3166 2036 3290 2092 quae
3315 2022 3443 2091 spe-

1861 2112 1987 2169 ciali
2021 2114 2166 2185 apud
2208 2113 2381 2171 Deum
2408 2122 2795 2184 remuneratur
2843 2127 3067 2169 corona.
3114 2111 3267 2181 Quae,
3316 2128 3446 2169 eum

1861 2203 2043 2260 omnis
2071 2202 2244 2261 ﬁdelis
2268 2206 2467 2262 anima:
2493 2205 2724 2278 insignis
2749 2205 2823 2261 sit
2842 2213 3091 2271 ornatus,
3132 2219 3230 2261 eos
3258 2214 3445 2261 tamen

1862 2298 2199 2366 permaxime
2218 2298 2380 2353 debet
2397 2298 2667 2353 adornare
2694 2295 2790 2369 qui
2812 2304 3062 2353 sanctam
3091 2305 3147 2352 et
3174 2297 3447 2353 immacu-

1862 2388 2029 2444 latam
2054 2390 2291 2446 hostiam
2316 2389 2565 2462 corporis
2582 2398 2639 2445 et
2661 2389 2947 2461 sanguinis
2966 2388 3171 2444 Christi
3197 2396 3298 2460 pro
3319 2388 3451 2445 uni-
3524 2422 3527 2427 ι

1861 2480 2038 2537 versis
2072 2479 2233 2538 nobis
2265 2482 2465 2538 divine
2491 2481 2689 2537 oﬂerre
2725 2478 2926 2537 debent
2966 2481 3262 2551 majestati.
3307 2479 3451 2549 Quid

1863 2571 2056 2642 plura?
2071 2572 2328 2629 Pluribus
2339 2572 2523 2629 verbis
2543 2571 2725 2629 bonus
2744 2570 2908 2627 Pater
2926 2580 2984 2627 et
2998 2573 3239 2643 prudens
3257 2573 3453 2629 doctor

1866 2669 2033 2720 tanta:
2064 2665 2283 2721 virtutis
2307 2672 2364 2721 et
2401 2673 2517 2721 tam
2544 2664 2936 2735 amplectenda
2981 2663 3239 2735 puritatis
3258 2665 3455 2721 suadet

1865 2768 2142 2822 amorem;
2173 2753 2268 2811 sed
2296 2769 2408 2811 non
2455 2753 2764 2826 persuadet.
2807 2751 3059 2810 Tueatur
3090 2769 3154 2811 se
3187 2753 3266 2810 illi
3308 2756 3453 2812 anti-

1866 2845 2075 2915 quitate
2099 2853 2410 2918 temporum
2431 2853 2489 2902 et
2525 2846 2855 2902 auctoritate
2880 2855 3293 2903 autemssorum
3314 2861 3450 2903 suo-

1867 2952 1992 2993 rum
2010 2977 2027 3004 ,
2055 2952 2296 3009 quorum
2316 2937 2589 2993 neminem
2616 2935 2672 2991 in
2692 2935 3014 3007 huiusmodi
3037 2952 3289 2993 severum
3319 2941 3452 2994 tule.

183 3018 404 3117 simum,
436 3017 550 3075 ﬁxo
591 3022 777 3077 statim
815 3026 1075 3093 tentorio,
1118 3027 1313 3084 silvam
1341 3046 1465 3101 qua
1493 3032 1766 3090 condensa
1795 3060 1839 3117 ο
1869 3037 2000 3084 runt
2039 3039 2094 3084 et
2139 3029 2457 3085 violentum.
2524 3025 2838 3099 Respondet
2890 3043 3083 3085 servus
3132 3027 3339 3086 Christi
3392 3047 3453 3088 se

184 3108 291 3165 illic
325 3122 680 3169 suecreverat
704 3114 942 3182 succidi,
972 3124 1027 3171 et
1059 3119 1361 3177 oratorium
1397 3124 1655 3194 praecepit
1684 3125 1771 3180 in-

184 3202 390 3291 ehoari.
432 3203 686 3278 Cumque
719 3207 899 3265 adhuc
927 3208 1219 3283 ambiguus
1247 3213 1507 3284 penderet
1527 3216 1617 3273 cui
1650 3233 1774 3273 san-

184 3304 399 3381 ctorum
438 3299 794 3370 potissimum
836 3302 1224 3371 attitularetur,
1249 3320 1351 3375 pro
1371 3306 1604 3364 diversis
1628 3310 1774 3365 votis

182 3395 237 3443 et
268 3387 471 3449 affectu
518 3391 755 3449 diversis
805 3392 1021 3449 diversa
1066 3396 1501 3467 consulentibus,
1544 3402 1775 3473 contigit

186 3478 542 3551 supervenire
580 3484 838 3540 nuntium
874 3501 906 3540 a
940 3486 1173 3544 ducibus
1202 3487 1550 3559 Boemiorum
1588 3501 1772 3550 trans-

187 3573 437 3629 missum.
478 3571 713 3632 Ferebat
746 3577 850 3633 iste
880 3578 1123 3635 tabulam
1164 3582 1461 3651 quamdam
1492 3584 1772 3657 episcopo,

190 3678 308 3735 qua:
326 3681 433 3737 pro
463 3663 695 3724 munere
717 3667 881 3741 digne
901 3669 1191 3728 offensior
1215 3681 1367 3730 tanto
1397 3675 1549 3745 viro;
1581 3659 1779 3750 inqua

190 3757 521 3814 cernebatur
540 3757 723 3833 imago
735 3760 908 3819 beate
923 3760 1164 3835 Virginis
1178 3763 1383 3835 Maria,
1397 3767 1590 3825 Cresco
1612 3785 1779 3842 opere

189 3848 515 3907 mirabiliter
527 3866 808 3923 expressa,
826 3855 1024 3910 merito
1048 3856 1106 3912 in
1125 3856 1314 3914 eadem
1335 3860 1568 3917 ecclesia
1597 3863 1780 3920 adhuc

189 3949 516 3997 conservata
531 3950 598 3997 ‘et
622 3951 884 4014 perpetuo
900 3947 1295 4003 conservanda.
1314 3945 1467 4005 Hanc
1486 3948 1600 4005 Deo
1627 3966 1779 4007 ama-

188 4029 313 4089 bilis
349 4032 607 4106 pontifex
632 4034 722 4106 pia
749 4037 1103 4094 veneratione
1126 4038 1453 4096 deosculans
1473 4080 1489 4107 ,
1518 4043 1675 4111 quasi
1698 4042 1781 4098 di-

190 4123 318 4181 vino
344 4127 723 4185 commonitus
744 4130 991 4197 oraculo,
1006 4128 1188 4186 locum
1207 4132 1460 4202 protinus
1478 4134 1782 4205 assignavit

191 4216 365 4273 eidem
395 4219 821 4290 gloriosissima:
858 4219 955 4277 Dei
985 4222 1237 4294 genitriei
1284 4221 1488 4280 Mariae.
1531 4223 1781 4295 Cumque

192 4323 330 4378 opus
358 4310 613 4366 basilicae
654 4326 918 4383 prospere
946 4324 1385 4371 consummasset
1431 4326 1595 4388 atque
1640 4318 1782 4374 cele-

1870 3136 2089 3193 quoque
2113 3122 2184 3177 ab
2215 3121 2304 3177 bis
2329 3119 2465 3177 velle
2487 3119 2793 3193 quiescere,
2819 3119 2868 3175 si
2891 3119 3208 3176 mandatum
3242 3120 3451 3178 domini

1871 3226 2024 3282 papa:
2048 3213 2360 3284 indulgeat;
2396 3226 2543 3268 nunc
2563 3219 2747 3267 autem
2774 3211 2969 3267 timere
3004 3226 3065 3268 se
3091 3211 3217 3280 sibi,
3257 3212 3454 3270 timere

1873 3304 1983 3360 illis
2002 3319 2103 3377 pro
2125 3319 2193 3361 eo
2211 3304 2360 3376 quod
2387 3302 2653 3375 scriptum
2680 3302 2754 3359 sit
2774 3318 2880 3358 non
2909 3300 3083 3357 solum
3104 3318 3214 3371 eos,
3245 3304 3337 3375 qui
3367 3305 3454 3375 fa—
3540 3327 3547 3334 -

1873 3396 2041 3463 ciunt,
2071 3396 2161 3451 sed
2190 3404 2241 3450 et
2280 3395 2371 3466 qui
2391 3394 2720 3450 consentiunt
2746 3392 3088 3464 facientibus,
3135 3393 3321 3466 dignos
3346 3408 3456 3451 esse

1875 3496 2044 3543 morte
2086 3487 2262 3557 (Rom.
2306 3487 2367 3558 ι).
2404 3484 2554 3543 Nihil
2582 3499 2714 3557 ergo
2755 3485 3065 3556 proﬁciens,
3116 3486 3280 3542 solvit
3324 3500 3457 3543 con-

1875 3593 2112 3636 οθεειιω.
2656 3622 2661 3625 .
2851 3616 2854 3619 η
2942 3618 2948 3624 .
3242 3590 3245 3593 '

1948 3669 2384 3742 Sapientioribus
2413 3679 2596 3728 autem
2635 3669 3055 3727 communicatis
3082 3670 3374 3727 consilium
3420 3677 3476 3723 et

1877 3772 2150 3821 secretum
2173 3763 2585 3830 commendans,
2610 3762 2937 3819 adveniente
2973 3760 3116 3818 festo
3136 3761 3314 3818 sancti
3350 3758 3477 3815 Ste-

1877 3856 2046 3927 phani
2070 3854 2511 3927 protomartyris,
2538 3868 2704 3925 quem
2747 3854 2842 3910 illa
2874 3853 3121 3909 Ecclesia
3166 3861 3362 3924 patron
3378 3865 3476 3904 um

1877 3955 2189 4013 veneratur,
2214 3961 2342 4002 eum
2364 3944 2588 4016 plurimi
2613 3946 2683 4001 de
2715 3945 3069 4017 magnatibus
3094 3943 3165 3999 ad
3193 3943 3336 3999 diem
3381 3954 3477 3996 so-

1877 4039 2114 4094 lemnem
2146 4037 2554 4102 convenissent,
2600 4035 2729 4105 quia
2768 4035 2950 4104 justus
3001 4041 3063 4088 ut
3114 4032 3197 4087 leo
3240 4031 3463 4100 conﬁdit

1881 4129 2063 4201 (Prov.
2086 4126 2305 4198 xsvnr),
2331 4141 2521 4182 coram
2539 4124 2691 4181 omni
2714 4124 3021 4195 frequentia
3044 4123 3175 4178 cieri
3195 4131 3248 4177 et
3278 4121 3461 4191 populi

1881 4221 2170 4276 umbonem
2201 4217 2540 4283 conscendit,
2586 4222 2643 4271 et
2685 4214 2834 4285 quod
2873 4212 3187 4284 apostolicae
3220 4213 3463 4268 indicant

1880 4312 2074 4367 litteras
2106 4308 2507 4382 imperterritus
2534 4314 2775 4362 enarrat.
2804 4303 3010 4360 Deinde
3034 4304 3184 4360 addit
3211 4303 3462 4359 intermi-

192 4401 362 4460 briter
380 4403 716 4471 dedicasset,
747 4406 986 4475 providit
1008 4406 1158 4478 larga
1177 4407 1552 4465 benevolentia
1565 4424 1786 4480 posses-
1816 4392 1862 4448 Ι)
1887 4403 2162 4459 nationem
2182 4398 2548 4466 auctoritatis,
2569 4404 2651 4464 ut,
2671 4395 2769 4468 qui
2790 4395 3264 4453 obsecrationibus
3281 4395 3461 4449 nolue

196 4495 381 4552 siones
408 4495 553 4550 inibi
580 4495 927 4554 habitatoris.
955 4496 1200 4555 Providit
1223 4514 1444 4569 quoque
1462 4509 1786 4557 ornamenta
1887 4505 2016 4551 runt
2050 4493 2215 4561 ﬂecti,
2255 4492 2582 4563 frangantur
2607 4488 2969 4546 districtione.
3000 4487 3151 4543 illico
3185 4488 3392 4543 clamor
3410 4493 3466 4540 et

197 4585 398 4644 divinis
444 4601 694 4659 congrua
741 4587 1087 4646 ministeriis.
1118 4588 1331 4656 Quibus
1381 4590 1486 4646 rite
1521 4592 1783 4662 peractis,

1886 4588 2042 4644 furor
2072 4586 2144 4642 ab
2165 4584 2317 4641 omni
2340 4591 2497 4655 parte
2519 4581 2829 4654 perstrepit.
2868 4579 2937 4636 Et
2961 4579 3100 4635 forte
3124 4579 3179 4633 in
3219 4592 3465 4650 prasen-

199 4678 444 4734 eolleetis
493 4677 552 4733 in
598 4695 772 4736 unum
798 4680 934 4737 viris
974 4680 1270 4752 religiosis,
1295 4688 1351 4736 et
1388 4682 1681 4752 prmposito
1706 4682 1789 4738 eis
1886 4680 2088 4736 tiarum
2115 4674 2383 4731 famulum
2411 4672 2507 4730 Dei
2543 4670 2857 4727 furibundis
2877 4669 3133 4725 manibus
3150 4666 3467 4737 discerpsis-

198 4771 317 4825 viro
334 4769 609 4845 pnidente
622 4768 856 4839 Outone,
880 4771 985 4829 sub
1005 4771 1191 4843 regula
1218 4769 1279 4825 Β.
1306 4770 1596 4843 Augustini
1618 4772 1786 4827 vitam

201 4875 295 4916 eos
322 4862 530 4935 ducere
550 4861 723 4931 jussit
746 4862 1068 4932 spiritalem.

273 4952 437 5009 Subit
489 4968 643 5009 nunc
670 4953 915 5009 animum
957 4954 1104 5025 quod
1152 4961 1410 5010 cantatur
1449 4954 1508 5011 in
1527 4953 1783 5025 psalmo;

1888 4775 2030 4833 sent,
2060 4765 2109 4822 si
2130 4779 2240 4820 non
2259 4763 2445 4821 divina
2469 4761 2667 4827 virtus,
2693 4768 2750 4815 et
2771 4758 3095 4829 optimatum
3118 4754 3469 4826 praemium

1891 4856 2135 4928 probitas
2162 4853 2472 4911 furentibus
2493 4849 2813 4906 obstitisset.

1964 4946 2246 5019 Regnabat
2282 4945 2370 5001 his
2407 4942 2601 4999 diebus
2626 4939 2918 4996 Heinricus
2941 4937 3009 4994 IV
3054 4937 3201 4994 ﬁlius
3230 4938 3474 5008 impera-

205 5043 466 5100 Peecator
497 5043 697 5115 videbit
727 5053 778 5098 et
813 5045 1094 5113 irascetur,
1129 5044 1374 5100 dentibus
1397 5046 1508 5100 suis
1532 5045 1718 5114 fremet
1738 5051 1790 5098 et
1895 5039 2031 5096 toris
2050 5036 2315 5134 Heinrich
2339 5033 2436 5105 qui
2896 5038 2982 5088 θδί
2998 5028 3152 5133 βων
3176 5025 3477 5134 ἰξ
