3988 5328
499 239 609 295 879

1505 232 1590 288 ΔΙ)
1627 230 1856 289 OPERA
1893 229 1951 288 S.
1989 225 2318 290 CREGORII
2353 227 2806 288 APPENDICES.

3673 233 3781 290 880

499 368 614 410 tuon
648 351 810 417 latet,
862 352 916 407 et
951 349 1246 420 scriptorcs
1280 355 1588 419 temporum
1629 363 1738 402 non
1775 353 2085 402 tacuerunt.
2117 349 2158 404 Α
2259 339 2468 401 interea
2495 344 2741 401 fautores
2765 342 3007 400 Hcinrici
3035 343 3103 399 IV
3125 344 3418 418 Moguntia
3447 349 3779 406 contrahunt

573 445 658 500 Ad
684 444 832 500 hunc
855 441 1136 512 religionis
1173 440 1389 497 hostem
1433 438 1886 510 castimoniaeque
1915 451 2093 509 oppu-

485 543 808 610 agna‘torem,
833 535 906 590 ob
925 547 1083 590 suam
1109 530 1454 604 tyrannidem
1477 545 1508 584 a
1543 543 1684 600 papa
1725 528 2004 584 Gnscouto
2022 525 2092 582 Π

501 627 1039 686 excommunicatum
1069 622 1400 694 confugiunt
1426 621 1630 694 quibus
1671 619 1958 676 exhorruit
2000 635 2096 676 ca-

501 719 681 775 stitas.
707 705 1048 788 Apud‘talem
1069 712 1316 784 iudicem
1350 711 1485 767 tales
1506 719 1854 766 accusatores
1875 719 1930 764 et
1959 709 2094 765 tales

497 817 674 866 testes
695 817 980 864 merentur
1009 804 1365 871 audientiam,
1393 811 1448 858 et
1473 804 1590 859 viro
1617 803 1714 858 Dei
1743 803 1972 860 crimina
1994 802 2094 858 de-

500 897 762 967 testanti,
803 897 1029 970 adigunt
1067 895 1232 968 [forte
1257 890 1540 966 efﬁngunt]
1591 892 1846 960 crimina,
1891 891 2094 962 quibus

501 1001 628 1046 eum
655 989 958 1063 pontiﬁcali
979 990 1190 1044 honore
1215 985 1448 1041 credunt
1466 984 1752 1040 devestire.

513 1089 520 1100 '
573 1081 798 1138 Poterat
839 1081 936 1140 vir_
965 1080 1087 1146 iste,
1123 1078 1170 1134 si
1219 1089 1404 1132 coram
1439 1075 1737 1143 astitisset,
1779 1073 2096 1130 abbreviato

501 1171 672 1230 verbo
702 1172 1052 1244 respondisse
1079 1183 1193 1240 pro
1212 1185 1292 1235 se,
1324 1181 1434 1239 quo
1454 1167 1622 1222 etiam
1661 1165 1925 1238 magister
1959 1165 2106 1222 suus

505 1265 766 1320 Christus
805 1260 1088 1332 respondit
1115 1275 1214 1331 pro
1248 1275 1348 1316 se:
1390 1257 1582 1329 Opera,
1629 1273 1748 1330 qua!
1791 1272 1886 1329 ego
1930 1256 2092 1328 facio,

506 1357 865 1415 testimonium
885 1352 1156 1426 perhibent
1180 1352 1245 1406 de
1266 1367 1347 1406 me
1367 1346 1548 1422 (loan.
1575 1350 1652 1420 ι).
1687 1347 1813 1414 Sed,
1839 1347 1896 1402 in
1915 1347 2094 1401 humi-

489 1447 951 1519 Jitatejndicinm
993 1444 1110 1516 ejus
1145 1442 1416 1498 sublatam
1455 1440 1717 1512 est"(:tct.
1756 1440 1910 1510 vin);
1947 1437 2096 1493 διην-

509 1541 790 1598 mentibus
819 1536 1196 1603 adversariis,
1259 1543 1322 1590 ut
1359 1533 1637 1605 quondam
1693 1532 1760 1587 de
1813 1530 2096 1586 Salvatore

2193 435 2488 492 conci-lium
2517 434 2688 506 (466).
2709 435 2840 502 «Quo
2866 435 3214 506 praesidente,
3259 437 3364 508 ipsi
3396 437 3648 495 viderint.
3697 438 3777 494 ibi

2193 525 2530 582 schismatici
2547 533 2602 582 et
2622 527 2693 582 ab
2712 525 2958 582 Ecclesia
2979 527 3219 599 praecisi,
3237 542 3435 598 papam
3455 527 3778 602 Gregorium

2193 615 2375 670 virum
2413 617 2745 672 catholicum
2789 623 2846 672 et
2874 616 3091 672 Patrem
3121 617 3516 686 universalem,
3563 618 3779 675 Patren

2193 713 2396 778 negant
2415 706 2646 778 ejusque.
2671 723 2937 778 sequaces
2957 707 3060 778 ipsi
3089 709 3333 764 damnati
3359 709 3640 766 damnant.
3669 710 3778 766 De.

2194 795 2393 852 liberat
2423 797 2479 852 in
2510 799 2598 854 his
2623 813 2816 869 paswr
2857 797 3116 856 Ecclesia
3137 799 3262 856 urbi
3289 809 3345 856 et
3368 801 3539 876 armis
3565 803 3776 870 cedere,

2193 897 2328 960 puto
2373 893 2754 947 rememorans
2805 888 3110 946 Salvatoris
3151 891 3439 948 licentiam
3482 909 3599 964 qua
3641 894 3780 950 dixit

2193 980 2480 1052 discipulis
2505 981 2624 1038 suis
2658 999 2670 1036 :
2704 980 2763 1036 Si
2788 983 3050 1054 persecuti
3074 999 3160 1038 vos
3189 985 3390 1055 fuerint
3421 985 3481 1040 in
3503 1003 3615 1040 una
3649 987 3781 1042 cisi-

2197 1079 2326 1139 tate,
2357 1073 2526 1144 fugite
2545 1074 2602 1127 in
2627 1073 2793 1128 aliam
2821 1073 3040 1147 (Matth.
3069 1075 3146 1146 v).

2266 1162 2388 1230 Quo
2416 1163 2584 1231 facto,
2611 1163 2962 1236 Wichpertus
2989 1165 3211 1237 quidam
3243 1165 3596 1238 (Guiber'tus,
3618 1183 3780 1240 psa-

2195 1253 2452 1326 dopapa),
2485 1255 2644 1326 cujus
2665 1256 2786 1312 laus
2809 1272 2921 1312 non
2947 1267 3032 1313 est
3068 1257 3123 1312 in
3147 1259 3470 1328 pontiﬁcum
3501 1259 3777 1332 Catalego,

2189 1350 2515 1420 apostolicae
2556 1349 2671 1406 sedi
2713 1349 3032 1404 intruditur.
3065 1348 3206 1416 Quid
3251 1349 3400 1417 dico,
3447 1353 3780 1407 intruditar.’

2195 1442 2420 1515 Propria
2451 1442 2753 1498 ambitione
2798 1441 3026 1508 invadit,
3058 1440 3279 1496 anhelat
3304 1451 3358 1498 et
3381 1445 3646 1516 prarripit.
3669 1444 3778 1519 Abf

2199 1534 2329 1590 ninc
2363 1534 2481 1589 veri
2517 1541 2776 1604 ‘paStores
2819 1533 3027 1604 ubique
3075 1541 3347 1589 terrarum
3400 1535 3624 1592 sedibus
3663 1537 3776 1592 suis

506 1627 713 1686 Judteis
741 1647 756 1682 :
787 1625 846 1683 Si
871 1641 975 1680 non
1011 1633 1144 1680 esset
1169 1624 1254 1678 hic
1288 1623 1624 1694 ,παιδίω-ιον,
1648 1636 1750 1675 non
1794 1618 1890 1674 tibi
1921 1619 2094 1673 tradi-
2128 1661 2170 1694 _.
2187 1623 2628 1694 proturbantur;
2685 1623 3057 1694 subrogantur
3105 1637 3243 1678 vero
3309 1623 3648 1682 schismatici
3694 1628 3775 1682 vel

504 1721 766 1778 distentas
795 1735 915 1774 eum
940 1716 1120 1790 (Joan.
1150 1714 1326 1785 mn).
1360 1690 1446 1780 Et,
1477 1714 1525 1768 si
1549 1711 1922 1782 respondisset
1945 1709 2094 1780 quod
2128 1690 2170 1745 Β
2185 1690 2520 1772 Simoniaci.
2545 1713 2754 1770 Harum
2775 1690 2940 1770 etiam
2961 1714 3199 1770 factione
3219 1715 3554 1774 Anmamus
3574 1733 3603 1772 α
3624 1735 3775 1790 grege

490 1811 763 1868 Christus
785 1807 1072 1880 respondit
1111 1806 1232 1863 suis
1259 1803 1696 1876 lapidatoribus:
1737 1801 1912 1856 Multa
1959 1801 2094 1854 bona

505 1920 665 1976 opera
695 1909 954 1974 operatus
974 1899 1180 1954 ostendi
1220 1896 1364 1952 vobis
1405 1913 1470 1951 ea:
1505 1895 1672 1950 Patre
1717 1909 1852 1961 meo,
1883 1902 2096 1965 propter

506 1994 646 2066 quod
689 2007 872 2048 eorum
915 2006 1045 2062 opus
1079 1986 1719 2060 me.lapidatis?=(loan.
1762 1985 1842 2057 κ.)
1883 1983 2094 2040 Verum

505 2085 750 2156 quidem,
775 2093 830 2139 et
869 2090 1118 2154 apertum
1143 2080 1384 2136 dedisset
1425 2090 1784 2150 responsum;
1827 2077 1922 2132 sed
1951 2077 2098 2148 apud

512 2180 676 2246 tales,
695 2191 807 2231 non
838 2176 973 2232 satis
994 2173 1209 2231 fuisset.
1245 2195 1247 2198 ‘

577 2265 780 2322 Fletus
805 2281 936 2337 ergo
966 2263 1278 2330 licini-iens,
1304 2257 1586 2318 Putaviam
1621 2261 1896 2317 hoStiliter
1915 2260 2098 2332 ingre-

509 2359 678 2426 ditur,
703 2365 780 2426 et,
806 2356 1038 2414 Herodis
1062 2356 1203 2425 vice,
1233 2353 1576 2412 confundens
1599 2353 1792 2426 fasque
1813 2352 2094 2425 nefasque,

496 2464 610 2520 pro
631 2449 788 2504 libito
819 2455 1016 2505 cuncta
1043 2460 1334 2518 peragens,
1363 2443 1694 2500 criminosos
1732 2457 1986 2514 quosque
2027 2443 2098 2498 ab

493 2536 787 2610 episcOpio
808 2539 1022 2609 pulsos,
1047 2536 1216 2592 rebus
1245 2543 1300 2594 ot
1317 2534 1676 2607 dignitatibus
1697 2534 1816 2591 suis
1835 2533 2094 2590 restituit.

509 2632 632 2700 Quo
665 2632 972 2698 recedente,
995 2645 1123 2686 cum
1163 2627 1304 2685 facta
1331 2627 1573 2684 crudelia
1599 2625 1798 2683 fratres
1815 2626 1886 2682 de
1910 2624 1968 2681 8.
1998 2623 2098 2680 Ni-

508 2725 684 2790 colao,
708 2723 881 2800 quiin
903 2723 1171 2780 suburbio
1198 2723 1435 2780 civitatis
1469 2722 1762 2780 constituti
1785 2721 2098 2794 religiosam

510 2818 677 2872 ritam
723 2817 976 2888 agebant,
1003 2816 1210 2888 pariter
1233 2816 1672 2883 detestarcntur,
1717 2831 1749 2869 a
1789 2813 2100 2871 fautoribus

511 2902 752 2962 Heinrici
793 2905 862 2960 de
894 2903 1232 2961 monasterio
1263 2905 1535 2960 violenter
1576 2903 1812 2960 extracti
1834 2945 1850 2970 ,
1881 2902 2101 2974 publice

2195 1819 2298 1862 suo
2349 1805 2570 1877 fugatur
2623 1813 2678 1862 et
2721 1803 3072 1862 Hermannus
3122 1807 3347 1877 quidam
3397 1807 3570 1862 fater
3628 1810 3774 1865 ducis

2191 1895 2450 1968 Luipoldi
2499 1897 2873 1953 substituitur.
2907 1895 2967 1952 ln
3003 1899 3108 1953 hoc
3153 1899 3472 1954 maledictio
3501 1901 3557 1954 in
3589 1899 3773 1956 ludam

2183 1989 2440 2060 prolata,
2493 1989 2548 2044 id
2589 1997 2726 2055 est,
2769 1987 3143 2061 episcopatum
3191 1989 3310 2060 ejus
3369 1992 3602 2062 accipiat
3648 1993 3776 2047 alter

2198 2078 2376 2150 (Psal.
2403 2080 2580 2151 cvm),
2611 2080 2777 2136 citius
2823 2079 3094 2151 completa
3117 2089 3223 2137 est.
3254 2080 3358 2136 Vix
3387 2083 3536 2138 enim
3565 2083 3776 2139 biennio

2183 2185 2328 2228 'oves
2365 2174 2572 2232 alienas
2589 2171 2834 2229 totondit
2854 2180 2908 2228 et
2952 2175 3163 2240 mulsit,
3193 2183 3249 2230 et
3290 2177 3532 2245 pastoris
3567 2194 3769 2246 nomen,

2197 2263 2343 2334 quod
2377 2262 2520 2318 falso
2547 2265 2795 2335 gerebat,
2829 2280 2956 2319 cum
2979 2267 3090 2319 vita
3136 2267 3331 2320 tinivit.
3371 2265 3587 2324 Dicitur
3603 2278 3774 2324 tamen

2195 2351 2255 2406 in
2283 2353 2548 2409 extremis
2577 2354 2902 2424 paenituisse
2943 2363 3001 2409 ot
3039 2355 3377 2425 episcopalia
3409 2373 3641 2430 quaeque
3665 2359 3773 2414 Alt—

2187 2458 2404 2501 ananno
2420 2447 2679 2516 episcopo
2701 2445 3034 2513 reddidisse,
3059 2455 3115 2502 et
3137 2448 3542 2505 absolutionem
3566 2453 3776 2506 anathe-

2198 2537 2364 2592 matis
2407 2537 2478 2592 ab
2502 2552 2570 2593 eo
2611 2538 2930 2609 suppliciter
2965 2524 3291 2610 requisisse.
3331 2537 3582 2598 Succedit
3630 2543 3774 2612 huic,

2185 2629 2428 2700 .pecunia
2451 2638 2632 2686 tamen
2653 2629 2998 2702 impetrante,
3012 2629 3174 2686 Tinto
3195 2621 3488 2689 canonicus
3499 2627 3778 2706 Mur-

2200 2721 2406 2792 gensis,
2431 2729 2486 2776 et
2524 2723 2902 2794 episcopatum
2934 2738 3108 2795 usque
3138 2723 3206 2779 ad
3239 2725 3452 2780 Anesim
3472 2723 3778 2799 .[Anasumj

2201 2812 2352 2885 (467)
2387 2813 2614 2869 fluvium
2667 2815 2854 2886 przcdo
2877 2813 3158 2872 violentus
3203 2819 3495 2888 Oppressit.
3545 2815 3779 2874 Sanctus

2191 2919 2333 2961 vero
2384 2908 2616 2977 praesul,
2673 2908 2953 2964 adnitente
3002 2909 3125 2980 prio
3168 2909 3420 2981 principe
3465 2911 3775 2966 marchione

507 2997 636 3055 nasi
665 3006 731 3054 et
750 2998 818 3054 de
847 2995 1049 3053 ﬁnibus
1073 2993 1191 3053 illis'
1205 3005 1334 3054 sunt
1353 2996 1544 3070 ejeoti;
1565 2995 1874 3054 substantia
1905 3009 2106 3086 eorum,
2124 3031 2167 3089 ρ
2202 2995 2470 3089 Luipoldo
2489 3040 2504 3066 ,
2545 2998 2713 3089 hujus
2760 2997 3011 3070 Luipoldi
3031 3041 3046 3066 ,
3096 2999 3190 3070 qui
3221 2999 3387 3054 hodie
3426 3000 3774 3071 principatur,

511 3091 826 3164 raptoribus
854 3090 1017 3146 cedit.
1114 3096 1119 3102 '

520 3174 528 3190 ³
576 3180 912 3238 Prasvalcnte
931 3178 1437 3251 itaqueiniquitate,
1458 3179 1519 3234 Β.
1539 3178 1870 3235 Altmannus
1889 3176 1956 3233 de
1971 3175 2100 3233 sede

511 3287 614 3329 sua
639 3259 1160 3344 prbpterjustitiam
1199 3270 1429 3342 eiectus,
1457 3270 1514 3325 in
1539 3269 1836 3326 Saxoniam
1863 3267 2098 3339 patriam

511 3358 667 3419 suam
687 3363 996 3419 revertitur.
1020 3361 1152 3416 Post
1173 3361 1311 3430 haec,
1332 3361 1470 3416 adiit
1493 3361 1684 3417 limina
1705 3361 2096 3431 apostolorum,

511 3463 567 3509 et
585 3467 814 3510 causam
849 3453 970 3520 vite,
1016 3461 1072 3508 et
1105 3453 1357 3523 ordinem
1391 3452 1608 3524 injuriae
1642 3449 1907 3523 Gregorio
1944 3465 2100 3520 papte

511 3547 760 3602 seriatim
807 3545 1048 3616 exponit.
1096 3542 1166 3599 Et
1204 3543 1336 3614 quia
1367 3543 1546 3600 sancti
1593 3543 1803 3614 quique
1840 3549 2102 3597 verentur

513 3638 698 3696 omnia
740 3651 907 3708 opera
945 3651 1074 3703 sua,
1119 3635 1498 3706 episcopatum
1527 3635 1734 3690 domno
1763 3647 1917 3704 papa
1957 3631 2098 3688 resi-

511 3728 728 3800 gnavit;
769 3728 878 3784 hoc
919 3727 1166 3784 offensus
1208 3727 1490 3798 scrupulo,
1532 3727 1684 3798 quod
1711 3727 1832 3798 ejus
1867 3723 2098 3780 investi-

511 3831 690 3876 turam
735 3835 768 3876 ιι
809 3831 998 3876 manu"
1021 3819 1165 3875 laico
1212 3818 1524 3889 recepisset.
1557 3819 1821 3889 Cumque
1837 3818 2100 3888 aliquan-

511 3914 683 3985 tisper
731 3927 872 3984 papa
917 3907 1102 3969 lassus
1145 3911 1542 3983 requiesceret,
1595 3912 1684 3967 die
1725 3910 1992 3982 quadam,
2031 3924 2100 3965 oe

511 3993 568 4060 in
617 3995 862 4061 Ecclesia
897 4004 1098 4074 posito,
1146 4011 1203 4058 et
1243 4004 1312 4059 de
1339 4001 1408 4058 .S.
1441 4002 1720 4058 Altmanni
1755 4001 2100 4058 restitutione

509 4086 637 4154 cum
682 4097 1056 4153 cardinalibus
1105 4095 1456 4164 conferente,
1511 4097 1605 4152 illo
1647 4111 1782 4152 vero
1830 4097 2098 4150 honorem

508 4189 645 4246 tanti
673 4189 858 4246 oneris
900 4187 1181 4244 humiliter
1217 4196 1534 4256 recusante,
1565 4187 1817 4243 columba
1847 4191 2100 4256 quaedam

506 4289 705 4336 cuncta
729 4277 971 4334 basilicae
1013 4279 1136 4334 loca
1175 4278 1468 4345 'oberrans,
1515 4276 1736 4332 tandem
1762 4276 1831 4332 ad
1859 4289 2098 4346 pauper-

2188 3101 2324 3155 avo,
2370 3087 2530 3158 cujus
2569 3088 2864 3155 nobilitas,
2903 3087 3080 3158 pietas
3137 3095 3194 3141 et
3227 3087 3466 3144 ﬁdelitas
3519 3088 3776 3144 ditissima

2199 3193 2377 3249 usque
2401 3193 2560 3235 nunc
2589 3187 2805 3235 constat
2827 3179 3164 3245 haereditate,
3202 3180 3258 3233 in
3285 3180 3542 3235 orientali
3569 3170 3778 3250 provin-

2199 3268 2284 3323 cia
2334 3269 2541 3324 clerum
2588 3276 2644 3324 et
2675 3269 2938 3340 populum
2975 3279 3198 3324 strenue
3233 3267 3578 3339 gubernavit,
3605 3276 3658 3324 et
3693 3269 3777 3322 in-

2200 3363 2400 3418 choato
2424 3362 2576 3433 operi
2605 3363 2662 3416 in
2679 3369 2875 3418 monte
2918 3359 3286 3417 Kotwik-censi
3313 3359 3708 3435 [Gotwieensi],
3749 3378 3778 3415 a

2201 3471 2312 3528 quo
2337 3471 2461 3511 eum
2493 3455 2648 3511 fraus
2680 3455 2888 3510 inimici
2901 3471 3010 3526 per
3035 3455 3350 3526 supradicta
3403 3455 3780 3527 impedimenta

2200 3549 2500 3620 prtepedire
2529 3556 2852 3615 teutaverat,
2891 3547 3122 3602 devotus
3155 3547 3483 3618 invigilavit.

2273 3637 2329 3693 In
2365 3652 2477 3709 quo
2507 3638 2650 3706 loco,
2686 3638 2817 3693 dum
2848 3637 3144 3708 aliquando
3189 3637 3493 3692 missarum
3525 3637 3781 3692 solemnia

2190 3728 2522 3795 celebraret,
2539 3734 2594 3783 et
2613 3727 2836 3798 quidam
2857 3727 3121 3782 diaconus
3135 3726 3540 3782 adventitiusct
3559 3727 3784 3782 sinistrae.

2203 3821 2362 3876 fama:
2403 3819 2756 3892 Evangelium
2798 3820 3050 3876 tecturus
3095 3819 3531 3875 benedictionem
3565 3827 3784 3890 peteret,

2201 3913 2491 3983 episeOpus
2511 3911 2718 3967 diutius
2749 3911 2966 3966 intuens
2991 3910 3450 3979 benedicendum,
3493 3910 3690 3967 stolam
3721 3911 3785 3963 de

2189 4004 2346 4059 'eollo
2365 4003 2736 4074 ejus-abstulit
2758 4009 2814 4058 et
2827 4003 2930 4058 alii
2953 4003 3132 4074 legere
3163 4002 3443 4073 pmcepit.
3463 3999 3624 4056 Unde
3645 4008 3786 4071 patet

2202 4093 2348 4166 quod
2375 4092 2584 4163 aliquid
2609 4093 2678 4148 de
2699 4092 2794 4146 illo
2833 4092 3165 4148 revelatione
3193 4090 3466 4146 didicerat
3493 4090 3646 4162 quod
3686 4105 3784 4144 exc-

2191 4183 2303 4240 .teri
2360 4184 2697 4240 nesciebant.
2745 4181 3024 4240 Confusus
3068 4183 3240 4238 miser
3293 4179 3626 4237 confusione
3673 4195 3788 4251 qua:

2203 4275 2423 4332 adducit
2438 4283 2749 4346 peccatum,
2769 4289 2881 4330 non
2907 4271 3252 4338 confusione,
3283 4286 3410 4344 quae
3429 4271 3668 4344 gloriam
3700 4271 3787 4324 ad-

507 4372 693 4428 culum
737 4380 793 4427 et
836 4371 1099 4426 humilem
1143 4370 1341 4441 spiritu
1375 4369 1540 4426 ‘venit
1587 4367 1944 4424 Altmannum
1961 4408 1978 4434 ,
2041 4374 2098 4422 et
2127 4373 2173 4428 D
2196 4367 2368 4436 ducit,
2393 4368 2462 4425 ad
2487 4357 2805 4425 lieinricum
2825 4382 3124 4440 pravorum
3155 4364 3429 4437 refugium
3457 4364 3639 4420 ﬁdens
3659 4378 3784 4419 eon-

473 4464 669 4536 'quasi
695 4463 902 4520 diceret
934 4481 948 4519 :
976 4461 1107 4518 Hae
1139 4463 1342 4534 requies
1369 4478 1488 4518 mea
1514 4462 1571 4516 in
1595 4461 1851 4516 saeuiunt
1881 4459 2096 4526 menti,

507 4551 596 4608 hic
633 4551 916 4618 habitabo,
951 4551 1202 4622 quoniam
1237 4549 1371 4623 elegi
1415 4567 1534 4606 eam
1577 4549 1756 4622 (Psal.
1789 4550 2014 4622 etut);
2044 4557 2100 4604 et

507 4642 660 4714 quod
709 4643 964 4714 sequitur
997 4661 1008 4696 :
1058 4641 1288 4696 Viduam
1324 4641 1470 4712 ejus,
1513 4641 1570 4696 id
1597 4649 1683 4697 est
1717 4640 2096 4697 Pataviensem

508 4729 813 4789 Ecclesiam
831 4733 1084 4805 legitimo
1123 4747 1328 4803 sponso
1353 4731 1654 4799 viduatam,
1687 4730 1992 4786 benedicens
2018 4731 2102 4785 be-

508 4821 773 4889 nedicam,
813 4814 864 4878 et
910 4837 1164 4894 pauperes
1185 4822 1302 4894 ejus
1332 4821 1586 4877 saturabo
1628 4820 1854 4894 panibus
1875 4820 2094 4894 (περι),

509 4909 675 4981 capiti
693 4913 962 4969 antistitis
983 4913 1202 4970 insedit.
1229 4913 1462 4970 Cunctis
1505 4909 1818 4970 videntibus
1857 4923 1912 4968 et
1943 4913 2101 4969 intel-

495 4999 805 5072 ligentibu's
835 5003 1074 5072 signum,
1110 5019 1252 5074 papa
1297 5005 1374 5059 nil
1405 5012 1724 5072 cunctatus,
1757 5003 1981 5058 mitram
2027 5003 2098 5060 de

2191 4455 2368 4530 fugit;
2399 4465 2454 4512 et
2470 4473 2662 4515 vetens
2685 4457 2968 4514 criminari
2995 4456 3315 4528 episcopum
3335 4463 3395 4509 et
3409 4452 3643 4521 fratres,
3667 4468 3787 4510 cui:

2201 4549 2476 4606 audientis
2492 4549 2834 4620 judicaretur
2853 4547 3130 4619 indignus,
3154 4545 3266 4602 Deo
3283 4543 3783 4615 ﬂdmpessi-

2201 4654 2290 4696 tua
2325 4650 2672 4711 peccatorum
2693 4648 2870 4696 morte
2901 4639 3168 4695 multatus
3197 4645 3302 4692 est.

2272 4731 2341 4786 Et
2360 4731 2488 4802 quia
2515 4740 2766 4802 tempora
2789 4730 3066 4786 instabant
3087 4726 3422 4800 periculosa,
3461 4734 3522 4781 et
3550 4724 3786 4781 schisma

2202 4839 2366 4895 grave
2397 4823 2724 4891 increverat,
2751 4822 2900 4894 quod
2925 4821 3102 4894 prima
3128 4819 3306 4890 capita
3337 4816 3562 4888 imperii
3584 4829 3784 4888 genue-

2200 4923 2328 4969 rant
2360 4914 2506 4970 et-ad
2541 4915 2939 4970 incrementum
2981 4910 3228 4984 quotidie
3257 4908 3556 4974 fovebant,
3587 4906 3786 4978 placuit

2202 5001 2336 5071 Deo,
2365 5003 2458 5074 qui
2490 5003 2778 5059 consulere
2813 5015 2929 5057 non
2957 5009 3139 5057 cessat
3165 4998 3467 5066 universis,
3492 4996 3567 5053 ad
3589 4995 3784 5052 conﬁt.
