3988 5328
1101 312 1389 371 ᾹΡΡΕΝΒ.
1426 312 1514 369 ll].
1553 342 1623 354 —-
1660 311 2095 381 HONUMENTA
2128 318 2591 379 GREGORIANA.

3371 325 3483 382 881

201 425 340 483 sciri
357 432 570 496 posset,
593 427 1084 497 spumacerevisite
1107 428 1344 498 operire.
1363 427 1517 486 Fecit
1540 428 1629 485 ille
1649 429 1795 499 quod
1823 431 1872 488 Α
1898 433 2051 503 scopi
2074 436 2577 505 comminationem,
2602 439 2895 494 revertitur
2920 439 3089 496 miser
3114 440 3185 496 ad
3212 441 3482 498 vomitum

204 518 312 575 sibi
349 518 682 589 imperatum
719 518 915 574 fuerat.
944 518 1125 586 Quam
1164 532 1292 577 curn
1317 522 1405 577 vir
1443 530 1668 578 sanctus
1711 521 1804 577 ori.

203 609 575 676 admovisset,
602 610 774 667 sensit
804 610 993 667 vinum
1014 620 1071 667 et
1104 611 1369 682 optimum
1415 613 1547 669 illud
1585 615 1792 671 viuum.

201 699 422 758 Putatis
450 712 636 760 autem
662 703 985 773 pincernam
1013 703 1119 759 sibi
1145 703 1799 776 illusisse,,transgresso-

202 808 325 848 rem
354 793 513 850 valde
530 794 819 865 indignans
857 794 1122 865 increpat.
1150 795 1354 852 Verum
1389 797 1481 853 ille
1505 798 1796 858 horrendis

196 886 540 955 iuramentis
573 886 723 957 quod
752 886 857 943 sibi
875 886 1093 958 iussum
1116 885 1294 944 fuerat
1326 890 1645 958 apposuisse
1664 906 1797 946 con-

205 976 418 1031 limat.
449 974 756 1047 Episcopus
776 977 1000 1048 quidem
1020 993 1138 1034 rem
1160 978 1339 1035 celare
1362 980 1532 1050 cupit,
1558 980 1653 1037 sed
1676 981 1796 1051 pin-

202 1083 376 1123 cerua
410 1068 687 1124 sublatum
726 1069 794 1125 de
822 1085 1015 1128 mensa
1056 1071 1314 1142 poculum
1351 1072 1483 1144 quid
1508 1073 1797 1144 episcopus

203 1160 422 1216 biberet
454 1170 617 1231 gustu
648 1162 852 1219 certius
878 1164 1146 1233 explorat.
1161 1162 1228 1220 Et
1256 1164 1345 1220 hic
1369 1166 1715 1236 postmodum
1739 1166 1796 1220 in

202 1249 580 1309 Kotvvikcensi
650 1252 1032 1328 [Gotvvicensi]
1095 1257 1433 1312 monasterio
1491 1258 1809 1315 monachus-

202 1338 389 1399 factus
418 1358 536 1397 rem
566 1344 758 1399 ordine
784 1343 972 1411 refert,
999 1354 1062 1400 ut
1086 1344 1177 1401 ille
1210 1346 1566 1403 benedicatur
1592 1334 1645 1403 in
1671 1363 1795 1404 om-

204 1429 372 1486 nibus
399 1430 495 1501 qui
519 1431 590 1487 ad
621 1432 851 1503 gloriam
880 1442 1199 1489 sanctorum
1227 1449 1456 1490 suorum
1484 1444 1539 1490 et
1560 1435 1629 1490 ad
1657 1450 1796 1495 con~

1896 535 2060 576 suum
2087 531 2143 578 et
2189 524 2385 581 eodem
2425 535 2705 583 momento
2746 527 2911 583 etiam
2949 529 3251 586 daemonem
3274 530 3483 600 patitur

1894 614 2248 675 acerrimum.
2286 615 2501 677 Rursus
2520 619 2605 674 vir
2630 627 2853 678 sanctus
2876 620 3149 678 miserans
3187 622 3475 690 miserum,

1896 702 2111 759 hostem
2139 707 2417 763 consuetis
2458 708 2627 763 armis
2649 709 2960 780 aggreditur
2988 718 3152 780 atque
3176 710 3483 783 triumphat

1894 802 1948 850 et
1975 795 2047 850 ab
2092 794 2277 851 officio
2304 798 2495 854 altaris
2546 798 2838 855 liberatum
2885 809 3151 868 removet,
3186 796 3483 859 iterum'et

1895 885 2095 943 iterum
2131 887 2200 943 de
2244 886 2482 945 nefando
2511 903 2676 960 opere
2725 899 2980 947 sanatum
3022 905 3381 947 commoneas
3425 898 3483 948 et

1895 992 2245 1050 promovens.
2272 978 2378 1047 Qui
2398 981 2725 1051 perterritus
2753 996 2853 1052 pro
2888 983 3093 1039 recenti
3121 981 3351 1054 ﬂagello,
3374 983 3480 1039 ali-

1895 1077 2105 1140 quanto
2142 1077 2388 1140 tempore
2423 1070 2665 1128 abstinet
2700 1088 2734 1127 a
2777 1081 3020 1142 peccato.
3052 1070 3178 1140 Sed,
3214 1072 3355 1144 proh
3381 1072 3482 1129 do-

1896 1158 2007 1214 lor!
2057 1159 2221 1231 longa
2247 1176 2442 1218 rursus
2474 1162 2655 1219 victus
2682 1164 3096 1232 consuetudine,
3135 1172 3261 1235 post
3285 1179 3480 1223 exces-

1896 1266 2019 1306 sum
2037 1251 2299 1322 episcopi,
2322 1254 2971 1326 relabiturinpeccatum.
2993 1254 3158 1327 Ergo,
3175 1256 3480 1315 secundum

1896 1354 2084 1397 vocem
2133 1340 2374 1411 Domini,
2424 1344 2699 1415 malignus
2750 1344 2978 1421 spiritus
3019 1331 3308 1403 assumens
3341 1344 3482 1409 alios

1890 1444 2106 1506 septem
2135 1436 2362 1507 spiritus
2384 1438 2678 1508 nequiores
2700 1453 2760 1495 se
2786 1438 3005 1509 (Matth.
3030 1440 3153 1510 XII),
3182 1439 3389 1496 intrant
3411 1437 3482 1495 ad

204 1523 580 1578 tirmationem
605 1531 667 1578 et
685 1524 1123 1581 consolationem
1157 1524 1634 1595 pusillanimorum
1667 1524 1797 1581 facit
1890 1536 2210 1598 peccantem
2231 1536 2287 1585 et
2320 1529 2613 1586 crudeliter
2633 1538 2793 1586 nocte
2812 1545 2879 1587 ac
2911 1529 3001 1587 die
3023 1538 3305 1599 vexantes,
3334 1546 3485 1602 queo

204 1615 487 1670 mirabilia
528 1630 739 1687 magna
758 1616 910 1672 solus
934 1615 1112 1687 (Paul.
1144 1616 1317 1688 LXXI).

1890 1635 2004 1690 que
2036 1620 2217 1690 turpia
2243 1630 2299 1677 et
2341 1620 2655 1679 nefariaab
2679 1637 2747 1678 eo
2770 1631 2923 1694 gesta
2964 1637 3061 1680 ore
3082 1638 3185 1680 suo
3206 1614 3482 1695 captivum

258 1707 457 1765 Adhuc
486 1708 796 1764 adlaudcm
841 1706 937 1763 Dei
965 1709 1032 1764 de
1062 1708 1269 1765 famulo
1309 1708 1405 1765 Dei
1431 1709 1636 1780 aliquid
1684 1725 1794 1766 non
1833 1771 1870 1784 η
1897 1709 2053 1767 fateri
2104 1711 2456 1782 compellunt.
2500 1711 2798 1784 Stringitur
2849 1712 3064 1784 eiulans
3118 1712 3208 1769 ille
3248 1712 3483 1769 vinculis

203 1796 554 1853 cistidientes
602 1799 852 1869 accipite.
885 1798 1023 1866 Quis
1061 1800 1209 1857 enim
1235 1800 1479 1857 fastidiat
1502 1771 1656 1872 signa
1685 1811 1794 1858 tam
1828 1771 1884 1827 Β
1899 1771 2247 1867 durioribus:
2267 1800 2549 1872 conjectus
2581 1771 3000 1859 invcustod'iam
3046 1801 3354 1869 hominum,
3385 1803 3480 1874 qui

206 1890 446 1960 insignia
468 1906 593 1960 qua:
616 1891 974 1947 invisibilium
997 1892 1289 1949 adstruunt
1314 1893 1473 1948 fidem
1487 1903 1542 1949 et
1565 1895 1799 1965 probant

208 1980 305 2036 Dei
353 1999 468 2037 non
515 1982 781 2040 defecisse
830 1985 1138 2042 virtutem?
1177 1986 1409 2054 Recede,
1436 2003 1471 2042 ο
1509 1988 1800 2059 insipiens,

209 2075 307 2144 qui
342 2075 486 2131 dicis
522 2077 579 2131 in
601 2078 767 2133 corde
811 2086 928 2144 tuo,
960 2077 1080 2134 Non
1113 2087 1200 2135 est
1223 2078 1381 2138 Deus.
1413 2082 1430 2151 (
1447 2080 1594 2136 Ptol."
1637 2084 1794 2153 xm),

208 2176 263 2220 et
293 2168 391 2237 qui
419 2176 571 2223 tanta
621 2168 845 2239 perﬁdia
886 2171 1120 2228 insultas
1150 2171 1338 2229 dicens
1368 2192 1381 2228 :
1415 2172 1517 2230 Ubi
1542 2184 1626 2230 est
1654 2173 1820 2232 Dens:

211 2258 377 2312 tuus?
400 2257 581 2326 (Psal.
610 2261 792 2331 CXIII.)
819 2259 960 2317 Ecce
987 2262 1047 2316 in
1079 2271 1266 2317 sancto
1303 2263 1512 2319 habitat
1565 2263 1685 2320 laus
1714 2264 1801 2321 Is—

214 2363 242 2398 r.
264 2346 325 2400 »ει
353 2346 532 2416 (Ρεαι.
574 2348 712 2419 xxi).
759 2348 817 2406 In
856 2360 1049 2408 sancto
1073 2367 1177 2409 suo
1217 2369 1341 2424 qua:
1372 2355 1524 2412 vides
1543 2364 1804 2426 operatur

216 2436 383 2494 Dens.
405 2438 466 2494 Si
498 2441 588 2495 ille
617 2455 731 2498 non
756 2443 918 2510 adsit,
949 2445 1082 2516 quid
1102 2445 1265 2504 faciet
1292 2450 1494 2505 homo?
1515 2449 1659 2517 Quid
1679 2459 1809 2522 aget

216 2527 429 2596 pulvis,
479 2531 575 2601 qui
621 2531 829 2590 “dictum
866 2535 984 2591 sibi
1018 2538 1239 2593 novitaa
1264 2538 1536 2597 Domino:
1565 2539 1693 2597 Sine
1722 2558 1804 2598 me

215 2618 351 2672 nihil
397 2623 616 2690 potestis
661 2623 834 2693 facere
858 2624 1041 2697 (Joan.
1075 2629 1188 2698 xv).
1216 2628 1368 2685 Scito
1402 2648 1533 2703 ergo
1576 2648 1718 2699 esse,
1747 2640 1816 2690 et.

214 2710 409 2767 adesse
457 2710 631 2768 Deum
661 2716 758 2785 qui
792 2727 1052 2786 operatur
1082 2734 1206 2790 quae
1242 2722 1456 2791 operari
1488 2738 1598 2778 non
1625 2733 1817 2795 potest

214 2805 403 2860 homo.
428 2803 590 2873 Quod
612 2807 661 2862 si
683 2818 844 2877 putas
859 2811 1007 2881 quod
1032 2810 1140 2868 hoc
1159 2822 1419 2882 operetur
1436 2815 1624 2882 homo,
1647 2816 1800 2882 vade,

212 2903 271 2949 et
302 2902 367 2951 tu
414 2894 506 2953 fac
531 2897 819 2967 similiter;
869 2901 1462 2972 impera~dazmonibus,
1491 2914 1548 2961 et
1582 2905 1804 2963 illorum

212 2988 465 3058 experire
491 2988 881 3047 obedientiam.
910 2991 1054 3059 Quid
1082 2994 1132 3051 si
1155 2995 1497 3054 restiterim?
1531 2998 1686 3057 illum
1709 3014 1805 3055 ve-

1900 1891 2205 1947 custodiam
2251 1891 2605 1948 demeruerat
2633 1892 2971 1964 angelorum.
3008 1889 3248 1963 Tandem
3293 1892 3484 1947 imano

1897 1984 2245 2063 nuntiatione
2288 1983 2594 2051 Dominica,
2636 1984 2891 2056 precibus
2911 1982 3147 2041 fratrum
3187 1999 3220 2039 a
3244 1983 3507 2055 maligno.

1899 2076 2097 2146 spiritu
2119 2076 2210 2131 vix
2232 2084 2474 2146 ereptus,
2498 2084 2556 2132 et
2571 2084 2698 2147 post
2721 2075 2966 2131 triduum
2989 2075 3115 2131 oleo
3139 2088 3298 2139 sacro
3321 2074 3484 2131 inun—

1901 2178 2021 2222 ctns
2041 2176 2097 2222 et
2118 2183 2345 2237 corpore
2365 2165 2573 2222 Christi
2606 2167 2870 2232 munitus,
2906 2165 3224 2221 terribiliter
3249 2164 3485 2237 ﬂagella-

1900 2269 1990 2315 tus
2043 2258 2376 2331 defungitur.
2432 2258 2721 2315 Credimus
2771 2258 2916 2328 quod
2962 2257 3146 2313 traditi
3173 2255 3391 2313 Satanae
3428 2256 3486 2313 in

1901 2350 2184 2407 interitum
2210 2350 2419 2418 carnis,
2447 2344 2674 2423 spiritus
2708 2348 2893 2405 salvus
2926 2347 3035 2405 fiat.
3059 2348 3117 2403 in
3154 2346 3243 2404 die
3267 2345 3506 2407 Domini.

1903 2442 1959 2514 (I
1996 2441 2122 2499 Cor.
2148 2441 2244 2511 v)..
2984 2504 2987 2507 _
3396 2496 3400 2501 .
3454 2516 3461 2521 θ

1973 2534 2122 2590 Alter
2150 2532 2317 2591 etiam
2340 2531 2565 2602 quidam
2593 2532 2826 2589 clericus
2850 2532 3092 2603 pessimo
3118 2529 3351 2588 daemoni
3376 2537 3511 2587 tra-~

1902 2625 2070 2689 ditus,
2106 2622 2183 2678 ita
2216 2631 2282 2678 ut
2328 2621 2419 2677 vix
2447 2621 2649 2693 aliquis
2686 2638 2855 2678 sanus
2892 2620 3073 2689 insani
3110 2635 3309 2679 manus
3354 2634 3486 2693 evar

1900 2716 2076 2780 deret,
2101 2714 2171 2769 ab
2188 2712 2449 2784 episcopo
2470 2712 2813 2779 benedictus,
2836 2711 3205 2787 etadamone
3226 2709 3489 2768 liberatus

1902 2817 1957 2863 et
1980 2806 2227 2877 pristina:
2246 2804 2472 2861 sanitati
2494 2812 2580 2860 est
2602 2803 2929 2860 restitutus-
2953 2865 2961 2872 _
3201 2856 3207 2861 .
3299 2858 3327 2868 ,.

1980 2897 2133 2955 Unus
2170 2912 2238 2953 ex
2273 2895 2573 2963 fratribus,
2624 2895 3023 2967 prolixioribus
3060 2892 3399 2951 orationibus
3427 2900 3503 2949 οτι
3579 2952 3583 2957 ,

1904 2991 2161 3065 plurimis
2179 2990 2649 3063 genuﬂexionibus
2662 2989 2932 3049 instanter
2951 2986 3188 3052 deditus,
3214 3000 3390 3057 usque
3412 2985 3503 3043 ad.

214 3093 411 3136 uetare
430 3079 723 3152 .illumque
760 3081 991 3141 devotus
1033 3086 1362 3156 amplectere
1391 3088 1457 3143 in
1494 3104 1605 3160 quo
1632 3088 1879 3176 Dem,11
1905 3081 2347 3153 desperationem
2394 3080 2603 3137 fluxum
2632 3077 3195 3176 sanguinis-incurrit.
3225 3075 3329 3131 llic
3344 3075 3484 3132 misv

210 3179 267 3226 et
304 3186 591 3243 per-quem
619 3183 877 3244 operatur
923 3176 1087 3233 talia-
1108 3178 1292 3246 Quare
1312 3178 1518 3237 Iudaeis
1543 3196 1605 3238 es
1643 3182 1799 3239 dete-

1906 3189 2002 3230 sus
2042 3173 2117 3231 ad
2160 3172 2507 3259 episcopum,
2545 3172 2667 3244 ejus
2697 3171 2896 3227 meruit
2930 3168 3504 3237 benedictionem,,et.~

212 3263 368 3318 sior?
392 3261 719 3322 Illiaiebant
758 3266 826 3322 de
854 3266 1075 3326 Christo
1101 3312 1129 3326 ..
1147 3268 1206 3326 Si
1241 3288 1346 3326 non
1373 3280 1507 3327 esset
1535 3272 1621 3328 hic
1645 3274 1818 3331 homo~

210 3370 245 3406 a
273 3351 405 3420 Deo,
444 3370 550 3409 non
582 3364 789 3425 poterat
824 3357 998 3426 facere
1022 3359 1311 3431 quidquam
1341 3359 1521 3433 (locu.
1557 3363 1665 3434 Ix).
1694 3362 1801 3421 Sed

212 3454 398 3501 tamen
424 3445 576 3514 audi,
610 3456 666 3502 et
683 3463 717 3503 a
739 3454 832 3504 tua
858 3448 1234 3506 incredulitate
1256 3460 1591 3509 convertere.
1616 3453 1802 3522 Quan-

212 3535 395 3606 doque
438 3535 658 3592 astabat
705 3545 897 3593 sancto
924 3539 1085 3593 altari
1124 3539 1416 3612 episcopus
1457 3544 1816 3609 venerandus.

210 3628 414 3684 missas
435 3627 834 3683 celebraturus.
856 3626 1230 3700 Audit'postse
1248 3630 1644 3690 damoniosum
1671 3634 1809 3689 hor--

212 3717 445 3777 ribiliter
491 3718 550 3773 in
594 3719 829 3774 ecclesia
861 3720 1272 3779 vociferantem.
1306 3722 1612 3796 lnterrogat
1641 3724 1802 3796 quid-

209 3828 338 3869 nam
364 3813 474 3869 hoc
520 3812 612 3867 sit.
655 3810 904 3868 indicant
930 3821 1173 3871 astantes
1207 3814 1485 3871 hominem
1525 3816 1600 3871 ibi
1629 3816 1800 3873 atroci

208 3904 461 3961 dmone
507 3906 728 3974 vexari,
776 3917 837 3964 et
875 3910 966 3966 vix
1020 3909 1250 3981 ligatum
1292 3926 1325 3966 a
1368 3910 1581 3982 multis:
1605 3913 1813 3968 teneri-

146 3982 151 3989 “
205 3994 373 4053 Iubet
428 3998 632 4067 pracsul
662 4000 731 4055 ad
782 4001 1078 4071 hospitium
1117 4017 1420 4073 pauperum
1448 4017 1576 4058 vere
1598 4003 1803 4075 adduci

210 4103 533 4158 pauperem,
570 4098 633 4146 et
658 4091 840 4148 cibum
874 4094 926 4149 ei
959 4094 1015 4148 in
1044 4094 1268 4151 nomine
1314 4092 1531 4157 Domini
1577 4094 1796 4165 apponi.

208 4180 255 4231 Δ
278 4195 394 4250 quo
426 4181 658 4251 spiritus
691 4199 929 4254 nequam
959 4184 1246 4244 confestim
1270 4185 1517 4252 recessit,
1547 4194 1605 4240 et
1637 4186 1801 4241 homo

209 4287 381 4329 sanus
408 4274 481 4329 ad
511 4275 746 4345 propria.
773 4278 1054 4333 remeavit.
1084 4288 1097 4299 ‘

279 4362 418 4421 Volo
446 4366 650 4434 adhuc,
684 4383 718 4423 ο
742 4368 1041 4436 inet-edule,
1072 4369 1274 4440 aliquid
1290 4411 1318 4436 ,.
1336 4370 1484 4441 quod
1514 4356 1810 4426 convincat

1903 3281 2031 3322 cum
2055 3264 2435 3322 benedictione
2464 3264 2727 3322 continuo
2748 3262 3092 3333 sOSpitatem.
3380 3300 3387 3309 .
3451 3309 3455 3315 .

1973 3355 2128 3414 Alius
2163 3356 2293 3413 item
2327 3355 2496 3423 frater
2516 3354 2682 3411 etiam
2711 3352 2966 3425 precibus
2997 3357 3055 3407 et
3093 3346 3484 3421 genuﬂexioni—

1898 3447 2008 3503 bus
2037 3462 2206 3518 supra
2223 3447 2370 3504 vires
2392 3447 2658 3512 intentus,
2677 3444 2929 3501 vitalium
2962 3440 3152 3501 incidit
3171 3448 3478 3510 rupturam.

1904 3537 2047 3606 Quid
2066 3538 2316 3605 similiter
2336 3536 2711 3597 benedictione
2727 3531 2969 3605 episcopi
2989 3538 3234 3598 curatus,
3263 3529 3332 3585 ad
3356 3544 3487 3588 suos

1900 3646 2029 3687 cum
2054 3630 2254 3702 gaudio
2278 3644 2532 3709 reversus
2548 3637 2657 3684 est.
3473 3684 3477 3689 ,

1973 3722 2253 3790 Quantum
2282 3722 2587 3793 periculum
2628 3720 2705 3785 sit
2742 3717 2962 3775 mentiri
2990 3714 3507 3787 _Spiritui'sancto,r.

1892 3816 2116 3886 .primus
2140 3824 2326 3886 pastor
2347 3813 2605 3871 Ecclesiae
2624 3812 2760 3868 satis
2778 3810 3093 3879 declaravit,
3107 3823 3234 3865 cum
3254 3805 3314 3865 in
3340 3806 3487 3869 Ana:

1903 3904 1994 3961 nia
2022 3913 2083 3959 et
2106 3903 2339 3974 Saphira
2360 3910 2658 3974 peccatum
2674 3902 2781 3969 hoc
2806 3900 3091 3971 repentina
3121 3904 3298 3954 morte
3320 3896 3487 3957 casti-

1904 3996 2052 4067 gavit
2082 3995 2223 4068 (Act.
2260 3995 2338 4066 v).
2379 3994 2518 4062 Quia
2557 4008 2689 4065 ergo
2729 3991 3137 4061 sanctusiste,
3186 4003 3377 4062 verum
3423 4003 3485 4045 se

1907 4084 2145 4157 Spiritus
2195 4083 2370 4139 sancti
2396 4083 2705 4154 praabuerat
2744 4079 3139 4149 habitaculum,
3193 4078 3391 4134 merito
3422 4078 3488 4137 in

1904 4175 2234 4231 mentientes
2265 4172 2371 4227 sibi
2404 4170 2671 4226 Dominus
2703 4168 3010 4235 ulciscitur,
3041 4166 3133 4223 cui
3153 4166 3321 4221 etiam
3344 4161 3484 4225 Pro.-

1902 4271 2063 4342 pheta
2117 4267 2249 4323 dicit
2296 4285 2311 4320 :
2370 4263 2568 4319 Perdes
2619 4278 2796 4316 omnes
2856 4261 2956 4332 qui.
2999 4259 3291 4338 loquuntur
3341 4272 3501 4317 meu-

1902 4362 2119 4429 decium
2174 4356 2364 4432 (Psal.
2390 4355 2474 4426 v).
2521 4353 2722 4410 Comes
2762 4352 2987 4424 quidam
3021 4350 3197 4423 partis
3243 4346 3487 4404 Heinrici

210 4456 418 4515 famulo
446 4457 546 4515 Dei
577 4476 683 4516 nec
700 4463 996 4531 prophetiae
1016 4462 1270 4533 spiritum
1289 4440 1549 4530 defuisse,
1572 4464 1698 4519 licet
1719 4463 1802 4517 in—
1833 4459 1889 4514 D
1903 4453 2048 4523 regis
2070 4450 2222 4507 venit
2249 4448 2317 4505 ad
2338 4447 2655 4518 episcopum
2679 4460 2805 4500 cum
2826 4445 3145 4533 juramento
3164 4440 3489 4512 promittens

208 4557 427 4618 manu
478 4551 599 4619 tibi,
649 4567 925 4609 enarrare.
958 4553 1206 4611 Clericus
1252 4555 1509 4625 quidam,
1554 4555 1801 4623 dtemonc

207 4643 424 4712 plenus,
461 4644 532 4700 ad
561 4660 691 4700 eum
726 4653 812 4700 est
851 4645 1137 4702 adductus.
1168 4645 1282 4713 ille,
1326 4648 1643 4703 continuata
1668 4663 1800 4703 ora-

192 4732 360 4787 .tione
370 4732 560 4791 acrius
585 4734 822 4801 instans,
836 4735 1139 4791 daemonem
1165 4735 1392 4807 fugavit,
1414 4752 1479 4792 ac
1492 4745 1809 4807 peccatum,.

211 4823 370 4892 cujus
382 4840 563 4881 causa
578 4814 711 4882 huic
734 4826 1020 4883 immundo
1039 4827 1256 4897 spiritui
1273 4828 1576 4898 permissus
1601 4827 1797 4895 fuerat,

194 4914 507 4973 interdixit.
540 4916 823 4993 Prtedixit,
849 4918 897 4974 si
923 4917 1209 4989 peccatum
1244 4919 1434 4985 iteret,
1460 4918 1609 4988 quod
1640 4918 1800 4974 itere-

211 5015 301 5061 tur
325 5007 379 5062 in
404 5024 531 5065 eum
565 5010 836 5066 continuo
862 5010 1073 5081 peccati
1103 5010 1453 5080 supplicium,
1478 5010 1801 5081 praecipiens

214 5110 275 5154 ut
304 5101 359 5155 in
382 5102 639 5160 claustro:
653 5115 784 5158 cum
832 5102 1098 5160 fratribus
1120 5103 1245 5158 vita:
1271 5120 1334 5161 se
1355 5102 1536 5159 tradat
1563 5092 1795 5159 meliori.

212 5189 403 5228 nde.-.
430 5204 563 5228 ml-
598 5193 936 5228 κεκυλίσθαι-’κιο
974 5194 1288 5228 nntium-num
1329 5204 1388 5228 n9
1425 5208 1550 5228 neum
1580 5208 1795 5228 πινακη-

1902 4542 2215 4613 fidelitatem
2245 4534 2979 4607 et'famulatum-Conspexit
3007 4534 3095 4591 ille
3119 4531 3259 4588 forte
3288 4542 3485 4602 agmen

1903 4634 2188 4691 cornicum
2213 4639 2581 4704 precatusque
2609 4636 2696 4685 est
2718 4627 2821 4685 sibi
2846 4628 3063 4696 dicens,
3081 4634 3163 4694 ut,
3199 4632 3334 4697 quot
3356 4637 3484 4679 cor-

1903 4728 2055 4785 nices
2081 4734 2357 4793 cerneret,
2387 4732 2468 4780 tot
2496 4723 2771 4779 daemones
2815 4720 2939 4792 ejus
2973 4718 3212 4777 animam
3243 4714 3490 4790 posside-

1904 4828 2046 4886 rent,
2075 4821 2122 4876 si
2157 4819 2320 4876 fidem
2366 4815 2698 4887 promissam
2742 4829 2853 4868 non
2907 4820 3191 4889 servaret.»
3220 4808 3330 4882 Sed
3377 4821 3499 4865 non.

1905 4910 2079 4967 multo
2127 4921 2252 4981 post
2296 4908 2571 4980 paenitens
2615 4904 2875 4976 promissi
2890 4947 2915 4972 ,.
2957 4903 3028 4959 ad
3052 4900 3371 4960 Heinricum
3396 4898 3503 4971 ho-
3571 4945 3578 4951 .

1906 5011 2046 5061 stem
2107 5001 2366 5065 Ecclesia:
2419 4997 2566 5055 redit
2592 4997 2712 5067 ipse
2744 4995 2953 5051 hostis.
2989 4992 3168 5077 Quem
3188 5050 3191 5053 ,
3211 4993 3513 5065 cpiscopus

1906 5097 2257 5154 anathemate
2269 5091 2634 5156 cauterizans,
2654 5087 2858 5159 probro
2870 5086 3114 5160 perﬁdiae
3137 5103 3253 5146 sate
3272 5079 3502 5151 insignis

1905 5195 2020 5228 mm
2068 5187 2266 5228 divina:
2293 5178 2563 5228 nermittit
2587 5177 2817 5228 ultioni-
2833 5175 2949 5228 Nec
2973 5191 3155 5228 mora-
3171 5176 3240 5228 Et
3264 5173 3357 5228 illa
3380 5167 3511 5224 ferit
