3988 5328
564 142 671 201 885

1548 154 1640 210 AD
1673 154 1902 216 OPEHA
1945 160 2002 218 S.
2045 161 2379 221 GREGORII
2414 161 2854 227 APPENDICES.

3730 170 3838 229 εει

568 256 682 330 Ego
711 257 872 331 plane
905 275 1011 318 non
1036 263 1344 338 negaverim
1380 266 1475 340 qui
1501 285 1613 327 non
1654 268 1848 345 ignaro
1867 274 1922 331 in
1957 277 2153 350 plerls-
2182 267 2228 339 Α
2253 278 2543 337 animabus
2563 281 2700 348 suis,
2722 280 2817 337 sed
2845 281 2901 337 in
2927 279 3127 338 castris
3144 278 3580 341 tuis'victnribus
3600 282 3700 342 fide
3722 283 3837 342 for-

564 363 674 418 que
702 353 876 408 multo
904 353 1145 425 tempere
1169 356 1437 414 daemonia
1464 360 1689 420 latuisse
1716 375 1889 434 muta,
1918 366 2148 423 multos-

563 455 672 510 que
724 440 964 500 deterius
1013 459 1045 501 a
1093 446 1436 508 daemonibus
1486 453 1675 511 vexari
1699 453 1849 513 intus
1880 472 2048 529 quam
2100 456 2149 515 si

561 529 1003 602 discerpereutnr
1029 534 1183 593 foris.

631 617 847 709 Quanta
886 639 1030 682 ,vcro
1075 630 1383 687 constantia
1438 641 1698 690 strenuus
1745 642 1937 707 pastor
1989 637 2148 709 lupos

559 706 728 777 hujus
763 713 949 768 s:eculi
989 730 1022 771 a
1076 716 1385 788 direptione
1418 738 1602 780 rerum
1649 706 2146 785 ecclesiasticarum

555 805 913 874 rcpresserit,
941 824 1068 865 cum
1097 813 1249 869 nullo
1278 825 1569 886 parentum
1598 818 1887 889 juvaretur
1910 824 2141 892 auxilio,

552 891 638 946 vel
698 895 953 960 consilio.
1018 901 1267 973 subjecto
1315 908 1567 978 exemplo
1615 912 1982 982 cognoscitur.
2034 911 2147 971 Nec

549 991 734 1041 tamen
768 996 887 1042 emt
919 989 1092 1059 solus,
1117 994 1211 1049 cui
1245 1010 1463 1070 seraper
1496 999 1689 1057 aderat
1723 999 1885 1060 Deus.
1914 1003 2071 1062 Unde
2090 1015 2147 1064 et

555 1088 682 1130 vere
709 1076 926 1135 dicebat
958 1099 973 1134 ε
1008 1080 1115 1149 Qui
1137 1101 1218 1141 me
1262 1090 1429 1157 misit,
1455 1107 1657 1147 mecum
1682 1102 1782 1163 est,
1807 1104 1859 1150 et
1889 1112 1993 1151 non
2020 1097 2145 1153 reli-

549 1167 668 1261 quit
703 1183 784 1224 me
810 1174 1017 1239 solum;
1041 1176 1170 1246 quia
1191 1193 1310 1249 quae
1328 1179 1533 1251 placita
1551 1176 1687 1239 sunt
1702 1187 1753 1241 ei
1780 1187 1923 1258 facio
1942 1205 2146 1261 semper

546 1257 715 1353 (loqu
754 1264 897 1333 vm).
932 1264 995 1321 Et
1017 1266 1149 1324 illud
1182 1270 1235 1326 in
1265 1274 1477 1343 psalmo
1507 1294 1521 1330 :
1561 1276 1770 1333 Battum
1816 1290 1895 1335 est
1924 1257 2144 1353 sperare

547 1349 606 1446 in
634 1351 864 1409 Domino
889 1373 1051 1427 quam
1077 1374 1290 1431 sperare
1317 1364 1374 1418 in
1391 1368 1721 1439 principibus
1745 1370 1924 1442 (Ρωι.
1948 1349 2141 1446 cxvii).

548 1441 699 1536 ‘Erati
724 1447 949 1518 quidam
982 1454 1248 1522 praedives
1275 1466 1332 1512 et
1367 1450 1567 1517 nobilis
1610 1463 1716 1532 vir,
1756 1441 1864 1536 qui
1902 1441 2144 1524 defuncti

543 1534 738 1629 fratris
756 1539 844 1593 sui
878 1540 1225 1613 beneficium,
1259 1550 1408 1619 quod
1437 1551 1507 1607 ab
1541 1534 1804 1627 episcopo
1832 1566 2141 1629 receperat,

546 1626 708 1721 quasi
760 1629 1106 1692 htereditario
1129 1637 1275 1708 jure,
1325 1645 1646 1714 usurpavit;
1692 1626 1985 1720 episcopus
2006 1649 2134 1721 jure
2162 1632 2207 1687 Β

538 1701 850 1784 Provinciae
876 1701 1222 1786 contradicit.
1253 1701 1324 1788 at
1347 1734 1439 1790 ille
1463 1701 1587 1792 tum
1612 1701 2135 1809 assignant.

540 1808 656 1866 lere
684 1814 831 1882 quod
862 1830 987 1872 cum
1028 1819 1238 1889 iustitia
1262 1840 1370 1881 non
1393 1836 1627 1898 poterat.
1663 1808 1908 1888 Sustinet
1940 1834 2133 1891 servus

542 1901 640 1997 Dei
672 1906 743 1962 ad
772 1916 989 1982 tempus
1016 1915 1294 1974 hominem
1325 1935 1588 1978 vesanum
1614 1926 1752 1979 dans
1775 1934 1830 1980 et
1857 1935 2055 1997 optans
2080 1927 2131 1983 ei

539 1995 725 2089 locum
753 2003 1104 2070 pceuitentize.
1134 2007 1231 2065 Illo
1267 2010 1324 2065 in
1348 2014 1559 2070 malitia
1606 1995 2017 2086 perseverante,
2039 2018 2130 2089 ja-

540 2088 669 2144 culo
718 2094 1083 2155 anathematis
1108 2100 1427 2159 vindicavit.
1457 2105 1630 2178 Cujus
1661 2088 2127 2177 communionem,

539 2191 666 2235 cum
698 2183 901 2255 quique
923 2188 1165 2261 religiosi
1199 2193 1538 2254 declinarent
1561 2206 1618 2254 et
1645 2198 1743 2270 qui
1774 2199 1939 2271 primi
1972 2208 2131 2256 erant

540 2270 824 2330 orientalis
869 2279 1184 2352 provinciae,
1219 2289 1545 2344 verecundia
1585 2297 1641 2345 et
1680 2270 2005 2347 cunctorum
2034 2308 2129 2349 cx-

532 2364 890 2456 probratione
910 2382 1156 2443 cogente,
1184 2374 1241 2431 in
1269 2377 1396 2434 villa
1429 2378 1486 2435 S.
1513 2378 1789 2455 Hippolyti
1810 2383 2127 2456 episcopum

536 2452 694 2522 adiit,
725 2463 780 2511 et
805 2458 860 2515 in
883 2460 1151 2530 profunda
1176 2465 1301 2522 nive
1321 2477 1448 2525 ante
1482 2452 1647 2541 pedes
1671 2452 1792 2541 ejus
1819 2452 2127 2543 prostratus

533 2551 591 2599 et
616 2548 842 2619 supplex
885 2551 1215 2625 diutissime,
1250 2558 1534 2616 satisfecit.
1564 2560 1677 2618 Nec
1715 2571 1901 2620 tamen
1923 2565 2127 2622 meruit

532 2639 1067 2713 reconciliationem,
1099 2646 1273 2705 donec
1312 2651 1532 2719 villam,
1579 2669 1706 2724 qua:
1737 2653 2131 2712 Ratoldesdorf

432 2774 437 2779 .
531 2728 753 2799 dicitur,
785 2734 1010 2792 tradidit
1031 2736 1088 2792 in
1110 2738 1203 2809 jus
1230 2742 1515 2814 episcopii,
1545 2752 1601 2800 et
1621 2746 1702 2802 sic
1733 2746 1954 2805 demum
1978 2749 2123 2804 mul-

533 2826 717 2877 torum
772 2824 1036 2882 nobilium
1086 2831 1344 2900 precibus
1394 2834 1486 2890 vix
1534 2835 2059 2907 intervenientibus,
2092 2854 2125 2895 a

529 2913 756 2972 vinculo
780 2916 1370 2981 excommunicationis
1395 2927 1678 2984 absolutus
1704 2937 1805 2985 est.
1831 2930 2120 3001 Acceptam

531 3017 715 3064 autem
765 3010 1054 3083 episcopus
1096 3015 1282 3072 villam
1319 3005 1585 3090 delegavit
1631 3036 1796 3092 super
1838 3023 2010 3079 altare
2052 3023 2113 3078 Β.

533 3094 719 3154 Marias
749 3099 807 3155 in
839 3100 1204 3174 liotvvigcensi
1247 3105 1646 3182 [Gotwicensi]
1688 3113 1959 3168 emnobio.

605 3187 751 3244 Inter
785 3191 901 3247 base
946 3190 1217 3251 marcbio°
1244 3186 1578 3268 Luipoldus,
1631 3203 1973 3259 coadunatus
2005 3202 2120 3275 pri-

534 3279 784 3336 moribus
826 3281 945 3339 suis
974 3283 1029 3339 in
1077 3286 1236 3353 villa,
1275 3304 1399 3358 qua:
1434 3288 1611 3345 Tulna
1645 3292 1866 3359 dicitur,
1918 3296 2120 3351 abbot-«-

529 3384 663 3425 rens
706 3374 1049 3443 tyrannidem
1085 3375 1326 3436 Heinrici
1360 3382 1505 3452 regis
1547 3391 1601 3437 et
1634 3384 1903 3453 scbisma,
1961 3387 2120 3457 cujus

532 3470 727 3518 auctor
782 3462 961 3522 factus
994 3466 1201 3536 fuerat,
1240 3469 1545 3527 dominium
1582 3473 1703 3544 ejus
1760 3475 2120 3545 jurejurando

532 3552 800 3625 abnegat,
834 3569 1027 3615 omnes
1077 3558 1318 3618 fautores
1356 3563 1479 3633 ejus
1511 3564 1580 3620 de
1625 3564 1915 3622 Provincia
1947 3568 2117 3638 pellit,

533 3646 849 3714 apostolicae
910 3664 1041 3706 vero
1086 3651 1202 3707 sedi
1267 3661 1323 3708 et
1370 3654 1492 3725 ejus
1545 3655 1723 3727 legato
1785 3656 2121 3715 Altmannno

530 3738 846 3798 obedientes
896 3744 1027 3800 totis
1073 3744 1286 3803 viribus
1353 3746 1502 3804 fovet
1547 3757 1603 3804 et
1661 3750 1915 3822 protegit.
1974 3755 2121 3819 Qua-

526 3841 752 3902 propter
810 3850 905 3891 rex
969 3836 1050 3893 ira
1105 3853 1444 3908 succensus,
1506 3829 1808 3899 marcbiam
1873 3845 2121 3915 ejusdem

527 3920 779 3995 Luipoldi
801 3927 1132 4013 contradidit
1158 3928 1291 3986 Duci
1315 3930 1687 3988 Boemiorum.
1720 3931 1807 3988 Nil
1837 3935 1928 3989 ille
1949 3934 2123 3991 distu-

522 4012 611 4081 lit,
647 4016 744 4073 sed
773 4012 1000 4075 ccllccto
1035 4028 1149 4076 tam
1167 4021 1235 4076 de
1258 4038 1359 4077 sua
1391 4038 1557 4093 quam
1586 4023 1653 4078 de
1672 4024 1873 4079 vicinis
1896 4026 2120 4095 provin-

525 4106 631 4162 ciis
644 4110 983 4179 permaxima
1001 4112 1266 4180 exercitu,
1287 4115 1355 4169 ad
1369 4113 1504 4171 lines
1526 4116 1864 4172 marcbionis
1881 4118 2117 4174 advenit.

524 4198 638 4257 Nec
668 4201 757 4258 ille
786 4202 1006 4273 segnior
1035 4214 1161 4259 cum
1193 4206 1343 4260 omni
1385 4207 1585 4277 populo
1614 4191 1714 4264 suo
1746 4208 1801 4262 in
1837 4208 1986 4276 loco,
2023 4211 2117 4281 qui

2249 370 2420 426 tiores
2441 370 2623 428 devoti
2651 372 3047 429 occubuerunt.

2248 490 2253 495 -
2321 458 2521 518 Secuta
2554 473 2640 519 est
2674 471 2858 520 autem
2901 475 3138 538 stragem
3167 466 3331 523 istam
3364 463 3541 524 fames
3574 468 3835 535 maxima,

2245 561 2307 608 ut
2329 553 2516 623 ﬁdeles
2536 553 2666 612 suos
2699 556 2967 613 Dominus
2985 558 3326 628 experiretur
3358 557 3416 614 in
3449 559 3706 630 operibus
3731 560 3835 615 mi-

2244 646 2579 716 sericordiae,
2616 663 2756 719 quos
2787 648 2923 706 satis
2952 649 3401 721 comprobaverat
3428 650 3488 706 in
3520 649 3836 706 fortitudine

2244 740 2585 795 constantiae.
2623 738 2771 795 Nihil
2801 740 2906 797 sibi
2946 741 3005 796 in
3042 741 3149 798 bac
3176 742 3506 798 necessitate
3527 741 3688 798 Pater
3718 742 3837 798 Alt-

2243 845 2482 886 manuus
2504 831 2747 899 retinuit,
2771 847 2946 904 usque
2966 833 3031 887 ad
3058 833 3237 905 ipsum
3262 833 3561 891 linteamen
3585 843 3832 890 cunctam

2243 921 2509 992 episcopii
2534 923 2958 993 suppellectilem
2971 924 3235 992 vendidit,
3254 936 3311 981 et
3335 924 3709 998 indigentibus
3727 925 3836 981 dis-

2245 1013 2454 1070 tribuit.
2516 1011 2668 1070 Unde
2710 1004 2927 1086 qumue
2981 1013 3144 1083 Pater
3186 1031 3489 1086 pauperum
3522 1015 3700 1071 dictus
3727 1023 3829 1071 est.

2243 1101 2524 1175 Praecipue
2571 1113 2756 1161 tamen
2813 1106 2870 1161 in
2933 1115 3119 1163 monte
3176 1105 3546 1180 Kotwigcensi
3601 1105 3831 1177 plurim

2243 1194 2417 1250 millia
2438 1209 2740 1266 pauperum
2770 1210 2802 1250 a
2831 1194 2994 1252 famis
3017 1196 3263 1267 periculo
3296 1196 3659 1252 conservavit.

2316 1284 2492 1352 Quam
2521 1301 2654 1342 vero
2685 1286 3003 1358 negotiosus
3041 1285 3209 1342 fuerit
3252 1286 3309 1341 in
3347 1301 3519 1343 causa
3555 1286 3828 1352 Ecclesia,

2244 1391 2368 1448 quae
2390 1384 2637 1447 tempore
2670 1392 2772 1433 suo
2786 1386 2939 1435 tanto
2964 1370 3183 1433 turbine
3203 1376 3665 1444 confundebantur,
3695 1378 3823 1433 indi.

2247 1476 2375 1523 cant
2400 1467 2647 1539 epistolae
2668 1477 2781 1524 tam
2811 1469 3003 1525 crebro
3025 1468 3094 1524 ad
3127 1483 3255 1523 eum
3276 1483 3308 1523 a
3330 1469 3557 1527 domino
3586 1483 3724 1541 papa
3749 1468 3823 1525 di-

2252 1569 2435 1614 rectae.
2469 1557 2526 1614 In
2557 1560 2758 1631 quibus
2782 1560 2927 1616 inter
2954 1559 3063 1617 alia
3102 1559 3268 1616 etiam
3298 1561 3406 1617 hoc
3449 1563 3736 1617 consulere
3775 1570 3825 1617 et

2246 1648 2558 1720 signiﬁcem
2581 1665 2720 1721 papa
2740 1650 2977 1719 videtur,
3022 1659 3083 1706 ut
3115 1666 3238 1721 qua:
3278 1650 3335 1707 in
3362 1660 3475 1706 tam
3509 1652 3823 1724 gravissima

2217 1747 2444 1809 asanctae
2465 1738 2725 1797 Ecclesia:
2741 1749 2898 1813 pertu
2906 1741 3501 1813 rbationedissimulari
3526 1759 3593 1799 ac
3612 1743 3824 1801 tolerari

2233 1830 2580 1902 aliquatenus
2609 1843 2858 1905 possent,
2888 1849 2998 1889 non
3031 1833 3246 1890 sublata
3283 1834 3535 1904 penitus,
3572 1835 3665 1890 sed
3691 1845 3823 1889 tem-

2231 1934 2418 1995 perata
2435 1925 2777 1983 districtione
2803 1928 3089 1998 quiescant
3119 1946 3134 1982 :
3160 1943 3288 1983 cum
3312 1924 3519 1995 autem,
3539 1928 3823 1985 miserante

2231 2012 2362 2083 beo,
2399 2017 2715 2074 victoria‘et
2746 2034 2851 2089 pax
2886 2016 3148 2074 Ecclesia:
3181 2016 3397 2077 reddita
3434 2016 3624 2084 fuerit,
3656 2018 3819 2073 dere-

2230 2102 2629 2180 dintegrutionc
2643 2109 2891 2179 justitiaa,
2931 2104 3199 2181 quantum
3222 2107 3345 2179 ipso
3366 2109 3664 2165 auxiliante
3690 2124 3817 2179 pos-

2230 2198 2387 2255 sibile
2408 2198 2602 2267 fuerit,
2628 2201 2863 2258 sollicite
2896 2201 3140 2272 cogitare
3169 2208 3225 2256 et
3252 2200 3385 2256 totis
3408 2199 3623 2254 viribus
3651 2197 3818 2254 elabo-

2229 2274 2373 2345 rare.
2409 2287 2551 2346 Hinc
2569 2291 2873 2361 capitulum
2899 2289 3033 2346 illud
3053 2290 3120 2347 de
3144 2290 3544 2347 incontinentis
3566 2287 3817 2344 sacerdo-

2226 2387 2345 2436 tum
2384 2396 2416 2437 a
2446 2389 2558 2437 tam
2594 2381 2800 2439 invicto
2823 2392 3228 2455 propugnatore
3266 2382 3536 2439 castitatis
3564 2380 3819 2437 dissimu-

2224 2472 2419 2542 latum,
2453 2489 2562 2530 non
2582 2475 2945 2547 approbatum
2973 2475 3259 2531 remansit.

2296 2563 2467 2621 Porro
2487 2574 2754 2636 quantum
2790 2563 3035 2622 Ecclesia
3055 2561 3395 2622 Pataviensis
3418 2562 3535 2634 ejus
3553 2560 3821 2633 pussula

2224 2662 2313 2711 tus
2359 2662 2607 2727 tempore
2640 2657 2698 2711 in
2742 2655 3250 2727 constructionibus
3293 2662 3350 2709 et
3394 2651 3817 2710 correctionibus
3888 2693 3901 2703 .

2226 2749 2690 2804 monasteriorum
2710 2757 2765 2803 et
2785 2742 3083 2804 structuris
3110 2755 3165 2802 et
3191 2744 3540 2801 ornamentis
3565 2740 3817 2798 ecclesia-

2226 2851 2373 2906 rum,
2416 2846 2472 2893 et
2517 2836 3211 2895 honestate'ministrorum
3240 2833 3539 2907 profecerit
3565 2832 3813 2897 dicerem,

2226 2931 2274 2989 si
2302 2951 2413 2991 non
2439 2934 2838 2990 contradiceret
2858 2948 2926 2988 ex
2956 2947 3154 3004 magna
3184 2938 3338 3003 parte
3362 2937 3564 2995 status,
3587 2927 3696 2983 imo
3720 2941 3813 2983 ων

2223 3043 2320 3085 sus
2349 3041 2537 3082 rerum
2575 3024 2947 3096 praesentium.
2999 3021 3067 3078 Et
3108 3031 3293 3078 tamen
3337 3036 3442 3094 ego
3491 3018 3815 3075 vermiculus

2221 3120 2497 3177 neminem
2539 3118 2594 3171 in
2633 3117 2738 3173 bac
2767 3125 2922 3186 parte
2938 3115 3147 3185 judico.
3196 3112 3335 3180 Quis
3370 3114 3523 3168 enim
3560 3127 3683 3168 sum
3718 3100 3809 3180 qui

2215 3212 2458 3284 judicem
2495 3210 2735 3265 alienum
2761 3202 3016 3263 servum?
3047 3222 3150 3262 suo
3180 3205 3420 3261 Domino
3439 3213 3573 3271 stat,
3604 3212 3697 3258 aut
3725 3217 3813 3256 ca-

2220 3306 2301 3361 dit
2325 3304 2500 3376 (Rom.
2529 3301 2664 3374 XIV).
2693 3300 2813 3372 ipse
2835 3300 2984 3355 enim
3006 3309 3229 3356 sanctus
3250 3299 3550 3370 episcopus
3574 3306 3814 3367 tempore

2221 3396 2504 3468 Reginari,
2547 3395 2641 3466 qui
2678 3394 2871 3450 tertius
2911 3387 3036 3464 post
3073 3393 3255 3464 ipsum
3278 3392 3572 3457 successit,
3599 3406 3813 3462 permu»

2220 3487 2483 3543 tationem
2505 3485 2749 3540 melioris
2771 3492 2948 3540 status
2968 3483 3024 3537 in
3047 3483 3301 3538 eumdem
3328 3481 3638 3537 antistitem
3660 3478 3816 3535 citius

2220 3577 2627 3643 vindicandam,
2650 3564 2866 3630 cuidam
2893 3574 3152 3647 religioso
3171 3572 3330 3627 fratri
3358 3571 3610 3627 revelare
3632 3570 3816 3641 digna-

2221 3680 2312 3726 tus
2337 3677 2439 3725 est.
2466 3667 2767 3723 Videbatur
2798 3666 2875 3721 illi
2904 3665 3051 3736 quod
3082 3663 3274 3720 Romae
3292 3672 3445 3719 esset
3476 3662 3537 3718 in
3563 3659 3812 3723 concilio,

2219 3769 2275 3816 et
2312 3759 2373 3814 Β.
2414 3758 2769 3813 Aitmannum
2797 3756 2999 3813 eximio
3034 3754 3186 3811 cultu
3223 3769 3355 3811 cum
3389 3751 3672 3824 episcopis
3700 3750 3814 3821 plu-

2221 3852 2376 3907 ribus
2396 3849 2687 3912 infulatum
2715 3847 2825 3904 illic
2847 3846 3113 3907 assidere.
3133 3845 3239 3914 Qui
3261 3860 3629 3916 consurgens,
3643 3852 3815 3900 stans-

2220 3960 2328 4015 que
2348 3944 2404 3999 in
2427 3930 2608 3998 medio
2644 3957 2675 3997 a
2695 3941 2921 3997 domino
2952 3955 3094 4011 papa
3115 3939 3251 4009 petit
3273 3938 3611 3993 advocatum
3639 3949 3814 3992 causa:
3872 3926 3883 3932 ’

2222 4053 2355 4099 suae.
2378 4036 2500 4103 Quo
2539 4044 2783 4104 accepto,
2829 4033 3107 4105 querelam
3150 4031 3410 4104 proponit
3431 4031 3504 4086 de
3544 4029 3814 4102 Reginam

2220 4131 2496 4201 episcopo,
2525 4143 2776 4185 asserens
2801 4142 2928 4181 eum
2946 4125 3324 4180 Pataviensem
3358 4122 3740 4192 episcopatum
3760 4120 3811 4173 in

2222 4224 2488 4281 ccenobiis
2517 4238 2583 4278 ac
2611 4220 2889 4292 parocbiis
2916 4219 3122 4289 optime
3147 4216 3480 4289 dispositum
3518 4214 3810 4277 invenisse.

524 4291 1107 4388 dieurbeNhgdicitur,
1138 4297 1392 4353 hostibus
1420 4299 1678 4354 occurrit.
1716 4298 1822 4356 Sed
1854 4303 1994 4373 prob
2017 4303 2119 4357 do-
2152 4327 2195 4381 ι)
2219 4317 2338 4388 eius
2368 4332 2498 4373 vero
2521 4291 2849 4386 negligentia
2873 4320 3127 4369 cunctam
3149 4325 3289 4381 pene
3314 4309 3645 4380 religionem
3669 4309 3722 4363 in
3751 4323 3813 4361 eo

523 4384 635 4440 lor!
688 4385 759 4441 ab
796 4386 1126 4443 adversariis
1172 4389 1438 4458 inspirate
1485 4391 1913 4460 circumventus,
1969 4409 2115 4463 cum,

520 4472 743 4541 turbato
777 4480 1042 4546 exercitu,
1079 4479 1138 4535 in
1178 4481 1355 4537 aciem
1387 4498 1444 4538 se
1484 4484 1735 4554 colligere
1773 4501 2119 4556 nequaquam

522 4580 778 4638 possent,
804 4570 932 4628 fuso
953 4573 1107 4643 prius
1138 4573 1399 4644 utrinque
1436 4575 1609 4629 multo
1644 4576 1910 4647 sanguine
1943 4578 2118 4633 hostis

520 4662 849 4729 praevaluit;
883 4663 1013 4720 Haec
1032 4674 1162 4720 sunt
1195 4665 1406 4736 judicia
1444 4675 1557 4732 tua,
1609 4665 1859 4722 Domine.
1910 4666 2003 4723 Sic
2034 4677 2115 4736 tu,

520 4751 784 4821 Domine,
837 4765 1009 4824 taces,
1056 4757 1226 4827 impio
1288 4758 1645 4814 conculcante
1691 4758 1984 4828 justiorem
2033 4776 2110 4816 se.

521 4843 783 4915 Nunquid
818 4842 1016 4903 victrix
1054 4862 1222 4905 causa
1240 4844 1349 4923 tibi
1386 4851 1622 4920 placuit?
1650 4849 1708 4907 Si
1744 4851 1968 4921 placuit,
2004 4867 2111 4908 non

524 4939 592 4992 ad
615 4938 951 4993 vincentium
973 4942 1177 5010 placuit
1197 4946 1449 5013 salutem,
1475 4947 1569 5002 sed
1590 4947 1657 5002 ad
1682 4942 2109 5004 damnationem.

525 5026 619 5083 Sic
644 5028 791 5082 enim
823 5030 1162 5098 perditorum
1188 5037 1378 5105 perﬁci
1420 5039 1559 5095 sinis
1599 5040 1984 5109 perditionem,
2031 5040 2114 5096 sic

521 5136 618 5176 eos
640 5134 803 5175 ruere
837 5117 976 5175 facis
1004 5121 1058 5174 in
1082 5132 1234 5179 tuam
1262 5130 1666 5185 severissimam
1690 5131 2108 5187 districtionem.

522 5212 671 5267 Victi
698 5220 882 5266 autem
922 5226 1090 5268 causa
1129 5215 1275 5271 haud
1320 5220 1549 5277 dubium
1588 5225 1685 5279 tibi
1716 5224 1942 5296 placuit,
1983 5225 2114 5295 quia

526 5321 577 5328 ..-
592 5304 752 5328 -12....Α
766 5302 1047 5328 λΛηΑόξΛ-ιιι
1074 5303 1208 5328 Αξ-.-Α
1234 5306 1276 5328 I'."
1292 5325 1304 5328 _

2216 4411 2534 4482 deperiisse.
2586 4407 2777 4463 Stabat
2818 4416 3001 4461 autem
3053 4404 3360 4475 Reginarus
3401 4410 3557 4457 retro
3591 4418 3625 4457 a
3660 4401 3813 4470 longe

2218 4500 2559 4570 perterritus.
2588 4490 2796 4565 Quaerit
2824 4494 3158 4567 apostolicus
3189 4507 3356 4562 super
3386 4491 3494 4546 hac
3520 4508 3585 4547 re
3608 4491 3681 4546 ab
3695 4489 3811 4561 epi-

2217 4592 2400 4662 sc0pis
2432 4590 2782 4655 sententiam,
2806 4603 2907 4643 nec
2940 4587 3103 4642 aliam
3124 4599 3291 4655 quam
3312 4580 3708 4639 "damnationis
3733 4597 3816 4636 ac-

2215 4686 2359 4754 cepit
2379 4684 2449 4739 ab
2472 4683 2748 4739 omnibus.
2777 4679 2983 4734 Eodem
3010 4691 3141 4747 ergo
3163 4690 3310 4730 anno
3340 4675 3490 4730 idem
3509 4674 3815 4746 Reginarns

2220 4774 2594 4829 inﬁrmitatem
2629 4771 2839 4836 incidit,
2873 4769 2930 4824 in
2961 4783 3071 4840 qua
3093 4767 3259 4823 etiam
3283 4781 3463 4837 usque
3490 4766 3565 4822 ad
3584 4772 3832 4821 mortem

2219 4863 2552 4938 perduravit.

2292 4955 2448 5010 Nunc
2477 4969 2609 5026 ergo
2643 4968 2803 5024 quem
2836 4953 3002 5007 linem
3035 4950 3192 5016 vitm,
3231 4950 3419 5005 verius
3447 4958 3637 5006 autem
3672 4951 3814 5020 quod

2219 5046 2552 5117 principium
2588 5046 2710 5101 vitae
2740 5046 2969 5101 sortitus
2990 5044 3063 5100 sit
3086 5044 3279 5099 beatus
3308 5043 3415 5109 vir,
3454 5044 3813 5114 explicemus.

2223 5137 2376 5195 Sicut
2402 5138 2549 5193 enim
2576 5136 2843 5206 scriptum
2872 5145 2989 5192 est:
3009 5134 3142 5191 Cum
3162 5134 3615 5189 consummaverit
3642 5134 3818 5193 homo.

2221 5240 2346 5284 tunc
2377 5229 2566 5299 incipit
2603 5226 2802 5300 (Eccle.
2825 5226 3005 5296 xvm).
3035 5224 3356 5280 Transactis
3396 5224 3572 5296 igitur
3606 5226 3667 5279 in
3706 5223 3821 5293 epi-
