3988 5328
250 283 366 342 885

1141 287 1427 345 APPEND.
1469 289 1554 344 III.
1596 320 1663 330 —--
1705 286 2134 344 MONUMENTA
2170 287 2634 347 GREGORIANA.

3409 291 3514 352 886

251 405 463 458 scente,
492 396 760 454 intellexit
780 398 1031 453 nuntium
1065 402 1277 456 mortis.
1310 402 1389 457 Ad
1411 418 1594 472 quem,
1618 404 1830 458 etiamsi
1861 403 1906 458 Α
1936 398 2087 455 Unde
2128 399 2491 473 ingemiscens
2537 401 2843 456 clamabat:
2877 399 2990 456 IIeu
3038 399 3320 470 miserum,
3367 407 3517 475 quod

249 502 356 558 pro
401 487 695 557 fragilitate
740 488 979 544 humana
1029 489 1318 561 inhorruit,
1365 508 1464 562 pro
1503 495 1835 550 conscientia

253 586 440 634 tamen
472 577 627 632 bona.
654 579 872 649 gavisus
892 587 994 645 est,
1033 581 1210 637 sciens
1239 584 1387 652 quod
1422 585 1524 638 hac
1559 593 1712 654 porta
1753 585 1836 639 in—

252 674 426 724 traret
451 666 511 721 in
539 668 798 737 gaudium
832 667 1047 722 Domini
1079 669 1186 724 sui.
1227 671 1430 742 Itaque,
1467 675 1593 744 quia
1617 690 1725 729 non
1749 675 1835 729 di-

249 764 409 811 xerat
434 756 562 823 sibi,
589 773 695 826 pax
717 765 765 811 et
777 760 1035 812 securitas
1055 758 1106 831 (Ι
1115 759 1142 812 1
1180 759 1357 816 Thess.
1380 764 1464 832 v),
1501 779 1610 818 non
1641 779 1835 833 repen-

249 849 405 910 tinus
444 850 503 904 ei
554 850 869 920 supervenit
910 853 1180 909 interitus.
1225 853 1701 912 Rememocaverat
1750 858 1838 912 ille

247 955 470 1010 semper
504 941 805 998 novissima
840 959 936 996 sua
962 985 978 1010 ,
1023 953 1078 999 et
1113 960 1178 999 ea
1203 946 1406 1016 iugiter
1441 947 1840 1002 desideraverat

249 1031 444 1085 dicens
467 1031 713 1100 quotidie
745 1032 798 1086 in
831 1032 994 1088 corde
1015 1025 1144 1089 suo:
1166 1033 1391 1099 Quando
1420 1038 1644 1102 ueniam,
1672 1047 1722 1091 et
1744 1055 1838 1109 ap-

248 1122 444 1191 parebo
467 1133 592 1176 cnte
613 1123 808 1192 faciem.
837 1123 975 1177 Dei?
998 1123 1174 1195 (Ρεαίο
1201 1124 1334 1195 xu")
1410 1153 1412 1156 '

324 1216 673 1286 Quapropter
706 1218 949 1274 sentiens
983 1217 1268 1273 imminere
1290 1219 1390 1274 sibi
1422 1219 1837 1276 dissolutionem

251 1309 505 1376 corporis
551 1310 658 1376 sui,
691 1309 744 1363 in
784 1327 895 1380 quo
923 1311 1035 1380 jam
1079 1311 1170 1365 diu
1212 1312 1655 1383 peregrinabatur
1679 1330 1708 1367 a
1732 1312 1839 1368 Do-

251 1413 436 1464 u‘uno,
472 1399 641 1456 hctus
668 1402 859 1456 orabat
894 1402 1125 1459 dicens:
1158 1401 1308 1456 Educ
1343 1404 1408 1457 de
1443 1405 1684 1458 custodia
1715 1405 1836 1458 ani-

253 1504 397 1542 mam
427 1505 604 1541 meum
634 1488 704 1542 ad
727 1492 1081 1560 conﬁtendum
1115 1494 1322 1546 nomini.
1344 1501 1433 1546 tuo
1461 1493 1635 1562 (Psal.
1667 1494 1832 1563 CXLI).

253 1578 322 1633 Et
340 1580 470 1650 quia
499 1590 725 1637 noverat
749 1591 803 1637 et
833 1599 1074 1654 persaepe
1103 1585 1365 1640 docuerat
1392 1587 1537 1656 quod
1561 1587 1628 1641 ad
1661 1602 1837 1656 quan-

253 1671 506 1728 tumlibet
521 1673 798 1742 justorum
819 1676 1233 1745 emigrationem
1252 1677 1548 1732 adversarii
1573 1679 1837 1748 colligun-

1935 493 2058 563 plus
2102 509 2341 564 unquam
2385 494 2600 563 possedi
2641 493 2952 549 divitiarum
2999 510 3164 566 quam
3210 495 3513 568 simplicem

1935 583 2136 636 victum
2167 591 2221 636 et
2252 583 2507 637 vestitum
2526 585 2539 636 !

2006 672 2210 741 Agente
2230 671 2412 741 itaque
2440 674 2496 728 in
2531 673 2789 728 extremis
2817 673 2980 744 huius
3007 673 3253 731 mortalis
3274 674 3397 730 vita:
3424 691 3516 731 ve-

1936 761 2182 814 nerando
2223 761 2484 827 antistite,
2529 776 2638 817 non
2677 777 2815 831 opus
2848 771 3054 818 eratut
3088 763 3156 818 de
3182 763 3518 835 providendo

1935 852 2084 908 exitu
2116 867 2218 906 suo
2241 853 2368 922 quis
2397 867 2521 906 eum
2543 863 2932 908 commoneret.
2958 853 3076 925 Ipse
3095 855 3240 910 enim
3263 855 3366 910 sibi
3388 870 3520 926 pro.

1935 941 2144 1001 viderat
2179 950 2294 996 toto
2323 951 2564 1012 tempore
2587 942 2711 998 vitae
2741 959 2873 1010 suae,
2914 951 2989 1011 et,
3029 945 3174 1015 quia.
3193 945 3328 1000 bene
3359 945 3519 1000 vixe-

1935 1041 2041 1099 rat,
2078 1031 2308 1090 feliciter
2345 1034 2701 1089 moriebatur.
2745 1034 3002 1105 Alioquin
3059 1036 3106 1091 si
3161 1045 3292 1092 tunc
3338 1037 3521 1108 primo

1939 1121 2272 1183 commoneri
2304 1137 2431 1176 eum
2457 1137 2680 1178 necesse
2708 1121 2921 1190 fuisset,
2966 1134 3110 1180 recte
3147 1127 3520 1196 respondisset

1936 1213 2084 1282 quod
2105 1215 2431 1270 venerabilis
2451 1213 2685 1276 Chuono
2701 1214 3382 1286 RatisponensisEcclesize
3401 1218 3517 1288 cpi—

1939 1319 2163 1374 scapus,
2192 1315 2316 1360 ante
2341 1322 2469 1362 vero
2503 1306 2876 1379 Sigbergensis
2900 1308 3096 1376 abbas,
3131 1310 3436 1365 astantibus
3463 1317 3519 1365 et

1937 1405 2067 1452 tunc
2093 1398 2313 1453 demum
2339 1400 2603 1455 morituro
2630 1401 3059 1468 consulentibus,
3089 1401 3261 1457 fertur
3289 1418 3517 1473 respon-

1937 1486 2102 1542 disse.
2133 1488 2234 1546 Ait.
2249 1489 2394 1542 enim
2428 1508 2441 1542 :
2472 1488 2611 1544 Bene
2631 1491 2840 1561 quidem
2871 1508 2952 1546 me
2978 1492 3222 1558 monetis,
3258 1507 3288 1544 ο
3309 1491 3516 1562 ﬁlii,'ut

1936 1577 1998 1633 in
2021 1575 2149 1630 liora
2177 1576 2276 1632 hac
2310 1577 2585 1636 metuenda
2629 1595 2754 1634 utea:
2781 1581 3102 1650 prospiciam
3135 1580 3318 1636 saluti.
3357 1580 3515 1635 Nun-

1937 1668 2063 1738 quid
2095 1667 2190 1726 hoc
2215 1667 2405 1729 salutis
2433 1671 2798 1741 proponebatis
2827 1673 3127 1743 consilium,
3157 1675 3367 1746 quando
3393 1674 3528 1744 pla-_

254 1771 343 1818 tur
391 1763 656 1833 spiritus,
689 1765 851 1820 etiam
899 1774 1091 1822 contra
1139 1768 1240 1823 hos
1293 1768 1568 1840 pugnabat
1599 1770 1787 1826 dicens
1821 1789 1834 1825 :
1870 1765 1912 1820 Β
1937 1758 2044 1810 cu“
2072 1758 2214 1812 νοδίε
2235 1767 2294 1812 υτ
2316 1777 2530 1814 munera
2561 1760 2782 1816 ίίθεητετ
2811 1764 3126 1834 "uipera";
3159 1771 3219 1818 υτ
3261 1765 3516 1835 δρίτίίαατ

253 1853 416 1907 Salva
441 1871 524 1908 me
551 1871 616 1908 ea:
641 1871 728 1908 ore
749 1856 930 1923 leonis,
953 1864 1003 1910 et
1032 1876 1080 1916 α,
1101 1857 1344 1912 cornibus
1381 1860 1712 1914 unicornium
1740 1860 1841 1914 ltu-

251 1945 536 1998 militatem
570 1961 736 2000 meam
767 1946 942 2018 (Psal.
981 1952 1114 2014 ut).
1144 1949 1210 2004 Et
1235 1965 1361 2005 cum
1391 1951 1458 2005 ad
1490 1950 1622 2005 illud
1647 1951 1838 2007 distri-

251 2043 396 2090 ctum
431 2051 664 2096 examen
701 2039 922 2108 superni
965 2039 1171 2099 Judicis
1207 2042 1471 2100 sollicitus
1512 2044 1836 2112 intenderet,

251 2123 477 2194 gemitu,
505 2141 617 2196 quo
642 2135 871 2198 poterat,
909 2137 965 2191 et
999 2129 1206 2194 intimis
1236 2133 1490 2204 suspiriis
1520 2135 1755 2195 adorans
1784 2141 1838 2190 et

253 2222 571 2291 supplicans
590 2223 666 2279 ait
689 2243 703 2278 :
731 2223 852 2280 Non
877 2226 1037 2280 intres
1061 2227 1118 2280 in
1129 2227 1397 2296 judicium
1417 2246 1536 2284 cum
1561 2248 1705 2286 servo
1723 2241 1837 2304 tuo,

253 2312 497 2383 Domine,
532 2319 659 2388 quia
695 2335 796 2372 non
816 2320 1205 2390 justi/imbitur
1231 2323 1293 2377 in'
1316 2335 1590 2396 conspectu
1616 2336 1704 2381 tuo
1725 2345 1839 2382 om—

251 2408 331 2460 nis
350 2409 528 2464 uirens
551 2410 724 2482 (Psal.
773 2415 961 2482 cun).
1004 2413 1290 2472 Advocans
1321 2419 1486 2473 etiam
1519 2428 1834 2476 sanctorum

255 2515 530 2570 quemque
569 2518 730 2572 quem
769 2516 1066 2571 amaverat,
1101 2523 1263 2578 quem
1300 2519 1591 2566 veneratus
1635 2510 1832 2580 fuerat,

252 2597 304 2641 et
333 2589 484 2644 illam
522 2600 646 2646 ante
678 2609 866 2652 omnes
895 2596 1106 2654 beatam
1143 2607 1198 2657 et
1232 2597 1523 2670 gloriosam
1560 2600 1655 2654 Dei
1685 2603 1837 2673 geni-

253 2679 442 2734 tricem
470 2679 728 2751 Mariam,
765 2686 853 2747 cui
879 2695 988 2741 tam
1009 2689 1267 2749 decorum
1298 2678 1656 2753 constituerat
1677 2694 1834 2748 habi-

254 2770 516 2840 taculum,
544 2782 606 2828 ut
632 2774 748 2844 ipsa
782 2793 907 2838 eum
941 2779 994 2832 in
1028 2791 1388 2851 praeparatum
1415 2783 1517 2837 sibi
1548 2800 1578 2839 a
1609 2784 1717 2840 Deo
1746 2787 1834 2856 pia

253 2862 546 2926 deduceret
573 2865 1024 2935 tabernaculum;
1059 2886 1159 2927 nec
1184 2888 1294 2927 non
1319 2882 1374 2929 et
1397 2874 1548 2930 illum
1578 2876 1673 2932 Dei
1709 2895 1837 2944 sane

253 2952 561 3008 ctissimum
589 2954 958 3013 confessorem
977 2968 1036 3019 et
1063 2962 1372 3031 pontiﬁcem
1393 2962 1704 3036 Nicolaum,
1739 2983 1836 3025 cu—

249 3040 338 3113 jus
366 3056 590 3112 quoque
612 3042 910 3102 Ecclesiam
942 3063 1155 3104 summa
1186 3051 1829 3125 devotioneinstituerat;

254 3127 358 3188 illis
387 3143 447 3184 se
472 3138 644 3184 totum
682 3134 1052 3203 commendat;
1091 3137 1212 3193 illos
1239 3139 1340 3195 via;
1373 3156 1485 3196 suae
1518 3144 1744 3202 comites
1775 3155 1829 3202 et

251 3219 420 3274 duces
476 3231 764 3291 praaparat.
820 3223 928 3280 Illis
966 3226 1322 3287 nihilominus
1356 3233 1831 3296 administratoriis

255 3309 557 3378 spiritibus,
581 3327 813 3382 quorum
843 3316 1016 3374 virtus
1054 3327 1107 3374 et
1138 3330 1390 3391 potestas.
1408 3326 1712 3383 contrarias
1743 3344 1833 3382 ar-

252 3407 336 3455 cet
360 3409 683 3471 potestates,
722 3420 780 3459 se
804 3395 977 3461 totum
999 3409 1392 3480 circumvallat,
1413 3422 1472 3469 ut
1495 3416 1688 3471 merito
1723 3417 1831 3472 ini-

255 3488 379 3548 mici
417 3490 696 3550 daemones
723 3494 900 3551 dicere
920 3508 1183 3569 cogantur
1215 3520 1229 3556 :
1264 3501 1344 3556 En
1386 3504 1643 3560 lectulum
1669 3506 1833 3578 hujus

253 3580 513 3636 antistitis
548 3584 795 3638 ambiunt
823 3584 988 3643 fortes
1013 3604 1079 3643 ex
1102 3589 1415 3648 fortissimis
1445 3592 1608 3650 Israel
1651 3615 1662 3650 :
1706 3595 1834 3652 0m-

230 3658 338 3723 ~nes
361 3679 596 3727 tenentes
629 3675 855 3742 gladios,
883 3686 930 3730 et
959 3679 1030 3731 ad
1060 3679 1195 3734 bella
1213 3682 1504 3738 doctissimi
1527 3683 1704 3755 (Cant.
1727 3686 1830 3756 ιιι).

254 3763 392 3828 Quid
430 3764 522 3818 hic
541 3769 827 3822 astamus?
851 3768 1120 3838 Superant
1141 3788 1241 3827 nos
1269 3774 1359 3829 isti
1383 3777 1582 3830 virtute
1613 3786 1666 3832 et
1691 3781 1834 3833 mul-

253 3855 504 3911 titudine.
550 3855 741 3911 Nonne
773 3858 885 3928 ipse
922 3869 1024 3928 est,
1062 3863 1155 3932 qui
1185 3879 1216 3918 a
1251 3867 1571 3934 corporibus
1604 3869 1835 3923 aliorum

251 3951 399 4003 tanta
441 3962 545 4002 nos
585 3947 792 4019 fugavit
831 3954 1129 4020 potestate?
1159 3953 1464 4010 Praesertim
1500 3965 1624 4014 eum
1655 3960 1836 4029 plures

249 4036 356 4092 sint
377 4052 506 4091 cum
547 4038 640 4092 illo
664 4055 829 4110 quan]
861 4043 1162 4103 nobiscum.

232 4117 236 4120 ’
317 4125 491 4198 Igitur
517 4146 628 4182 non
676 4131 731 4185 in
766 4134 981 4202 castris,
1015 4152 1122 4191 non
1153 4139 1207 4191 in
1248 4139 1415 4194 armis
1445 4156 1552 4199 non
1582 4142 1634 4195 in
1660 4141 1836 4199 famu—

248 4215 477 4272 lantium
523 4219 721 4275 decore
752 4229 879 4278 tunc
908 4226 1166 4296 temporis
1199 4238 1422 4285 sanctus
1448 4233 1648 4301 praesul
1687 4250 1836 4304 spem

249 4312 548 4381 repositam
585 4313 802 4382 habuit,
835 4317 930 4371 sed
962 4318 1016 4371 in
1050 4318 1280 4376 Domino
1314 4321 1425 4379 Deo
1467 4340 1587 4392 suo,
1621 4335 1675 4381 ct
1710 4344 1840 4383 con~

249 4401 471 4454 scientia
528 4401 686 4468 bona,
714 4412 763 4457 et
791 4405 896 4474 fide
947 4423 1046 4460 non
1084 4409 1211 4478 [icta
1248 4409 1301 4483 (1
1337 4410 1472 4466 Tim.
1509 4414 1575 4483 t);
1615 4416 1758 4476 unde
1785 4424 1838 4471 et

249 4491 321 4544 ait
353 4510 367 4545 :
408 4490 548 4545 Mihi
577 4502 753 4547 autem
776 4496 1041 4552 adhwrere
1070 4498 1178 4554 Deo
1198 4498 1388 4556 bonum
1422 4512 1531 4569 est;
1561 4521 1747 4576 ponere
1781 4510 1836 4562 in

249 4579 476 4644 Domino
509 4583 621 4638 Deo
668 4585 810 4656 spem
847 4603 1016 4642 meam
1058 4589 1230 4660 (Psal.
1261 4595 1452 4664 um).
1493 4593 1606 4651 I-lac
1648 4606 1832 4655 nostra

247 4678 404 4725 :etate
430 4670 539 4728 hoc
569 4673 713 4728 idem
747 4673 832 4728 vir
869 4676 1066 4733 nobilis
1087 4686 1142 4733 et
1160 4682 1422 4749 praedives
1443 4681 1569 4744 Otto
1593 4685 1660 4740 de
1689 4686 1829 4742 Len-

248 4763 492 4832 genbach
518 4765 692 4822 sensit
720 4775 774 4820 et
802 4765 1090 4824 confessus
1113 4778 1214 4824 est.
1248 4771 1351 4838 Qui
1394 4789 1517 4828 cum
1550 4776 1605 4831 in
1651 4787 1830 4834 extre-

238 4854 352 4909 mis
394 4865 603 4926 ageret,
660 4864 876 4928 raptus;
933 4860 1026 4914 sed
1073 4864 1377 4930 quomodo,
1433 4855 1646 4935 nescio,
1686 4868 1828 4927 Deus

234 4943 377 5015 scit,
417 4951 742 5023 multaque,
795 4955 1009 5012 rediens
1062 4957 1131 5010 ad
1185 4974 1281 5028 se,
1334 4977 1566 5018 narrans
1615 4974 1834 5029 ostensa

248 5047 300 5091 ct
328 5039 632 5108 intellecta;
676 5058 911 5112 quorum
949 5047 1117 5101 relatu
1151 5056 1278 5106 tunc
1309 5053 1531 5123 plurimi
1564 5057 1746 5113 mirati
1780 5068 1834 5114 et

250 5132 556 5172 nnmnnnmi
606 5140 735 5172 enni
804 5132 1038 5172 TantIn-v1
1082 5135 1288 5172 O:hnluln

1363 5157 1484 5172 "nun
1518 5144 1683 5172 muldn
1731 5147 1792 5172 ..21

1935 1848 2012 1902 lia
2039 1847 2340 1905 Simoniace
2380 1852 2671 1922 uenderem,
2718 1863 2774 1908 ut
2804 1853 3017 1924 judicia
3053 1865 3416 1926 perverterem,
3457 1865 3517 1910 ut

1934 1950 2150 2011 peccata
2194 1942 2523 1998 subditorum
2563 1945 2992 2000 dissimularem?
3027 1945 3154 2002 Sero
3193 1948 3516 2019 providerem

1937 2033 2110 2100 modo,
2161 2035 2210 2088 si
2250 2033 2514 2107 hucusque
2552 2037 2765 2091 minime
2803 2039 3163 2106 providissem.
3211 2038 3298 2096 Sic
3327 2039 3517 2096 beatus

1937 2121 2035 2178 Dei
2061 2123 2297 2189 famulus
2325 2134 2537 2183 mature
2570 2126 2674 2184 sibi
2705 2137 3078 2199 prospexerat,
3109 2137 3172 2186 et.
3198 2130 3320 2188 ideo
3351 2145 3516 2202 expa-

1935 2216 2110 2272 ditius-
2125 2220 2567 2290 transmigrabat.

2005 2307 2174 2378 Igitur
2193 2324 2224 2363 a
2247 2309 2517 2380 religiosis
2543 2310 2677 2364 viris
2696 2308 2818 2364 oleo
2839 2325 2996 2364 sacro
3025 2311 3302 2378 inunctus,
3324 2317 3379 2365 et
3405 2308 3515 2365 Do-

1935 2397 2151 2453 minicis
2187 2399 2546 2461 sacramentis
2591 2399 2845 2466 refectus,
2869 2400 3196 2456 benedicens
3230 2400 3355 2456 ﬁliis
3378 2399 3515 2466 suis,

1933 2495 1988 2544 et
2024 2503 2118 2543 eos
2155 2489 2363 2544 caelesti
2397 2487 2544 2544 Patri
2598 2489 2854 2545 obnixius
2907 2490 3318 2556 commendans,
3370 2489 3517 2542 viam

1933 2579 2203 2638 universae
2233 2579 2416 2634 carnis
2456 2579 2612 2636 laetus
2653 2579 2954 2651 ingreditur
2978 2594 3123 2634 anno
3157 2579 3227 2634 ab
3263 2578 3519 2634 Incarna—

1934 2669 2081 2724 tione
2110 2667 2327 2724 Domini
2354 2669 2514 2737 1091,
2555 2686 2610 2725 vr
2655 2669 2782 2725 Idus
2809 2670 3073 2741 Augusti,
3105 2669 3358 2724 flentibus
3383 2685 3518 2724 cun—

1934 2761 2055 2826 ctis,
2086 2768 2138 2815 et
2164 2760 2381 2830 planctu
2417 2759 2715 2816 miserabili
2748 2762 3143 2833 lugentibusse
3179 2771 3332 2824 tanto
3356 2760 3519 2817 Patre

1935 2849 2174 2915 orbatos,
2221 2864 2278 2904 se
2314 2857 2464 2906 tanto
2503 2850 2758 2920 pontifice
2791 2851 3096 2910 destitutos.
3135 2848 3255 2910 Non
3297 2850 3516 2921 quidem

1935 2939 2246 2996 invidebant
2287 2941 2408 3010 ejus
2441 2941 2644 3012 gloriae,
2685 2942 2792 3003 sed
2829 2955 2944 3000 sua:
2984 2956 3196 3012 magnae
3256 2941 3515 3006 dolebant

1936 3031 2187 3086 miserim.
2219 3031 2375 3086 Illum
2413 3032 2720 3103 gaudebant
2749 3033 2817 3086 ab
2856 3031 3063 3103 angelis
3101 3031 3326 3101 suscipi,
3366 3040 3422 3086 et
3459 3032 3516 3096 in

1859 3115 1900 3174 C
1933 3123 2118 3180 beatas
2161 3123 2476 3184 mansiones
2521 3124 2818 3186 electorum
2857 3124 3074 3188 adduci.
3112 3122 3219 3178 Pro
3253 3139 3312 3178 se
3337 3137 3517 3194 geme-

1932 3217 2061 3282 bant
2098 3217 2154 3273 in
2185 3217 2289 3272 hac
2313 3217 2681 3288 lacrymarum
2706 3217 2845 3272 valle
2886 3216 3008 3272 sine
3038 3215 3379 3272 consolatore
3412 3214 3516 3274 mi-

1931 3323 2050 3362 sere
2077 3308 2408 3374 conservari,
2433 3317 2485 3362 et
2507 3308 2562 3361 in
2584 3308 2688 3362 hoc
2715 3308 2854 3362 mari
2881 3321 3078 3378 magno
3100 3305 3218 3362 sine
3242 3305 3516 3377 guberna-.-

1931 3404 2049 3450 tore
2083 3397 2459 3466 conquassari.
2498 3395 2732 3452 Ubinam
2762 3398 2908 3454 enim
2954 3397 3042 3453 his
3081 3397 3296 3464 diebus,
3330 3396 3424 3466 qui
3459 3395 3513 3449 in

1933 3487 2072 3540 ﬁlios
2100 3501 2229 3541 suos
2255 3487 2426 3556 patris
2450 3495 2641 3558 gerant
2661 3487 2934 3554 affectum,
2957 3495 3012 3543 et
3028 3487 3200 3558 patris
3213 3501 3507 3556 exsequan

1933 3583 2023 3639 tur
2051 3575 2319 3630 ollicium?
2347 3576 2495 3631 More
2527 3578 2896 3639 struthionum
2923 3577 3250 3638 indurantur
3273 3577 3331 3632 in
3351 3575 3515 3644 ﬁlios,

1933 3665 2090 3736 quasi
2122 3682 2228 3721 non
2258 3667 2367 3721 sint
2393 3668 2499 3735 sui,
2530 3677 2583 3724 et
2614 3669 3005 3730 consuetudine
3030 3664 3513 3734 mercenariorum,

1935 3775 2040 3832 pro’
2062 3763 2229 3818 lucris
2259 3765 2648 3834 temporalibus
2671 3774 2850 3822 astant
2876 3766 2930 3820 in
2955 3766 3314 3838 prosperitate
3335 3779 3366 3819 a
3394 3764 3517 3834 qui-

1933 3853 2160 3922 busipsi
2201 3854 2360 3923 primi
2388 3855 2570 3924 fugam
2603 3865 2793 3924 petunt
2838 3857 2892 3909 in
2937 3856 3278 3911 adversitate.
3329 3853 3516 3924 Longe

1937 3941 2036 3996 fuit
2066 3944 2168 3996 hoc
2189 3927 2258 3996 ab
2281 3944 2383 3997 hoc
2404 3953 2593 3998 sancto
2613 3944 2770 3999 Patre
2787 3987 2801 4010 ,
2829 3945 2882 3998 in
2905 3961 3014 4023 quo
3040 3944 3518 4016 superabundabat

1937 4045 1988 4090 et
2021 4036 2191 4106 patris
2224 4036 2442 4090 dilectio
2463 4044 2517 4090 et
2546 4038 2780 4106 pastoris
2811 4037 3139 4103 sollicitudo,
3161 4045 3217 4092 et
3235 4036 3514 4106 vigilantia

1936 4125 1989 4178 in
2015 4125 2290 4195 prosperis
2319 4133 2374 4179 et
2399 4126 2704 4181 constantia
2734 4126 2790 4179 in
2822 4125 3085 4182 adversis.

2005 4237 2243 4294 Conﬂuit
2299 4241 2504 4296 interea
2548 4241 2617 4295 ab
2649 4240 2797 4295 omni
2825 4248 2978 4310 parte
3000 4240 3233 4312 pupulas
3261 4239 3513 4296 innumev

1940 4330 2125 4386 rabilis
2154 4332 2220 4385 ad
2245 4332 2533 4402 exsequias
2559 4331 2848 4402 pontiﬁcis.
2875 4330 3045 4402 Luget
3066 4339 3179 4386 tota
3208 4331 3511 4402 provincia,

1939 4421 2251 4475 sublimium
2284 4421 2538 4492 dignitas,
2559 4429 2690 4476 astas
2713 4422 2910 4488 omnis,
2943 4437 3107 4478 sexus
3130 4429 3376 4491 uterque.
3408 4417 3507 4472 γῆς

1940 4511 2154 4565 tandem
2183 4528 2214 4566 a
2243 4512 2443 4567 Christi
2473 4512 2846 4568 sacerdotibus
2878 4512 3182 4568 sustollitur
3198 4525 3397 4581 corpus
3421 4522 3514 4565 vc-

1925 4603 2262 4676 ‘nerandum,
2292 4621 2354 4658 ac
2379 4605 2546 4660 multa
2579 4605 2842 4661 nobilium
2869 4605 3023 4660 turba
3046 4604 3358 4671 comitante,
3387 4620 3512 4658 cum

1932 4695 2145 4752 inﬁnita
2175 4696 2356 4768 populi
2387 4697 2759 4766 multitudine,
2795 4712 2991 4769 magna
3015 4697 3233 4767 quidem
3273 4697 3368 4751 Dei
3400 4698 3516 4769 glo—

1935 4786 2037 4853 ria,
2095 4787 2188 4842 sed
2229 4788 2380 4859 gravi
2427 4788 2785 4858 bajulantium
2834 4789 3091 4844 muestitia
3149 4789 3205 4842 in
3273 4794 3516 4847 montem

1934 4877 2384 4951 Kotwitgcensem
2443 4878 2884 4952 [Gotwicensem]
2933 4878 3174 4934 aﬁ‘ertur.
3228 4878 3363 4946 Quis
3401 4878 3519 4948 jam

1932 4980 2150 5026 enarret
2181 4970 2452 5040 mugitum
2477 4977 2531 5022 et
2551 4969 2813 5023 ululatum
2852 4969 3083 5023 fratrum
3131 4969 3240 5026 illic
3267 4969 3522 5030 habitan-

1936 5058 2072 5115 tium
2096 5062 2238 5132 quod
2269 5074 2431 5114 mons
2457 5067 2600 5113 totus
2633 5059 2934 5128 increpuit?
2967 5060 3278 5129 lugentibus
3309 5059 3526 5115 cunctis

1932 5145 2143 5172 h-.-_-_-
2208 5149 2581 5172 -L--.!.~-_!......M
2662 5148 2866 5172 ΠΑ........
2915 5149 3218 5172 ..22--:....--._.-
3303 5148 3519 5172 tu“-..

2816 5165 2866 5172 ..Α
2915 5164 3218 5172 ..-ιιι-...αα--.-.-
