3988 5328
526 136 636 203 887

1529 144 1618 203 AD
1654 143 1883 203 OPERA
1925 143 1984 201 S.
2025 139 2355 199 GREGORII
2392 135 2839 195 APPENDiCi-JS.

526 257 735 331 illustri
769 259 1037 334 martyrio
1082 267 1381 316 coronatus
1404 302 1419 325 ,
1464 259 1702 317 anhelus
1744 259 2005 318 occurrit.
2056 257 2128 315 Et
2156 259 2203 317 Δ
2228 256 2556 329 Quanquam
2583 256 2687 313 etsi
2712 255 2800 313 ille
2820 254 3040 326 signum
3062 251 3285 313 fecisset
3311 255 3545 324 nullum,
3573 257 3717 315 nihil
3734 269 3821 316 ta-

527 368 656 410 cnm
685 352 947 425 lacrymis
970 350 1264 407 uberrimis
1292 351 1613 409 defunctum
1636 348 1944 421 infudisset,
1966 352 2121 408 obtu-

528 436 591 496 lit
619 456 720 513 pro
758 456 824 496 eo
861 440 1191 497 sacrificium
1219 442 1477 509 salutare,
1527 452 1583 499 et
1616 458 1818 515 corpus
1854 458 2120 499 veneran-

525 532 658 587 dum
691 547 831 587 cum.
851 531 1036 587 debito
1063 531 1272 588 honore
1303 527 1358 588 in
1383 534 1616 590 ecclesia
1653 533 1869 590 Sancta:
1896 533 1991 589 Dei
2014 533 2122 589 Ge-

527 624 741 680 nitricis
773 624 1125 681 commendat
1166 626 1495 696 sepultum,
1540 627 1673 693 ubi,
1726 628 1794 682 ad
1840 625 2120 697 probanda

525 714 663 768 tanti
692 714 795 768 viri
828 715 1044 783 merita,
1069 716 1267 772 crebro
1290 717 1430 772 fiunt
1461 718 1616 790 signa
1642 718 1907 773 vittntttm
1942 717 2123 773 varia-

527 821 651 860 rum
691 807 746 861 in
787 807 1007 864 laudem
1046 807 1141 865 Dei
1187 804 1366 866 Patris
1410 812 1822 884 omnipotentis,
1864 811 1957 883 qui
1994 824 2120 868 cum

527 895 809 969 unigenito
841 897 981 955 Filio
1006 916 1108 955 suo
1126 908 1182 956 et
1209 899 1415 972 Spiritu
1450 912 1640 959 sancto
1680 903 1814 958 vivit
1845 912 1900 958 ct
1931 910 2124 976 regnat

530 984 672 1043 Deus
697 1004 793 1059 per
821 989 1152 1049 immortalia
1174 992 1371 1048 saecula
1397 994 1745 1049 szeculorum.
1780 993 1976 1049 Amen.

597 1077 832 1147 Quidam
876 1083 1109 1140 clericus
1169 1100 1314 1141 εωνο
1364 1085 1611 1142 daemone
1659 1094 1945 1156 correptus
1970 1128 1985 1154 ,
2030 1085 2122 1141 vix

528 1169 717 1226 multis
741 1171 1039 1242 ligantibus
1067 1182 1235 1245 atque
1257 1174 1602 1231 trahentibus
1629 1176 1694 1231 ad
1710 1175 1830 1246 ejus
1848 1173 2122 1230 tumulum

527 1270 614 1316 est
646 1263 963 1334 perductus.
1003 1263 1102 1321 ilic
1135 1266 1317 1320 omnia
1350 1266 1601 1320 horribili
1640 1265 1881 1320 clamore
1914 1280 1978 1320 ac
2000 1265 2123 1319 diro

529 1353 703 1411 fetore
731 1357 991 1427 replebat.
1015 1357 1123 1412 Pro
1143 1373 1255 1429 quo
1289 1374 1415 1414 cum
1448 1357 1646 1414 fratres
1680 1358 1975 1413 instantius
1998 1371 2123 1412 ora-

529 1455 673 1515 rent,
696 1458 918 1519 repente
941 1451 1170 1516 corruit,
1205 1460 1260 1506 ct
1288 1451 1598 1506 videntibus
1620 1450 1855 1515 cunctis,
1894 1447 2123 1521 nigerri-

526 1551 681 1592 mum
716 1540 1038 1597 scarabeum
1066 1542 1335 1609 evomuit,
1377 1542 1471 1613 qui
1500 1542 1665 1597 etiam
1704 1542 1955 1612 protinus
1991 1554 2123 1595 nus-

528 1647 695 1699 quam
734 1634 1059 1704 comparuit.
1107 1609 1429 1691 Laudabant
1465 1609 1719 1691 universi
1737 1634 1925 1689 Deum.
1962 1632 2123 1705 Isque
2155 1609 2175 1665 ¹

527 1722 622 1791 qui
652 1723 944 1781 advenerat
983 1727 1185 1798 ligatus
1218 1738 1271 1783 et
1300 1728 1526 1784 insanus
1549 1771 1562 1796 ,
1609 1743 1777 1784 sanus
1814 1727 2041 1782 recessit
2070 1734 2124 1781 et

529 1816 743 1873 solutus
770 1833 800 1872 a
827 1820 1057 1876 nexibus
1079 1822 1279 1877 mentis
1306 1830 1361 1876 et
1393 1821 1657 1892 corporis.

602 1908 734 1964 ltcm
770 1913 947 1981 puella
978 1915 1227 1984 quaedam
1266 1914 1550 1968 immundo
1574 1912 1769 1983 spiritu
1806 1927 2054 1982 pervasa,
2091 1927 2122 1966 a

530 2000 850 2069 parentibus
889 2011 977 2058 est
1021 2004 1088 2059 ad
1137 2005 1449 2076 sepulcrum
1498 2003 1597 2059 viri
1645 2002 1737 2059 Dei
1769 2003 2021 2070 adducta,
2070 2012 2123 2058 et

531 2091 652 2146 sine
682 2109 837 2149 mora
859 2094 1106 2162 liberata,
1134 2105 1299 2167 atque
1326 2106 1538 2153 sanata.
1782 2084 1787 2087 ’

605 2176 724 2239 Alia
769 2185 955 2241 itidem
988 2188 1168 2257 puella
1199 2202 1296 2260 per
1331 2188 1514 2259 plures
1556 2202 1732 2243 annos
1775 2187 1984 2243 lumine
2026 2202 2120 2242 0r-

530 2275 679 2343 bat-t,
712 2291 809 2349 per
848 2277 1043 2334 merita
1076 2278 1322 2350 ejusdem
1355 2278 1545 2334 famuli
1577 2279 1692 2346 Dei,
1734 2279 1940 2345 lumen,
1973 2278 2120 2351 quod

530 2369 811 2437 amiserat,
846 2368 1069 2427 invenlt.
1568 2388 1571 2391 '

606 2458 798 2517 Mulier
822 2464 1072 2534 quaedam
1104 2465 1314 2523 habens
1349 2466 1522 2521 filium
1548 2465 1835 2537 parvulum
1867 2481 1897 2520 a
1924 2465 2121 2521 nativi-

530 2560 642 2608 tate
673 2563 886 2609 mutum
920 2564 976 2610 et
1009 2556 1288 2624 claudum,
1313 2557 1379 2613 ad
1406 2558 1715 2628 sepulcrum
1742 2558 1978 2628 episcopi
2012 2557 2118 2612 mi-

528 2641 827 2698 serandum
876 2644 1159 2715 deposuit;
1206 2647 1433 2718 ipsaque
1477 2647 1787 2703 miseranda
1832 2663 1958 2703 cum
1990 2646 2117 2702 ﬂetu

530 2746 735 2808 magno
764 2738 834 2794 ab
874 2738 1105 2795 ecclesia
1144 2742 1330 2798 exivit.
1374 2741 1505 2800 Post
1548 2743 1824 2799 modicum
1862 2758 1998 2813 puer
2040 2744 2119 2797 lo-

2222 363 2349 404 men
2361 364 2428 403 ex
2439 348 2544 404 hoc
2553 348 2675 417 ejus
2685 347 3042 417 derogaretnr
3054 346 3352 413 sanctitati,
3363 347 3447 402 vel
3460 348 3607 419 apud
3622 347 3819 416 Deum,

2221 440 2308 496 vel
2330 440 2473 512 apud
2498 438 2769 496 homines.
2797 438 2964 511 Signa
2984 438 3189 511 quippe
3204 440 3555 498 sanctitatem
3572 457 3685 498 non
3702 442 3821 498 εα-

2222 532 2394 597 eiunt,
2408 531 2503 588 sed
2514 531 2829 587 ostendunt.
2844 529 2976 601 Siqu
2984 530 3124 587 idem
3139 530 3207 587 de
3218 529 3431 588 Joanne
3440 531 3823 605 Baptistme

2223 624 2363 679 inter
2382 631 2535 678 natos
2550 621 2855 692 mulierum,
2871 638 3021 678 nemo
3035 622 3209 694 major
3220 626 3457 679 surrexit
3476 623 3702 695 (Haut.
3718 625 3821 695 ιι),

2222 715 2577 787 Evangelium
2621 722 2913 772 attestatur
2933 715 3081 787 quod
3111 716 3329 788 signum
3357 714 3552 773 fecerit
3582 717 3818 773 nullam.

2224 806 2301 864 De
2351 807 2473 880 ipso
2514 822 2736 880 quoque
2782 806 3018 864 Domino
3063 807 3348 867 Salvatorc
3398 809 3666 881 scriptum
3712 818 3820 877 est.

2223 902 2370 975 quod
2402 917 2515 957 non
2560 900 2751 958 fecerit
2778 901 2934 971 signa
2981 899 3185 965 multa,
3210 911 3438 974 propter
3467 902 3823 961 incralnlita-

2223 1001 2331 1048 tem
2376 992 2743 1064 quormndam
2791 990 2989 1063 (Marc.
3032 993 3129 1063 vi).
3159 990 3302 1060 Quid
3344 1006 3480 1064 ergo
3513 992 3740 1059 mirum.
3770 994 3818 1051 si

2224 1090 2449 1139 sanctus
2492 1082 2614 1151 iste,
2663 1082 2917 1137 obstante
2961 1083 3065 1138 sibi
3111 1082 3468 1154 przesentium
3508 1091 3817 1154 temporum

2224 1171 2624 1239 incredulitate,
2659 1172 2796 1228 nihil
2822 1181 3089 1243 cperatus
3124 1171 3320 1229 fuisset
3347 1174 3641 1243 virtutum,
3681 1174 3819 1229 nihil

2225 1264 2566 1320 sanitatum?
2600 1262 2802 1318 Verum
2845 1263 3019 1335 gratia
3067 1262 3252 1319 divina
3299 1279 3426 1335 qua:
3468 1263 3815 1334 repromittit,

2225 1356 2373 1426 quod
2409 1355 2525 1427 ipsa
2552 1354 2919 1427 gloriﬁcantes
2947 1370 3006 1411 se
3039 1354 3326 1425 gloriﬁcct,
3363 1355 3522 1410 hunc
3557 1354 3813 1410 dilectum

2225 1464 2410 1516 suum,
2450 1457 2512 1504 ut
2543 1447 2776 1503 dilectus
2806 1446 2961 1502 fieret
2997 1445 3362 1502 nihilominus
3394 1446 3733 1509 hominibus,
3763 1459 3817 1501 et

2225 1549 2289 1596 ut
2334 1540 2597 1595 memoria
2637 1540 2760 1609 ejus
2800 1539 2857 1594 in
2885 1538 3265 1594 benedictione
3303 1547 3608 1600 constaret,
3650 1537 3813 1592 etiam

2226 1639 2603 1711 magnitudine
2626 1638 2910 1709 signorum
2940 1636 3174 1692 similem
3212 1634 3364 1691 illum
3405 1634 3536 1690 fecit
3569 1636 3623 1690 in
3648 1636 3811 1707 gloria

2225 1741 2544 1788 sanctorum
2574 1731 2767 1802 (Ea-li.
2797 1729 2966 1801 κων).

2298 1821 2427 1876 Mihi
2462 1830 2640 1876 tamen
2688 1821 2837 1875 lutnc
2872 1820 3077 1885 virum,
3120 1816 3201 1873 vel
3240 1818 3543 1888 quemlibet
3584 1818 3811 1873 aliorum

2224 1912 2536 1984 hujusmodi
2562 1912 2697 1967 mira
2720 1911 3009 1967 facientem
3030 1910 3345 1981 diligentius
3370 1911 3630 1975 intuenti,
3659 1912 3814 1982 longe

2224 2005 2528 2060 mirabilior
2557 2003 2772 2059 videtur
2799 2002 2914 2074 ipse
2935 2001 3029 2073 qui
3060 1999 3208 2068 facit,
3237 2016 3405 2073 quam
3427 2017 3492 2057 ea
3520 2018 3646 2074 qua:
3667 2001 3807 2057 facit.

2224 2096 2437 2152 Etenim
2479 2097 2522 2151 si
2551 2098 2601 2151 in
2640 2098 2803 2152 rebus
2830 2093 3246 2152 insensibilibus
3271 2095 3398 2166 plus
3435 2093 3811 2151 admirationis

2226 2189 2388 2243 habet.
2423 2187 2654 2243 interius
2694 2185 3067 2243 consideranti
3102 2186 3343 2244 causalis
3374 2186 3523 2241 ratio
3548 2201 3673 2258 qua-
3701 2184 3811 2241 elli-

2222 2283 2317 2351 cit,
2354 2300 2518 2356 quam
2550 2284 2601 2339 id
2637 2282 2783 2355 quod
2809 2280 3063 2343 cllicitur.
3082 2281 3268 2337 multo
3289 2277 3513 2352 dignius
3533 2288 3697 2351 atque
3722 2294 3808 2334 re-

2221 2376 2474 2450 ligiosius
2502 2374 2824 2432 admiranda
2854 2383 2941 2431 est
2983 2373 3072 2428 illa
3101 2372 3392 2441 sanctitas,
3422 2387 3549 2444 qua:
3585 2372 3642 2428 in
3686 2385 3812 2427 conc

2220 2480 2411 2543 spcctu
2442 2469 2641 2525 divinae
2668 2467 2973 2539 maiestatis
3003 2467 3082 2524 sic
3116 2468 3293 2539 placet
3315 2476 3373 2523 et
3395 2475 3724 2536 aceeptatnr,
3753 2474 3813 2520 nt

2220 2565 2341 2634 ejus
2368 2564 2566 2620 iulttitu
2590 2572 2650 2618 et
2672 2563 2978 2618 interventu
3006 2560 3292 2616 hominum
3318 2558 3578 2630 pellantur
3598 2557 3812 2611 incom-

2222 2656 2404 2723 moda,
2453 2664 2508 2711 et
2547 2663 2746 2726 optata:
2790 2662 2899 2708 tam
2948 2652 3258 2707 animarum
3307 2657 3474 2721 quam
3514 2657 3808 2719 corporum

2221 2742 2583 2804 restituantur
2624 2745 2952 2817 sospitales;
3008 2743 3216 2808 multo,
3269 2742 3529 2812 inquam,
3578 2740 3809 2810 amplius

531 2826 693 2896 quela
727 2832 782 2882 et
812 2844 1003 2899 gressu
1031 2831 1306 2900 restituto,
1337 2841 1567 2887 matrem
1593 2832 1875 2889 insecutus
1896 2842 1979 2889 est
2002 2847 2119 2887 am-
2214 2837 2543 2896 admiranda
2565 2847 2644 2893 est
2670 2839 2787 2908 ipsa
2811 2836 2981 2900 intus,
3005 2849 3171 2906 quam
3191 2848 3541 2905 quaecunque
3566 2831 3811 2886 miranda

530 2915 731 2974 bulans
749 2928 803 2975 et
828 2919 1058 2990 loquens
1081 2930 1247 2978 recte.

605 3009 836 3078 Quidem
890 3013 1046 3069 miles
1080 3030 1177 3085 per
1211 3030 1305 3072 sex
1352 3031 1528 3072 annos
1577 3026 1760 3073 mente
1805 3026 2021 3089 captus,
2069 3026 2124 3073 et

532 3102 843 3191 sepulcrum
879 3103 1001 3172 ejus
1046 3105 1165 3161 sine
1206 3117 1389 3163 mente
1429 3108 1682 3176 accessit,
1730 3119 1786 3165 et
1820 3119 2001 3165 mente
2038 3124 2123 3165 re-

532 3201 684 3261 cepta
716 3208 885 3248 sanus
913 3194 1154 3250 recessit.

605 3283 756 3338 Alter
795 3286 1020 3355 quidam
1060 3288 1225 3342 homo
1258 3295 1408 3343 totus
1443 3297 1779 3357 contractus,
1811 3299 1866 3345 et
1910 3291 2123 3351 scabel-

531 3375 662 3431 lulis
696 3376 1027 3446 quibusdam
1074 3379 1317 3447 innixus,
1365 3382 1516 3437 venit
1554 3380 1621 3437 ad
1668 3398 1870 3452 corpus
1906 3381 1964 3437 S.
2009 3383 2125 3455 cpi-

533 3468 687 3540 scopi
710 3471 987 3541 rependo;
1025 3472 1120 3527 sed
1145 3472 1439 3530 incolumis
1472 3472 1652 3530 factus
1678 3474 1902 3542 exsiliit,
1929 3483 1985 3530 et
2007 3491 2125 3531 am-

533 3559 777 3629 bulabat,
804 3572 859 3617 et
884 3562 1141 3619 laudabat
1171 3563 1484 3620 Dominum.

608 3669 739 3728 item
765 3673 989 3744 quidam
1025 3685 1142 3731 toto
1172 3692 1405 3753 corpore
1437 3676 1746 3749 languidus,
1777 3678 1862 3733 vix
1907 3688 2125 3735 susten—

534 3770 685 3818 tante
717 3765 934 3833 baculo,
972 3767 1220 3824 tumbam
1249 3769 1511 3825 antistitis
1550 3769 1719 3833 adiit;
1765 3770 1859 3826 sed
1890 3770 2123 3826 inﬁrmi-

534 3865 647 3912 tate
666 3874 763 3928 per
788 3859 1009 3916 beatum
1037 3860 1215 3917 virum
1245 3863 1423 3933 pulsa.
1453 3864 1648 3921 baculo
1666 3865 1781 3935 jam
1812 3879 1919 3920 non
1942 3865 2120 3937 eguit;

532 3947 663 4019 quia
687 3948 871 4005 laetum
903 3959 959 4007 et
989 3967 1185 4008 sanum
1209 3969 1269 4009 se
1299 3955 1589 4024 persensit.

604 4042 853 4110 Quodam
885 4053 1149 4116 tempore,
1185 4062 1313 4103 cum
1345 4047 1525 4103 subita
1568 4056 1623 4103 et
1653 4063 1795 4103 saeva
1830 4056 2124 4118 tempestas

532 4143 750 4190 montes
776 4144 1107 4201 contereret.
1135 4147 1188 4194 et
1208 4147 1347 4194 tecta
1375 4139 1667 4195 domorum
1687 4148 1743 4195 et
1766 4140 2122 4195 ecclesiarum

529 4245 597 4284 ut:
629 4231 863 4285 turrium
905 4229 1167 4286 dirueret.
1196 4228 1389 4288 Frater
1427 4233 1652 4303 quidam
1688 4241 1870 4288 mente
1907 4243 2120 4305 captus,

2149 2956 2191 3016 ε
2226 2929 2351 2985 facit
2383 2928 2535 2984 foris.
2566 2928 2831 2982 Miremur
2859 2941 2991 2997 ergo
3028 2925 3117 2980 alii
3149 2924 3331 2979 vidi-rc
3362 2939 3564 2991 cmi-os,
3590 2922 3810 2979 claudos

2228 3019 2537 3085 ambulare;
2570 3018 2841 3073 mirentur
2865 3016 3095 3071 salutem
3128 3013 3578 3086 paralyticorum,
3615 3010 3811 3069 (ἱππιο-

2226 3125 2357 3165 tuun
2401 3109 2617 3181 fugam;
2656 3122 2757 3179 ego
2796 3107 2981 3178 potius
3016 3105 3335 3162 admirabor
3375 3105 3513 3160 tanti
3557 3106 3812 3162 antistitis

2226 3202 2439 3267 merita,
2461 3216 2584 3273 qum
2607 3200 2734 3255 talia
2760 3207 2869 3254 tam
2891 3205 3139 3269 potenter
3159 3204 3463 3267 operantur
3482 3213 3649 3268 quam
3678 3197 3809 3268 ipsa.

2227 3288 2307 3349 Tu
2338 3294 2523 3364 itaque
2553 3292 2784 3364 przedica
2821 3291 2875 3347 in
2909 3290 3122 3346 laudem
3157 3288 3275 3357 Dei,
3311 3305 3438 3360 qua:
3468 3296 3696 3346 sanctus
3722 3287 3814 3343 Dei

2225 3384 2439 3441 meritis
2465 3383 2581 3439 suis
2608 3392 2663 3439 et
2689 3382 2790 3438 fide
2817 3383 3125 3455 supplicum
3149 3391 3415 3453 operatur
3438 3382 3493 3437 in
3530 3381 3675 3439 aliis.
3704 3381 3815 3454 Ego

2226 3494 2443 3549 semper
2476 3476 2790 3532 admirabor
2824 3474 3094 3531 mirabilia
3123 3491 3247 3546 qua:
3290 3474 3424 3530 fecit
3452 3474 3507 3529 in
3547 3475 3659 3530 vita
3695 3491 3811 3529 sua.

2224 3570 2464 3627 Mirabor
2501 3570 2885 3636 luunilitatcm,
2926 3567 3257 3637 castitatem,
3303 3569 3592 3639 pietatem,
3635 3566 3814 3625 chari-

2226 3672 2413 3725 latcm,
2445 3661 2813 3728 devotionem,
2857 3660 3278 3717 sollicitudinem
3319 3661 3373 3715 in
3407 3660 3662 3732 agendis,
3692 3672 3816 3730 pru-

2223 3755 2465 3810 dentiam
2506 3755 2559 3809 iu
2595 3752 2972 3825 disponendis,
3012 3751 3399 3808 discretionem
3447 3752 3503 3806 in
3534 3751 3817 3822 imponen-

2225 3846 2343 3913 tlis,
2394 3847 2447 3902 in
2492 3830 2790 3903 tolerandis
2833 3844 3328 3917 longaniinimem,
3366 3853 3421 3899 et
3467 3843 3522 3898 in
3573 3842 3816 3899 adversis

2225 3938 2620 3995 fm‘titudiuem.
2660 3937 2783 3994 lbec
2820 3938 3089 3994 mirabilia
3118 3937 3244 3993 vitae
3282 3953 3397 3994 sum
3424 3953 3531 4010 ego
3571 3936 3817 3993 miranda

2219 4033 2430 4106 judico,
2461 4032 2697 4087 maxime
2724 4030 2868 4103 quod
2899 4030 3103 4087 nostris
3130 4030 3472 4101 temporibus
3499 4030 3621 4085 lucc
3641 4029 3818 4086 cerni-

2223 4140 2349 4181 mus
2373 4122 2604 4189 rariora,
2642 4138 2805 4194 quam
2840 4121 2930 4177 illa
2955 4122 3134 4193 signa,
3170 4137 3293 4192 qua:
3324 4130 3506 4177 tamen
3533 4122 3817 4178 credentes

2224 4232 2416 4274 omnes
2456 4228 2713 4274 secutura
2755 4216 3021 4273 Dominus
3050 4216 3341 4288 pollicetur
3373 4217 3565 4276 dicens
3596 4235 3611 4275 ε
3653 4218 3816 4291 Signa

533 4335 587 4377 ιη
611 4324 917 4380 matorium
956 4324 1013 4379 δ,
1048 4323 1352 4387 Michaelis.
1387 4325 1534 4395 quod
1577 4325 1872 4381 admodum
1915 4324 1970 4380 ῖη
2011 4326 2122 4380 am,
2155 4343 2198 4397 D
2222 4326 2331 4375 eos,
2366 4309 2458 4380 qui
2497 4309 2838 4373 crediderint,
2875 4310 2985 4364 lucc
3015 4319 3295 4380 sequentur
3316 4325 3335 4362 :
3365 4307 3431 4363 In
3464 4311 3683 4366 nomine
3710 4326 3816 4365 meo

528 4414 695 4470 situm
740 4425 847 4478 est,
890 4416 1232 4484 conscendit,
1274 4417 1488 4474 cunctis
1526 4416 1907 4487 ignorantibus
1944 4424 1999 4471 et
2038 4416 2123 4471 in»

531 4507 692 4560 terim
730 4506 1086 4561 uocturnales
1125 4506 1315 4562 laudes
1353 4506 1731 4577 psallentibus.
1774 4505 1874 4563 llic
1902 4506 1973 4562 ab
2011 4508 2122 4561 alto

531 4595 589 4650 in
618 4596 994 4666 pavimentum
1032 4598 1309 4668 delapsus,
1338 4598 1497 4663 vivus
1523 4607 1702 4653 tamen
1733 4598 1982 4653 sublattts
2014 4600 2119 4663 est,

532 4685 661 4740 licet
696 4702 807 4742 non
840 4688 1000 4760 longe
1035 4688 1470 4759 supervicturus.
1522 4687 1721 4743 Eadem
1766 4688 1970 4758 quippe
2011 4688 2119 4754 die,

532 4785 654 4848 post
682 4780 821 4833 sacri
849 4779 953 4834 olei
981 4780 1316 4846 unctionem,
1341 4790 1395 4835 et
1417 4778 1613 4834 vivilici
1638 4778 1887 4849 corporis
1904 4778 2117 4851 Christi

530 4866 977 4924 communionem
1011 4886 1177 4925 carne
1203 4871 1418 4926 solutus
1444 4880 1547 4927 est.
1583 4867 1755 4926 Nemo
1775 4868 1985 4926 dubitet
2014 4871 2119 4927 hoc

532 4944 745 5011 meritis
792 4957 932 5010 beati
984 4957 1084 5012 viri
1135 4961 1549 5025 ascribcmlum,
1595 4960 1754 5031 cujus
1800 4960 2118 5017 intercessio

532 5042 820 5102 cadentem
841 5048 1071 5117 excepit,
1097 5065 1161 5104 nc
1182 5052 1448 5123 sanguine
1472 5053 1619 5108 illius
1645 5052 1871 5109 basilica
1903 5056 2117 5122 respcr-l

531 5146 754 5211 gevctur
802 5151 968 5205 quam
1014 5137 1129 5205 ipse
1181 5140 1410 5211 regalem
1463 5147 1643 5198 aulam
1680 5143 1792 5198 lico
1834 5158 1898 5197 ac
1950 5143 2120 5197 beatae

531 5217 752 5301 semper
779 5225 990 5297 Virgini
1018 5225 1197 5283 Maria!
1225 5232 1451 5292 devotus
1478 5234 1839 5294 consecravit.
2102 5214 2107 5221 ’

2223 4403 2487 4457 άιωηοηὶα
2517 4401 2729 4473 ejicient
2760 4399 2979 4475 (Matth.
3008 4400 3224 4472 xxvm),
3254 4410 3358 4457 etc.

2296 4496 2375 4550 An
2416 4495 2597 4552 adhuc
2642 4494 2781 4550 forte
2814 4510 2922 4549 non
2968 4495 3204 4551 asscntis
3242 4496 3365 4567 plus
3409 4494 3606 4553 mirari
3653 4496 3815 4552 vitam

2224 4586 2399 4643 sancti
2430 4585 2531 4641 viri
2562 4602 2727 4658 quam
2761 4585 2952 4658 signa?
2988 4602 3132 4657 quae,
3180 4587 3396 4643 occulta
3437 4585 3535 4641 Dei
3581 4588 3814 4658 permis-

2224 4678 2401 4743 sioue,
2431 4693 2828 4748 nonnunquam
2864 4674 3069 4733 faciunt
3098 4677 3264 4734 etiam
3310 4674 3414 4732 viri
3463 4670 3577 4735 non
3618 4679 3813 4737 sancti.

2222 4767 2378 4824 Nosti
2414 4767 2634 4839 quippe,
2663 4767 2808 4839 quod
2836 4767 3058 4839 quidam
3104 4768 3320 4839 reprobi
3345 4778 3400 4824 et
3431 4770 3715 4842 reprobati
3734 4769 3817 4826 di-

2225 4863 2364 4920 cturi
2395 4872 2525 4918 sunt
2555 4860 2787 4917 Domino
2818 4881 2831 4915 :
2869 4860 3056 4916 Nonne
3083 4862 3136 4915 in
3175 4861 3381 4916 nomine
3410 4872 3501 4917 tuo
3525 4865 3814 4935 prophete-

2226 4956 2416 5021 rimus,
2439 4964 2489 5007 et
2526 4954 2581 5007 in
2612 4954 2819 5007 nomine
2849 4956 2939 5008 tuo
2965 4953 3228 5007 dtrntonia
3263 4951 3540 5022 ejecimtts,
3570 4965 3623 5009 et
3665 4956 3815 5027 signa

2228 5048 2395 5101 multa
2438 5048 2698 5117 fecimus?
2739 5044 2956 5108 (Matth.
2997 5046 3119 5118 vn.)
3156 5045 3264 5102 Sed
3295 5057 3438 5106 esto.
3468 5057 3570 5104 tuo
3610 5058 3663 5103 te
3696 5065 3816 5119 per.

2229 5141 2387 5195 mitto
2428 5138 2657 5209 judicid.
2702 5134 2831 5192 Mihi
2880 5146 3059 5192 tamen
3092 5151 3296 5206 semper
3336 5137 3652 5194 mirabilius
3685 5153 3816 5217 con-

2216 5224 2395 5284 ‘stabit
2444 5229 2719 5300 pepulisse
2762 5244 2790 5283 a
2849 5228 3011 5283 corde
3066 5227 3392 5293 avaritiam,
3460 5230 3811 5298 superbiam,
