3988 5328
1091 258 1383 320 APPEND.
1416 262 1506 321 lll.
1543 296 1616 307 —
1652 264 2093 324 NONUMENTA
2124 268 2590 327 GRBGORIANA.

3381 281 3487 337 890

178 385 325 440 qua:
339 368 539 438 virtus,
569 379 695 442 qua
718 373 981 431 libertas?
1004 378 1312 455 secundum
1342 395 1599 452 magnam
1625 380 1793 438 mise-
1820 385 1868 443 Α
1892 390 2063 454 geret.
2092 380 2365 439 lntellexit
2385 384 2469 438 vir
2495 382 2590 438 Dei
2616 382 2906 451 visionem,
2930 400 3165 459 eamque
3195 393 3489 464 praeposito

186 463 498 546 riewdiam
525 480 686 520 suam
708 467 822 538 agit
849 465 1137 538 Dominus,
1164 480 1227 526 ut
1250 486 1349 543 per
1382 474 1659 529 exteriora
1687 474 1794 529 mi-

190 562 392 618 racula
417 573 771 634 agnoscatur,
801 581 966 636 quam
1002 568 1314 625 admirandi
1352 570 1504 627 intus
1533 573 1664 641 sint,
1695 588 1795 644 per

191 674 343 732 «nos
366 661 486 731 ipse
507 659 647 717 foris
666 670 782 718 tam
814 662 956 720 mira
976 666 1257 736 operatur.

267 752 577 809 Pensemus
611 768 764 825 ergo,
817 753 1017 813 fratres
1044 757 1379 825 charissimi,
1427 752 1536 831 qua
1564 774 1795 817 venera-

190 845 350 900 tione
372 842 790 914 amplecteudus
824 848 898 902 sit
933 847 1026 903 hic
1060 848 1301 907 famulus
1334 850 1452 918 Dei,
1483 852 1643 921 cuius
1677 869 1793 910 me-

190 938 301 993 rita
328 939 588 1009 probare,
614 946 672 994 et
705 943 1097 999 commendem
1116 959 1214 1014 per
1235 952 1385 1001 tanta
1411 946 1678 1001 miracula
1703 946 1790 1002 di—

188 1042 506 1104 gnatusest
532 1034 822 1094 Dominus.
854 1035 938 1094 Sit
976 1049 1182 1105 nostra:
1221 1040 1558 1109 diffidentiae,
1595 1043 1645 1099 si
1681 1057 1791 1115 qua

191 1138 383 1184 tamen
409 1138 495 1185 est
520 1129 690 1202 (absit
710 1140 894 1188 autem
926 1142 989 1189 ut
1018 1134 1129 1189 ulla
1163 1133 1256 1205 sit)
1293 1135 1608 1192 invincibile
1629 1150 1793 1209 argu-

189 1233 468 1293 mentum,
493 1229 643 1299 quod
672 1230 763 1285 ille
790 1231 1102 1288 animarum
1137 1242 1456 1289 nostrarum
1491 1236 1714 1292 morbos
1738 1244 1794 1293 et

188 1321 493 1393 lauguores
514 1334 806 1397 promptus
836 1334 893 1382 et
934 1335 1131 1398 potens
1162 1338 1246 1384 est
1280 1344 1507 1397 curare,
1541 1328 1636 1401 qui
1678 1338 1791 1385 tam

187 1418 414 1486 crebro,
437 1426 661 1492 tamque
684 1422 771 1492 pie
794 1422 1140 1480 infirmitates
1164 1440 1458 1496 corporum
1480 1442 1592 1482 nou
1613 1428 1794 1484 tardat

188 1515 452 1571 allevarc.
484 1515 600 1572 Nec
639 1519 786 1573 enim
815 1520 1058 1577 dubitari
1098 1522 1276 1588 debet,
1318 1522 1443 1593 plus
1476 1523 1630 1579 illum
1659 1540 1791 1595 pro-

189 1607 356 1662 desse
402 1608 542 1663 velle
588 1609 882 1667 animabus
922 1629 1088 1683 quam
1134 1613 1490 1684 corporibus;
1528 1617 1790 1686 quoniam

189 1699 417 1769 quidem
444 1700 663 1775 illarum
693 1703 843 1758 salus
870 1713 1073 1761 aeterna
1102 1717 1214 1775 est;
1254 1707 1473 1765 illorum
1498 1724 1629 1765 vero
1663 1726 1789 1766 cum
1824 1739 1868 1795 Β

192 1790 328 1860 ipsis
350 1792 556 1861 pariter
582 1806 707 1864 post
727 1796 1006 1852 modicum
1030 1798 1328 1857 defectura.

264 1879 569 1952 ﬂuensque
599 1899 666 1940 ex
712 1887 935 1958 scriptis
969 1889 1185 1959 piorum
1229 1890 1287 1947 S.
1330 1892 1610 1950 Altmauui
1639 1901 1790 1966 gesta

193 1976 567 2031 narravimus.
607 1975 742 2043 Quis
777 1978 1063 2036 hominum
1103 1993 1257 2053 putet
1298 1985 1417 2041 illos
1462 1987 1667 2057 aliquid
1705 1987 1792 2041 in-

194 2076 430 2133 certum,
468 2068 575 2137 vel,
603 2071 748 2141 quod
785 2073 1113 2145 sacrilegum
1149 2087 1316 2143 esset,
1347 2078 1553 2149 aliquid
1588 2078 1790 2135 falsum

197 2157 262 2212 ad
316 2168 573 2228 posteros
626 2163 1060 2232 transmisisse,
1098 2182 1223 2221 cum
1284 2169 1490 2239 optime
1538 2170 1792 2226 noverint

197 2244 370 2302 Deum
422 2249 635 2304 nullius
690 2266 850 2322 egere
897 2253 1222 2313 mendacio?
1280 2256 1387 2314 Sed
1446 2266 1501 2314 et
1538 2274 1626 2327 ea,
1668 2275 1792 2331 quae

199 2336 441 2410 qurtiéie
495 2340 603 2397 sub
659 2342 835 2400 oculis
886 2349 1243 2417 prtescutium
1296 2348 1435 2405 fiunt
1484 2349 1787 2417 mirabilia,

199 2429 477 2499 prioribus
501 2440 854 2503 attestautur,
898 2437 1081 2507 priora
1118 2441 1449 2495 conllrmaut
1475 2449 1529 2495 et
1569 2446 1786 2511 augent.

200 2518 275 2575 Ad
296 2512 437 2592 quae
465 2521 847 2595 describenda,
873 2528 1197 2601 priusquam
1233 2531 1579 2599 accedamus,
1616 2532 1789 2604 expli-

198 2611 451 2670 cabimus
478 2612 670 2671 forsan
693 2633 807 2673 non
829 2619 1095 2685 inutiliter
1116 2639 1239 2694 quae
1263 2640 1451 2690 causa,
1473 2639 1582 2694 quo
1599 2622 1791 2679 ordine

202 2713 601 2769 monasterium
626 2714 1005 2789 Kotwigccnse
1032 2719 1610 2795 (Gotwiceuse),‘quod
1637 2720 1790 2779 illum

201 2800 483 2873 fundasse,
529 2815 585 2862 et
629 2812 803 2866 sacris
845 2813 1066 2869 ossibus
1112 2815 1230 2870 suis
1275 2815 1576 2870 illustrasse
1623 2830 1790 2885 supra

200 2894 511 2984 remlimus,
564 2916 596 2955 a
634 2903 811 2973 prima
856 2921 955 2960 sua
1002 2904 1347 2962 institutione
1396 2907 1793 2987 canonicoruu;

200 2989 453 3047 videlicet
486 2994 821 3065 rcgularium
853 2997 907 3052 in
946 2999 1321 3055 monachicam
1368 2999 1786 3071 professionem,

201 3090 259 3135 ut
282 3082 785 3153 imprteseutiarum
813 3104 1034 3144 cernere
1056 3090 1201 3155 licet,
1228 3091 1565 3147 demutatum
1591 3091 1680 3145 sit.

266 3171 543 3245 Tempore
590 3181 886 3236 venerandi
938 3182 1202 3237 antistitis
1251 3182 1399 3237 venit
1448 3183 1502 3236 in
1545 3190 1787 3237 montem

199 3262 448 3336 liotvrich
478 3269 766 3341 presbyter
796 3272 1016 3343 quidam
1063 3275 1283 3331 natione
1328 3273 1545 3341 Scotus,
1578 3273 1789 3345 profes-

200 3357 350 3412 sione
377 3361 706 3427 monachus,
738 3365 1153 3420 conversatione
1180 3364 1486 3436 religiosus.
1508 3364 1790 3437 Congrue-

202 3447 291 3503 bat
310 3450 362 3504 ei
378 3465 582 3506 nomen
607 3455 754 3524 quod
778 3454 1039 3523 habebat;
1058 3457 1342 3512 dicebatur
1362 3456 1506 3512 enim
1530 3454 1786 3525 Joannes,

199 3541 344 3610 quod
372 3552 557 3609 sonat,
587 3547 765 3616 gratia
789 3545 907 3601 Dei.
953 3547 1151 3605 Dilexit
1182 3550 1325 3606 hanc
1354 3549 1586 3622 gratiam
1614 3551 1669 3605 iu
1696 3551 1790 3605 illo

199 3630 431 3687 antistes
457 3633 810 3704 Altmaunus;
838 3645 913 3703 et,
942 3646 1001 3693 ut
1033 3639 1261 3695 liberius
1285 3639 1376 3694 ille
1408 3656 1595 3696 secum
1629 3640 1787 3694 habi-

200 3729 368 3790 taret,
419 3726 660 3795 quodam
709 3736 863 3783 arcto
907 3728 1240 3797 habitacula,
1290 3730 1447 3802 juxta
1500 3730 1787 3787 ecclesiam

202 3815 371 3872 beate
397 3816 586 3874 Maria:
609 3835 709 3890 pro
731 3821 1001 3878 desiderio
1021 3833 1075 3879 ct
1096 3824 1358 3895 petitione
1383 3841 1479 3880 sua
1503 3842 1628 3879 eum
1656 3838 1789 3880 cou-

199 3905 383 3962 clusit.
416 3906 689 3965 Videbaut
722 3911 976 3969 homines
1008 3931 1173 3985 opera
1215 3915 1361 3971 illius
1389 3916 1554 3982 bona,
1588 3924 1643 3969 et
1675 3915 1789 3985 glo-

200 3996 490 4053 rilicabant
518 3998 738 4056 Patrem
765 4017 948 4071 suum,
978 4003 1148 4074 quiin
1174 4003 1329 4060 caelis
1349 4014 1433 4059 est
1459 4002 1679 4075 (Matth.
1706 4004 1784 4075 v).

202 4083 379 4143 Verba
406 4105 630 4162 quoque
663 4093 812 4148 illius
837 4094 1069 4151 libenter
1099 4096 1420 4164 audiebant;
1451 4095 1707 4167 quoniam
1734 4104 1788 4151 et

199 4177 318 4248 ipsa
348 4183 587 4253 gratiam
623 4186 911 4256 sapiebaut
945 4184 1005 4243 et
1042 4189 1478 4247 aediﬁcationem.
1510 4188 1640 4245 Post
1668 4188 1788 4245 obi-

200 4280 315 4327 tum
342 4288 479 4330 vero
506 4277 656 4334 beati
675 4277 978 4350 Altmauui,
1006 4282 1060 4336 in
1083 4283 1243 4354 cujus
1267 4283 1459 4340 diebus
1488 4284 1614 4356 agni
1642 4282 1786 4341 illius

199 4367 523 4422 monasterii
554 4372 921 4439 pascebantur
949 4373 1006 4427 in
1035 4374 1230 4429 ordine
1255 4389 1379 4442 suo,
1406 4375 1658 4431 nonnulli
1682 4376 1786 4432 sub

198 4458 383 4527 specie
414 4476 688 4531 agnorum
723 4464 885 4520 corda
922 4473 1173 4536 "gerentes
1201 4467 1386 4538 lupina
1416 4467 1634 4541 (Matth.
1662 4468 1784 4541 vn),

196 4566 264 4605 ex
294 4550 530 4609 diversis
572 4553 708 4611 locis
738 4557 883 4627 pulsi
915 4566 973 4613 et
1009 4558 1224 4631 profugi
1268 4560 1361 4616 illo
1384 4560 1784 4617 conﬂuxerunt.

198 4636 301 4705 Qui
345 4649 473 4711 post
497 4643 777 4700 modicum
819 4661 948 4702 vere
988 4647 1102 4719 lupi
1143 4657 1489 4719 apparentes,
1531 4657 1696 4721 atque
1729 4650 1788 4704 in

200 4730 406 4787 rabiem
438 4734 613 4802 versi,
657 4743 714 4792 et
752 4736 959 4806 lupinis
1002 4738 1258 4796 dentibus
1295 4740 1532 4797 aliorum
1578 4740 1789 4812 simpli-

198 4822 348 4878 citati
376 4840 591 4881 venena
621 4842 735 4883 suae
759 4830 982 4886 malitia:
1018 4829 1388 4899 infundentes,
1412 4832 1787 4890 innocentiam

200 4921 254 4965 et
282 4912 485 4969 bonam
522 4913 754 4983 famam,
788 4932 909 4989 quae
945 4920 1080 4976 inibi
1120 4924 1465 4979 sanctissime
1506 4922 1785 4992 ﬂoruerat,

200 5011 256 5055 et
296 5002 501 5059 bonum
554 5007 784 5061 odorem
820 5023 982 5064 suum
1016 5010 1174 5083 longe
1215 5011 1434 5084 lateque
1474 5013 1787 5082 diffuderat,

204 5105 555 5166 corrumpere
584 5105 642 5152 et
663 5097 887 5154 inlicere
909 5116 1016 5155 non
1045 5101 1360 5161 timuerunt.
1393 5099 1553 5159 Unde
1578 5103 1783 5175 factum

206 5191 284 5236 est
317 5192 376 5239 ut
396 5185 555 5242 locus
583 5187 701 5259 ipse
726 5190 884 5245 fieret
908 5198 1261 5267 contemptui,
1289 5193 1515 5254 horrori
1555 5204 1610 5251 et
1637 5196 1787 5252 dete-

204 5276 439 5328 stationi.

1894 474 2129 531 fratrum
2159 474 2425 543 referens,
2453 476 2769 534 consuluit:
2798 485 2987 549 turpes
3019 495 3268 553 qnosqnc
3290 486 3489 544 exinde

1892 565 2106 636 projici,
2148 573 2207 620 et
2250 567 2510 623 seductos
2559 567 2631 622 ab
2674 567 2756 623 eis
2805 569 3126 639 pmoitentia
3173 575 3483 633 emundari,

1892 657 2049 727 Quod
2071 668 2275 727 tamen,
2303 675 2428 715 cum
2453 660 2736 716 infamiam
2763 661 2924 732 cujus
2948 662 3086 718 fetor
3115 664 3333 736 longius
3353 682 3485 739 pro-

1893 760 2135 806 cesserat
2177 752 2363 808 minus
2409 752 2754 823 reprimeret,
2798 754 3081 824 prolixiori
3124 758 3288 812 taedio
3332 760 3484 829 victi,

1892 844 2013 900 loco
2041 844 2237 901 cedere
2256 859 2452 901 omnes
2472 846 2855 901 decreverunt.

1966 955 2180 1013 Rursus
2208 973 2341 1030 ergo
2371 965 2498 1013 ante
2532 957 2678 1014 fatus
2704 954 2944 1016 Joannes
2972 958 3160 1017 divino
3186 961 3488 1032 inspiratus

1894 1050 2129 1105 consilio
2160 1050 2418 1117 consulit,
2456 1058 2516 1105 ut
2538 1049 2933 1121 professionem
2972 1052 3178 1123 pariter
3210 1062 3490 1109 mutarent

1892 1150 1946 1196 et
1972 1142 2238 1210 habitum,
2283 1157 2538 1199 asserens
2578 1151 2633 1198 et
2670 1144 3020 1214 promittens,
3049 1145 3095 1200 si
3123 1153 3404 1226 mutarent
3434 1148 3489 1202 c‘t

1893 1240 2158 1303 augerent
2198 1242 2409 1299 votum,
2444 1233 2592 1304 quod
2634 1241 2766 1289 tunc
2798 1234 2999 1305 prioris
3032 1233 3271 1291 infamia:
3310 1243 3486 1292 totum

1892 1335 2156 1382 exuerent
2174 1327 2553 1399 opprobrium.
2579 1324 2763 1382 Placet
2775 1327 3100 1394 consilium;
3124 1327 3301 1398 placet
3321 1320 3486 1407 etiam

1893 1426 1954 1473 ut
1975 1418 2211 1490 eligatur
2238 1418 2433 1491 religio
2457 1421 2878 1475 monachorum.
2909 1417 3146 1475 Proinde
3172 1421 3484 1476 consultum

1891 1510 2108 1565 videtur
2142 1520 2203 1567 ut
2245 1527 2335 1568 res
2369 1512 2490 1582 ipsa
2534 1513 2603 1568 ad
2644 1512 2908 1568 domuum
2948 1530 3144 1585 papam
3194 1512 3483 1570 referatur.

1892 1597 2078 1656 Placet
2102 1609 2158 1656 et
2188 1601 2267 1656 illi
2303 1604 2536 1658 mutatio
2566 1604 2803 1660 dexterae
2834 1604 3037 1659 excelsi
3069 1603 3243 1675 (Psal.
3275 1608 3483 1673 Lxxvi).

1893 1689 2064 1762 Igitur
2088 1692 2454 1749 Chuonradus
2484 1695 2834 1765 praepositus,
2869 1695 2963 1765 qui
2988 1693 3189 1749 Outoui
3215 1695 3489 1751 secundus

1894 1792 2255 1849 successerat,
2293 1793 2347 1839 et
2382 1801 2441 1840 se
2476 1785 2641 1855 hujus
2669 1785 2992 1841 mutationis
3027 1786 3177 1855 pium
3217 1783 3487 1840 fautorem

1892 1882 1949 1929 et
1982 1880 2263 1930 auctorem
2290 1875 2620 1945 przebnerat,
2650 1890 2984 1931 consensum
3031 1873 3262 1929 Romani
3300 1874 3487 1944 ponti-

1892 1962 2013 2023 ﬁcis
2035 1966 2331 2023 Oudalrico
2366 1966 2679 2023 Patavicusi
2718 1966 2998 2037 episcopo,
3039 1966 3135 2036 qui
3168 1966 3329 2022 beato
3366 1965 3487 2021 Alt-

1892 2071 2098 2111 mauuo
2142 2065 2506 2124 successerat,
2541 2057 2707 2112 citius
2746 2056 2972 2123 indicat,
2999 2065 3053 2111 ct
3089 2057 3144 2111 in
3190 2054 3298 2111 hoc
3337 2062 3488 2111 tanto

1892 2148 2133 2219 negotio,
2164 2164 2280 2205 suae
2307 2165 2529 2221 quoque
2561 2147 2906 2205 auctoritatis
2929 2158 2984 2204 et
3012 2148 3362 2205 discretionis
3388 2137 3490 2219 pol

1892 2241 2063 2296 Stulat
2093 2241 2407 2297 consilium.
2446 2236 2635 2312 Itaque
2669 2238 2963 2295 Oudalrico
2994 2240 3255 2310 episcopo
3281 2253 3487 2294 consu-

1890 2333 2038 2390 lente
2067 2343 2122 2391 et
2160 2336 2461 2403 adnitente,
2498 2332 2895 2401 llartmanuns,
2934 2334 3026 2404 qui
3062 2331 3267 2403 prioris
3310 2322 3490 2417 oliicio

1893 2424 2227 2498 fungebatur
2256 2428 2310 2482 in
2347 2427 2687 2483 monasterio
2717 2424 2776 2482 S.
2812 2424 3000 2495 Blasli,
3038 2426 3207 2481 abbas
3246 2423 3485 2503 eligitur.

1892 2516 1960 2572 Et
1985 2520 2198 2574 merito.
2227 2519 2359 2574 Erat
2379 2520 2527 2575 enim
2553 2519 2638 2574 vir
2660 2519 2975 2590 religiosus,
3010 2518 3064 2572 iu
3093 2517 3266 2573 sacris
3291 2510 3489 2591 litteris

1892 2609 2097 2678 optimc
2119 2609 2442 2677 instructus,
2468 2610 2655 2665 suavis
2684 2624 2958 2676 sermone,
2987 2617 3042 2664 et
3065 2608 3132 2663 ad
3161 2615 3489 2663 cunctorum

1892 2697 2178 2754 hominum
2209 2700 2531 2770 qualitatem
2573 2698 3004 2765 informandam,
3039 2713 3134 2752 seu
3175 2694 3488 2762 fovendam,

1892 2791 2280 2847 convenienter
2302 2791 2628 2863 dispositus.
2662 2789 2821 2859 Huic,
2852 2799 2915 2846 ut
2936 2791 3053 2861 ipse
3077 2797 3200 2860 post
3224 2787 3491 2843 fratribus

1893 2885 2158 2953 narravit,
2206 2884 2263 2940 S.
2306 2885 2635 2941 Altmauuus
2677 2883 2733 2938 in
2779 2883 2989 2939 somnis
3035 2880 3308 2952 apparuit,
3358 2892 3487 2934 cum

1892 2976 2070 3031 adhuc
2115 2976 2170 3030 in
2216 2977 2477 3046 prmdicto
2515 2974 2857 3030 monasterio
2904 2972 3091 3028 Sancti
3133 2969 3300 3026 Blasii
3344 2960 3490 3039 foret

1818 3081 1861 3139 ο
1893 3068 2245 3133 constitutus,
2283 3067 2605 3139 virgamque
2644 3064 2977 3137 pastoralem
3031 3063 3082 3119 ei
3132 3061 3382 3125 tradidit,
3432 3069 3489 3117 ct

1890 3160 2200 3215 cmuobium
2240 3157 2619 3230 Kotwigcense
2641 3156 2941 3227 regendum
2973 3152 3396 3210 commendavit.

1959 3249 2275 3319 Assumptis
2323 3264 2456 3321 ergo
2512 3249 2648 3304 viris
2703 3245 2977 3318 religiosis
3027 3245 3234 3300 electus
3279 3242 3485 3311 abbas,
3538 3314 3544 3325 _

1889 3340 2103 3396 cunctis
2157 3340 2444 3407 ﬂentibus,
2497 3340 2593 3411 qui
2641 3339 2764 3411 ejus
2813 3338 3023 3410 pridem
3070 3326 3487 3412 lmtilicahantui

1889 3433 2272 3498 contubernio,
2305 3431 2697 3504 proficiscitur,
2730 3440 2895 3501 atque
2929 3429 2997 3485 ad
3023 3444 3154 3485 oves
3184 3444 3216 3483 a
3243 3426 3354 3483 Deo
3380 3427 3485 3515 sibi

1889 3526 2304 3581 commendatas
2326 3524 2676 3596 perveniens,
2705 3512 3081 3578 favorabiliter
3108 3520 3401 3591 excipitur,
3432 3512 3487 3574 ct

1889 3617 2275 3674 communibus
2310 3617 2556 3673 omnium
2594 3615 2739 3672 votis
2774 3615 2844 3670 ab
2875 3613 3134 3685 episcopo
3172 3608 3483 3667 Patavicnsi

1889 3706 2069 3761 debita
2105 3723 2232 3762 cum
2261 3706 2645 3763 benedictione
2675 3703 3055 3760 confirmatur.
3080 3699 3295 3756 Exhinc
3324 3700 3486 3755 iuba-

1888 3794 2125 3855 bitautes
2154 3799 2252 3867 ibi,
2276 3799 2397 3853 sine
2431 3814 2585 3853 mora
2611 3805 2666 3853 et
2699 3796 3069 3868 refragatlone
3097 3793 3337 3864 priorem
3363 3804 3486 3845 mn-

1888 3894 2009 3942 tant
2046 3889 2319 3954 habitum;
2356 3897 2573 3944 mutant
2603 3897 2660 3944 et
2707 3889 2976 3956 animum,
3008 3895 3227 3944 mutant
3265 3895 3321 3944 et
3366 3895 3488 3942 stu-

1888 3977 2061 4032 dium.
2112 3976 2439 4033 Exsultabat
2489 3991 2657 4048 super
2704 3979 2812 4034 hoc
2857 3984 3023 4045 terra,
3072 3977 3247 4049 magis
3298 3985 3481 4032 autem

1888 4069 2122 4137 coelum;
2148 4069 2241 4123 ubi
2265 4070 2524 4141 gaudium
2548 4069 2856 4125 celebratur
2876 4085 3042 4140 super
3068 4084 3179 4124 uno
3194 4060 3485 4139 peccatore

1887 4159 2264 4231 pteniteutiam
2288 4169 2481 4230 agente
2509 4158 2661 4231 (Luc.
2692 4160 2805 4231 xv),
2829 4169 3037 4231 quanto
3054 4160 3293 4231 amplius
3318 4170 3486 4230 super

1886 4261 2166 4308 tantorum
2204 4252 2381 4307 salute
2413 4258 2467 4307 et
2495 4251 2877 4307 correctione?
2911 4250 2991 4306 Ex
3025 4259 3157 4305 tunc
3192 4250 3351 4305 multi
3382 4241 3483 4304 n04

1885 4341 2024 4398 biles
2047 4342 2115 4398 de
2147 4342 2351 4398 saeculo
2385 4343 2455 4397 ad
2493 4341 2666 4398 Deum
2712 4342 2980 4411 converti,
3010 4350 3067 4398 et
3107 4341 3243 4396 tanti
3284 4339 3387 4395 viri
3422 4354 3482 4396 se

1818 4423 2191 4507 Ddisciplina:
2234 4436 2468 4504 tradere,
2509 4451 2719 4509 suaque
2761 4437 2945 4492 omnia
2991 4436 3046 4490 in
3084 4450 3246 4491 usum
3288 4448 3482 4488 mona-

1888 4528 2041 4582 sterii
2086 4525 2338 4583 conferre
2382 4536 2690 4599 eruperunt.
2743 4525 2930 4582 Crevit
2971 4541 3069 4597 per
3106 4539 3235 4580 eum
3282 4521 3481 4577 abiude

1887 4615 2032 4673 fama
2058 4626 2114 4674 et
2136 4620 2439 4677 reverentia
2468 4620 2605 4689 loci;
2641 4626 3003 4677 surrexerunt
3027 4615 3276 4682 mdilicia,
3310 4615 3481 4669 libro.

1886 4725 2011 4765 rum
2059 4711 2216 4782 copia
2258 4712 2453 4781 crevit,
2497 4718 2554 4767 et
2590 4710 2774 4767 omnis
2819 4719 3048 4768 ornatus
3091 4705 3481 4782 mysteriorum

1887 4799 2219 4859 divinorum.

1952 4939 2026 4994 At
2048 4939 2186 4996 nihil
2216 4938 2321 4994 hoc
2347 4935 2547 5003 fuerat,
2579 4938 2628 4994 si
2665 4935 2877 4995 scilicet
2894 4933 3281 5009 profecissent
3316 4928 3497 4998 parie-

1881 5037 1986 5098 tes,
2012 5040 2070 5088 et
2111 5032 2215 5089 sub
2246 5030 2408 5088 ruina
2448 5043 2636 5085 mores
2660 5028 3019 5085 mansissent.
3045 5023 3171 5087 llis
3193 5019 3375 5096 potius
3411 5015 3503 5070 in-

1883 5126 2162 5182 struendis
2201 5124 2286 5179 vir
2322 5136 2490 5193 sagax
2522 5120 2858 5194 invigilavit;
2893 5118 3089 5177 sciens
3131 5113 3279 5196 quod
3317 5107 3507 5164 nonin

1882 5217 2214 5274 manufactis
2255 5215 2468 5271 habitat
2498 5210 2652 5271 Deus
2692 5214 2835 5288 (Αεε-
2873 5210 3035 5284 ΠΗ),
3102 5212 3217 5275 sed
3243 5207 3301 5264 in
3338 5201 3511 5303 ra“?

1888 5310 2072 5328 ___L91-a
2144 5326 2153 5328 _
2210 5314 2521 5328 --_._.__...~.
2576 5307 2883 5328 --_2__-...__-
2932 5310 3181 5328 4...._‘o__
3248 5308 3365 5328 num
3410 5304 3517 5328 nassa

2238 5317 2521 5328 -__--_-m
