3988 5328
215 207 326 264 895

1131 210 1417 268 APPEND.
1456 210 1546 268 ῐῐῐ.
1584 241 1656 256 -ι-
1685 208 2126 269 ΜΟΝΗΜΕΝΤᾹ
2161 209 2629 270 GREGORIANA.

3391 208 3496 266 896

215 322 543 393 assumpsit,
565 330 622 378 et
644 321 850 394 jugiter
871 339 1057 379 secum
1085 325 1330 381 retinuit.
1357 323 1490 380 Erat
1510 333 1691 380 autem
1719 341 1818 380 no-
1845 327 1892 384 A
1918 325 2164 382 habitare
2215 343 2340 381 cum
2392 328 2502 382 illa.
2557 326 2780 381 Clamor
2840 333 2895 381 et
2963 323 3136 390 ibror,
3183 323 3500 394 ubicunque

216 431 346 470 men
371 415 571 485 puellm
594 414 785 469 Truta.

291 507 503 567 Eodem
553 516 796 578 tempore
847 507 953 562 alia
1005 505 1204 562 mulier
1226 506 1496 578 quzedam,
1545 506 1613 562 de
1665 505 1814 572 villa,

217 615 346 668 quae
369 599 515 656 dicta
542 607 626 653 est
654 597 1126 665 Bebeimkirchen,
1154 595 1278 654 cum
1325 597 1520 654 fuisset
1545 614 1708 664 caeca,
1733 598 1818 652 in-

223 690 566 746 terveniente
589 690 648 745 S.
671 691 966 746 Altmanno
993 691 1146 757 vidit,
1172 701 1226 746 et
1247 691 1434 762 gavisa
1459 700 1564 746 est.

295 781 484 840 Altera
519 783 650 837 item
699 783 896 837 mulier
922 783 989 839 de
1021 784 1149 838 villa
1189 783 1456 838 vocabulo
1504 782 1816 849 lndernich,

226 887 430 926 nomen
475 873 684 927 habens
732 870 942 938 lleilka,
988 889 1113 928 cum
1136 889 1330 928 novem
1368 873 1818 940 hebdomadibus,

225 961 374 1014 sicut
391 961 708 1030 juramento
733 961 1109 1028 conﬁrmabat,
1139 978 1248 1017 non
1274 961 1496 1020 vidisset
1519 963 1724 1030 lumen,
1751 951 1819 1017 ad

227 1049 505 1103 tumulum
537 1047 595 1103 S.
624 1050 726 1106 viri
752 1049 847 1104 Dei
875 1051 1068 1105 lumini
1089 1052 1342 1106 restituta
1380 1059 1486 1108 est.

303 1139 596 1196 Heinricus
644 1141 864 1211 quidam
905 1143 1144 1210 nomine,
1188 1153 1243 1198 et
1281 1144 1396 1215 ipse
1424 1144 1558 1200 civis
1583 1131 1822 1200 forensis

228 1231 374 1287 villae
406 1246 530 1301 quae
567 1231 769 1286 dicitur
797 1231 1108 1299 Heinvelde,
1147 1235 1310 1290 homo
1349 1244 1598 1291 maturus
1643 1243 1699 1290 et
1726 1236 1821 1305 qui

230 1321 479 1376 veritatis
516 1322 586 1375 ab
614 1323 873 1377 omnibus
905 1323 1070 1378 habet
1110 1325 1508 1391 testimonium,
1536 1341 1660 1381 cum
1691 1342 1824 1381 ocu-

232 1412 348 1466 lum
379 1411 698 1466 ramusculo
723 1413 958 1481 quodam
997 1429 1318 1483 percussum
1357 1416 1824 1471 irremediabiliter

232 1501 444 1560 doleret
484 1502 714 1571 ejusque
758 1503 878 1557 visu
909 1505 1128 1573 penitus
1149 1515 1382 1571 careret,
1407 1521 1536 1560 cum
1568 1507 1635 1561 ad
1668 1521 1824 1561 sacra

233 1607 362 1648 ossa
408 1592 574 1662 hujus
621 1595 880 1655 antistitis
934 1596 1183 1661 ﬁdeliter,
1236 1606 1292 1652 et
1341 1598 1568 1667 supplex
1620 1607 1822 1664 oraret,

232 1684 394 1756 pulso
415 1684 624 1751 dolore,
652 1686 944 1742 sanitatem
970 1697 1026 1744 et
1058 1689 1236 1744 visum
1268 1691 1492 1759 recepit.

304 1777 570 1844 Quadam
597 1780 794 1838 mulier
837 1783 1166 1850 paupercula
1191 1783 1258 1837 de
1285 1783 1530 1853 partibus
1557 1782 1820 1848 Bavarize,

233 1885 362 1924 cum
392 1870 546 1938 prole
595 1885 771 1939 nuper
804 1872 983 1941 genita
1015 1882 1257 1938 venerat,
1308 1882 1363 1929 et
1388 1875 1823 1929 necessariorum

236 1973 406 2013 causa
445 1959 505 2012 in
530 1959 815 2015 servitium
860 1961 1145 2030 cujusdam
1176 1972 1440 2018 matronae
1480 1964 1533 2018 in
1565 1963 1827 2018 Chreme-

237 2055 386 2109 sensi
431 2054 651 2109 civitate
687 2071 745 2110 se
789 2057 1113 2112 contulerat.
1166 2056 1224 2110 ln
1255 2058 1414 2128 cujus
1469 2059 1692 2113 servitio
1730 2075 1827 2128 per

238 2143 463 2213 aliquod
494 2153 708 2214 tempus
739 2154 971 2210 morata,
993 2146 1177 2200 dolore
1205 2147 1492 2201 oculorum
1517 2147 1826 2211 accedente,

239 2235 516 2291 defectum
543 2236 700 2292 visus
726 2253 888 2306 passa
917 2237 1040 2292 fuit.
1073 2237 1140 2292 Et
1187 2235 1294 2292 heu
1320 2238 1543 2308 quantis
1578 2237 1830 2318 acciden-

242 2323 388 2380 tibus
435 2323 635 2380 misera
665 2325 941 2394 subjacet!
993 2324 1116 2381 Jam
1146 2342 1256 2396 quo
1296 2336 1456 2396 putas
1498 2327 1686 2382 dolore
1722 2343 1829 2381 non

240 2417 618 2485 cruciabatur,
649 2437 815 2489 quam
839 2430 895 2475 et
919 2422 1137 2476 cacitas
1159 2423 1402 2492 urgebat,
1427 2431 1482 2477 et
1511 2439 1672 2493 grave
1693 2437 1832 2479 onus

240 2510 582 2579 paupertatis
611 2511 892 2580 premebat
916 2513 929 2565 ι
953 2510 1064 2566 Nec
1083 2513 1228 2566 enim
1279 2513 1521 2579 sibimet,
1566 2530 1666 2568 nec
1695 2513 1828 2585 proli

242 2601 664 2670 nupergenitae,
690 2617 790 2670 pro
817 2619 926 2672 qua
948 2603 1123 2674 magis
1140 2604 1554 2671 sollicitabantur,
1580 2607 1835 2675 prodesse

242 2702 478 2762 poterat.
519 2694 769 2764 Cumque
813 2713 846 2752 a
881 2698 1103 2752 servitio
1136 2699 1410 2768 praedictae
1454 2710 1718 2755 matrona:
1741 2701 1836 2754 de-

239 2787 422 2842 fectus
472 2787 624 2843 visus
652 2788 804 2843 illam
841 2805 1060 2845 cessare
1101 2800 1338 2862 cogeret,
1380 2801 1433 2847 et
1476 2802 1722 2848 matrona
1767 2795 1836 2848 ab

243 2882 723 2939 administratione
783 2884 1101 2945 victnalium
1164 2888 1417 2942 cessavit.
1498 2887 1624 2943 Haec
1680 2897 1837 2944 nocte

1915 416 2131 472 fuisset.
2163 415 2357 471 Omnia
2386 417 2531 472 enim
2573 418 2816 474 membra
2857 416 3282 492 spiritu'furoris
3322 416 3498 486 agita-

1917 506 2134 562 bantur.
2177 507 2454 563 lnterdum
2492 508 2658 567 etiam
2687 508 2829 564 idem
2876 509 3110 573 daemon,
3160 508 3286 578 quia
3329 509 3502 562 sciens

1918 598 2324 668 interpretatur,
2371 614 2637 670 organum
2676 600 2916 656 hominis
2955 601 3165 655 obsessi
3190 599 3257 654 ad
3314 598 3499 669 profe-

1917 688 2144 744 rendam
2185 687 2545 743 litteraturam
2592 690 2849 755 vovebat;
2891 690 3049 760 quasi
3087 689 3275 744 eadem
3306 689 3502 743 mulier

1917 777 2238 832 litteratum
2279 777 2586 844 scientiam,
2616 786 2672 832 et
2716 779 2940 833 modum
2983 778 3208 832 urbanae
3259 793 3505 848 pronun-

1918 867 2163 924 tiationis
2187 867 2256 922 ab
2287 867 2420 938 ipsis
2449 867 2645 923 studiis
2673 877 2968 924 consecuta
2996 867 3210 922 fuisset.
3238 867 3302 921 Et
3333 875 3505 933 certe,

1919 960 2066 1030 quod
2087 960 2415 1030 quibusdam
2459 959 2660 1021 mirum
2699 959 3004 1025 videbatur,
3051 957 3369 1031 Symbolum
3407 973 3506 1028 per

1920 1053 2106 1130 omnia
2132 1062 2192 1108 ut
2216 1053 2348 1107 ﬁdes
2375 1052 2642 1107 catholica
2667 1052 2848 1118 habet,
2879 1051 3284 1122 pronuntiabat.
3321 1047 3512 1120 Neque

1921 1129 2105 1202 tamen
2132 1143 2188 1200 id
2215 1144 2441 1209 mirum,
2481 1160 2605 1198 cum
2630 1143 2926 1199 auctoritas
2965 1141 3310 1215 [Scriptum]
3363 1142 3512 1196 dicat

1921 1239 2199 1295 dzemones
2242 1238 2442 1293 habere
2484 1238 2667 1302 ﬁdem,
2725 1237 2820 1292 sed
2854 1253 2962 1290 non
2989 1252 3172 1306 opera.
3209 1233 3355 1301 Haec,
3383 1250 3513 1290 cum

1922 1329 2154 1385 solemni
2190 1327 2538 1399 processione
2557 1329 2730 1398 plebis
2751 1327 3054 1398 plebe-sana:
3074 1327 3365 1397 parochias,
3390 1340 3515 1396 quas

1925 1418 2064 1479 Tuln
2091 1428 2339 1486 vocatur,
2369 1419 2436 1473 ad
2477 1418 2796 1472 memoriam
2828 1417 2972 1473 beati
2999 1417 3104 1471 viri
3130 1417 3292 1472 ducta
3330 1416 3515 1471 venis-

1925 1521 2028 1577 set,
2075 1511 2284 1567 meritis
2341 1511 2517 1565 sancti
2569 1511 2820 1580 praesulis
2857 1511 3166 1564 invasorem
3212 1509 3514 1580 pessimum

1924 1603 2372 1673 propellentibus,
2413 1603 2639 1656 liberata
2670 1601 2791 1656 fuit.
2823 1601 2889 1656 Et
2920 1602 3170 1656 videntes
3200 1602 3370 1656 turbze
3398 1615 3516 1654 ma-

1927 1693 2132 1749 nifesta
2185 1694 2306 1762 ejus
2355 1693 2694 1748 liberationis
2749 1693 2925 1764 signa,
2961 1708 3026 1747 eo
3054 1691 3228 1762 magis
3259 1690 3430 1745 Deum
3465 1696 3519 1743 ct

1925 1784 2198 1856 praeconia
2220 1784 2401 1839 dilecti
2432 1784 2517 1839 sui
2565 1783 2847 1838 Altmanni
2895 1782 3356 1854 gloriﬁcaverunt,
3385 1780 3520 1850 quia

1925 1875 2104 1946 ipsam
2150 1875 2218 1930 ad
2267 1874 2482 1929 diversa
2523 1882 2839 1928 sanctorum
2895 1872 3109 1938 limina,
3174 1871 3294 1927 sine
3321 1868 3518 1924 cﬂ'ectu

1926 1965 2092 2020 ullius
2115 1965 2334 2020 virtutis
2365 1965 2722 2019 adduxerant.

2001 2055 2105 2110 Sed
2141 2055 2271 2125 quia
2307 2055 2530 2110 alternis
2572 2055 2651 2108 uti
2693 2063 2777 2109 est
2797 2052 3132 2118 delectabile,
3170 2050 3314 2105 aliud
3355 2049 3524 2104 mira-

1929 2149 2111 2204 culum
2139 2147 2455 2202 testimonio
2488 2146 2720 2201 astantis
2749 2145 3005 2201 Ecclesize
3043 2143 3359 2198 solemniter
3383 2141 3524 2195 cele-

1930 2241 2147 2296 bratum
2184 2238 2461 2310 accipias;
2504 2245 2586 2304 ut,
2635 2245 2841 2308 quanta
2871 2235 2942 2291 sit
2985 2234 3152 2305 hujus
3185 2233 3359 2288 sancti
3385 2248 3526 2302 pne-

1931 2333 2067 2388 sulis
2091 2332 2413 2386 meritorum
2436 2330 2794 2401 praerogativa
2822 2327 3038 2399 plenius
3077 2341 3361 2408 agnoscas.
3388 2323 3527 2390 Qui—

1931 2424 2056 2477 dam
2083 2421 2276 2477 debilis
2301 2437 2421 2475 eam
2447 2420 2690 2490 corporis
2724 2417 2947 2490 pertulit
2976 2416 3282 2471 molestiam
3309 2422 3368 2467 ut
3390 2421 3530 2467 attev

1933 2523 2101 2570 nuato
2144 2513 2295 2568 vitali
2339 2511 2605 2583 sanguine
2658 2525 2925 2565 venarum
2983 2515 3266 2563 contractu
3311 2510 3530 2557 erectus

1933 2606 2015 2660 ire
2036 2605 2326 2675 nequiret;
2375 2603 2493 2668 sed,
2539 2617 2639 2672 pro
2677 2600 2853 2656 oﬁieio
2892 2599 3114 2670 pedum,
3159 2596 3414 2650 manibus
3437 2609 3528 2647 re—

1933 2697 2158 2768 ptando,
2193 2710 2252 2750 se
2274 2695 2532 2749 traheret.
2565 2692 2616 2746 ls
2645 2691 2700 2746 in
2729 2690 3030 2762 longinquo
3077 2687 3290 2758 positus
3315 2685 3370 2738 in
3400 2683 3528 2737 villa

1936 2801 2060 2856 quae
2083 2784 2160 2839 L0
2181 2783 2401 2850 dicitur,
2433 2797 2560 2837 cum
2585 2781 2750 2851 hujus
2791 2779 2978 2850 gratia:
3016 2779 3155 2833 mira
3180 2791 3344 2846 opera
3372 2788 3528 2828 com-

1936 2874 2190 2946 perisset,
2219 2887 2315 2944 spe
2348 2871 2599 2927 sanitatis
2640 2871 2887 2926 tumbam
2931 2869 3226 2925 salutarem
3254 2863 3399 2919 beati
3422 2861 3530 2918 viri

243 2974 508 3042 quadam,
541 2989 642 3043 pro
667 2984 818 3031 tanto
847 2991 950 3030 suo
975 2976 1187 3032 defectu
1211 2978 1264 3031 in
1289 2979 1558 3049 lacrymas
1579 2981 1834 3044 resoluta,

1939 2966 2163 3020 oraculo
2184 2964 2422 3034 quodam
2444 2960 2630 3016 divino
2651 2961 2811 3031 elegit
2840 2958 3218 3029 expetendam.
3262 2952 3378 3054 Ubi.
3402 2966 3530 3006 cum

245 3065 418 3122 divin;
445 3066 674 3121 [mn-mis
703 3068 929 3136 gratiam
966 3084 1064 3138 per
1101 3070 1294 3124 merita
1338 3045 1684 3138 Βξρηεευιίε
1724 3086 1839 3125 ωε.
1867 3045 1906 3066 υ
1939 3057 2083 3110 votis
2107 3063 2161 3111 et
2182 3055 2436 3125 precibus
2460 3069 2560 3123 pro
2583 3051 2797 3107 defectu
2826 3050 3072 3120 corporis
3086 3059 3140 3103 et
3169 3045 3439 3138 molestia,
3470 3049 3534 3095 ut

243 3157 478 3217 dullitus
515 3158 862 3228 implorabat.
907 3160 992 3225 Et,
1041 3161 1135 3231 qui
1170 3161 1501 3216 desiderium
1535 3177 1836 3232 pauperum

247 3250 496 3316 exaudit,
540 3257 594 3308 et
643 3250 809 3320 hujus
860 3252 1136 3308 orationes
1193 3252 1419 3319 audivit,
1469 3260 1525 3306 et
1573 3253 1841 3324 lacrymas

250 3342 406 3407 vidit.
431 3339 574 3396 Nam
600 3359 727 3397 cum
755 3359 914 3398 mane
938 3345 1271 3398 surrexisset
1298 3344 1365 3398 ad
1393 3344 1638 3398 omnium
1668 3359 1843 3398 mem-

250 3434 484 3492 brorum
512 3433 709 3500 oﬁicia,
741 3435 862 3490 visu
885 3442 1125 3505 regente,
1166 3435 1415 3506 expedita
1440 3434 1562 3490 fuit.
1593 3433 1701 3490 Sed
1719 3450 1841 3489 om-

253 3541 352 3581 nes
404 3526 726 3596 singillatim
777 3537 1004 3582 eventus
1031 3542 1244 3595 eorum,
1283 3528 1378 3598 qui
1399 3529 1467 3583 ad
1520 3528 1842 3583 memoriam

257 3615 314 3672 S.
355 3617 620 3672 antistitis
662 3617 924 3676 beneﬁcia
971 3619 1195 3673 luminis
1238 3627 1578 3687 meruerunt,
1625 3627 1848 3691 propter

257 3707 543 3766 fastidium
579 3709 803 3770 lectoris
837 3711 1146 3766 describere
1202 3712 1413 3767 omitto.
1466 3710 1603 3766 Nam
1651 3721 1849 3782 przetcr

258 3813 352 3852 eos
388 3798 485 3869 qui
516 3798 759 3854 infausta
806 3801 1167 3870 pertulerunt,
1203 3817 1364 3855 rarus
1409 3800 1512 3855 fuit
1541 3801 1734 3857 oculos
1757 3801 1850 3856 do-

260 3889 378 3946 lens
410 3892 511 3962 qui
538 3892 842 3947 remedium
865 3909 976 3947 non
1003 3900 1448 3962 consequeretur.

330 3981 461 4038 Erat
505 3984 706 4038 mulier
757 3985 1005 4054 quzedam
1051 3985 1380 4040 dmmonium
1429 3986 1635 4040 habens
1683 3991 1849 4039 tantae

263 4068 695 4141 importunitatis
731 4083 785 4128 et
813 4074 949 4128 tanti
996 4061 1198 4130 furoris
1228 4083 1286 4129 ut
1320 4076 1409 4129 vix
1445 4075 1644 4146 aliquis
1672 4075 1852 4147 quiret

1942 3156 2075 3220 puta
2111 3147 2415 3219 potioribus
2451 3144 2764 3201 medullitus
2808 3142 3113 3207 insisteret;
3141 3153 3287 3203 ecce,
3328 3134 3531 3190 mirum

1943 3240 2113 3305 dictu,
2159 3238 2314 3293 nervi
2368 3237 2461 3292 diu
2494 3233 2780 3299 contracti,
2829 3247 2956 3287 cum
3006 3229 3222 3300 fragore
3256 3241 3315 3282 se
3351 3238 3532 3294 cmpe-

1946 3337 2078 3385 runt
2101 3328 2414 3392 extendere,
2449 3334 2503 3380 et
2535 3324 2674 3379 aridi
2703 3331 2917 3378 meatus
2945 3333 3210 3374 venarum
3241 3314 3390 3371 vitali
3413 3328 3536 3369 san-

1951 3422 2114 3493 guine
2161 3417 2398 3475 infundi.
2434 3417 2643 3488 itaque,
2678 3421 2901 3485 accepto
2929 3406 3166 3475 robore,
3222 3413 3536 3489 contractus

1953 3512 2043 3567 ille
2087 3526 2251 3581 super
2289 3509 2456 3580 pedes
2487 3505 2749 3574 constitit,
2782 3513 2837 3560 et
2880 3499 3121 3559 curatori
3176 3513 3277 3554 suo
3323 3493 3534 3564 magnis

1947 3603 2174 3657 vocibus
2202 3597 2495 3656 benedixit.
2520 3598 2701 3654 Gloria
2737 3594 2833 3651 tibi
2863 3595 3100 3653 Christe.
3139 3589 3234 3662 qui
3276 3602 3374 3659 per
3417 3600 3536 3639 me-

1947 3694 2054 3751 rita
2082 3701 2394 3749 sanctorum
2427 3700 2646 3746 tuorum
2674 3705 2849 3760 usque
2895 3688 3057 3743 modo
3082 3682 3347 3754 operaris,
3369 3686 3425 3734 et
3457 3677 3534 3732 sic

1949 3789 2115 3844 elisos
2138 3787 2306 3857 erigis
2331 3796 2390 3840 ut
2413 3799 2607 3839 eorum
2651 3783 2746 3854 qui
2773 3781 2875 3837 tibi
2917 3781 3246 3852 placuerunt
3292 3770 3535 3828 mortali-

1953 3879 2058 3934 bus
2083 3877 2384 3932 claritatem
2409 3876 2739 3930 innotescas.

2070 4027 2227 4082 Finis
2262 4026 2399 4080 Vita:
2420 4023 2478 4080 S.
2504 3991 2783 4078 Altmnnni
2803 4019 3032 4092 episwpi
3062 4015 3420 4072 Pataeiensis.
3525 4053 3530 4064 .

1002 4415 1394 4578 VITA
1487 4413 1963 4543 BEATI
2060 4410 2824 4541 TIEMONIS

1336 4627 1862 4684 ARCHlEPlSCOPl
1897 4626 2487 4684 SALISBURGENSIS

274 4777 460 4854 Quia
498 4771 936 4838 schismaticis
965 4773 1088 4835 sub
1118 4769 1432 4854 Gregorio
1463 4770 1580 4829 VII
1612 4775 1674 4831 et
1708 4769 1967 4854 Urbano
1997 4769 2053 4829 ll
2101 4768 2384 4854 romanis
2419 4763 2835 4854 pontiﬁcibus
2866 4757 3152 4845 plurima
3183 4769 3557 4842 perpessus,

1188 4847 1538 4910 et‘tandem
1561 4848 1857 4928 martyrii
1883 4864 2119 4910 corona
2155 4847 2498 4911 redimitus
2526 4851 2644 4905 est.

992 4994 1176 5057 Nunc
1207 5011 1284 5053 ea:
1309 4989 1592 5070 antiquis
1623 4990 1998 5054 membranis
2031 4990 2094 5050 in
2117 4991 2443 5071 publicum
2482 4983 2874 5066 deprompta.

1809 5143 2129 5160 ﬂ

1712 5258 2182 5328 LECTORI.
