3988 5328
233 219 335 275 897

1133 213 1423 270 APPEND.
1462 211 1549 271 ΙΙΙ.
1587 246 1656 257 ——
1695 213 2133 277 HONUM‘ENTA
2170 218 2639 276 CRECONANA.

3416 224 3522 281 £98

222 334 670 406 .Mignissime'
718 324 968 404 sperans
991 344 1121 386 eum
1173 329 1449 385 abbatiam
1485 344 1644 386 suam
1697 330 1837 388 velle
1864 334 1910 392 Α
1934 332 2118 388 medio
2147 349 2312 389 amne
2341 349 2469 390 cum
2505 332 2797 390 Pharaone
2840 335 3146 408 immergit;
3189 334 3396 409 talique
3424 337 3520 396 Dci
3578 396 3581 399 ,

232 424 505 495 recipere,
545 439 611 480 ac
644 437 809 479 suum
835 434 1083 477 errorem
1132 420 1191 475 in
1242 420 1503 477 omnibus
1550 420 1831 491 adjuvare.

234 519 347 573 Sed
383 518 473 572 vir
495 516 593 571 Dei
647 530 757 570 non
786 515 1080 569 immemor
1128 511 1349 568 consilii
1377 511 1524 568 Petri
1566 513 1832 584 apostoli:

241 611 437 667 Helius
460 623 586 666 esse
602 610 742 664 viam
772 609 1013 663 veritatis
1044 624 1147 662 non
1177 623 1505 679 cognoscere,
1527 623 1688 678 quam
1717 615 1834 677 post

234 704 569 775 agnitionem
607 711 896 758 retrorsum
924 703 1157 757 converti
1193 701 1282 774 (Il
1320 701 1470 756 Petr.
1503 703 1601 773 u);
1651 701 1836 757 sciens

235 797 403 851 etiam
442 811 571 851 cum
608 795 923 867 bujusmodi
969 809 1079 851 .noc
1115 795 1301 851 cibum
1358 809 1597 859 sumere,
1656 793 1835 848 noluit

234 889 431 960 iugum
466 888 670 944 ducere
710 901 837 944 cum
878 888 1181 953 haereticis;
1224 886 1321 941 sed
1362 885 1554 940 maluit
1586 886 1834 955 abiectus

238 995 362 1035 esse
395 980 454 1033 in
477 980 646 1034 domo
667 978 908 1045 Domini,
944 995 1113 1050 quam
1136 978 1386 1035 habitare
1412 978 1474 1031 in
1499 978 1831 1033 tabernacu-

224 1070 309 1126 lis
335 1078 690 1140 peccatorum
717 1068 892 1140 (Psal.
925 1067 1193 1140 suum);
1221 1076 1278 1124 et
1296 1068 1525 1125 secessit
1551 1068 1617 1123 ad
1644 1083 1833 1123 servos

230 1160 359 1227 Dei,
382 1176 657 1232 pauperes
677 1160 906 1225 Christi,
930 1161 1171 1217 vicinam
1198 1160 1252 1214 in
1273 1172 1542 1215 eremum.
1576 1158 1679 1215 Ubi
1711 1175 1834 1216 sus-

220 1261 433 1321 ~eeptns
480 1259 568 1306 est
613 1250 746 1306 inibi
771 1266 801 1305 τι
830 1249 1098 1307 fratribus
1144 1250 1467 1322 degentibus
1516 1266 1642 1306 cum
1682 1251 1833 1305 omni

196 1336 529 1397 amaritate.
566 1340 636 1395 Et
673 1356 799 1397 cum
852 1340 1067 1396 Joanne
1105 1340 1357 1411 apostolo
1388 1349 1675 1412 ceperunt
1720 1342 1834 1397 sin-

220 1432 355 1504 guli
386 1433 503 1488 haec
524 1432 691 1488 verba
713 1432 894 1488 dicere
919 1451 933 1487 :
965 1431 1081 1486 Nos
1104 1432 1350 1487 debemus
1375 1433 1681 1503 hujusmodi
1709 1449 1832 1487 sus-

219 1527 413 1595 «cipere
450 1524 631 1595 (Joan.
678 1524 805 1596 ιιι),
867 1533 930 1579 ut
971 1532 1359 1595 cooperatores
1401 1525 1576 1580 simus
1615 1524 1831 1580 Domini

232 1617 419 1672 nostri
440 1616 573 1672 Jesu
595 1615 823 1671 Christi.
854 1615 979 1687 Ipse
1005 1629 1138 1671 vero
1158 1615 1462 1686 sepissime
1481 1616 1648 1686 cmpit
1666 1614 1831 1670 Chri-

1931 423 2145 496 judicio
2168 423 2388 480 illorum
2415 423 2612 483 electio
2635 423 2804 480 ﬁnem
2825 427 3077 481 sortitur.
3102 426 3258 495 Quod
3276 428 3522 486 videntes

1932 514 2213 583 universi,
2266 515 2528 572 concitati
2572 516 2731 571 sunt'
2760 516 2814 570 in
2863 515 3083 571 laudem
3123 517 3239 573 veri
3283 520 3523 589 pastoris

1935 604 2182 671 Christi,
2217 605 2450 661 dicendo
2499 605 2634 661 illud
2681 605 3098 679 Psalmograpbi
3133 624 3147 661 :
3186 608 3327 664 Deus
3351 610 3522 680 judex
3618 603 3622 607 “

1926 694 2110 764 justus
2135 694 2313 765 (Prol.
2337 696 2466 766 vn);
2490 705 2546 751 et
2566 696 2697 752 illud
2711 697 2965 767 Apostoli
2992 716 3005 730 ι
3040 697 3213 764 Quam
3234 700 3524 770 incompre-

1932 785 2218 840 hensibilia
2257 795 2380 840 sunt
2416 786 2630 857 judicia
2673 790 2789 859 ejus
2839 790 3016 861 (Rom.
3064 790 3163 861 xl).
3214 790 3523 862 Statimque

1934 877 2055 945 Dei,
2103 887 2164 935 ut
2205 879 2418 935 cunctis
2452 880 2672 949 claruit,
2707 881 2939 948 electus,
2967 882 3036 938 ad
3060 884 3375 939 cathedram
3407 885 3525 954 epi-

1934 968 2208 1039 scopalem
2236 984 2347 1024 non
2382 971 2563 1025 solum
2583 980 2669 1027 est
2695 980 2936 1039 evectus,
2966 972 3061 1029 sed
3090 959 3254 1028 etiam
3279 974 3527 1031 maximo

1934 1077 2061 1117 cum
2097 1062 2308 1119 honore
2352 1080 2383 1118 a
2412 1064 2714 1120 Catholicis
2746 1072 2833 1121 est
2863 1075 3172 1137 susceptus.
3210 1067 3293 1122 Ab
3341 1067 3522 1121 omni-

1934 1151 2038 1208 bus
2069 1152 2324 1208 laudatur
2355 1162 2411 1208 et
2450 1153 2774 1210 honoratur.
2819 1154 3018 1210 Postea
3053 1170 3184 1210 vero
3212 1164 3526 1226 Opportuna

1933 1248 2179 1312 tempore
2207 1241 2304 1297 Dei
2336 1244 2597 1300 sacerdos
2624 1245 2926 1300 secundum
2960 1246 3209 1302 ordinem
3234 1246 3524 1307 Melchise-

1932 1333 2071 1389 dech
2108 1334 2314 1390 electus
2341 1335 2518 1403 (Ρωι.
2554 1338 2689 1407 clx),
2722 1346 3025 1411 unguento,
3053 1339 3202 1409 quod
3241 1339 3526 1394 descendit

1934 1421 1989 1477 in
2040 1422 2293 1489 barbam,
2342 1424 2570 1481 barbam
2618 1427 2809 1486 Aaron.
2850 1426 3025 1497 (Pscl.
3053 1428 3285 1499 cum),
3318 1436 3373 1483 et
3401 1428 3525 1483 oleo

1933 1512 2135 1570 latitia:
2154 1524 2354 1571 [motus
2385 1515 2561 1587 (Psul.
2582 1517 2730 1587 xuv)
2757 1526 3136 1587 consecratur,
3168 1519 3239 1574 ad
3260 1519 3530 1575 arcbistoo

1932 1606 2077 1662 rium
2102 1606 2432 1679 bymnidicis
2462 1608 2584 1663 odis
2619 1608 3044 1664 inthronizatur.

221 1717 330 1762 sto
364 1708 600 1778 psallere
640 1680 1060 1778 Psalmographi
1085 1680 1256 1763 vocet
1294 1706 1439 1761 Ecce
1477 1680 1718 1779 αοίιθσυὲ
1743 1708 1831 1778 Ῑα-
1864 1680 1908 1737 Β
2003 1714 2145 1771 Exin
2168 1731 2334 1772 verus
2366 1716 2571 1772 Christi
2598 1718 2757 1774 miles
2786 1733 2852 1773 ex
2887 1719 3171 1788 sexaginta
3202 1717 3527 1773 fortissimis

224 1800 409 1870 ,giens,
436 1808 487 1854 et
517 1801 689 1852 mansi
729 1800 785 1851 in
812 1798 1102 1853 solitudine
1128 1797 1303 1869 (PsaL
1342 1796 1473 1869 uv).

313 1890 435 1945 Non
468 1891 647 1946 multo
673 1898 798 1961 post
824 1900 1070 1962 tempore
1091 1891 1419 1946 venerabilis
1441 1892 1715 1947 archiatcr
1736 1890 1836 1947 Ge-

227 1984 543 2051 .bebardus,
592 1983 755 2038 Pater
799 1982 1008 2039 Christi
1055 1983 1241 2038 ovium
1276 1982 1655 2055 dignissimus,
1708 1983 1836 2040 huic

230 2078 370 2133 vita
396 2078 562 2132 ﬁnem
592 2076 761 2143 dedit,
793 2084 848 2130 et
878 2076 934 2130 in
961 2076 1217 2147 gaudium
1240 2074 1458 2131 Domini
1484 2076 1591 2143 sui,
1629 2077 1835 2131 talento

238 2170 382 2223 bene
423 2168 706 2237 duplicato
745 2166 964 2237 (Matth.
1008 2167 1163 2238 xxv),
1196 2181 1312 2221 xvn
1348 2165 1633 2223 Kalendas
1679 2165 1831 2235 Julii,

228 2270 303 2314 ut
327 2260 630 2327 credimus,
661 2260 963 2314 honoriﬁce
994 2260 1237 2327 intravit,
1263 2275 1397 2316 oves
1427 2276 1556 2316 suas
1591 2275 1703 2315 non
1731 2277 1832 2331 pa-

240 2350 403 2416 stori,
419 2349 518 2404 sed
538 2349 885 2404 mercenario
906 2351 1254 2419 superposito
1268 2392 1283 2418 ,
1306 2351 1443 2406 heu!
1463 2351 1674 2406 dimisit
1688 2351 1835 2406 lace-

230 2443 464 2498 randas.
504 2442 667 2527 Quod
695 2441 968 2497 Catholici
1010 2443 1293 2511 videntes,
1333 2459 1441 2525 non
1484 2444 1835 2501 mediocriter

241 2535 468 2590 doluere
516 2520 752 2591 mortem
790 2535 864 2605 pii
897 2534 1139 2590 doctoris
1179 2543 1235 2591 et
1284 2520 1553 2608 magistri.
1587 2536 1833 2594 Consilio

232 2636 428 2684 autem
456 2627 616 2695 inito,
645 2629 968 2699 satagebant
995 2628 1221 2699 dignum
1257 2629 1569 2697 doctorem,
1605 2631 1831 2701 dignum

229 2730 521 2794 {pastorem
543 2721 750 2778 Christi
770 2736 988 2792 sponsae
1009 2721 1307 2788 associare,
1341 2736 1410 2777 ne
1432 2722 1595 2793 lupus
1616 2738 1832 2793 gregem

235 2812 466 2869 Domini
492 2820 606 2867 tam
636 2812 964 2882 potestativc
983 2818 1038 2865 et
1062 2818 1173 2865 tam
1188 2811 1440 2866 luctuose
1462 2810 1694 2867 ulterius
1715 2826 1835 2881 pos-

228 2912 329 2958 ~set
378 2903 698 2974 dispergere
734 2901 827 2956 vel
866 2901 1207 2971 perturbare.
1259 2901 1660 2957 Convenientes
1703 2916 1835 2956 vero

230 2995 375 3049 ‘boni
401 3003 458 3049 et
477 2993 617 3065 justi
657 3007 769 3048 non
802 2992 857 3046 in
888 2992 1139 3057 dubium,
1172 2992 1268 3046 sed
1301 2992 1360 3046 in
1396 3006 1589 3057 unum,
1619 2992 1711 3045 alii
1741 3007 1836 3047 au-
1857 3022 1902 3079 ο

234 3096 355 3139 'tem
378 3084 589 3139 nonin
620 3098 813 3151 unum,
842 3082 939 3137 s'd
980 3081 1038 3138 in
1063 3082 1312 3137 dubium.
1360 3080 1647 3153 Spiritales
1677 3083 1835 3153 spiri-

244 3175 374 3229 talia
398 3182 695 3241 sectantes,
719 3173 1000 3243 elegcrunt
1029 3172 1333 3243 spiritalem
1356 3173 1557 3240 virum,
1582 3173 1834 3230 videlicet

240 3267 530 3321 dominum
560 3265 931 3339 .Tyemoncm;
978 3265 1067 3320 cui
1114 3265 1309 3321 merito
1336 3274 1474 3321 tunc
1503 3253 1559 3321 in
1588 3260 1833 3337 tempore

241 3366 362 3414 erat
425 3357 860 3427 comparandum
921 3357 1052 3410 illud
1106 3356 1390 3411 oraculum
1445 3356 1593 3428 quod
1634 3356 1832 3427 priscis

245 3449 585 3519 temporibus
618 3447 767 3503 Deus
796 3448 1007 3503 solebat
1038 3447 1189 3517 loqui
1225 3448 1301 3502 ad
1334 3448 1626 3519 quemdam
1668 3463 1830 3503 suum

240 3539 516 3606 amicum;
543 3537 685 3593 Novi
709 3547 758 3593 te
778 3553 844 3591 ea:
866 3538 1075 3592 nomine
1099 3536 1297 3608 (Ea-od.
1339 3539 1555 3610 χχχιιι).
1593 3538 1832 3595 Saecula-

243 3647 351 3699 res,
382 3646 511 3702 quae
539 3638 671 3686 sunt
706 3629 873 3699 hujus
907 3629 1097 3684 mundi
1128 3637 1446 3698 tractantes,
1474 3631 1834 3687 laudaverunt

243 3722 540 3794 quemdam
576 3734 687 3775 non
713 3720 1075 3790 spiritualem,
1110 3721 1204 3776 sed
1227 3736 1425 3791 genere
1454 3730 1510 3776 et
1540 3722 1725 3778 saeculi
1747 3723 1832 3778 di-

239 3813 453 3884 gnitate
495 3810 791 3865 admodum
821 3811 1030 3866 clarum
1071 3820 1125 3865 ct
1156 3820 1463 3882 potentem;
1509 3813 1597 3868 cui
1636 3815 1832 3870 merito

238 3904 372 3960 illud
387 3903 702 3981 Psalmistaa
731 3912 1018 3974 coaptatur
1044 3904 1190 3977 quod
1221 3905 1288 3959 dc
1312 3907 1561 3975 reprobis
1585 3908 1787 3963 dicitur
1812 3925 1828 3964 :

238 3996 502 4067 Dejccisti
519 4014 629 4065 eos,
651 3997 779 4051 dum
799 3996 1155 4052 alienarentur
1169 3995 1345 4068 (Psal.
1364 3998 1556 4069 Lxxu).
1586 3998 1830 4068 Quorum

236 4090 510 4162 pactioni,
534 4090 696 4161 quasi
716 4088 913 4163 majori
928 4089 1191 4160 potestati
1206 4104 1495 4145 assensum
1519 4090 1833 4162 praebebant

237 4185 426 4239 cuncti
454 4198 568 4237 non
596 4181 781 4251 corde,
807 4182 903 4237 sed
932 4197 1086 4238 voce.

305 4274 601 4329 Cancrum.
636 4271 939 4343 dispositor
992 4280 1321 4329 cunctorum
1384 4270 1531 4328 Deus
1593 4273 1834 4331 ostendit

1935 1804 2195 1862 lsraelitis
2215 1807 2436 1862 lectnm‘
2449 1807 2565 1861 veri
2601 1805 2914 1864 Salomonis
2941 1808 3309 1862 ambientibus
3336 1806 3522 1878 (Cum;

1934 1898 2042 1969 ιιι),
2085 1897 2317 1953 electum
2368 1896 2607 1968 gladium
2651 1905 2846 1953 tenens
2891 1897 3067 1952 sancti
3123 1896 3381 1967 Spiritus,
3437 1899 3530 1954 die

1931 1994 2209 2057 noctuque
2253 2001 2387 2057 pace
2430 1986 2682 2057 belloque
2736 1994 3002 2055 armatus,
3044 1986 3272 2057 iustitia:
3300 1988 3530 2045 indutus

1933 2077 2127 2146 lorica,
2160 2078 2284 2133 lidei
2316 2079 2491 2149 galea,
2520 2078 2715 2134 salutis
2735 2086 3037 2144 armatura,
3074 2078 3396 2148 nequissimi
3417 2080 3526 2133 tela

1935 2171 2092 2242 ignea
2139 2170 2356 2243 (Ephes.
2383 2171 2462 2243 vi)
2491 2171 2549 2225 in
2594 2185 2827 2241 corpore
2859 2170 3149 2237 exstinxit;
3198 2184 3526 2240 gregemque

1934 2262 2039 2318 sibi
2070 2262 2428 2317 commissum
2462 2260 2531 2335 de
2553 2260 2762 2315 inimici
2795 2257 3049 2314 faucibus
3078 2258 3412 2328 quotidianis
3435 2260 3532 2317 do-

1933 2353 2208 2409 cumentis
2245 2353 2456 2423 eripere
2495 2351 2725 2407 studuit.
2766 2350 2871 2406 Sed
2901 2350 3163 2419 antiquus
3197 2350 3397 2416 hostis,
3432 2349 3533 2421 qui

1934 2459 2108 2515 genus
2167 2443 2473 2498 humanum
2519 2443 2587 2498 de
2648 2442 2890 2514 paradisi
2934 2442 3252 2497 ammnitate
3299 2456 3399 2511 per
3442 2456 3536 2496 se-L

1933 2535 2229 2605 metipsum
2276 2535 2563 2607 expulerat
2609 2534 2665 2590 in
2719 2534 2900 2605 primo
2933 2541 3193 2605 parente;
3241 2533 3393 2589 hunc
3431 2530 3534 2588 Dei

1935 2635 2272 2701 symmysten
2303 2643 2403 2697 per
2428 2626 2674 2682 membra
2696 2642 2796 2681 sua
2826 2626 2895 2681 de
2918 2627 3047 2681 sede
3066 2625 3384 2697 episcOpali,
3416 2624 3537 2679 imo

1933 2718 2001 2772 de
2044 2717 2244 2773 tinibus
2290 2717 2400 2773 illis
2443 2717 2640 2772 nititur
2679 2717 3024 2787 proturbare.
3060 2719 3130 2772 At
3158 2732 3288 2773 vero
3310 2717 3396 2771 vir
3428 2714 3535 2772 Dei

1934 2807 2160 2863 edoctus
2191 2808 2520 2879 evangelicis
2560 2808 2723 2863 dictis
2751 2827 2763 2863 :
2796 2806 2928 2864 Cum
2953 2817 3329 2880 persequentur
3349 2822 3439 2863 vos
3468 2809 3531 2861 in

1934 2898 2148 2952 civitate
2167 2899 2296 2964 ista,
2328 2899 2497 2969 fugite
2520 2900 2578 2953 in
2614 2898 2783 2954 aliam
2816 2898 3036 2970 (Matth.
3075 2903 3132 2970 χ)
3156 2917 3170 2967 ;
3195 2899 3325 2955 inde
3355 2899 3527 2955 decli-

1935 3006 2067 3046 nare
2099 2999 2339 3058 tentans,
2376 2992 2529 3046 venit
2546 2991 2605 3045 in
2626 2989 3031 3059 Alamanniam,
3059 2991 3244 3063 ibique
3279 3007 3405 3047 cum
3427 3000 3524 3046 ve;-

1934 3083 2167 3137 nerabili
2233 3084 2355 3138 viro
2412 3082 2734 3139 Gebeltardo
2795 3082 3208 3140 Constantiensi
3268 3084 3526 3155 episcopo

1934 3174 2249 3245 aliquandiu
2283 3174 2515 3245 degebat
2535 3216 2551 3242 ,
2599 3183 2655 3229 ct
2691 3174 2870 3241 circa,
2906 3175 3237 3231 venerabilia
3268 3175 3388 3229 loca
3416 3175 3521 3228 bus

1933 3267 2159 3322 millime
2191 3275 2247 3322 et
2268 3267 2594 3323 cbaritative
2618 3267 2897 3323 visitabat.
2964 3292 2967 3295 λ

2003 3375 2099 3431 lllo
2134 3377 2299 3447 igitur
2336 3377 2391 3431 in
2422 3386 2670 3447 tempore
2697 3377 2854 3433 multi
2892 3387 3021 3434 sunt
3060 3380 3238 3434 conati
3267 3377 3525 3434 llieroso-

1933 3468 2131 3539 lymam
2164 3474 2409 3538 pergere,
2449 3476 2637 3523 sancta
2674 3469 2795 3523 loca
2815 3484 2845 3525 a
2874 3470 3114 3540 gentium
3137 3469 3380 3524 dominio
3398 3484 3521 3521 cum

1933 3557 2028 3612 Dei
2079 3559 2415 3614 adminiculo
2461 3574 2673 3615 ornere.
2722 3559 2788 3616 Et
2823 3560 2965 3615 sicut
3000 3560 3131 3614 olim
3178 3575 3275 3630 per
3318 3559 3523 3630 regiam

1932 3646 2076 3709 viam
2104 3651 2439 3708 lsraeliticus
2468 3654 2706 3724 populus
2738 3653 2997 3709 bellicose
3028 3653 3094 3709 ad
3121 3662 3324 3708 teriam
3344 3665 3527 3722 repro-

1934 3744 2215 3801 missionis
2251 3745 2534 3817 ingrcssus
2561 3752 2645 3799 cst
2676 3742 2867 3816 (Num.
2895 3746 3036 3815 xxi),
3066 3744 3139 3799 ita
3167 3753 3222 3799 ct
3242 3742 3352 3809 isti,
3377 3736 3525 3798 illius

1932 3836 2183 3906 exemplo
2223 3834 2542 3899 confortati,
2580 3833 2784 3890 bellum
2829 3850 2931 3905 pro
2963 3850 3096 3905 pace
3118 3835 3417 3904 elegerunt.
3445 3832 3523 3887 Ac

1933 3924 2087 3979 multi
2112 3924 2165 3978 in
2193 3924 2460 3994 sanguine
2483 3923 2622 3994 Agni
2642 3924 2929 3991 rubricati,
2953 3924 3166 3978 animas
3184 3938 3284 3993 pro
3302 3921 3523 3977 Christo

1932 4015 2304 4086 perdiderunt,
2340 4022 2399 4068 ut
2429 4014 2485 4069 in
2531 4022 2734 4069 aeterna
2770 4015 2884 4069 vita
2926 4015 3266 4070 custodirent
3291 4013 3433 4078 illas,
3469 4022 3525 4067 ct

1933 4106 2153 4162 ethnico
2203 4106 2345 4160 bello
2376 4106 2773 4161 occubuerunt.
2810 4103 2977 4160 Pauci
3026 4105 3246 4163 tandem
3286 4103 3521 4170 liberati,

1933 4197 2000 4252 ad
2028 4197 2336 4253 desiderata
2381 4196 2503 4251 loca
2549 4202 2935 4266 pervenerunt.
2983 4191 3325 4248 Venerabilis
3367 4206 3520 4258 vero,

1933 4288 2000 4345 dc
2027 4303 2139 4359 quo
2180 4288 2341 4343 nobis
2388 4302 2570 4343 sermo
2599 4293 2704 4352 est,
2746 4283 3176 4355 Metropolitamc
3200 4280 3523 4338 .luvavcnsis

236 4364 458 4431 cunctis
501 4361 922 4432 inspicientibus
974 4362 1138 4417 talem
1189 4363 1510 4418 electionem
1555 4364 1673 4418 suis
1722 4380 1831 4420 non

1935 4382 2244 4449 hicrarcha,
2272 4379 2501 4452 cupiens
2530 4378 2900 4450 evangelicum
2923 4378 3077 4450 sequi
3108 4375 3521 4448 perfectionem,

237 4458 458 4531 placere
490 4455 900 4527 conspectibus.
935 4454 1071 4510 Cum
1091 4455 1255 4527 igitur
1280 4457 1346 4511 ad
1378 4458 1633 4529 colloquii
1650 4458 1832 4514 locum

238 4548 589 4605 Pataviensis
617 4547 911 4618 episcopus
952 4547 1278 4603 Altmannus
1331 4550 1645 4619 apostolicae
1687 4550 1833 4606 sedis

238 4641 486 4714 legatus,
542 4640 747 4706 clerus,
804 4640 915 4694 dux
968 4638 1177 4706 Weifo,
1237 4640 1488 4707 comites,
1544 4641 1833 4713 utriusque

240 4751 407 4791 sexus
454 4734 666 4788 multus
716 4732 1065 4787 convenisset
1119 4731 1373 4801 populus,
1424 4731 1518 4787 illo
1569 4732 1833 4788 naviculae

239 4827 428 4895 ductu,
476 4827 696 4881 alveum
734 4826 970 4880 transire
993 4825 1265 4895 cupiente,
1314 4824 1407 4895 qui
1453 4828 1562 4879 non
1590 4823 1831 4897 Domini,

241 4931 349 4972 non
396 4917 730 4988 spiritalium
777 4930 1158 4984 personarum,
1204 4914 1298 4970 sed
1329 4908 1629 4985 paucorum
1662 4931 1834 4971 saecu-

242 5008 341 5062 lari
364 4993 633 5070 dignitate
663 5005 1016 5070 pollentium,
1048 5007 1257 5061 electus
1284 5007 1409 5061 erat
1428 5004 1659 5070 judicio,
1707 5022 1833 5070 par—

1933 4471 2125 4525 volcns
2153 4469 2334 4525 dicere
2358 4484 2482 4524 cum
2505 4468 2670 4525 Petro
2697 4488 2710 4524 :
2742 4467 2878 4523 Ecce
2899 4485 2992 4522 nos
3022 4452 3328 4541 reliquimus
3344 4466 3521 4522 omnis

1933 4569 1983 4616 et
2019 4562 2187 4616 secuti
2218 4577 2399 4614 sumus
2432 4569 2481 4614 te
2506 4559 2727 4632 (Matth.
2763 4562 2906 4632 3m);
2934 4560 3049 4631 jam
3089 4558 3297 4614 dudum
3327 4558 3521 4629 expui-

1934 4668 2051 4718 sus,
2084 4667 2209 4706 cum
2238 4649 2490 4706 Weifone
2525 4650 2665 4705 duce
2709 4651 2816 4705 iter
2849 4649 3137 4722 ingressus
3170 4656 3255 4704 est
3280 4647 3520 4721 peregris

1933 4741 2174 4797 nationis
2198 4732 2729 4812 Hicrosolymita‘nte.
2763 4739 2867 4795 Sed
2901 4755 3099 4806 omnes,
3129 4740 3221 4813 qui
3246 4737 3526 4809 roluntpie

1932 4833 2099 4887 virere
2112 4833 2167 4886 in
2184 4830 2397 4887 Christo
2408 4829 2557 4896 Iesu,
2575 4832 2958 4901 persecutiones
2973 4832 3256 4901 patiuntur
3273 4828 3364 4906 (11
3382 4828 3522 4885 Tim.

1936 4923 2041 4994 ιιι).
2072 4921 2486 4978 Persecutiones
2510 4921 2711 4976 etenim
2747 4923 3039 4978 nonnullas
3065 4925 3151 4979 vir
3175 4924 3272 4981 Dci
3311 4921 3527 4978 fortiter

1934 5028 1999 5068 ac
2026 5015 2293 5070 patienter
2321 5010 2611 5070 sustinuit;
2642 5019 2697 5065 ct
2727 5009 3300 5070 vocc‘PsaImorLranhi
3323 5011 3537 5070 iucun-.
