3988 5328
522 300 628 358 899

1533 295 1624 350 AD
1661 292 1893 351 ΟΡΕΒἉ
1931 293 1989 350 S.
2028 289 2363 350 GREGORII
2393 287 2841 347 APPENDICES.
2879 301 2882 304 λ

589 413 649 470 ln
675 412 895 472 civitate
918 410 1120 470 etenim
1140 408 1432 473 Corozain,
1470 423 1499 463 a
1533 408 1766 465 Domino
1795 406 2106 472 maledicta,
2139 409 2184 467 Α
2209 411 2296 459 sto
2332 400 2566 459 Domino
2588 417 2712 459 meo
2743 410 2966 459 auctore
2995 401 3113 460 scio
3139 401 3458 470 transferre,
3495 411 3553 459 et
3581 404 3804 477 insuper

519 503 614 561 ubi
643 503 801 560 sedes
827 511 914 559 est
947 500 1185 567 Satanm,
1211 513 1335 570 qua“:
1371 497 1480 554 illis
1503 498 1559 553 in
1590 499 1838 570 partibus
1866 507 1950 553 est
1983 513 2109 570 gen-

520 595 657 650 tium
688 592 1080 658 famosissima,
1106 590 1426 646 habitabant
1450 599 1562 646 tres
1588 590 1954 660 potentissimi
1981 607 2106 664 ger-

519 686 689 745 mani.
722 684 826 752 Qui
874 691 1065 740 contra
1115 682 1434 754 peregrinos
1476 682 1842 751 Christianos,
1881 685 2106 740 collecta

519 773 870 827 multitudine
916 771 1324 839 innumerabili,
1380 772 1582 843 partim
1631 773 1868 842 occisos,
1905 777 2105 846 partim

517 867 835 920 vulneratos
881 865 1246 930 obtriverunt.
1293 864 1361 920 Et
1399 865 1545 922 sicut
1589 867 1720 921 olim
1774 866 2107 925 Israeliticus

514 957 748 1026 00pulus
774 957 831 1011 in
858 955 1214 1029 Babyloniam
1254 958 1453 1014 ductus
1483 969 1568 1014 est
1610 961 1881 1030 captivus,
1930 961 2003 1017 ita
2051 970 2108 1018 et

513 1047 864 1104 Christianus
895 1057 1000 1104 iste
1042 1049 1277 1120 populus
1305 1049 1545 1104 maxima
1582 1066 1648 1106 ex
1678 1061 1830 1122 parte
1855 1053 2106 1123 captivus

512 1139 712 1195 ductus
745 1151 831 1196 est
862 1143 932 1196 ab
957 1143 1044 1198 bis
1080 1143 1322 1213 regibus.
1349 1141 1680 1198 lsraeliticus
1715 1155 1896 1200 autem
1926 1163 2104 1217 popu-

511 1231 600 1287 lus
631 1232 685 1286 in
718 1232 1046 1305 Babylonica
1075 1234 1388 1304 captivitate
1410 1250 1575 1304 super
1609 1233 1838 1290 ﬂumina
1869 1233 2102 1309 Babylo-

513 1323 624 1388 nis,
651 1324 781 1378 dum
817 1325 1138 1380 recordatus
1175 1335 1261 1380 est
1304 1326 1458 1394 Sion,
1493 1327 1718 1382 sedebat
1755 1337 1810 1383 et
1833 1329 1997 1384 ﬂebat
2017 1331 2102 1386 di-

510 1430 643 1471 cens
663 1435 676 1470 :
697 1416 972 1482 Quomodo
995 1419 1326 1472 cantabimus
1350 1421 1614 1473 canticum
1634 1419 1850 1475 Domini
1881 1423 1936 1476 in
1961 1433 2103 1478 terra

509 1504 690 1560 aliena
729 1506 908 1579 (Psal.
942 1509 1200 1579 cxxxvi);
1231 1510 1321 1564 hic
1359 1525 1514 1578 vero,
1555 1511 1823 1582 psallebat
1860 1514 2025 1570 corde
2049 1523 2104 1570 et

509 1611 607 1651 ore
637 1597 863 1668 dignum
909 1599 1184 1655 canticum
1223 1600 1454 1657 Domino
1505 1602 1560 1656 in
1610 1603 1726 1658 inec
1763 1605 1928 1660 verba
1971 1624 1984 1660 :
2033 1605 2103 1661 Te

506 1686 652 1740 decet
680 1687 904 1758 hymnus
937 1687 1078 1744 Deus
1114 1691 1169 1743 in
1203 1689 1362 1757 Sion,
1391 1701 1441 1746 et
1479 1692 1577 1746 tibi
1624 1694 1880 1748 reddatur
1925 1705 2101 1750 votum

506 1778 563 1832 in
602 1779 938 1835 Hierusalem
979 1781 1156 1854 (Psal.
1211 1782 1379 1854 Littv).
1434 1782 1502 1838 Et
1539 1785 1712 1840 alibi:
1749 1786 1958 1842 Dedisti
2004 1803 2098 1843 nos

507 1881 761 1944 tanquam
793 1890 910 1928 oves
932 1891 1196 1943 escarum,
1223 1886 1272 1930 et
1303 1877 1358 1930 in
1381 1877 1621 1947 gentibus
1653 1878 1953 1950 dispersisti
1980 1898 2096 1948 nos,

503 1964 757 2032 quoniam
786 1975 1001 2036 propter
1036 1976 1084 2020 te
1123 1969 1514 2038 mortiﬁcamur
1542 1980 1654 2026 tota
1691 1971 1777 2027 die
1799 1988 1818 2027 :
1842 1975 2099 2030 aestimati

505 2071 686 2109 sumus
709 2056 848 2110 sicut
879 2074 995 2113 oves
1039 2060 1320 2114 occisionis
1345 2061 1521 2131 (Psal.
1568 2080 1735 2131 xuu;
1767 2063 1920 2120 Rom.
1953 2071 2094 2138 vm).

505 2143 677 2218 Igitur
713 2149 921 2205 electus
949 2150 1017 2206 de
1047 2159 1196 2208 tanta
1226 2153 1598 2222 multitudine,
1626 2171 1788 2225 quem
1823 2155 1968 2212 Deus
1999 2173 2100 2213 no-

505 2247 661 2294 verat
707 2255 775 2294 ex
818 2241 1080 2310 nomine,
1118 2245 1329 2300 scilicet
1375 2247 1720 2303 venerandus
1775 2249 1960 2316 heros,
2009 2252 2097 2306 cui

505 2329 681 2400 stylus
708 2340 897 2387 noster
933 2331 1253 2402 famulatur,
1303 2338 1536 2407 capitur,
1581 2339 1838 2408 trahitur,
1880 2358 1946 2396 ac
1985 2341 2099 2399 Deo

506 2420 730 2475 tandem
757 2437 856 2492 per
884 2423 1210 2496 martyrium
1244 2426 1599 2499 singulariter
1624 2430 1731 2485 sibi
1756 2443 2096 2489 reservatum

503 2503 667 2580 digna
700 2510 880 2566 hostia
904 2513 1152 2569 eliicitur.

574 2601 713 2658 Cum
740 2619 871 2675 ergo
901 2605 1043 2660 inter
1073 2622 1133 2663 se
1157 2607 1463 2665 dividerent
1492 2612 1668 2682 spolia
1695 2629 1882 2668 rerum
1902 2623 1957 2670 et
1995 2615 2097 2670 110?

505 2691 740 2760 minum,
787 2697 1156 2752 venerabilem
1187 2701 1633 2771 arciiipraasulem
1666 2721 1780 2760 sua:
1814 2706 1953 2776 parti
1993 2722 2095 2776 po-

503 2785 848 2842 tentissimus
909 2789 1076 2843 trium
1147 2807 1338 2862 regum
1390 2803 1707 2866 susceperat
1772 2798 2092 2853 adunatum.

503 2876 698 2945 Quem,
739 2879 1086 2936 victimarum
1116 2900 1268 2938 more
1308 2887 1375 2941 ad
1423 2889 1764 2944 vendendum
1792 2907 1918 2946 cum
1947 2891 2095 2964 aliis,

502 2969 663 3038 quasi
697 2985 916 3026 servum
939 2973 1164 3029 tradidit
1189 2977 1528 3046 cmptitium;
1560 2981 1786 3050 cupiens
1817 2982 1884 3038 de
1919 2984 2095 3054 pretio

503 3059 599 3114 illo
628 3060 900 3133 adaugere
937 3079 1100 3120 suum
1140 3068 1418 3122 terarium.
1448 3070 1697 3142 Cumque
1721 3087 1915 3129 omnes
1940 3075 2095 3129 dam-

503 3153 616 3206 nati
648 3153 974 3223 Cliristiani,
1019 3157 1195 3226 illum,
1244 3170 1303 3214 ut
1334 3159 1572 3229 Patrem,
1620 3165 1946 3234 specialiter,
1983 3181 2096 3236 pra:

500 3250 740 3316 cunctis,
777 3251 866 3320 pio
915 3251 1112 3308 allectu
1159 3265 1575 3324 venerarentur,
1620 3259 1764 3314 unde
1789 3268 1956 3326 esset,
2008 3261 2095 3316 vel

500 3341 631 3410 quis
666 3339 721 3395 in
753 3351 898 3396 terra
937 3359 1036 3398 sua
1067 3343 1265 3400 fuisset
1299 3347 1369 3402 ab
1402 3347 1641 3404 ethnicis
1681 3351 1928 3407 studiose
1968 3367 2096 3423 per-

501 3431 763 3500 quiritur.
805 3433 908 3500 Qui
945 3437 1346 3506 compericutes
1380 3454 1508 3494 eum
1539 3440 1858 3512 epise0pum
1891 3441 2094 3513 fuisse,

502 3523 619 3592 regi
645 3538 748 3577 suo
776 3539 884 3578 non
915 3525 1466 3587 tliﬂeruntnuntiare.
1497 3531 1613 3588 Rex
1641 3542 1824 3590 autem
1848 3537 2098 3595 celeriter

501 3612 723 3668 beatum
757 3617 936 3672 virum
983 3619 1099 3676 suis
1128 3621 1412 3678 obtutibus
1459 3623 1588 3680 fecit
1628 3637 1830 3683 astare.
1861 3628 1966 3697 Qui
2007 3632 2096 3687 in-

504 3715 817 3778 terrOgatus
844 3709 970 3780 quis
1008 3721 1172 3778 esset,
1205 3715 1308 3780 vel,
1345 3731 1510 3785 quam
1543 3727 1720 3775 artem
1747 3720 1932 3790 sciret,
1964 3722 2098 3780 illud

503 3795 782 3866 poeticum
810 3799 996 3855 animo
1031 3807 1276 3859 tractans
1301 3805 1386 3858 vir
1411 3803 1502 3861 Dei
1535 3822 1550 3861 :

647 3907 746 3997 Est
780 3911 989 3997 animus
1004 3913 1276 3997 tibitsunt
1301 3933 1468 3972 mores
1490 3928 1543 3997 et
1565 3918 1751 3992 lingua
1776 3923 2008 3997 ﬁdesque
2027 3941 2048 3981 .'

649 3979 711 4034 Si
736 3990 874 4036 recte
903 3982 1093 4052 facies,
1126 3985 1211 4038 hic
1247 4003 1430 4043 murus
1453 3979 1692 4059 altener
1719 3979 1861 4059 esto;

1427 4057 1612 4132 (Hom,
1637 4066 1791 4134 epist.
1818 4057 1882 4138 ιζ)

505 4141 602 4198 tali
634 4141 892 4202 aminiine
921 4145 1072 4202 dedit
1108 4163 1456 4220 responsum.
1501 4152 1627 4210 Scio
1671 4157 1891 4227 quidem
1919 4159 2100 4230 diver—

505 4247 598 4290 sas
624 4245 790 4302 artes,
825 4237 918 4292 sed
951 4239 1242 4310 praecipue,
1277 4251 1334 4298 ut
1363 4242 1581 4313 sapiens
1617 4247 1951 4305 architectus
1972 4250 2100 4305 fun-

505 4325 822 4382 damentum
865 4329 980 4386 scio
1020 4347 1224 4402 ponere
1251 4337 1492 4391 firmum.
1529 4337 1705 4410 Super
1731 4340 1858 4410 hoc,
1890 4343 1938 4400 si
1972 4344 2099 4416 quis

505 4418 740 4474 aedificat
765 4436 985 4490 aurum,
1022 4435 1330 4497 argentum,
1355 4429 1564 4500 lapides
1593 4433 1866 4503 pretiosos
1897 4435 1949 4508 (1
1969 4437 2094 4492 Cor.
2131 4464 2175 4520 ι)

509 4513 618 4582 ιιι),
649 4529 759 4568 non
805 4525 1122 4586 tempestas,
1154 4535 1264 4575 non
1315 4531 1530 4590 ventus,
1578 4540 1680 4581 nec
1722 4527 1866 4584 ullus
1911 4528 2095 4585 homi-

507 4620 639 4658 num
656 4605 943 4664 destruere
971 4611 1188 4680 poterit,
1212 4611 1341 4682 quia
1360 4613 1492 4669 illud
1512 4631 1658 4687 pono
1683 4633 1848 4691 supra
1877 4619 2094 4676 firmam

505 4702 742 4765 petram,
773 4712 898 4769 qua:
925 4707 1012 4754 est
1032 4700 1306 4758 Christus.

580 4783 702 4840 Non
741 4785 1022 4862 interrogo
1065 4801 1137 4857 te,
1177 4793 1354 4864 mquit
1381 4811 1498 4864 rex,
1543 4795 1612 4852 de
1648 4807 1922 4856 structura
1967 4801 2096 4860 talis

508 4877 888 4948 fundamenti,
925 4883 1017 4939 sed
1065 4900 1096 4939 a
1131 4895 1184 4940 te
1221 4903 1408 4956 quer
1451 4898 1623 4945 artem
1671 4894 1979 4961 aurariam,
2011 4895 2097 4950 vel

509 4961 692 5024 aliam.
734 4982 938 5030 nostra:
985 4975 1202 5032 utilitati
1239 4982 1622 5036 necessariam.
1672 4982 1881 5039 Prmsul
1932 5000 2097 5042 vene-

512 5061 719 5118 randus
771 5064 840 5118 ad
886 5065 1004 5122 lucc
1045 5086 1058 5122 :
1109 5067 1165 5124 Si
1211 5070 1477 5126 arttticem
1533 5089 1640 5141 me.
1698 5073 1892 5145 inquit,
1939 5077 2095 5146 cupis

2206 495 2524 551 materiales
2572 505 2741 563 artes,
2775 504 2836 550 ut
2874 495 3177 563 desideras,
3209 497 3464 552 videlicet
3499 500 3796 566 aurariam,

2209 587 2325 640 sive
2369 586 2655 655 pictoriam
2705 586 2825 641 scio
2862 585 3126 656 plenarie.
3170 584 3326 643 Tunc
3353 603 3450 643 rex
3487 589 3646 646 lctus
3673 606 3797 646 eum

2209 676 2410 747 gaudio
2443 691 2644 748 magno
2690 676 2830 731 dixit
2872 696 2886 731 :
2933 675 3150 732 Gratias
3181 693 3284 749 ago
3322 676 3436 734 Deo
3476 695 3625 746 meo,
3670 683 3798 751 quia

2208 782 2428 823 servum
2481 768 2702 824 tradidit
2747 769 2908 824 nobis
2955 770 3158 826 talibus
3207 771 3479 835 imbutum
3528 774 3794 830 artificiis.

2207 855 2352 926 Noli,
2389 859 2532 914 bone
2553 859 2771 925 artifex,
2799 860 2911 914 noli
2934 859 3141 917 diutius
3160 863 3395 929 tardare,
3424 864 3597 920 Deum
3615 883 3797 924 meum

2207 948 2590 1004 detruncatum
2616 950 2872 1005 manibus
2889 966 3172 1018 renovare,
3204 955 3306 1020 vel,
3332 955 3378 1009 si
3395 957 3625 1024 poteris,
3651 958 3799 1029 ipsas

2206 1044 2329 1100 loco
2375 1061 2478 1101 suo
2522 1047 2832 1114 restituere,
2867 1057 2928 1102 ut
2977 1048 3304 1118 propitietur
3328 1051 3490 1106 nobis
3540 1052 3799 1108 omnibus

2205 1133 2398 1189 diebus
2427 1135 2552 1190 vitae
2579 1143 2800 1191 nostrae.
2846 1136 3110 1191 Adducite
3149 1136 3326 1204 illum,
3359 1139 3558 1210 inquit,
3585 1140 3654 1194 ad
3685 1155 3794 1194 me.

2206 1222 2274 1278 Et
2291 1240 2419 1280 ecce
2442 1225 2732 1280 deducitur
2760 1235 3069 1280 monstrum
3101 1227 3328 1294 diaboli,
3359 1236 3421 1282 ut
3443 1229 3655 1285 dictum
3687 1241 3796 1296 est,

2204 1315 2588 1371 detruncatum
2630 1317 3104 1387 manibus;-quod
3151 1329 3386 1375 cunctus
3423 1321 3664 1391 populus
3701 1339 3797 1392 pa-

2205 1422 2470 1477 ganorum
2504 1406 2869 1462 venerabatur
2901 1415 2960 1462 ut
3002 1407 3174 1462 Deum
3217 1409 3544 1465 maximum.
3587 1410 3833 1468 Allatns'

2203 1507 2289 1553 est
2336 1515 2590 1570 magnus,
2639 1507 2700 1554 ut
2745 1499 3009 1569 jusserat,
3061 1501 3313 1558 malleus.
3367 1501 3544 1569 Quem
3604 1513 3796 1562 tenens

2203 1603 2370 1642 manu
2391 1603 2685 1659 aggressus
2706 1598 2790 1644 est
2805 1587 3016 1656 fanum,
3039 1589 3095 1644 in
3115 1605 3225 1660 quo
3246 1591 3498 1646 latitabat
3520 1592 3791 1660 diabolus,

2203 1679 2412 1734 scilicet
2459 1679 2730 1739 universa:
2774 1688 2931 1735 terrae
2965 1681 3148 1751 gravis
3186 1682 3436 1737 malleus.
3471 1683 3688 1755 Adjuro
3719 1696 3788 1752 te,

2203 1770 2400 1842 inquit,
2435 1771 2669 1838 diabole,
2721 1786 2948 1842 serpens
2994 1787 3290 1839 venenose,
3340 1783 3394 1828 et
3441 1776 3672 1847 antique
3704 1794 3789 1833 εει

2201 1860 2397 1917 ductor
2430 1863 2763 1930 animarum,
2809 1864 2904 1934 qui
2937 1863 2991 1918 in
3024 1864 3132 1920 isto
3164 1864 3294 1920 fano
3336 1867 3404 1922 ad
3445 1867 3792 1939 decipiendas

2201 1954 2485 2011 hominum
2533 1955 2749 2014 animas
2782 1956 2947 2023 lates,
2992 1957 3187 2028 adjuro
3231 1969 3284 2013 te
3318 1975 3413 2030 per
3447 1959 3693 2028 Patrem,
3737 1973 3790 2016 et

2201 2045 2422 2116 Filium,
2452 2056 2507 2103 et
2549 2047 2813 2120 Spiritum
2844 2057 3120 2115 sanctum,
3169 2059 3225 2103 ut
3252 2049 3349 2106 des
3394 2051 3531 2105 milii
3572 2052 3641 2106 ad
3670 2068 3786 2107 om-

2201 2139 2288 2192 nia
2328 2155 2670 2210 qumcunque
2695 2139 3105 2210 interrogavero
3149 2155 3502 2210 responsum.
3544 2141 3652 2210 Qui
3685 2152 3790 2198 sta-

2201 2229 2297 2284 tim
2327 2230 2687 2301 interroganti
2723 2230 2870 2286 dedit
2901 2245 3247 2301 responsum.
3295 2229 3548 2301 Cumque
3585 2233 3681 2287 diu
3719 2232 3788 2287 fa-

2198 2321 2526 2379 bularentur
2573 2321 2798 2392 pariter,
2844 2322 3059 2377 daemon
3102 2323 3477 2392 nequissimus
3531 2323 3787 2395 blasphe-

2197 2413 2366 2468 miam
2387 2413 2682 2484 quamdam
2720 2413 2776 2468 in
2801 2411 3082 2468 Christum
3110 2415 3366 2484 protulit;
3395 2425 3591 2471 contra
3625 2433 3785 2488 quam

2198 2505 2351 2560 zelus
2399 2505 2600 2560 domus
2646 2503 2864 2582 Domini
2912 2504 3128 2562 fortiter
3174 2508 3496 2577 episcopum
3552 2509 3787 2564 comedit

2198 2597 2374 2669 (Psal.
2427 2614 2629 2665 vam;
2659 2596 2821 2652 Joan.
2872 2601 2957 2670 ιι),
2979 2599 3276 2670 statimque
3303 2600 3434 2655 illud
3455 2599 3649 2655 fanum
3671 2603 3787 2657 solo

2197 2691 2426 2760 pedibus
2465 2691 2753 2761 postravit,
2784 2700 2840 2745 et
2877 2691 3096 2758 malleo,
3139 2707 3302 2762 quem
3347 2707 3507 2748 manu
3543 2695 3786 2760 tenebat,

2197 2783 2587 2854 particulatim,
2620 2784 2782 2854 quasi
2805 2800 2902 2839 vas
2929 2784 3112 2851 ﬁctile,
3153 2785 3280 2855 quia
3313 2784 3468 2840 fortis
3490 2795 3612 2840 erat
3645 2787 3786 2840 viri-

2197 2876 2320 2943 bus,
2363 2877 2580 2932 cuuctis
2605 2892 2791 2932 coram
2823 2876 3016 2947 positis
3041 2892 3107 2932 ac
3149 2877 3524 2943 cernentibus,
3547 2877 3699 2933 velut
3732 2881 3785 2933 in

2196 2977 2496 3035 momento,
2524 2968 2774 3024 dissolvit
2803 2977 2969 3040 atque
2998 2967 3286 3040 confregit.
3323 2967 3530 3040 Pagani
3554 2985 3787 3027 concur-

2197 3067 2401 3126 rentes,
2430 3059 2612 3115 virum
2638 3059 2756 3126 Dei,
2783 3070 2844 3114 ut
2876 3061 3227 3131 sacrilegum,
3256 3062 3439 3116 conati
3463 3073 3594 3117 sunt
3622 3064 3786 3118 inter-

2196 3151 2378 3219 ﬁcere,
2410 3153 2656 3209 volentes
2688 3151 2862 3209 Deum
2894 3168 3057 3208 suum
3096 3153 3377 3210 vindicare
3398 3154 3456 3209 in
3487 3155 3638 3212 illius
3671 3171 3789 3212 san-

2196 3244 2378 3316 guine.

2268 3335 2410 3392 Tum
2440 3351 2537 3393 rex
2571 3335 2902 3394 furibundus
2922 3338 3159 3406 advenit,
3185 3339 3380 3410 plenus
3408 3341 3491 3396 ira
3513 3350 3574 3398 et
3591 3341 3788 3397 amari-

2197 3429 2406 3497 tudine,
2428 3429 2586 3500 juxta
2618 3430 2750 3486 illud
2776 3431 3050 3502 poeticum
3076 3447 3091 3484 :

2352 3520 2567 3577 Vultum
2591 3523 2745 3578 verba
2771 3525 2954 3578 decent
2983 3524 3181 3578 iratum
3204 3523 3362 3594 plena
3387 3525 3680 3580 minarum.

3129 3621 3289 3693 (Bon.
3316 3624 3372 3676 in
3397 3624 3578 3695 Arte.)

2270 3722 2407 3780 Nolo
2431 3733 2527 3792 ait,
2573 3724 2702 3780 nolo
2736 3741 2862 3780 eum
2895 3724 3009 3791 tali,
3049 3734 3104 3779 et
3137 3734 3245 3779 tam
3273 3724 3376 3780 levi
3400 3735 3583 3781 morte
3615 3726 3786 3794 ﬁniri;

2198 3817 2293 3872 sed
2321 3817 2668 3889 flagellatum,
2695 3818 2941 3873 vinctum
2978 3817 3207 3884 catenis,
3238 3817 3457 3872 interim
3491 3820 3788 3875 studiosis-

2199 3909 2336 3964 sime
2360 3911 2648 3965 custodite.
2681 3911 2894 3966 Atlileta
2927 3927 3056 3966 vero
3090 3910 3182 3965 Dei
3209 3912 3476 3966 deductus
3512 3913 3582 3967 ad
3614 3908 3790 3968 eam.

2201 4027 2335 4076 rem,
2377 4011 2639 4081 psallebat
2668 4009 2984 4065 Davidicum
3014 4010 3143 4065 illud
3173 4010 3362 4065 dicens
3392 4027 3406 4064 :
3441 4008 3609 4080 Eripe
3631 4027 3709 4064 me
3725 4012 3789 4064 de

2199 4103 2434 4158 inimicis
2466 4105 2618 4170 meis,
2648 4103 2788 4158 Deus
2815 4121 2983 4171 meus,
3021 4113 3070 4158 et
3110 4104 3174 4158 ab
3201 4103 3596 4174 insurgentibus
3623 4105 3678 4159 in
3712 4121 3791 4159 me

2198 4194 2365 4250 libera
2408 4212 2507 4251 me.
2544 4196 2622 4252 De
2656 4197 2782 4252 viris
2820 4197 3137 4268 sanguinum
3179 4196 3328 4251 salta
3360 4214 3460 4263 me,
3506 4199 3636 4255 auia
3678 4215 3790 4252 erce

2197 4297 2443 4358 ceperunt
2473 4289 2709 4343 animam
2736 4305 2925 4356 meam,
2943 4290 3212 4343 irruerunt
3243 4291 3296 4343 in
3320 4306 3400 4343 me
3422 4290 3588 4360 fortes
3613 4289 3786 4360 (Psal.

2199 4381 2373 4453 LVIII).
2404 4381 2518 4436 Rex
2555 4391 2760 4447 autem,
2791 4391 2852 4436 ut
2872 4381 3009 4436 vidit
3032 4380 3203 4436 Deum
3241 4397 3402 4437 suum
3423 4382 3786 4454 omninojam

2201 4489 2552 4553 dissolutum,
2597 4488 2665 4542 ad
2700 4487 2847 4542 aliud
2881 4488 3121 4542 vicinum
3152 4486 3300 4542 misit
3337 4485 3578 4552 idolum;
3629 4499 3793 4552 super

2202 4581 2310 4638 hac
2346 4597 2404 4637 re
2437 4597 2691 4652 quaerens
2739 4581 3054 4647 consilium,
3101 4580 3232 4652 quid
3264 4579 3366 4636 sibi
3406 4587 3557 4635 esset
3583 4577 3792 4633 facien-

2203 4676 2354 4732 dum.
2396 4675 2500 4731 Sed
2525 4682 2586 4730 ut
2608 4673 2889 4745 Scriptura
2923 4675 3058 4730 dicit
3085 4691 3099 4728 :
3133 4673 3252 4728 Non
3273 4684 3349 4727 est
3371 4674 3667 4742 sapientia,
3692 4691 3792 4728 non

2200 4779 2279 4825 est
2322 4769 2630 4840 prudentia,
2672 4783 2776 4822 non
2822 4775 2900 4823 est
2934 4767 3217 4824 consilium
3259 4776 3446 4822 contra
3497 4766 3791 4822 Dominum

2199 4862 2383 4936 (Prov.
2420 4859 2559 4932 χιε).

2227 4956 2578 5025 .Quomodo,
2630 4955 2712 5010 vel
2768 4955 2917 5027 quali
2971 4955 3237 5027 martyrio
3282 4969 3536 5010 summus
3586 4955 3792 5010 arbiter

2198 5050 2432 5106 electum
2479 5064 2640 5105 suum
2681 5048 2892 5104 civibus
2925 5048 3165 5104 aetheriis
3213 5047 3478 5103 voluisset
3520 5047 3791 5113 adunare,

2202 5159 2311 5180 unn
2348 5149 2557 5180 lunas-ot
2600 5141 2764 5180 alia!“
2799 5140 3025 5180 θυῖε-ἴσης
3068 5141 3246 5180 malum
3299 5140 3520 5180 cilnndin
3560 5150 3746 5180 tantum
3779 5161 3785 5170 -
