3988 5328
225 264 335 320 901
1124 266 1412 365 APPEPlD.
1454 267 1541 324 IIl.
1577 299 1637 310 —
1686 259 2119 346 MONUMENTA
2155 273 2618 332 GREGORlANA.
3403 273 3517 364 309

223 379 417 450 recepi
461 379 746 452 loquendi.
790 378 870 436 Ite
918 379 1110 448 citius,
1153 381 1378 437 domino
1423 391 1610 438 vestro
1658 383 1823 438 verba
1851 387 1896 444 Α
1924 384 2129 441 Christi
2151 402 2280 442 vero
2303 397 2511 459 martyr
2531 403 2641 444 non
2668 387 2816 446 dedit
2862 388 2914 446 ei
2951 406 3295 462 responsum,
3327 387 3512 450 revnl-

206 489 357 528 .mea
392 474 737 549 renuntiate,
781 482 837 528 et
863 473 1070 544 absque
1099 488 1255 529 mora
1302 474 1592 530 consilium
1637 490 1819 530 meum
1927 491 2061 531 vcns
2105 493 2292 531 secum
2338 479 2472 533 illud
2509 479 2881 549 evangelicum
2915 498 2928 536 :
2960 479 3142 537 Nolite
3183 485 3516 556 margaritdt

223 578 400 634 apere
435 565 654 619 studeat
694 564 939 634 implere.
988 561 1397 620 Destructorem
1436 565 1523 620 dei
1562 565 1730 622 vestri
1764 567 1820 621 in
1924 575 2120 620 vestras
2147 577 2268 621 ante
2299 585 2484 638 porcos
2519 570 2775 640 projicere
2799 569 3018 642 (Matth.
3048 572 3168 643 vn).

219 671 494 727 magnum
521 671 779 725 campum
821 655 1094 720 deducite,
1139 655 1512 725 spectaculum
1547 655 1818 711 Christia-
1994 656 2148 712 Tunc
2188 675 2284 715 rex
2325 658 2491 730 jussit
2530 662 2795 719 militibus
2833 679 2846 718 :
2884 661 3182 732 Abscidite,
3211 649 3502 736 inquiens,

220 747 338 812 nis,
380 746 576 801 incolis
607 755 662 802 et
701 747 1006 816 peregrinis
1038 746 1221 812 facite,
1263 763 1328 802 ac
1370 748 1568 802 ibidem
1605 749 1818 804 cunctis
1920 749 1995 802 illi
2051 751 2397 806 membratim
2453 753 2800 808 summitates
2860 753 3154 826 digitorum
3212 757 3502 828 utriusque

218 834 672 903 inspicientibus,
709 836 942 891 diversis
971 844 1027 890 et
1053 837 1415 892 atrocissimis
1441 839 1618 908 poenis
1664 840 1815 894 illum
1916 856 2149 910 manus;
2177 843 2272 913 qui
2303 843 2489 898 statim
2521 844 2678 914 jussa
2709 845 2998 915 implentes
3024 847 3370 904 absciderunt
3422 849 3498 904 illi

219 924 553 992 interﬁcite,
592 926 640 982 si
669 927 806 982 nolit
839 927 971 982 deos
1011 935 1225 982 vestros
1260 929 1530 984 maximos
1563 931 1810 986 adorare.
1917 930 2257 1001 singulorum
2303 933 2598 1004 digitorum
2631 937 2992 992 summitates.
3039 936 3267 1010 Iniquus
3314 949 3496 994 autem

212 1015 305 1070 Ad
347 1019 454 1072 hoc
493 1034 626 1090 ergo
669 1018 1039 1089 spectaculum
1076 1034 1268 1075 omnes
1296 1020 1662 1089 Christianos,
1699 1024 1814 1078 sive
1915 1039 2010 1079 rex
2033 1025 2100 1079 ad
2124 1024 2330 1080 Christi
2355 1026 2583 1081 militem
2611 1026 2691 1082 sic
2712 1027 2929 1084 loeutus
2963 1036 3047 1084 est
3079 1044 3093 1081 :
3332 1071 3339 1073 ..
3482 1022 3484 1026 ’

215 1111 491 1210 ῗδριίξόεν
542 1113 658 1210 Si“?
698 1111 908 1210 ίτξθοιθε
957 1111 1230 1210 θάἀιξοίίεξι
1259 1120 1342 1210 ,ιη
1371 1121 1555 1210 θρθζῑθ
1599 1114 1814 1210 ἀίδξξθηί
1982 1136 2120 1210 §unt
2143 1137 2295 1193 verba
2328 1147 2378 1192 et
2415 1155 2580 1205 voces,
2609 1138 2795 1210 quibus
2821 1139 2958 1194 hunc
2986 1139 3150 1195 lenire
3169 1141 3405 1196 dolorem

215 1201 356 1256 deos
382 1202 721 1259 immortales
743 1203 1039 1268 honorare,
1067 1202 1305 1260 dominis
1329 1204 1446 1259 suis
1475 1204 1532 1259 in
1554 1206 1811 1263 omnibus
1981 1207 2186 1277 Possis,
2208 1217 2259 1264 et
2291 1225 2538 1280 magnam
2566 1201 2734 1263 morbi
2765 1210 3017 1281 deponere
3052 1221 3276 1282 partem.

214 1292 465 1346 obedire.
497 1291 615 1348 Rex
639 1309 772 1348 vero
793 1295 860 1349 de
883 1295 1136 1362 consilio,
1162 1296 1272 1350 imo
1297 1297 1364 1352 de
1396 1306 1667 1368 prtecepto
1687 1299 1808 1354 dia-
2857 1301 3088 1372 (Hann.
3118 1320 3199 1374 ep.
3229 1304 3306 1375 1.)
3330 1371 3332 1374 ν

211 1381 353 1446 boli,
397 1382 632 1438 edicitur
663 1384 856 1452 lactus;
909 1401 972 1441 ac
1007 1395 1202 1441 cuncta
1239 1403 1338 1458 per
1375 1388 1625 1444 ordinem
1663 1405 1808 1445 com-
1981 1387 2382 1446 Tantummodo
2423 1391 2670 1447 sacriﬁca
2713 1378 2820 1447 diis
2844 1435 2859 1460 ,
2908 1393 3003 1462 qui
3059 1373 3218 1450 nobis
3281 1373 3496 1465 semper

206 1474 406 1544 plevit,
443 1483 506 1529 ut
523 1476 866 1547 subsequens
885 1477 1076 1532 relatio
1098 1479 1310 1548 probat.
1906 1482 2201 1538 ostendunt
2221 1499 2378 1539 suam
2403 1484 2762 1540 divinitatem.
2800 1483 2870 1539 At
2912 1485 3000 1540 ille
3029 1505 3042 1540 :
3078 1484 3491 1558 Unusquisque,

283 1565 595 1621 Adducitur
614 1568 941 1623 venerabilis
961 1570 1254 1640 episcopus
1282 1570 1336 1624 in
1372 1570 1613 1626 medium
1655 1587 1806 1628 cam~
1905 1573 2000 1642 ait,

201 1669 348 1723 pum
369 1654 516 1711 ferro
539 1657 774 1734 ligatus;
813 1659 1019 1729 talique
1039 1659 1294 1716 affamine
1323 1660 1495 1716 Deum
1520 1678 1682 1718 suum
1719 1672 1803 1719 est
1835 1733 1870 1738 _
2046 1663 2384 1721 Commisisse
2417 1675 2562 1720 cavet
2586 1670 2725 1738 quod
2749 1677 3049 1737 permutare
3074 1667 3296 1723 laboret.

203 1747 488 1803 allocutus
511 1767 525 1802 :
549 1747 596 1804 0
615 1749 852 1818 Christe,
876 1750 1020 1806 Deus
1036 1752 1103 1806 de
1129 1751 1260 1818 Deo,
1281 1753 1464 1808 lumen
1486 1755 1552 1809 de
1574 1755 1798 1824 lumine,
1834 1733 1877 1788 Β
2597 1733 2609 1738 ’
2749 1733 2760 1737 ⁷
2821 1757 3078 1829 (Housm,
3107 1758 3182 1812 De
3209 1757 3369 1830 arte.)

204 1837 329 1894 Rex
355 1855 568 1911 regum,
595 1849 652 1897 et
687 1842 953 1898 Dominus
987 1843 1417 1911 dominantium;
1454 1845 1549 1915 qui
1584 1861 1682 1915 pro
1710 1856 1798 1901 to-
1902 1843 2056 1902 Tunc
2096 1863 2188 1903 rex
2235 1848 2302 1902 ad
2349 1849 2550 1904 milites
2585 1865 2596 1901 :
2637 1848 2840 1904 lterum
2891 1851 3166 1922 sigillatim
3202 1860 3453 1922 scquerlt

205 1932 324 1987 tius
351 1932 544 1989 mundi
574 1933 748 1988 salute
773 1949 833 1989 es
857 1949 1054 2003 passus
1077 1944 1132 1990 et
1167 1935 1500 2002 cruciﬁxus;
1537 1946 1588 1991 te
1613 1937 1795 2002 laudo,
1899 1935 2193 2007 digitorum
2218 1938 2462 1992 membra
2507 1937 2583 1991 illi
2620 1938 2898 1994 abscidite.
2949 1937 3085 1993 Volo
3126 1941 3271 1995 enim
3323 1942 3488 2012 longo

202 2031 260 2076 te
291 2022 463 2077 adoro
491 2032 654 2094 teque
677 2024 959 2096 gloriﬁco;
991 2025 1087 2096 qui
1118 2035 1404 2097 peccatum
1443 2042 1554 2082 non
1597 2018 1794 2094 fecisti,
1896 2041 2023 2081 eum
2085 2027 2330 2082 cruciatu
2391 2028 2656 2083 laborare.
2705 2026 2825 2095 Quo
2874 2029 3019 2084 dicto
3048 2073 3062 2100 ,
3123 2031 3337 2102 singula
3404 2026 3484 2087 illi

198 2130 311 2170 nec
339 2113 597 2172 iuventus
618 2125 703 2172 est
728 2116 890 2171 dolus
937 2116 993 2171 in
1029 2132 1124 2172 ore
1155 2126 1252 2173 tuo
1279 2117 1333 2189 (l
1362 2117 1512 2174 Petr.
1539 2119 1622 2191 ιι),
1659 2135 1794 2174 con-
1896 2117 2140 2171 membra
2162 2117 2530 2186 absciderunt,
2560 2135 2778 2186 manus,
2802 2119 3046 2175 brachia.
3071 2118 3140 2174 Et
3165 2121 3238 2176 ita
3262 2121 3486 2177 detrun-

199 2205 350 2262 ferta
381 2223 468 2262 me
497 2216 592 2263 tua
619 2209 977 2278 proiectione,
1007 2218 1067 2264 ut
1102 2218 1157 2266 te
1195 2210 1367 2266 libera
1407 2227 1542 2267 voce
1585 2213 1793 2282 possim
1894 2218 2076 2264 catum
2121 2218 2246 2264 ante
2293 2225 2475 2280 regem
2534 2218 2863 2265 statuerunt.
2889 2209 3044 2266 Tunc
3095 2227 3288 2268 omnes
3321 2211 3484 2267 Chri-

195 2297 448 2368 laudare,
480 2300 760 2372 sequendo
789 2301 1016 2372 vestigia
1040 2309 1155 2369 tua,
1185 2302 1420 2358 offerens
1450 2303 1549 2358 tibi
1570 2313 1793 2374 peccata
1893 2299 2078 2366 stiani,
2103 2300 2196 2370 qui
2222 2300 2290 2354 ad
2323 2301 2694 2370 spectaculum
2742 2309 2872 2356 sunt
2922 2301 3386 2370 adductiyﬂendo
3425 2313 3482 2359 et

199 2408 348 2454 mea.
375 2392 625 2464 Cumque
650 2393 719 2449 ad
737 2395 919 2451 locum
961 2395 1278 2451 certaminis
1330 2395 1536 2452 Christi
1586 2412 1792 2468 agono-
1890 2390 2143 2461 ejulando
2164 2399 2457 2461 potuerunt
2490 2391 2672 2447 dicere
2717 2392 3138 2449 lamentationes
3181 2393 3429 2448 Ieremia:
3462 2412 3476 2448 :

198 2480 354 2536 theta
383 2483 742 2552 pervenisset,
770 2483 1202 2540 nefandissimns
1237 2501 1304 2542 ac
1345 2485 1459 2542 Deo
1503 2488 1790 2544 abomina-
1889 2481 2200 2552 Defecerunt
2222 2500 2332 2553 prie
2353 2483 2604 2555 lacrymis
2625 2485 2764 2540 oculi
2788 2474 2995 2555 nostri;
3021 2477 3335 2541 conturbata
3356 2496 3477 2542 sunt

198 2571 328 2627 bilis
353 2587 450 2627 rex
472 2572 644 2644 jussit
670 2588 861 2630 omnes
889 2574 1236 2633 Christianos
1283 2578 1528 2648 captivos
1576 2578 1790 2635 vinctos
1888 2574 2088 2628 viscera
2119 2583 2298 2627 nostra
2327 2571 2544 2645 (Τὴν-επ.
2576 2579 2660 2648 ιι).
2686 2574 3028 2634 Convertebs
3055 2593 3114 2633 se
3153 2587 3360 2649 martyr
3393 2577 3479 2631 in-

200 2663 329 2718 huic
374 2665 689 2734 spectaculo
731 2665 1016 2733 interesse,
1053 2682 1194 2738 quos
1239 2667 1295 2723 in
1342 2668 1568 2724 modum
1597 2668 1787 2725 circuli
1888 2662 2064 2717 victus
2086 2662 2153 2717 ad
2180 2679 2296 2729 eos,
2341 2665 2518 2734 patria
2567 2681 2701 2720 voce
2730 2665 2810 2720 sic
2837 2667 3052 2721 locutus
3087 2676 3171 2722 est
3213 2683 3230 2720 :
3277 2664 3477 2735 Nolite,

197 2757 380 2812 Virum
416 2756 513 2813 Dei
557 2757 689 2814 fecit
720 2759 1114 2827 circumstare,
1161 2767 1221 2815 ut
1254 2760 1547 2830 perfectius
1575 2761 1788 2832 potuis-
1886 2753 1982 2807 ﬁlii
2012 2755 2142 2822 mei,
2175 2756 2343 2808 nolite
2366 2772 2452 2811 me
2476 2756 2625 2824 ﬂere,
2651 2759 2819 2812 nolite
2843 2759 3027 2812 tristes
3049 2774 3189 2826 esse,
3237 2759 3329 2812 sed
3371 2774 3477 2830 po—

195 2858 321 2905 sent
351 2850 506 2906 illum
528 2851 825 2907 crudeliter
854 2853 1212 2908 cruciandum
1242 2853 1532 2924 inspicere,
1576 2847 1649 2910 ut'
1662 2855 1785 2911 visu
1886 2844 1995 2899 ῑίυε
2027 2844 2274 2916 gaudete:
2299 2846 2502 2916 ετθιίθε
2534 2857 2758 2918 ²ἑέε¹¹ιεδ
2781 2847 2892 2903 Deo
2922 2847 3071 2903 Ρθῐΐί
3097 2890 3111 2916 ν
3154 2848 3249 2918 illi
3279 2849 3476 2918 dignos

196 2949 252 2996 et
299 2941 489 2997 auditu
537 2942 859 2998 didicissent
897 2943 1030 3000 deos
1067 2944 1361 3012 honorare,
1390 2944 1628 3002 dominis
1669 2946 1784 3002 suis
1885 2950 1986 2989 nos
2012 2933 2140 2990 fecit
2164 2935 2219 2989 in
2243 2945 2396 3006 parte
2426 2937 2590 2991 sortis
2607 2947 2921 2992 sanctorum
2946 2957 2959 3006 ;
2988 2939 3083 3008 qui
3119 2939 3392 2993 transtulit
3418 2938 3473 2991 in

193 3032 420 3087 obedire
439 3041 498 3088 et
517 3033 753 3101 servire;
783 3032 871 3089 sin
893 3039 1097 3100 autem,
1125 3032 1290 3088 simili
1315 3049 1374 3090 se
1397 3035 1602 3090 scirent
1620 3051 1768 3106 ptent

1898 3040 2112 3097 regnum
2152 3025 2274 3079 Filii
2309 3026 2618 3082 dilectionis
2663 3042 2777 3082 sua:
2825 3027 2961 3098 (Col.
2991 3028 3052 3099 ι).
3085 3026 3345 3095 Gaudete,
3389 3024 3473 3081 in;

194 3123 465 3179 finiendos
490 3122 630 3179 fore.
1811 3117 1850 3138 ν
1884 3133 2072 3188 quam,
2108 3125 2163 3173 et
2191 3118 2395 3188 gratias
2417 3118 2559 3189 agite
2588 3117 2720 3184 Deo,
2745 3119 2893 3188 quod
2923 3117 2977 3171 in
3005 3128 3187 3172 vestro
3231 3127 3472 3188 tempore

262 3213 498 3269 Paratur
533 3214 648 3285 regi
681 3212 922 3268 tribunal
951 3213 1007 3268 in
1035 3213 1216 3268 medio
1260 3214 1431 3270 totius
1478 3214 1781 3270 multitudi-
1885 3208 2044 3264 talem
2071 3208 2175 3263 sibi
2196 3207 2434 3263 hostiam
2461 3208 2716 3278 dignatus
2739 3217 2823 3262 est
2852 3207 3072 3278 eligere,
3115 3215 3170 3262 et
3212 3217 3365 3261 orate
3387 3208 3472 3290 ili-7

194 3306 301 3373 nis,
329 3322 454 3377 quae
473 3315 807 3362 convenerat
831 3305 900 3360 ad
933 3306 1306 3377 spectaculum
1333 3305 1400 3361 de
1426 3306 1644 3362 civitate
1667 3307 1778 3373 illa,
1881 3300 2064 3353 vinam
2088 3300 2363 3369 pietatem,
2396 3307 2457 3353 ut
2487 3315 2628 3369 opus
2671 3299 2726 3352 in
2765 3315 2852 3354 me
2895 3299 3168 3358 initiatum
3208 3299 3470 3370 dignetur

193 3398 337 3454 etde
373 3397 640 3467 proximis
690 3395 946 3452 castellis.
995 3396 1063 3452 Et
1099 3397 1298 3453 sedens
1349 3412 1448 3468 pro
1495 3396 1776 3464 tribunali,
1879 3391 2159 3462 perﬁcere.
2185 3391 2304 3462 lpse
2325 3392 2472 3446 enim
2502 3391 2616 3444 ait:
2647 3388 2798 3444 State
2827 3392 2881 3444 in
2914 3391 3038 3462 ﬁde,
3077 3390 3304 3444 viriliter
3329 3391 3470 3462 agite

190 3490 354 3561 juss't
385 3490 482 3544 Dei
506 3489 776 3545 famulum
817 3497 943 3544 ante
971 3499 1326 3560 conspectum
1360 3504 1521 3544 suum
1558 3489 1773 3543 adduci.
1881 3482 1935 3558 (Ι
1971 3482 2096 3538 Cor.
2134 3484 2280 3552 xvi);
2309 3484 2487 3537 omnia
2511 3491 2682 3536 vestra
2712 3483 2768 3536 in
2799 3483 3059 3536 clmritate
3085 3483 3217 3552 ﬁant
3260 3481 3313 3552 (Ι
3339 3479 3464 3556 Cor.

195 3581 263 3638 Ut
298 3583 434 3637 vidit
455 3598 650 3637 verum
676 3581 879 3638 Christi
903 3581 1130 3636 militem
1154 3582 1412 3636 audacter
1438 3589 1494 3636 et
1518 3581 1638 3636 sine
1664 3582 1776 3636 ullo
1879 3576 2016 3646 xiv),
2055 3591 2177 3646 quae
2206 3582 2291 3630 est
2313 3573 2568 3629 Christus
2618 3573 2797 3630 Jesus.
2852 3573 2991 3628 Cum
3041 3589 3138 3628 vos
3180 3573 3469 3660 considero

196 3683 430 3732 tremore
452 3675 800 3730 accedentem
829 3693 841 3727 :
867 3671 1021 3726 Tunc
1049 3688 1131 3739 es,
1163 3671 1358 3742 inquit,
1395 3671 1484 3725 ille
1513 3670 1776 3742 profanus
1877 3667 2081 3723 Christi
2103 3669 2325 3733 milites,
2349 3676 2401 3722 et
2428 3683 2555 3722 cum
2592 3666 2735 3722 facta
2779 3675 2963 3723 vestra
2994 3669 3227 3735 aestimo,
3269 3684 3466 3739 magna

192 3766 284 3836 qui
307 3765 472 3820 deum
503 3780 688 3820 meum
713 3762 1050 3835 confregisti,
1100 3762 1193 3832 qui
1230 3778 1330 3816 nec
1375 3762 1509 3817 deos
1550 3763 1776 3816 immor—
1878 3776 1964 3814 me
1987 3775 2113 3830 spes
2133 3761 2379 3815 victoriae
2399 3768 2566 3815 tenet.
2591 3758 2854 3829 Animus,
2878 3768 3010 3815 aetas
3035 3800 3049 3827 ,
3084 3759 3258 3814 virtus
3283 3768 3465 3816 vestra

193 3858 324 3912 tales
344 3857 597 3922 adorare,
620 3872 723 3910 nec
757 3855 903 3926 regis
939 3853 1215 3911 custodire
1258 3854 1472 3908 decreta
1506 3855 1724 3908 voluisti
1753 3854 1777 3907 ?
1877 3867 1964 3906 me
1997 3852 2376 3906 cohortantur.

195 3947 493 4019 Respondit
517 3947 809 4018 episcopus
857 3966 868 4001 :
913 3945 1200 4013 Quomodo
1244 3953 1422 4014 potest
1476 3943 1620 4000 Deus
1669 3945 1774 3999 dici
1947 3941 2073 3998 Haec
2094 3944 2185 3997 ubi
2223 3942 2382 4010 dixit,
2413 3959 2511 3998 rex
2558 3943 2782 4012 iniquus
2823 3942 3169 3997 membratim
3207 3943 3373 4013 pedes
3410 3951 3466 3998 et

192 4045 282 4114 qui
322 4059 424 4099 nec
467 4042 761 4098 subvenire
805 4040 980 4111 potuit
1033 4039 1138 4095 sibi
1187 4038 1288 4108 ipsi
1321 4037 1345 4090 ?
1398 4036 1623 4105 Decreta
1675 4054 1774 4090 au-
1874 4050 2058 4102 crura,
2092 4043 2152 4090 ut
2193 4036 2347 4104 prius
2397 4051 2594 4090 manus
2633 4045 2688 4090 et
2718 4035 2943 4090 brachia
2970 4076 2986 4102 ,
3020 4034 3152 4090 fecit
3192 4035 3458 4090 abscindi.

191 4145 296 4192 tem
351 4135 499 4206 regis
551 4135 658 4189 mei
711 4133 1008 4199 custodire,
1063 4133 1182 4201 ipso
1235 4128 1545 4199 adjuvante,
1577 4129 1767 4198 cupio.
1874 4129 2010 4197 Quis
2055 4128 2228 4196 furor,
2272 4145 2305 4184 ο
2339 4130 2506 4195 cives,
2544 4145 2667 4199 qua:
2717 4137 2866 4182 tanta
2913 4143 3154 4198 unquam
3187 4128 3460 4191 dementia

192 4226 255 4283 Et
309 4227 432 4283 ideo
493 4227 794 4282 veridicum
865 4225 997 4279 illud
1060 4221 1473 4293 Psalmographi
1527 4221 1771 4290 quotidie
1873 4221 2004 4280 ferri
2063 4222 2301 4293 potuit?
2349 4221 2502 4288 Quis,
2552 4221 2730 4292 potuit
2799 4219 2964 4276 claris
3020 4220 3326 4276 luminibus
3401 4221 3457 4296 in

189 4319 487 4376 decantabo
535 4339 548 4374 :
598 4297 836 4373 Paratus
896 4333 1012 4371 sum
1061 4325 1111 4370 et
1157 4332 1260 4368 non
1312 4330 1429 4367 sum
1485 4313 1766 4381 turbatus,
1873 4315 2096 4374 homine
2142 4323 2255 4370 tam
2318 4315 2621 4369 maximum
2682 4311 2896 4369 facinus
2937 4312 3269 4382 inspicere?
3324 4312 3456 4382 quid

190 4424 240 4466 ut
265 4412 568 4467 custodiam
593 4410 849 4464 mandata
901 4406 1234 4462 tum-Fama
1284 4413 1618 4476 peccatorum
1663 4406 1770 4459 cir-
1802 4407 2053 4480 Ddirum
2109 4405 2332 4462 relatu?
2376 4405 2507 4476 quid
2566 4405 2829 4460 horribile
2878 4404 3069 4458 auditu
3109 4404 3133 4457 Υ
3174 4394 3300 4472 quis
3349 4403 3458 4456 sic—-

189 4505 446 4576 cuniplexi
488 4511 612 4558 sunt
654 4518 734 4556 me
759 4543 774 4568 ,
823 4509 871 4554 et
921 4499 1081 4570 legem
1113 4508 1259 4552 tuam
1293 4515 1395 4550 non
1420 4514 1538 4550 sum
1572 4497 1764 4552 oblitus
1874 4501 1954 4556 cis
1980 4501 2153 4557 oculis
2178 4499 2382 4556 intueri
2417 4499 2614 4570 potuit,
2645 4499 2833 4553 audire
2871 4497 3109 4569 potuerit
3139 4504 3250 4550 tam
3300 4495 3457 4550 fune-

191 4596 356 4668 (Psal.
395 4595 609 4666 cxvm).
656 4592 1039 4664 lniquissimus
1081 4607 1174 4646 rex
1222 4590 1360 4644 dixit
1407 4607 1418 4642 :
1473 4588 1626 4644 Unde
1667 4590 1764 4644 tibi
1871 4600 2020 4649 stum
2070 4607 2209 4662 opus
2235 4633 2250 4659 ,
2290 4601 2401 4646 tam
2421 4591 2642 4648 crudele
2674 4591 2896 4646 scelus?
2922 4588 3025 4644 Sed
3049 4587 3254 4644 Christi
3297 4586 3455 4642 milrs

189 4689 408 4744 audacia
431 4687 538 4742 ista
566 4687 806 4740 maxima
829 4682 1077 4739 ‘i‘lnvitus
1111 4683 1316 4738 Christi
1349 4682 1506 4737 miles
1535 4696 1764 4752 respon-
1869 4685 2268 4756 imperterritus
2311 4685 2492 4740 adhuc
2519 4685 2751 4754 majora,
2791 4699 2856 4739 ac
2899 4682 3002 4738 sibi
3045 4683 3148 4737 soli
3175 4680 3457 4753 praedesti-

188 4778 286 4836 dit:
311 4779 388 4836 De
418 4762 754 4835 conscientia
786 4779 926 4832 bona
953 4786 1006 4832 et
1029 4776 1130 4830 lide
1154 4792 1259 4830 non
1287 4775 1412 4830 (icta
1443 4774 1496 4844 (I
1527 4775 1662 4828 Tim.
1696 4779 1757 4845 ι).
1869 4784 2018 4844 nata,
2043 4783 2096 4830 et
2123 4791 2156 4830 a
2192 4774 2428 4829 Domino
2452 4783 2730 4829 reservata
2768 4771 3118 4842 exSpectabat
3150 4777 3454 4835 tormenta,

186 4872 418 4930 Audacia
449 4889 588 4943 opus
611 4880 714 4927 est.
740 4870 979 4924 Audacia
1009 4867 1154 4922 enim
1191 4883 1290 4935 pro
1322 4881 1484 4920 muro
1508 4865 1756 4920 habetur.
1867 4883 1992 4939 quae
2027 4868 2132 4924 iste
2157 4866 2535 4938 nequissimus
2571 4864 2914 4943 echgitabat
2957 4871 3081 4940 post
3125 4875 3319 4919 omnes
3345 4859 3457 4912 Ro-

185 4962 309 5018 Nam
363 4965 451 5020 bis
491 4965 546 5020 in
583 4962 774 5034 praelii)
819 4969 902 5014 est
942 4959 1241 5013 maximum
1295 4957 1628 5027 periculum,
1665 4957 1761 5026 qui
1865 4976 2153 5018 manorum
2176 4968 2610 5025 cteterarumque
2631 4954 3036 5026 provinciarum
3055 4961 3456 5038 persecutores.

186 5059 415 5120 maxime
461 5057 676 5111 timent.
723 5052 940 5119 Nolite,
990 5050 1166 5120 inquit
1220 5049 1526 5113 Dominus.
1580 5048 1761 5102 ιίηιενε
1863 5054 2038 5110 Jussit
2064 5056 2209 5112 enim
2236 5052 2560 5108 detruncato
2615 5046 2843 5120 martyri
2899 5045 3224 5104 umbilicum
3267 5041 3467 5105 incidi.

185 5165 260 5203 eos
292 5150 381 5220 qui
423 5148 674 5203 occidunt
721 5161 928 5214 corpus,
956 5144 1193 5198 animam
1223 5151 1398 5195 autem
1419 5155 1519 5190 non
1541 5150 1760 5208 possunt
1865 5154 1919 5200 et
1948 5145 2205 5201 intestina
2239 5141 2502 5214 paulatim
2527 5139 2774 5196 detracta
2820 5136 2972 5196 circa
3017 5127 3236 5210 lignum
3266 5135 3337 5188 ad
3365 5133 3475 5186 hoc

189 5243 405 5272 ...διέλοι-ιι
428 5259 441 5271 ο
476 5241 562 5272 ,ΛΑ
591 5240 769 5272 “nlo-alo
807 5239 979 5272 Ιδηαηθα
1000 5253 1116 5272 οηηι
1145 5237 1233 5272 non;
1262 5240 1432 5272 οιηιριΐ
1451 5241 1498 5272 ρι
1523 5235 1756 5272 animum

1894 5245 2068 5272 notum
2116 5231 2433 5272 nnnnr-mrnr-i
2495 5229 2632 5272 num
2712 5245 2834 5272 mum
2875 5230 2968 5272 diu
3013 5220 3469 5272 ρτιζι-αὴρνρῐιῑιιιν-
