3988 5328
525 194 631 254 905

1414 210 1419 215 '
1501 191 1590 246 AD
1626 189 1858 247 OPERA
1896 188 1954 245 S.
1996 186 2326 246 GREGORII
2362 184 2806 266 APPENDICES.

525 291 1018 379 inter'angelorum
1060 321 1259 362 manus
1291 304 1602 371 visibiliter,
1649 311 1711 359 ut
1754 302 1937 360 testati
1962 304 2116 359 sunt
2145 306 2190 365 Α
2211 300 2327 358 Nec
2360 301 2585 370 mirum,
2621 301 2669 357 si
2721 288 2868 356 Deus
2916 301 3095 356 adhuc
3142 301 3413 357 viventem
3604 316 3791 361 manus

525 400 623 473 qui
650 400 899 468 aderant,
927 408 1207 471 exceptus,
1239 397 1528 471 condignis
1548 396 1810 452 laudibus
1853 412 1882 451 a
1909 394 2118 454 sanctis

527 492 866 565 martyribus
912 482 970 545 in
1011 490 1152 546 cado
1189 500 1275 546 est
1318 498 1627 561 susceptus.
1673 487 1844 561 Igitur
1880 488 2118 544 invictus

526 583 733 641 ChriSti
768 590 995 654 martyr,
1028 581 1432 653 aliquantulum
1458 589 1671 637 mutata
1716 580 1877 647 facie,
1913 596 1968 635 iv
2009 578 2120 635 Ka-

524 666 672 730 lend.
704 672 896 729 Octob.
928 674 1174 729 debitum
1199 673 1364 729 solvit
1386 674 1581 730 mortis
1618 689 1840 740 amara},
1868 674 2118 729 victurus

525 778 585 820 tu
634 772 899 820 :cternum
962 764 1128 820 luere:
1188 764 1400 835 quidem
1459 763 1600 832 Dei,
1665 764 1892 819 colueres
1941 772 2119 818 autem

528 857 731 914 Christi
762 855 938 928 (Rom.
963 856 1107 929 vni),
1136 857 1404 913 talentum
1438 856 1542 912 sibi
1571 857 1838 912 creditum
1871 872 1997 912 cum
2032 858 2119 911 luo

525 961 624 1002 cro
656 947 933 1018 passionis
980 947 1143 1018 digne
1194 946 1514 1017 reportavit.
1560 945 1731 1019 Igitur
1770 946 1969 1018 dignus
2015 946 2120 1001 hac

525 1037 807 1104 mellillua,
831 1046 889 1093 et
912 1036 1215 1108 jucundula
1256 1036 1606 1106 veridicaque
1657 1036 1943 1092 vocatione
1992 1033 2117 1103 fuit,

526 1130 656 1202 quia
686 1131 743 1187 in
770 1140 824 1187 te
847 1131 1177 1202 complacuit
1203 1130 1403 1185 animae
1426 1144 1581 1196 meae,
1612 1129 1898 1200 ingredere
1936 1129 2117 1183 locum

526 1220 914 1276 exsultatio‘nis
936 1230 995 1277 et
1027 1221 1248 1289 laatitiaz,
1275 1229 1338 1276 ut
1364 1220 1550 1276 videas
1592 1221 1739 1275 bona
1779 1218 2120 1277 Hierusalem

527 1314 788 1369 omnibus
816 1314 1013 1370 diebus
1052 1315 1181 1369 vita:
1217 1322 1327 1371 tua:
1358 1302 1532 1386 (Psal.
1581 1312 1810 1384 cxxvn).
1848 1311 1986 1379 Quis
2016 1328 2120 1367 un-

525 1426 695 1481 quam
740 1410 918 1464 valcat
944 1410 1107 1484 digne
1156 1408 1417 1480 prosequi
1466 1408 1605 1481 stylo
1664 1415 1776 1462 tam
1827 1406 2117 1463 miriﬁcum

529 1516 670 1571 opus
696 1500 965 1572 martyrii,
998 1502 1052 1555 in
1081 1500 1175 1555 tali
1206 1508 1447 1574 martyre
1483 1498 1688 1555 Christi
1719 1499 1744 1553 ?
1785 1497 1990 1555 Revera
2018 1513 2119 1568 pa~

528 1593 697 1648 radisi
722 1593 919 1664 gaudia
951 1593 1320 1663 jucundanter
1353 1592 1562 1663 absque
1596 1590 1816 1662 publico
1861 1591 2122 1647 intrasset

528 1660 814 1755 martyrio,
850 1660 979 1755 quia
1005 1684 1232 1754 implere
1260 1660 1561 1743 studuit'in
1595 1660 1655 1738 se
1690 1683 1833 1754 ipso,
1876 1697 2000 1752 qua:
2028 1697 2124 1736 au-
2153 1660 2197 1715 Β

526 1773 663 1828 divit
697 1775 767 1829 ab
796 1774 1061 1845 Apostolo
1092 1790 1104 1826 :
1138 1771 1462 1844 Mortiﬁcate
1496 1772 1728 1827 membra
1774 1780 1967 1839 vestra,
2002 1786 2121 1845 qua:

526 1875 649 1920 sunt
674 1883 831 1937 super
857 1875 1074 1933 (errant,
1101 1866 1530 1936 fornicationem,
1565 1865 1987 1931 immunditiam,
2011 1866 2115 1919 etc.

528 1952 747 2027 (Ephes.
768 1955 845 2027 v.)
867 1953 1007 2011 Nam
1023 1953 1400 2027 evangelicum
1422 1954 1716 2010 consilium
1738 1949 2121 2009 contemnendi

529 2046 815 2113 saeCulum,
861 2045 938 2100 illi
970 2045 1303 2117 aceeptabile
1349 2054 1470 2101 erat
1513 2054 1568 2100 et
1613 2045 1941 2115 jucundum,
1990 2043 2120 2114 quia

529 2151 639 2191 non
672 2138 875 2215 solum,
901 2152 1024 2207 qua:
1057 2134 1269 2202 habuit,
1289 2135 1384 2190 sed
1416 2135 1606 2203 etiam,
1639 2134 1786 2208 quod
1817 2133 2121 2188 maximum

527 2225 991 2281 etcharissimum
1040 2224 1151 2281 Deo
1185 2223 1309 2293 fuit,
1341 2224 1696 2294 semetipsum
1730 2222 1843 2279 Deo
1884 2223 2117 2291 obtulit,

527 2326 585 2373 et
628 2316 928 2374 fortissima
965 2333 1117 2373 arma
1156 2316 1481 2373 obedientize
1518 2316 1781 2387 arripuit;
1823 2316 2025 2388 quibus
2063 2318 2119 2373 in

530 2411 869 2467 monasterio
926 2410 1019 2466 diu
1074 2408 1315 2482 perfecte
1367 2417 1422 2464 et
1495 2409 1797 2465 honorilice
1842 2409 2115 2464 militavit.

530 2501 659 2558 Fuit
678 2504 879 2577 quippe
910 2511 1135 2558 sanctus
1157 2502 1261 2557 iste
1283 2500 1548 2572 pontifex,
1582 2510 1644 2557 ut
1664 2499 1885 2569 Joiada;
1933 2501 2028 2572 qui
2064 2501 2119 2557 in

529 2592 644 2649 vita
667 2609 767 2650 sua
792 2592 1174 2648 corroboravit
1202 2592 1488 2663 templum,
1514 2600 1569 2647 et
1590 2591 1749 2664 quasi
1782 2593 1884 2649 llos
1920 2592 1976 2647 in
2003 2592 2121 2648 die-

534 2684 640 2741 bus
675 2683 860 2739 vernis
900 2684 1326 2750 demonstratus,
1370 2681 1574 2738 rubore
1605 2682 1881 2754 passionis
1911 2681 1969 2737 in
2013 2682 2120 2737 line

528 2784 858 2849 perornatur
880 2773 1075 2847 (Eccli.
1101 2772 1362 2847 1.).Cujus
1378 2773 1522 2829 labia
1544 2773 1928 2831 custodiebant
1948 2773 2122 2829 scien-

529 2870 686 2937 tiam,
725 2878 780 2926 et
813 2869 971 2924 multi
1003 2869 1359 2941 requirebant
1399 2870 1574 2941 legem
1604 2885 1673 2925 ex
1696 2884 1791 2925 ore
1813 2869 1961 2939 ejus;
1990 2869 2120 2941 quia

529 2962 758 3034 angelus
785 2960 1002 3017 Domini
1040 2961 1381 3017 exercituum
1421 2959 1729 3033 eratUlIal.
1773 2959 1858 3030 ιι),
1900 2976 2118 3019 annun-

531 3051 677 3112 tians
710 3051 940 3108 verbum
974 3052 1119 3123 vitae,
1157 3067 1255 3121 per
1296 3058 1586 3123 angustam
1632 3058 1849 3124 portam
1894 3050 2120 3106 studens

531 3159 662 3200 oves
702 3144 807 3200 sibi
842 3143 1082 3199 creditas
1121 3141 1460 3213 quotidianis
1493 3141 1837 3199 documentis
1870 3139 2122 3199 introdu-

532 3252 674 3291 cere.
728 3234 854 3291 Fuit
895 3235 1062 3289 etiam
1109 3233 1314 3289 animal
1362 3225 1490 3288 ante
1550 3240 1608 3288 ct
1657 3240 1807 3287 retro
1842 3231 2122 3289 oculatum

532 3323 750 3394 (Ezeclt.
793 3323 855 3393 l),
897 3325 1331 3397 circumquaque
1378 3322 1723 3396 prospiciens
1762 3322 1992 3378 insidias
2022 3337 2121 3378 ne-

530 3410 784 3483 quissimi
819 3412 1012 3477 hostis,
1041 3411 1277 3469 ethicam
1299 3410 1596 3465 virtutibus
1620 3410 1878 3465 omnibus
1906 3411 2123 3480 plenam

532 3517 731 3572 capere
764 3501 968 3569 nitens,
1000 3509 1249 3555 aratrum
1276 3499 1625 3555 Dominieum
1664 3498 1879 3554 fortiter
1909 3508 2121 3569 tenens,

535 3608 645 3647 non
685 3600 1000 3647 tortuosum
1034 3592 1252 3647 sulcum
1280 3589 1545 3658 faciebat;
1580 3590 1675 3645 sed
1720 3597 1870 3645 caste
1894 3589 2125 3645 vivendo

534 3682 843 3753 exemplum
868 3682 1075 3739 bonum
1111 3680 1346 3738 subditis
1368 3679 1682 3753 pncbendo,
1722 3678 1926 3734 scalam
1957 3678 2127 3735 .Iacob

535 3773 690 3846 (Cen.
735 3773 929 3845 xxviii)
963 3774 1031 3830 de
1062 3773 1295 3829 diversis
1324 3770 1671 3843 profectuum
1704 3770 1964 3844 gradibus
1995 3786 2126 3826 con-

535 3872 742 3925 bertam
766 3863 1127 3936 tripudianter
1155 3864 1505 3919 ascendebat.

609 3957 753 4031 Quid
794 3959 937 4014 ultra
972 3957 1290 4013 moramur?
1320 3956 1587 4012 Conditor
1625 3954 1796 4024 orbis,
1844 3956 1935 4011 cui
1965 3955 2128 4027 digne

535 4049 791 4109 militavit
832 4049 936 4110 iste
973 4049 1191 4116 beatus,
1231 4057 1418 4121 aperte
1458 4049 1786 4106 monstravit
1824 4049 1962 4116 suis,
2014 4048 2126 4105 sci-

534 4143 664 4200 licet
709 4139 1059 4209 Christianis,
1124 4156 1227 4195 nec
1283 4157 1393 4196 non
1452 4148 1509 4196 et
1569 4138 1808 4198 inimicis
1878 4139 2128 4210 reprobis

2148 3004 2189 3061 C

2220 394 2439 451 illorum
2462 393 2696 449 diversis
2731 393 3068 450 cruciatibus
3113 395 3363 466 permisit
3400 396 3646 467 purgari,
3676 410 3790 451 eor-

2218 504 2322 560 pus
2342 486 2539 555 occidi,
2559 494 2686 559 post
2719 494 2952 543 mortem
2980 502 3111 543 vero
3144 488 3200 543 in
3230 489 3420 544 animo
3467 494 3527 544 et
3572 502 3789 560 corpu

2218 580 2337 652 ipse
2370 579 2639 636 Dominus
2678 579 3079 635 dominantium
3109 581 3283 639 voluit
3323 581 3619 638 dominari.
3662 581 3787 638 Dial

2218 672 2364 728 enim
2390 672 2507 744 ipse
2541 672 2598 729 in
2625 672 2922 745 Evangelio
2948 693 2961 729 :
2989 673 3172 734 Nolite
3192 676 3380 733 timere
3410 692 3498 730 eos
3533 677 3623 746 oui
3656 677 3784 730 oeci-

2218 762 2350 816 dunt
2369 779 2558 834 corpus
2580 773 2697 834 post
2717 764 2830 818 lucc
2854 780 2957 821 non
2983 764 3175 819 habent
3197 765 3428 835 amplius
3447 773 3573 835 qui
3597 766 3786 836 faciant

2221 852 2440 924 (Matth.
2492 871 2558 922 χ,
2599 854 2729 911 Luc.
2773 854 2894 926 xu);
2934 854 3000 910 Et
3046 856 3174 910 alibi
3223 858 3479 927 promisit
3509 856 3627 915 suis
3662 857 3785 913 tide-

2218 946 2415 1003 libus:
2473 946 2540 1000 Et
2605 946 2833 1017 capillus
2883 947 2950 1001 de
3003 949 3178 1019 rapite
3226 958 3398 1003 oestro
3451 964 3557 1003 non
3610 949 3785 1019 perurit

2221 1037 2373 1110 (an.
2392 1040 2534 1112 ut.)

2291 1126 2363 1183 Ut
2383 1142 2566 1184 autem
2595 1145 2691 1184 rex
2712 1130 2920 1186 audivit
2939 1131 3045 1188 hoc
3075 1130 3281 1188 factum
3304 1132 3654 1201 miraculum,
3673 1148 3786 1203 pcr-

2218 1219 2444 1275 ‘territus
2477 1227 2562 1276 est
2583 1236 2710 1275 eum
2741 1221 2859 1277 suis
2900 1222 3049 1292 quod
3098 1231 3209 1278 tam
3254 1223 3563 1279 inauditum
3612 1239 3790 1298 perpe-

2220 1317 2419 1365 trasset
2443 1311 2823 1367 homicidium.
2869 1310 2937 1368 Et
2964 1313 3197 1368 concilio
3232 1314 3389 1380 inito,
3431 1313 3582 1369 misit
3607 1315 3789 1369 iterum

2219 1401 2287 1456 ad
2353 1418 2516 1457 suum
2592 1402 2969 1457 consiliarium
2993 1444 3009 1470 ,
3065 1403 3523 1459 nel'andissimum
3579 1404 3789 1467 idolum,

2214 1492 2481 1549 ‘Maehmit
2528 1494 2892 1550 nominatum.
2946 1494 3080 1563 Qua:
3122 1505 3274 1568 gesta
3320 1506 3471 1565 sunt,
3502 1498 3790 1558 nuntiavit:

2222 1603 2344 1658 qua:
2375 1588 2555 1643 adhuc
2589 1588 2835 1645 facienda
2879 1598 3084 1657 essent,
3131 1591 3434 1662 inquisivit.
3474 1593 3578 1648 Cui
3622 1594 3791 1650 statim

2223 1679 2431 1734 idolum
2461 1680 2565 1734 tale
2610 1678 2786 1735 fertur
2828 1680 3045 1738 dedisse
3096 1698 3425 1754 responsum
3457 1681 3720 1757 :Magnus
3746 1695 3796 1741 et

2223 1777 2420 1840 potens
2453 1778 2538 1826 est
2560 1768 2702 1825 Deus
2732 1770 3197 1829 Christianorum.
3247 1773 3385 1831 Nam
3417 1776 3538 1833 suis
3579 1776 3795 1833 testibus

2222 1870 2349 1933 post
2396 1871 2629 1917 mortem
2675 1862 2770 1918 dat
2822 1864 3005 1919 vivere
3044 1864 3099 1923 in
3145 1882 3315 1937 regno
3349 1867 3640 1927 «elerum.
3671 1866 3796 1923 Ecca

2222 1954 2576 2010 manifestum
2610 1963 2713 2022 est,
2744 1971 2907 2026 quem
2939 1957 3240 2024 occidistis,
3275 1973 3445 2013 suum
3488 1974 3613 2015 esse
3645 1957 3793 2014 fami-

2222 2043 2601 2112 liarissimum,
2625 2054 2680 2100 et
2713 2045 2837 2101 ideo
2860 2038 3182 2119 potestatem
3208 2047 3408 2103 habere
3442 2064 3555 2103 non
3586 2049 3797 2120 potestis

2220 2131 2280 2187 in
2304 2132 2412 2189 illis
2450 2134 2731 2190 membris.
2770 2133 2935 2205 Ergo,
2968 2136 3099 2206 quia
3126 2152 3227 2193 vos
3257 2152 3370 2192 non
3401 2139 3656 2207 potestis,
3684 2139 3798 2197 dato

2222 2224 2499 2280 licentiam
2521 2221 2873 2291 Christianis,
2900 2233 3173 2296 quatenus
3219 2227 3373 2282 illum
3402 2229 3723 2295 honorifice,
3747 2240 3800 2287 ut

2222 2317 2525 2372 maximum
2584 2316 2834 2384 Patrem,
2887 2317 3144 2376 studeant
3215 2320 3468 2389 sepelire,
3544 2331 3601 2376 et
3650 2336 3797 2391 quem

2222 2409 2541 2481 episcopum
2572 2423 2824 2466 meruere
2843 2410 3138 2477 viventem,
3160 2419 3288 2480 post
3305 2420 3565 2475 mortem,
3587 2412 3798 2482 dignum

2220 2509 2516 2573 patronum
2550 2514 2610 2556 se
2661 2499 2861 2555 habere
2898 2500 3189 2572 gaudeant.
3248 2500 3317 2556 Et
3368 2503 3575 2557 reversi
3635 2503 3799 2559 nuntii

2223 2607 2347 2663 quae
2371 2591 2659 2647 audierant
2680 2590 2792 2662 regi
2820 2605 2925 2648 suo
2957 2590 3201 2646 detulere
3222 2607 3510 2662 responsa.

2293 2682 2400 2757 Qui
2454 2682 2638 2741 statim
2691 2682 2795 2737 sub
2843 2681 3123 2738 celeritate
3175 2681 3307 2739 fecit
3354 2682 3701 2741 Christianos
3750 2684 3803 2741 in

2221 2790 2396 2830 unum
2422 2772 2715 2830 convenire
2743 2773 2947 2841 locum,
2978 2780 3039 2829 ut
3061 2772 3224 2844 digna
3253 2781 3631 2843 praepararent
3651 2772 3804 2828 obsc-

2222 2865 2375 2939 quia,
2402 2879 2529 2919 cum
2570 2878 2785 2919 summa
2814 2862 3187 2929 veneratione,
3215 2877 3319 2918 suo
3347 2863 3801 2919 archiandritz.

2220 2954 2394 3025 Quale
2435 2954 2730 3027 gaudium?
2757 2954 2940 3025 qualis
2984 2953 3173 3019 laetitia
3203 2953 3655 3013 Christianorum
3688 2963 3807 3011 tunc

2222 3048 2542 3121 possederat
2580 3047 2747 3103 corda
2768 3048 2791 3101 ?
2811 3046 2948 3117 Quis
2989 3047 3131 3120 style
3174 3054 3363 3118 posset
3391 3048 3670 3102 exarare?
3693 3047 3807 3118 quis

2222 3136 2510 3196 hominum
2551 3136 2757 3192 valeret
2802 3134 3050 3206 proferre
3079 3136 3336 3208 lingua?
3366 3133 3627 3192 Insonuit
3674 3146 3805 3193 terra

2224 3230 2423 3286 horum
2451 3229 2689 3300 gaudio;
2735 3228 2843 3283 alta
2881 3228 3150 3283 calorum
3198 3244 3470 3299 responsa
3519 3239 3809 3300 potuerunt

2223 3319 2354 3375 dare
2379 3319 2574 3375 horum
2601 3319 2856 3389 tripudio.
2889 3318 3122 3391 Quanta:
3145 3319 3402 3391 lacrynne
3432 3319 3630 3374 laetitia
3651 3320 3809 3391 plena:

2225 3429 2393 3485 genas
2419 3411 2764 3472 sull'uderunt
2785 3411 3265 3468 Christianorum?
3285 3428 3411 3484 qua:
3442 3414 3607 3484 copia
3639 3421 3812 3484 posset

2225 3521 2482 3563 enarrare
2513 3505 2842 3561 verborum?
2868 3503 3001 3561 Post
3035 3521 3188 3560 mare
3230 3504 3486 3561 Rubrum
3522 3506 3692 3563 siccis
3722 3520 3809 3574 pc-

2226 3597 2386 3652 dibus
2409 3596 2837 3661 transvadatum,
2860 3602 2987 3666 post
3006 3595 3417 3653 immersionem
3442 3595 3811 3661 inimiml'um,

2228 3686 2579 3743 Ilebrznorum
2613 3687 2848 3757 populus
2891 3687 3125 3742 canebat
3174 3685 3409 3741 Domino
3457 3687 3656 3743 laudes
3696 3704 3812 3743 eum

2226 3795 2425 3851 magna
2454 3779 2661 3845 laetitia,
2691 3794 2994 3850 eorumque
3018 3778 3113 3834 lilii
3159 3788 3284 3849 post
3316 3780 3697 3850 captivitatem
3719 3780 3814 3836 Ba-

2227 3873 2557 3951 hylouicam,
2579 3872 2697 3927 visa
2729 3870 3093 3942 Hierusalem,
3123 3889 3321 3944 magno
3342 3874 3694 3933 exsultantes
3718 3874 3814 3937 tri-

2229 3964 2415 4038 pudio.
2446 3961 2555 4019 Sed
2577 3964 2669 4018 vix
2701 3964 3028 4035 arquiparari
3058 3974 3239 4036 potest
3268 3966 3470 4026 horum
3496 3968 3706 4043 gaudio
3724 3984 3812 4032 ca-

2228 4056 2479 4114 nentium
2498 4064 2554 4111 et
2575 4055 2924 4126 psallentium
2956 4055 3213 4125 Domino,
3244 4057 3300 4112 in
3332 4058 3512 4116 sancti
3563 4062 3815 4134 martyris

2228 4146 2436 4208 Christi
2461 4146 2787 4222 patronique
2820 4146 2906 4202 sui
2927 4146 3215 4222 obsequio.
3243 4146 3379 4218 Quzrr
3406 4148 3555 4218 laus,
3584 4152 3678 4207 vel
3703 4167 3817 4224 qua

534 4233 795 4308 paganis,
857 4248 967 4305 qua
1021 4232 1193 4305 gloria
1216 4274 1232 4302 ,
1303 4248 1414 4308 qua
1487 4231 1647 4289 laude
1715 4230 1943 4302 spiritus
2007 4232 2129 4303 ejus
2225 4239 2481 4316 jubilatio
2507 4239 2687 4310 potuit
2730 4239 2959 4310 antiquo
3014 4239 3219 4311 populo
3254 4240 3435 4312 major
3484 4258 3614 4299 esse
3659 4259 3815 4315 quam

537 4326 872 4398 martyribus
928 4324 1134 4381 sanctis
1169 4324 1482 4396 adjunctus,
1524 4324 1581 4378 in
1615 4323 1827 4380 emicsti
1882 4323 2009 4379 sede
2058 4323 2131 4384 sit
2160 4349 2205 4408 ο
2230 4334 2495 4394 moderno
2527 4331 2658 4389 huic
2701 4329 2804 4390 fuit
2847 4331 2901 4385 in
2938 4332 3043 4391 tali
3086 4333 3359 4405 martyre?
3406 4332 3577 4393 Forte
3612 4336 3817 4392 videres

536 4421 857 4476 collocatus.
895 4417 1029 4477 Nam
1083 4420 1328 4477 membra
1368 4416 1574 4477 Christi
1613 4418 1871 4490 martyris
1902 4418 2131 4477 detrun-
2233 4408 2465 4480 alterum
2498 4421 2667 4479 Iacob
2699 4439 2731 4480 a
2774 4423 2901 4481 tiliis
2937 4424 3177 4495 sepeliri,
3224 4424 3509 4480 conditum
3554 4428 3818 4487 aromati.

536 4519 660 4566 cata
694 4510 925 4581 gentiles
947 4507 1339 4579 disposuerunt
1368 4507 1748 4581 sordidissimo
1775 4509 1917 4575 loco,
1953 4523 2132 4583 equo-
2232 4514 2336 4571 bus
2382 4512 2535 4574 (Cen.
2590 4515 2665 4584 ι),
2712 4513 2919 4584 pariter
2980 4516 3050 4570 ab
3103 4515 3381 4583 omnibus,
3421 4517 3587 4588 quasi
3644 4519 3815 4590 ipsum

539 4617 665 4659 rum
733 4601 999 4658 ineuleari
1066 4598 1330 4673 pedibus,
1392 4600 1550 4671 juxta
1634 4600 1818 4659 illud:
1872 4602 2132 4661 Memoria
2228 4602 2784 4675 Christumaloseph
2806 4614 2862 4660 et
2880 4602 3177 4661 Nieodemo
3194 4606 3814 4678 tumularianuJis‘.

537 4691 688 4749 illius
715 4701 892 4763 pereat
921 4691 985 4749 de
1018 4701 1160 4750 terra
1191 4690 1314 4764 (Job
1359 4690 1546 4762 xvut);
1583 4707 1653 4751 ne
1679 4692 1978 4752 Christiani
2003 4710 2132 4750 eum

538 4781 644 4837 sibi
678 4791 973 4854 martyrem
1016 4782 1231 4856 possint
1273 4782 1493 4841 habere.
1532 4780 1661 4849 Sed,
1703 4780 1972 4841 Dominus
2004 4799 2129 4838 om-

543 4870 719 4937 nium,
757 4871 845 4925 cui
875 4871 1014 4926 nihil
1038 4881 1123 4929 est
1156 4871 1523 4943 impossibile,
1561 4871 1797 4943 subjecit
1824 4873 1903 4927 illi
1936 4888 2129 4929 omnes

540 4964 754 5029 hostes,
785 4972 846 5017 ut
887 4967 1145 5021 conderet
1186 4967 1477 5023 ecclesiam
1514 4966 1569 5022 in
1614 4966 1736 5038 ejus
1779 4967 2033 5033 nomine;
2072 4967 2127 5021 in

541 5072 656 5132 qua
706 5054 858 5109 ﬁeret
906 5057 1023 5127 ipse
1068 5060 1246 5115 hostia
1286 5060 1409 5116 viva
1462 5060 1517 5115 in
1561 5058 1894 5121 sacriﬁcium
1947 5060 2127 5116 laudis

545 5157 844 5226 perpetuae.

623 5240 694 5297 Ut
714 5248 896 5294 autem
925 5240 1105 5296 conati
1133 5254 1263 5299 sunt
1285 5247 1459 5303 sancti
1488 5247 1748 5320 martyris
1766 5246 2011 5304 membra
2044 5247 2126 5301 le-

2298 4778 2471 4851 Igitur
2497 4796 2621 4836 cum
2651 4781 3002 4838 convenisset
3023 4783 3259 4853 populus
3280 4783 3671 4856 Christianus,
3698 4802 3814 4844 eum

2225 4873 2463 4929 maxima
2519 4875 2869 4930 veneratione
2929 4876 3173 4934 levantes
3236 4878 3489 4934 membra
3559 4878 3818 4951 martyris

2223 4965 2428 5022 Christi
2472 4965 2785 5033 Tiemonis,
2847 4976 3130 5037 portantes
3154 4970 3209 5025 in
3255 4971 3552 5026 ecclesiam
3575 5014 3593 5039 ,
3647 4973 3818 5028 tribus

2223 5059 2416 5114 diebus
2464 5067 2519 5113 et
2560 5059 2739 5118 tribus
2785 5061 3040 5117 noctibus
3087 5062 3302 5133 vigilias
3346 5065 3723 5131 celebrantes,
3759 5079 3817 5119 ac

2223 5151 2446 5206 demum
2492 5151 2660 5223 digno
2702 5152 2909 5207 honore
2952 5154 3287 5223 sepelierunt
3332 5171 3464 5211 eum
3503 5156 3735 5227 hymnis
3769 5162 3818 5209 et

2223 5243 2499 5298 laudibus.
2554 5242 2676 5314 Ipso
2701 5244 3060 5315 depositionis
3089 5246 3180 5301 die
3215 5255 3270 5300 et
3314 5246 3583 5317 deinceps
3627 5248 3698 5303 ad
3733 5260 3813 5300 sev
