3988 5328
489 68 594 162 9‘s:-
883 90 894 95 ‘
1459 72 1545 157 in)
1580 101 1807 158 orans
1850 100 1907 156 s.
1945 95 2274 157 onsconn
2313 94 2755 152 Al’PENDlCES.
3649 93 3760 148 eos

511 243 1532 274 W

1543 237 3749 268 Mm

1602 398 1893 491 VITA
1962 399 2067 483 B.
2143 392 2660 484 ANSELMI

1755 583 2094 642 L‘UCENSlS
2130 551 2463 648 Episcori,

421 717 434 728 o
483 747 534 808 Α
564 747 629 808 Β.
662 745 788 826 (Sic
829 747 988 808 enim
1013 765 1076 806 se
1100 745 1304 828 vocat)
1347 746 1748 826 presbytero,
1803 727 2232 822 ejusdemque
2276 721 2344 801 S.‘
2384 733 2666 800 Pastoris
2698 732 2767 796 in
2816 734 3263 814 spiritualibus
3299 739 3436 802 ﬁlio
3515 740 3762 802 raviter

863 846 1248 927 conscripta.
1285 847 1404 912 Cui
1435 843 1823 926 quamplura
1852 844 1978 907 alia
2004 843 2292 906 eiusdem
2325 843 2385 905 S.
2429 839 2554 902 viri
2587 835 2901 904 miracula
2928 837 3379 906 adnectuntur.

1921 1017 2318 1036 ὴ

547 1158 768 1216 Devotis
787 1158 1152 1230 quorumdam
1181 1140 1436 1231 precibus
1481 1160 1753 1216 instanter
1796 1158 2062 1233 cogimur,
2093 1155 2260 1220 A'illo
2305 1163 2651 1234 postmodum
2698 1159 2952 1236 religiose
2993 1169 3362 1220 consecratus.
3390 1157 3588 1232 Igitur,
3624 1155 3760 1215 dum

475 1261 540 1308 ut
561 1250 735 1308 Vitam
761 1251 1094 1308 sanctissimi
1116 1251 1294 1308 Patris
1319 1252 1490 1308 nostri
1514 1251 1778 1309 Lucensis
1797 1252 2059 1324 episcopi,

483 1343 693 1400 domini
741 1344 991 1400 Anselmi
1017 1386 1032 1412 ,
1082 1359 1250 1415 quam
1300 1354 1599 1415 praesentes
1642 1345 1880 1400 vidimus
1928 1353 1983 1401 et
2029 1361 2061 1402 a

476 1416 1170 1506 pariter'commorantibus
1191 1435 1423 1492 ﬁdeliter
1447 1437 1781 1507 accepimus,
1805 1452 2062 1508 compen-

476 1527 636 1583 dioso
687 1529 1023 1599 explicemus
1062 1529 1282 1596 labore;
1315 1543 1440 1600 quae
1485 1537 1567 1584 tot
1597 1539 1742 1586 certe
1781 1545 1846 1585 ac
1893 1530 2062 1586 tantis

473 1617 734 1687 praeclara
765 1618 922 1675 fulsit
959 1619 1272 1686 virtutibus,
1302 1627 1363 1674 ut
1389 1619 1614 1675 minimo
1639 1635 1738 1676 nos
1768 1621 1836 1676 ad
1871 1620 2060 1692 injun-

474 1717 624 1764 ctum
649 1711 756 1767 tale
787 1711 1069 1784 negotium
1111 1711 1466 1768 suﬁlciamus.
1507 1713 1694 1784 Atqui,
1732 1714 1864 1770 dum
1891 1707 2059 1770 ven'e-

476 1801 648 1858 rabile
697 1803 1032 1860 desiderium
1084 1803 1304 1859 illorum
1360 1806 1748 1876 perpendimus
1772 1848 1787 1873 ,
1842 1807 2059 1863 tametsi

476 1907 586 1948 non
625 1895 945 1964 suﬁlcimus,
993 1907 1276 1967 utcunque
1315 1905 1530 1964 tamen,
1577 1899 1727 1968 quod
1774 1907 2056 1969 espetunt,

479 1986 796 2058 incipimus.
847 1984 1122 2053 Quoniam
1153 1986 1405 2042 ﬁdelibus
1435 1988 1649 2044 cunctis
1673 1987 1797 2043 ﬁdei
1839 1997 2062 2058 praestat

475 2077 883 2133 ﬁrmamentum
948 2085 1004 2134 et
1061 2093 1234 2134 cornu
1289 2079 1518 2146 salutis;
1571 2081 2059 2138 excommunicatis

475 2179 656 2225 autem
699 2170 1104 2239 confusionem,
1153 2172 1558 2240 verecundiam,
1589 2173 1974 2230 dotrimentu
2005 2184 2060 2232 et

472 2259 792 2329 perniciem.

543 2351 590 2404 Α
615 2351 848 2421 pueritia
873 2353 1106 2424 qualiter
1128 2354 1348 2423 vixerit,
1376 2365 1494 2412 tum
1523 2355 1653 2427 quia
1675 2358 1908 2428 pleniter
1943 2374 2056 2414 non

474 2443 752 2511 novimus,
779 2453 893 2499 tum
921 2445 1052 2516 quia
1084 2447 1312 2503 reticere
1335 2447 1832 2518 impraesentiarum
1881 2449 2056 2508 satius

473 2536 836 2605 aestimamus,
863 2537 1352 2608 praetermittimus.
1384 2539 1701 2597 Studiosum
1734 2549 1920 2598 tamen
1941 2543 2058 2614 jam

469 2633 605 2684 tunc
627 2627 684 2682 in
705 2627 1050 2684 scholasticis
1081 2628 1244 2684 etiam
1267 2629 1509 2701 legendis
1542 2630 1698 2686 libris
1723 2629 1914 2699 fuisse,
1939 2631 2059 2703 ipso

471 2717 676 2788 saepius
701 2716 990 2786 referente,
1016 2720 1407 2790 cognovimus;
1439 2721 1586 2792 quod
1607 2730 1660 2776 et
1679 2720 1758 2776 rei
1781 2721 2060 2778 evidenter

468 2795 725 2878 probavit
750 2806 1012 2874 eﬁ‘eetus;
1037 2809 1168 2879 quia
1194 2809 1252 2863 in
1277 2817 1396 2866 arto
1425 2811 1780 2881 grammatica
1807 2819 1865 2866 et
1891 2811 2061 2867 diale-

475 2901 614 2956 ctica
641 2900 852 2956 exstitit
891 2901 1105 2972 peritus
1154 2900 1328 2974 (472).
1377 2900 1518 2956 Dum
1564 2911 1748 2958 autem
1785 2903 2062 2960 videretur

465 2992 582 3065 jam
609 2993 867 3061 idoneus,
914 3007 1111 3064 nempe
1152 2991 1389 3062 meritis,
1435 2994 1684 3050 moribus
1729 3009 1796 3050 ac
1833 2995 2058 3052 scientia

471 3081 673 3152 dignus
691 3124 707 3150 ,
763 3083 904 3138 utin
938 3083 1202 3138 honorem
1256 3081 1646 3140 sublimaretur
1689 3086 2057 3156 episcopatus,

471 3171 708 3227 mittitur
727 3187 758 3228 a
794 3173 1250 3230 reverendissimo
1281 3189 1424 3244 papa
1467 3174 1780 3230 Alexandro
1801 3174 1954 3246 (475)
1991 3175 2061 3230 ad

469 3276 677 3332 regem,
707 3263 837 3318 dato
869 3263 975 3318 sibi
1005 3263 1224 3332 comite,
1265 3263 1522 3335 religioso
1559 3263 1898 3334 episcopos.
1925 3263 2062 3319 Ruf—

469 3353 616 3419 ﬁnte,
660 3353 884 3409 nomine
943 3353 1280 3425 Meginardo.
1327 3353 1440 3411 Sed
1492 3355 1624 3426 quia
1659 3356 1776 3426 jam
1821 3355 2061 3426 perfecte

470 3451 716 3513 coeperat
765 3443 972 3512 odisse,
1028 3453 1090 3500 ut
1137 3445 1287 3501 sacri
1335 3445 1562 3500 ordines
1602 3445 1966 3502 ecclesiastici
2025 3461 2060 3502 a

471 3533 828 3590 saecularibus
858 3533 1124 3590 darentur
1172 3536 1556 3606 potestatibus,
1605 3551 1935 3606 quacunque
1974 3537 2060 3592 vel

467 3625 760 3683 occasione
797 3626 884 3682 vel
921 3626 1134 3684 ratione
1175 3627 1370 3698 patuit,
1415 3627 1623 3699 absque
1661 3627 1943 3698 dignitatis
1975 3627 2060 3684 in-

469 3716 734 3772 vestitura
757 3717 1042 3784 discessit;
1068 3733 1383 3788 quanquam
1411 3733 1477 3774 ea
1502 3719 1804 3775 intentione
1823 3718 2060 3775 domnus

467 3823 608 3880 papa
645 3808 800 3864 illum
855 3809 1136 3865 direxerit.
1165 3808 1278 3866 Nec
1317 3810 1540 3865 mirum.
1591 3809 1700 3878 Qui
1733 3811 1879 3866 enim
1931 3827 2060 3884 ope-

465 3907 625 3954 ratus
672 3907 758 3955 est
803 3907 992 3970 postea
1033 3915 1133 3970 per
1172 3915 1298 3956 eum
1336 3900 1509 3956 multa
1559 3899 1728 3968 Deus,
1780 3902 2062 3960 catholicae

466 3989 622 4044 illum
655 3990 914 4046 electioni
938 3991 1258 4050 reservavit.
1297 3990 1413 4047 Rex
1435 3999 1620 4052 autem
1651 3991 1812 4063 quasi
1836 3992 2063 4064 despec-

465 4087 584 4135 tum
609 4095 670 4136 se
693 4080 886 4149 doluit,
906 4089 960 4136 et
981 4081 1181 4152 regalis
1222 4081 1440 4154 imperii
1483 4090 1748 4154 tanquam
1801 4099 2063 4156 magnum

445 4171 854 4228 detrimentum
874 4172 1191 4242 deploravit.

539 4261 808 4319 Defuncto
845 4264 1029 4335 itaque
1069 4265 1330 4338 praedicto
1371 4281 1512 4336 papa
1553 4265 1861 4323 Alexandro
1888 4265 2058 4341 (474),

465 4357 600 4410 dum
623 4357 1008 4414 sanctissimus
1031 4357 1336 4430 Gregorius
1359 4357 1448 4412 VII
1465 4359 1527 4414 in
1551 4357 1858 4415 Romanum
1881 4360 2063 4430 ponti-

465 4445 626 4500 ﬁcem
659 4443 899 4517 Spiritus
923 4447 1104 4504 sancti
1126 4447 1498 4520 instigatione,
1531 4463 1597 4504 ac
1623 4457 1754 4506 voto
1781 4451 2060 4505 communi

465 4534 793 4592 clericorum
817 4545 874 4592 et
914 4536 1203 4606 laicorum,
1247 4537 1342 4592 diu
1366 4537 1631 4608 renitens,
1661 4548 1808 4601 esset
1827 4541 2057 4608 electus,

466 4634 530 4680 nt
571 4638 892 4698 sequeretur
924 4643 1052 4684 eum
1098 4629 1203 4684 iste
1245 4629 1304 4684 in
1358 4630 1636 4697 omnibus,
1677 4630 1733 4686 in
1779 4629 2058 4688 Lucanam

469 4712 773 4770 Ecclesiam
802 4727 888 4774 est
933 4727 990 4774 et
1021 4718 1141 4788 ipse
1169 4718 1378 4775 electus
1421 4719 1732 4790 episcopus,
1779 4728 1943 4791 atque
1989 4709 2058 4778 ab

543 4827 693 4950 (ξε)
730 4827 942 4886 Recitat
987 4832 1105 4888 haec
1141 4830 1338 4887 Baron.
1377 4841 1508 4888 tom.
1554 4832 1647 4902 XI,
1695 4827 1841 4890 anno
1893 4835 2052 4905 1073,

470 4909 695 5057 iisiis
721 4967 1133 5057 Αξσξξςιρρεψτ
1157 4971 1376 5057 mune.
1409 4973 1505 5057 ειυί
1616 4974 1733 5057 ipse
1759 4985 1918 5031 amca
1939 4977 2055 5057 ρυε-

471 5035 683 5160 ἶεορυῗ
721 5035 986 5093 Lucensis
1033 5035 1246 5107 fuerat,
1299 5035 1371 5098 et'
1404 5035 1654 5100 Anselmi
1701 5061 1898 5101 nomen
1956 5035 2054 5102 lia-

517 5121 650 5160 uera
681 5145 694 5159 .

2161 1253 2442 1324 aliquanto
2470 1264 2732 1326 tempore,
2770 1271 2882 1310 non
2928 1255 3098 1310 semel
3121 1262 3215 1308 aut
3247 1252 3334 1309 bis
3353 1293 3367 1320 ,
3424 1252 3522 1308 sed
3554 1251 3760 1322 saepis

2161 1361 2287 1400 cum
2305 1345 2497 1401 eodem
2521 1345 2941 1418 religiosissima
2963 1345 3277 1401 ordinatore
3297 1358 3402 1400 suo
3425 1351 3758 1406 moraretur,

2159 1435 2328 1491 vitam
2360 1436 2482 1507 ejus
2515 1432 2891 1492 consideravit
2921 1435 3270 1492 inetl’abiliter
3307 1432 3646 1498 mirabilem,
3693 1446 3758 1486 ac

2160 1527 2486 1583 mirabiliter
2525 1527 2877 1584 ineffabilem.
2920 1525 3082 1595 Quia,
3105 1542 3236 1584 cum
3275 1526 3346 1582 de
3395 1525 3662 1581 omnibus
3703 1531 3758 1578 et

2157 1617 2396 1690 singulis
2429 1617 2632 1676 ﬁnibus
2653 1619 2842 1675 saeculi
2869 1617 3023 1674 ﬁeret
3045 1618 3115 1674 ad
3137 1632 3262 1674 eum
3287 1631 3620 1683 concursus,
3653 1615 3757 1670 rite

2159 1707 2417 1764 omnibus
2437 1707 2723 1764 satisfecit.
2757 1707 2966 1765 Veritas
2986 1723 3118 1764 vero
3139 1717 3196 1764 et
3229 1707 3442 1764 iustitia
3468 1722 3755 1778 nunquam

2159 1799 2240 1854 ori
2272 1799 2392 1870 ejus
2417 1799 2592 1856 defuit
2621 1820 2634 1855 :
2659 1802 2790 1868 imo,
2823 1801 2974 1872 quod
3002 1801 3182 1873 magis
3197 1809 3282 1857 est
3325 1799 3670 1866 mirando,
3695 1799 3752 1852 in

2161 1891 2298 1962 ipsis
2353 1891 2710 1951 saecularibus
2753 1893 2985 1966 negotiis
3022 1893 3222 1964 saepius
3254 1893 3501 1949 excessit
3549 1900 3748 1958 mente,

2159 1983 2462 2038 exhilarato
2489 1983 2686 2054 spiritu
2728 1999 2834 2040 suo
2853 1984 3067 2040 emlesti
3103 1983 3605 2054 contemplatione;
3633 1981 3748 2052 qui,

2159 2073 2206 2130 si
2230 2075 2478 2144 privatus
2499 2075 2775 2132 interdum
2811 2075 3103 2142 exstiterit,
3135 2074 3573 2132 revelationibus
3587 2074 3748 2129 etiam

2157 2165 2358 2223 divinis
2385 2167 2736 2238 -jucundatus
2779 2177 2864 2224 est
2905 2177 2962 2224 et
2996 2167 3360 2224 confortatus.
3425 2165 3627 2237 Hujus,
3667 2166 3748 2220 in-

2155 2271 2344 2326 quam,
2369 2256 2599 2328 vestigia
2625 2257 2757 2313 dum
2783 2257 3012 2328 exsequi
3036 2255 3310 2313 ferventer
3340 2255 3641 2321 desiderat,
3663 2255 3748 2309 in-

2155 2347 2290 2420 cipit
2331 2347 2582 2405 oblivisci
2611 2349 2900 2416 mundum,
2935 2364 3001 2405 ae
3039 2349 3173 2404 totis
3209 2346 3427 2403 viribus
3469 2346 3670 2402 mentis
3697 2353 3751 2400 et

2158 2440 2432 2510 corporis,
2477 2440 2566 2496 die
2604 2456 2672 2496 ac
2699 2451 2863 2498 nocte
2884 2441 3168 2511 suspirare
3197 2440 3255 2495 in
3277 2437 3476 2506 Deum,
3499 2439 3752 2495 commit-

2091 2509 2132 2564 Β
2161 2509 2281 2588 tens
2325 2547 2386 2588 se
2431 2548 2545 2588 non
2583 2533 2762 2590 solum
2803 2509 3040 2590 assidua:
3081 2531 3327 2602 lectioni,
3355 2547 3546 2588 verum
3580 2531 3748 2587 etiam

2157 2627 2433 2683 continuat
2453 2626 2730 2684 atllictioni
2761 2626 2891 2700 (475
2921 2625 2961 2698 )t

2230 2715 2299 2774 Et
2335 2719 2694 2790 perscrutatis
2735 2720 3080 2776 diversarum
3132 2721 3526 2777 auctoritatum
3573 2717 3746 2784 libris.

2161 2805 2354 2880 incipit
2381 2809 2550 2864 vitam
2577 2825 2736 2866 suam
2777 2810 3162 2881 perditissima:
3204 2809 3586 2866 damnationis
3601 2807 3740 2864 asti-

2157 2913 2333 2966 mare,
2379 2906 2544 2970 atque
2582 2901 2792 2970 accepti
2835 2899 3127 2957 ministerii
3173 2899 3503 2972 dignitatem
3517 2940 3538 2966 ,
3594 2913 3750 2970 grave

2158 2987 2346 3044 oneris
2395 2989 2721 3060 periculum,
2759 3005 2870 3046 non
2905 2991 3137 3047 honoris
3175 2991 3442 3062 gaudium
3487 2991 3747 3063 cogitare.

2158 3076 2298 3137 illud
2329 3063 2460 3135 vero
2483 3088 2608 3136 ante
2635 3079 2821 3136 omnia
2861 3091 3133 3150 metuens,
3175 3081 3325 3153 quod
3359 3089 3492 3151 post
3523 3081 3750 3136 catholi—

2159 3185 2283 3226 cam
2307 3171 2629 3228 electionem
2650 3172 2719 3228 de
2751 3187 2920 3230 manu
2941 3173 3088 3244 regis
3111 3173 3379 3228 annulum
3405 3172 3675 3243 suscepit,
3698 3180 3751 3226 et

2155 3259 2487 3328 pastoralem
2521 3259 2800 3316 baculum.
2831 3259 2972 3316 Nam
3011 3261 3227 3318 irritum
3257 3277 3493 3332 prorsus
3515 3263 3752 3318 estim-

2157 3348 2239 3403 vit
2284 3349 2551 3420 quidquid
2593 3359 2852 3422 operatus
2893 3361 3000 3420 est,
3034 3352 3196 3424 quasi
3240 3354 3582 3408 auctoritate
3607 3353 3752 3408 illius

2159 3439 2546 3496 abominabilis
2594 3441 2970 3510 investiturae;
3019 3443 3114 3500 sed
3144 3453 3200 3499 et
3239 3444 3485 3500 domnus
3521 3459 3664 3514 papa
3699 3443 3752 3498 id

2159 3535 2340 3590 solum
2369 3535 2664 3607 aliquando
2687 3538 3018 3607 vituperavit
3039 3539 3096 3596 in
3127 3539 3239 3594 illo.
3551 3541 3559 3549 '

2231 3625 2509 3698 Disposuit
2526 3642 2658 3701 ergo
2699 3631 2966 3688 orationis
2989 3646 3178 3700 causa,
3203 3642 3531 3689 sanctorum
3574 3633 3752 3703 aliqua

2159 3718 2384 3775 visitare
2399 3719 2626 3788 .limina,
2650 3729 2707 3777 et
2739 3723 3112 3780 nescientibus
3135 3725 3234 3796 qui
3266 3739 3395 3782 cum
3439 3725 3569 3796 ipso
3601 3733 3753 3782 erant

2085 3852 2130 3910 Ο
2159 3813 2476 3910 parentibus
2503 3814 2868 3910 aeﬁdelibum
2909 3817 2973 3873 ﬁt
3005 3819 3186 3910 subito
3211 3819 3524 3876 monachus
3556 3819 3753 3891 regula:

2170 3902 2228 3958 S.
2254 3903 2526 3961 Benedicti
2559 3904 2710 3976 (476)
2741 3907 3041 3978 subjectus.
3073 3908 3180 3976 Qui
3216 3924 3328 3965 non
3345 3917 3483 3980 post
3505 3910 3700 3976 multa,
3721 3926 3750 3963 a

2165 3994 2484 4052 beatissimo
2531 4013 2670 4068 papa
2716 3997 2981 4072 Gregorio
3037 4000 3243 4057 invitus
3293 4011 3597 4058 revocatur
3639 4019 3654 4054 :
3699 4003 3752 4056 in

2165 4085 2326 4156 cujus
2369 4087 2533 4143 etiam
2579 4105 2826 4158 manum,
2863 4092 3129 4163 quidquid
3173 4108 3207 4148 a
3262 4108 3391 4164 rege
3443 4103 3750 4164 acceperat,

2156 4178 2342 4234 reddit
2365 4189 2420 4236 et
2443 4179 2665 4249 refutat,
2695 4166 2993 4255 omnisque
3018 4185 3170 4240 datio
3191 4185 3392 4258 regalis
3426 4186 3488 4241 in
3513 4187 3614 4243 illo
3631 4205 3754 4243 eva-

2164 4273 2376 4324 c‘uatur.
2423 4269 2546 4340 Ipse
2591 4287 2721 4327 vero
2763 4273 2818 4328 in
2868 4275 3260 4344 plenitudinem
3311 4265 3625 4347 dignitatis,
3667 4277 3751 4332 vix

2161 4358 2352 4414 relicto
2377 4359 2480 4416 sibi
2493 4360 2684 4417 habitu
2714 4361 2864 4434 (477)
2885 4365 3210 4432 monastico,
3233 4375 3603 4423 restaurator.
3617 4366 3749 4422 Nam

2161 4456 2215 4503 et
2255 4449 2408 4505 illum
2447 4451 2771 4509 subtrahere
2803 4453 2907 4510 sibi
2961 4456 3196 4512 domnus
3235 4472 3376 4527 papa
3413 4457 3748 4515 minabatur.

2161 4539 2390 4607 Quantae
2425 4542 2593 4615 igitur
2631 4543 2892 4615 abineeps
2917 4546 3198 4618 religionis
3222 4546 3409 4614 fuerit,
3435 4563 3542 4604 nec
3568 4549 3748 4620 lingua

2159 4641 2337 4702 potest
2357 4631 2580 4702 referre,
2604 4650 2706 4692 nec
2727 4651 2926 4693 manus
2942 4638 3235 4694 scribendo
3254 4639 3398 4694 valet
3416 4641 3744 4710 exprimere.

2157 4720 2410 4780 Monachi
2437 4725 2644 4796 pariter
2671 4735 2726 4782 et
2759 4727 3012 4784 canonici
3035 4729 3204 4784 vitam
3232 4739 3288 4784 et
3309 4729 3566 4786 ordinem
3587 4745 3722 4786 cona

2155 4849 2365 4891 venena
2387 4840 2966 4928 mortis'amarissima.
2992 4843 3156 4928 Cibqs
3177 4859 3400 4928 quoque
3420 4845 3746 4928 delicatissi-

2157 4909 2558 4982 mosquoniam
2585 4912 2817 4967 habebat
2843 4928 3062 4982 exesos,
3093 4909 3224 4970 dum
3257 4909 3741 4973 {circumseden-

2155 4976 2412 5054 dentibus
2458 4995 2675 5054 sumere
2715 4993 3021 5054 cogeretur,
3049 4976 3462 5054 inﬁrmitatem,
3510 4998 3609 5042 aut
3647 5004 3740 5042 vo-

2133 5053 2299 5124 .tum,
2318 5057 2416 5124 aut
2433 5051 2594 5105 aliam
2617 5051 2918 5124 quamlibet
2942 5056 3284 5120 occasionem
3310 5051 3543 5114 honeste
3567 5058 3740 5124 ﬁnxit,

2155 5127 2216 5172 ut
2267 5118 2652 5191 desideratam'
2675 5123 2991 5180 observaret
3035 5118 3440 5191 castimoniam,
3471 5137 3530 5182 et
3559 5118 3741 5182 convil

543 5175 694 5273 (4249
727 5172 942 5228 Recitat
972 5175 1088 5232 haec
1109 5177 1256 5248 Dan,
1283 5191 1417 5273 tom.
1442 5183 1512 5251 Χ,
1537 5199 1682 5240 anno
1705 5185 1862 5253 1075,
1894 5202 2046 5247 num.
2083 5172 3530 5273 D'vantibusnona—deﬁt'trgtﬁiamfrilice-tanien
3559 5172 3740 5253 3313i:

473 5243 562 5328 ⁶⁰έ
581 5243 692 5328 fil}.

753 5313 794 5328 ἢ
867 5322 877 5328 .
959 5315 974 5328 Ι
1489 5324 1499 5328 -
1846 5325 1876 5328 -

2155 5257 2210 5313 in
2241 5261 2559 5328 apographo
2583 5271 2777 5319 nostro
2803 5264 2950 5322 infra
2979 5275 3319 5328 comparent.
