3988 5328
247 276 355 333 909

1145 272 1425 329 APPEND.
1469 273 1552 328 Ill.
1597 304 1664 312 -—
1700 272 2135 329 MONUMENTA
2173 271 2631 329 GREGORIANA.

3410 271 3515 326 940

249 391 416 465 batur
442 403 679 461 explere.
704 389 952 445 Conatur
976 388 1140 444 etiam
1171 389 1347 443 modis
1375 389 1653 455 omnibus,
1684 399 1744 443 ut
1767 389 1841 445 sit
1869 391 1913 447 Α
1940 403 2140 458 aquam
2169 387 2434 458 angustia:
2461 388 2516 441 in
2544 385 2976 453 damnationem,
3012 397 3179 454 quam
3211 382 3399 438 vinum
3420 382 3518 440 lte-

250 499 450 538 servus
470 482 710 554 prudens
737 490 793 537 et
817 480 990 537 fidelis
1020 478 1238 552 (Matth.
1263 481 1414 552 xxv),
1462 488 1523 535 ut
1566 481 1623 536 in
1656 497 1835 537 messe

251 575 477 631 Domini
510 590 622 630 non
665 573 974 629 inveniatur
1005 572 1239 639 otiosus,
1283 586 1385 627 nec
1416 572 1715 627 abscondat
1743 588 1835 643 pe-

249 668 474 722 cuniam
498 665 717 720 Domini
742 664 855 731 sui;
883 679 1095 730 verum,
1128 673 1189 718 ut
1215 664 1389 734 possit
1413 664 1703 719 revertenti
1725 663 1834 718 Do-

250 758 405 812 mino
450 756 777 812 ‘liducialiter
808 771 1117 821 occurrere,
1170 755 1358 809 dicens
1390 771 1403 806 :
1439 754 1682 822 Domine,
1708 771 1836 810 ecce

247 865 375 903 una
404 858 497 902 tua
532 849 709 903 decem
732 863 881 901 muas
909 847 1190 917 acquisivit
1224 845 1377 917 (Luc.
1419 846 1555 919 xxx).

316 938 412 995 Fit
444 955 575 1012 ergo
596 941 746 994 verbi
777 938 869 994 Dei
892 939 1218 1009 praedicator
1236 939 1507 1010 egregius,
1538 940 1836 996 instructor

249 1032 536 1103 religionis
562 1030 910 1101 praecipuus;
941 1038 1089 1085 amat
1133 1031 1340 1085 clerum
1378 1040 1708 1089 reverenter.
1737 1031 1836 1086 do-

249 1131 449 1194 cetque
474 1124 768 1193 sapienter,
801 1131 1168 1193 cunctumque
1190 1122 1450 1193 populum
1487 1124 1708 1179 instruit
1736 1125 1832 1180 de-

249 1223 458 1269 center.
493 1212 673 1285 thue
719 1213 956 1269 breviter
998 1212 1341 1279 concludam,
1376 1215 1616 1269 omnibus
1658 1217 1834 1271 oncnia

248 1305 429 1374 {actus
473 1312 577 1371 est,
614 1313 676 1359 ut
717 1319 910 1361 omnes
937 1304 1282 1360 lucrifaceret
1312 1304 1367 1377 (Ι
1394 1304 1517 1361 Cor.
1553 1310 1652 1376 ιχ).
1685 1306 1832 1365 υἱω-

245 1396 421 1452 cesim
458 1412 616 1452 suam
646 1397 930 1468 diligenter
969 1396 1185 1464 circuit,
1209 1397 1376 1453 vitam
1402 1398 1671 1465 omnium,
1697 1415 1835 1470 prae-

247 1489 441 1543 sertim
486 1488 811 1544 clericorum
840 1488 1164 1559 dignoscere
1198 1489 1414 1559 gliscit;
1446 1499 1521 1558 et,
1549 1500 1610 1546 ut
1653 1494 1834 1549 omnis

247 1582 486 1636 clericus
510 1581 596 1636 sui
620 1581 860 1636 nominis
880 1595 1107 1651 compos
1133 1581 1353 1647 existat,
1367 1590 1509 1651 pate.
1525 1598 1594 1637 ne
1624 1594 1829 1651 monet,

247 1672 596 1742 multumque
615 1672 907 1727 desiderat.
927 1670 1021 1751 Sig
1042 1673 1191 1728 enim
1208 1674 1618 1731 eruditissimus
1640 1676 1833 1732 doctor

247 1760 620 1835 Hieronymus
650 1764 818 1818 vitam
848 1763 1166 1820 describens
1194 1765 1540 1832 clericorum,
1568 1767 1663 1833 ait,
1686 1768 1833 1837 quod

246 1870 279 1909 a
333 1864 485 1910 sorte
526 1854 624 1911 Dei
669 1854 904 1912 clericus
946 1854 1149 1912 dicitur
1184 1872 1199 1909 :
1245 1857 1456 1913 scilicet
1498 1868 1578 1924 ut,
1623 1860 1836 1929 abiecto

245 1948 442 2003 mundi
464 1948 633 2019 hujus
655 1948 1064 2019 impedimento,
1094 1949 1235 2005 nihil
1257 1959 1456 2020 praeter
1492 1949 1662 2007 Deum
1711 1967 1834 2008 sor—

248 2039 438 2095 tiatur.

316 2131 503 2186 Primo
535 2133 705 2203 igitur
729 2134 1029 2190 canonicos
1084 2134 1331 2190 ecclesiae
1357 2133 1584 2205 majoris
1616 2135 1672 2190 in
1700 2134 1838 2189 civi-

246 2231 359 2278 tate
384 2221 629 2290 Lucana,
653 2241 778 2295 qua:
805 2234 891 2281 est
923 2226 981 2281 in
1007 2227 1217 2281 honore
1241 2227 1574 2282 sanctissimi
1595 2226 1836 2297 episcopi

245 2324 303 2369 et
343 2315 681 2372 confessoris
715 2316 934 2372 Martini
970 2318 1239 2384 dedicata,
1273 2319 1568 2375 mitissime
1590 2319 1839 2390 aggredi—

248 2415 359 2473 tur,
388 2416 596 2474 monet,
628 2406 907 2463 blanditur
930 2417 987 2463 et
1015 2410 1209 2465 suadet
1240 2418 1302 2465 ut
1335 2426 1500 2480 opere
1526 2419 1836 2476 exerceant,

245 2499 393 2569 quod
425 2500 651 2553 nomine
672 2499 951 2555 dicuntur.
974 2499 1291 2557 Canonicus
1315 2501 1462 2556 enim
1487 2502 1645 2571 quasi
1678 2518 1837 2572 rega-

244 2591 380 2646 laris
406 2592 611 2647 dicitur
635 2611 648 2646 :
674 2601 844 2663 utque
864 2593 1169 2663 regularem
1194 2603 1358 2664 agant
1383 2594 1570 2659 vitam,
1594 2593 1840 2650 studiose

244 2684 509 2754 praedicat
536 2692 594 2739 et
639 2692 911 2754 precatur.
945 2682 1195 2754 Cumque
1221 2684 1427 2740 diutius
1453 2684 1561 2739 illis
1589 2684 1836 2750 instaret,

245 2774 504 2844 idemque
558 2772 873 2843 frequenter
933 2773 1236 2845 instigaret,
1293 2774 1559 2845 indignati
1615 2774 1839 2829 tandem

244 2872 398 2930 sunt,
436 2880 504 2920 ac
538 2872 744 2919 temere
782 2863 945 2920 nimis
989 2864 1410 2934 responderunt.
1439 2864 1511 2920 At
1551 2864 1660 2930 ille,
1697 2865 1843 2922 sicut

244 2955 410 3011 Pater
446 2957 575 3026 pius
605 2963 662 3011 et
694 2964 1036 3023 mansuetus,
1071 2956 1304 3026 benigne
1347 2956 1534 3010 omnia
1583 2955 1838 3026 suscipit,

1940 478 2072 533 titize
2104 478 2161 533 in
2211 478 2589 533 salvationem.
2635 475 2840 546 Optant
2883 489 3149 546 pauperes
3181 472 3363 545 potius
3396 485 3520 529 esse

1937 570 2140 627 diaboli
2164 585 2332 639 quam
2353 570 2548 625 divites
2571 567 2797 624 Christi.

2008 660 2308 716 Pradtctus
2326 671 2510 716 autem
2530 658 2729 730 praesul
2750 666 2805 714 et
2833 665 3021 728 pastor
3043 655 3517 727 diligentissimus.

1936 753 2132 816 nolens
2160 768 2291 808 oves
2335 751 2440 808 sibi
2468 752 2794 808 commissas
2822 749 3021 821 perire,
3045 756 3163 803 tum
3184 747 3372 814 minis,
3400 755 3518 802 tum

1937 845 2322 903 blandimentis
2366 860 2463 902 eos
2512 844 2841 917 aggreditur.
2890 841 2993 899 Cui
3022 841 3155 896 dum
3203 840 3523 896 resisterent

1935 939 2034 1007 illi,
2088 948 2163 1007 et,
2215 946 2483 1011 quantum
2540 942 2855 1007 potuerunt,
2907 931 3359 998 contradicerent,
3407 931 3518 999 jam

1935 1041 2085 1099 tunc,
2110 1033 2295 1100 credo,
2337 1033 2568 1088 nimium
2627 1027 2722 1089 sed
2761 1025 2995 1080 inaniter
3017 1021 3275 1095 fatigatus
3309 1037 3524 1077 cessas-

1934 1132 2039 1192 set,
2065 1124 2173 1181 nisi
2196 1125 2345 1196 quod
2370 1125 2561 1181 beatus
2591 1140 2729 1195 papa
2751 1122 2860 1179 Leo
2887 1113 2983 1180 ΓΧ..
3016 1114 3119 1170 sub
3141 1114 3360 1169 decreto
3390 1127 3524 1167 aﬂa-

1936 1218 2190 1274 thematis
2233 1228 2500 1274 statuerat
2546 1227 2606 1272 ut
2654 1217 2900 1288 ejusdem
2954 1205 3204 1271 ecclesia!
3270 1201 3524 1262 ωηοῐιίοί

1935 1308 2104 1363 vitam
2134 1316 2359 1380 agerent
2397 1323 2767 1375 communem,
2802 1315 2857 1362 ct
2888 1307 3135 1362 viverent
3176 1295 3522 1377 regulaliler.

1933 1401 2105 1471 Cujus
2127 1400 2330 1459 decreti
2354 1401 2571 1470 quoties
2623 1399 2758 1456 vidit
2791 1409 2885 1455 aut
2933 1398 3253 1455 recordatus
3278 1406 3361 1453 est
3385 1413 3522 1468 pra:-

1934 1503 2174 1564 ceptum,
2208 1493 2446 1562 expavit,
2471 1508 2572 1549 nec
2600 1502 2781 1547 tacere
2811 1508 2981 1547 ausus
3005 1489 3126 1546 fuit.

2001 1584 2213 1639 Accidit
2251 1584 2416 1655 igitur
2455 1584 2603 1655 (478)
2628 1583 2954 1639 nteamdcm
2988 1582 3057 1638 ad
3090 1578 3362 1638 Civitatem
3395 1597 3524 1638 sar.-

1933 1675 2212 1743 ctissimus
2261 1674 2726 1747 papaGregorius
2757 1673 2848 1729 V11
2876 1675 3106 1743 veniret,
3143 1675 3521 1747 perlatumque

1934 1778 2019 1824 est
2042 1768 2111 1823 ad
2142 1768 2322 1839 ipsum
2346 1768 2489 1823 idem
2520 1768 2653 1823 illud
2684 1767 2964 1838 negotium
2994 1786 3007 1822 :
3045 1768 3140 1838 qui
3174 1783 3303 1823 mox
3330 1768 3524 1838 incipit

1936 1870 2164 1932 paterno
2195 1861 2321 1915 illos
2357 1860 2595 1930 primum
2622 1858 2819 1914 alfectu
2845 1859 3162 1927 admonere,
3190 1874 3255 1914 ac
3281 1858 3462 1914 dicere
3504 1878 3518 1913 :

1936 1951 2478 2021 Quoniamliomani
2523 1951 2798 2022 pontificis
2842 1952 3061 2007 decreta
3102 1953 3382 2022 praeterire
3409 1968 3523 2009 non

1936 2047 2083 2113 licet,
2122 2054 2280 2118 rogat
2311 2061 2409 2101 eos
2460 2054 2516 2100 et
2551 2045 2745 2100 suadet
2774 2044 3026 2116 benigne,
3062 2053 3333 2115 quatenus
3374 2044 3523 2099 salu-

1936 2138 2191 2194 berrimis
2219 2137 2476 2192 obediant
2512 2136 2766 2201 decretis,
2793 2144 2849 2191 et
2871 2135 3311 2191 reverendissimi
3341 2134 3523 2191 Patris

1936 2235 2306 2299 exsequantur
2330 2227 2698 2291 voluntatem;
2726 2241 2826 2281 nec
2848 2224 3126 2281 semelaut
3144 2226 3248 2293 bis,
3270 2226 3363 2280 sed
3379 2241 3523 2295 saepe

1937 2337 2005 2376 ac
2032 2321 2288 2388 multum,
2326 2316 2623 2388 aliquando
2660 2332 2786 2373 cum
2812 2316 3001 2371 eodem
3027 2324 3218 2371 sancto
3242 2316 3520 2385 episcopo,

1940 2412 2212 2468 interdum
2249 2411 2368 2466 sine
2402 2410 2522 2481 ipso
2562 2407 2862 2480 alloquitur
2894 2407 3038 2474 illos,
3072 2416 3191 2462 tum
3219 2407 3380 2473 dure,
3406 2416 3525 2462 tum

1940 2503 2156 2571 blande,
2183 2501 2468 2573 proferens
2491 2502 2572 2557 eis
2597 2499 2910 2571 Scripturas
2934 2507 3175 2567 sanctas,
3199 2508 3255 2554 et
3281 2499 3526 2555 auctori-

1940 2605 2079 2651 tates
2106 2594 2479 2659 authenticas;
2505 2593 2581 2648 illi
2602 2607 2752 2659 vero,
2811 2592 2917 2647 etsi
2950 2591 3230 2648 humiliter
3280 2607 3341 2648 se
3366 2592 3527 2647 beata

1940 2688 2271 2759 quandoque
2312 2687 2521 2741 monita
2554 2686 2847 2741 tinxerunt.
2871 2683 3082 2751 audire,
3118 2680 3306 2738 omnia
3343 2691 3527 2738 tamen

1942 2783 2197 2837 absentes
2224 2779 2611 2849 depravarunt.

2014 2873 2293 2929 Vocantur
2327 2870 2565 2941 denique
2604 2870 2673 2925 ad
2709 2869 2892 2926 sedem
2932 2867 3311 2941 apostolicam,
3342 2865 3529 2936 ibique

1943 2966 2347 3037 conspiratores
2375 2963 2431 3018 in
2456 2961 2741 3033 proprium
2783 2961 3101 3031 episcopum
3151 2968 3207 3015 et
3233 2958 3526 3014 insidiato-

246 3055 559 3103 ηοειθωειι
578 3048 727 3102 Vind
765 3063 797 3102 3
828 3048 972 3102 malo
996 3048 1177 3114 νθηειν
1203 3048 1298 3103 sed
1341 3048 1397 3103 in
1436 3048 1583 3104 bono
1618 3049 1837 3104 Vincere
1864 3070 1906 3125 ο
1940 3074 2029 3114 res
2055 3056 2253 3111 detecti
2294 3063 2443 3109 sunt.
2490 3051 2725 3107 Prolatis
2769 3065 2901 3122 ergo
2930 3050 3254 3116 canonibus,
3288 3058 3344 3104 et
3385 3049 3528 3103 lecto

245 3139 458 3193 malum
492 3140 675 3194 studet
705 3139 879 3209 (Rom.
922 3140 1043 3209 xu).
1092 3138 1372 3195 Promittit
1418 3140 1675 3211 denique,
1712 3148 1836 3196 tan-

245 3243 415 3298 quam
437 3230 577 3283 alter
599 3228 780 3285 factus
801 3229 1248 3299 religiosissimus
1268 3229 1560 3299 episcopus
1579 3229 1841 3299 Augusti-

248 3337 376 3390 nus,
410 3331 473 3377 ut
510 3323 681 3378 vitam
711 3338 839 3378 cum
884 3323 993 3379 illis
1030 3331 1253 3394 peragat
1292 3338 1660 3378 communem.
1692 3322 1840 3378 Nihil

246 3424 449 3485 praeter
474 3414 598 3470 illos
623 3416 929 3485 proprium,
952 3430 1143 3470 verum
1169 3415 1355 3470 omnia
1388 3416 1555 3471 simul
1584 3418 1701 3471 vult
1712 3432 1840 3472 cum

249 3506 388 3576 ipsis
418 3507 621 3562 habere
660 3507 1007 3573 communia;
1039 3507 1156 3561 vult
1194 3506 1331 3562 efﬁci
1361 3522 1588 3577 pauper,
1618 3517 1679 3562 ut
1702 3508 1842 3563 divi-

250 3606 335 3652 tes
364 3598 491 3654 illos
519 3597 686 3654 faciat
719 3599 775 3652 in
820 3597 1041 3654 Christo
1080 3597 1135 3667 (I
1178 3597 1302 3654 Cor.
1336 3598 1398 3668 ι),
1435 3600 1586 3654 omni
1615 3601 1842 3655 omnino

251 3691 564 3758 conamine,
598 3701 717 3747 tum
740 3691 1114 3762 spiritualitcr,
1150 3701 1266 3747 tum
1290 3692 1630 3749 szeculariter
1651 3693 1843 3749 nititur

249 3798 351 3839 eos
372 3784 609 3839 allicere.

324 3874 525 3932 Invitat
554 3876 776 3933 tandem
806 3876 891 3931 sui
929 3877 1097 3932 studii
1125 3877 1445 3948 adiutricem
1475 3878 1840 3934 marchionis-

252 3984 376 4023 sam
399 3968 464 4023 D.
490 3968 813 4024 Mathildam
836 3969 1084 4025 moribus
1103 3985 1169 4025 ac
1193 3984 1389 4039 genere
1420 3969 1840 4035 nobilissimam,

253 4077 379 4132 qua:
412 4063 719 4132 spiritualis
748 4072 804 4117 et
835 4062 1249 4134 religiosissima
1287 4062 1343 4116 in
1368 4062 1585 4118 occulto
1613 4063 1841 4118 saecula-

254 4169 373 4208 rem
397 4162 511 4218 aut,
537 4163 598 4209 ut
617 4155 808 4210 verius
831 4155 1035 4221 dicam,
1057 4154 1350 4210 militarem
1380 4154 1573 4225 agebat
1593 4154 1761 4209 vitam
1786 4154 1843 4209 in

254 4245 580 4314 mnifesto;
605 4247 688 4303 sic
721 4254 904 4302 tamen
941 4247 1283 4317 spiritualem
1319 4246 1555 4301 habebat
1585 4260 1649 4301 ac
1673 4260 1844 4300 saecu-

255 4340 449 4406 larem,
478 4350 539 4395 ut
571 4350 629 4395 ct
671 4340 827 4394 illam
856 4340 911 4393 in
941 4340 1187 4408 Christo,
1226 4349 1284 4396 et
1315 4340 1478 4395 istam
1510 4338 1713 4394 faceret
1744 4353 1844 4408 pro

1940 3147 2182 3218 capitulo
2229 3143 2407 3201 sancti
2452 3140 2711 3214 martyris
2765 3148 2820 3196 et
2863 3138 3107 3211 episcopi
3148 3137 3396 3203 Fabiani,
3432 3136 3529 3207 qui

1940 3240 2349 3310 conspiratores
2391 3245 2448 3292 et
2485 3234 2835 3292 insidiatores
2870 3246 3101 3289 suorum
3144 3231 3530 3302 episcoporum

1940 3334 2110 3389 curiae
2136 3330 2430 3387 tradendos
2468 3326 2726 3392 instituit,
2746 3325 2958 3395 judicio
2980 3324 3152 3380 totius
3198 3330 3402 3378 sancta:
3434 3336 3530 3392 sy-

1940 3425 2069 3481 nodi
2099 3423 2265 3479 etiam
2294 3421 2397 3491 ipsi
2420 3418 2587 3475 curia:
2607 3418 2915 3473 traduntur.
2944 3414 3099 3470 Tunc
3120 3412 3294 3468 ﬁdelis
3313 3420 3371 3467 et
3397 3426 3531 3482 pru-

1941 3517 2078 3571 dens
2102 3512 2504 3570 marchionissa
2549 3509 2809 3565 Mathildn
2850 3522 3042 3562 servos
3083 3506 3207 3562 illos
3227 3505 3529 3575 appellans,

1942 3609 1999 3663 in
2038 3607 2358 3663 servitutem
2388 3604 2556 3660 curia:
2579 3600 2796 3657 vocavit
2822 3614 2937 3655 eos.
2978 3597 3156 3665 Quam
3202 3596 3276 3651 ob
3306 3611 3532 3651 causam

1943 3700 2159 3766 tristes,
2226 3704 2590 3767 praeterquam
2632 3690 2782 3747 credi
2821 3696 3019 3760 potest,
3057 3688 3223 3743 etiam
3269 3686 3534 3742 adversus

1942 3794 2117 3865 ipsam
2146 3834 2163 3859 ,
2207 3796 2477 3862 quotquot
2529 3792 2864 3858 potuerunt,
2913 3781 3231 3852 conspirare
3287 3778 3535 3836 fecerunt

1943 3882 2116 3955 (479).
2164 3881 2556 3936 Convenerunt
2601 3890 2732 3947 ergo
2776 3874 3133 3946 quamplures
3183 3872 3384 3928 iterum
3417 3870 3534 3941 epi-

1942 3975 2097 4045 scopi
2141 3973 2286 4043 apud
2327 3970 2384 4025 S.
2429 3969 2748 4033 Genesium,
2778 3966 2927 4038 quod
2958 3966 3137 4036 (Dan,
3181 3962 3460 4034 Castrum)
3499 3978 3533 4017 a

1943 4066 2164 4121 civitate
2210 4062 2428 4117 Lucana
2461 4075 2571 4115 non
2617 4058 2851 4113 multum
2881 4056 3077 4123 distat;
3111 4055 3256 4110 inter
3286 4070 3426 4125 quos
3446 4069 3534 4107 re-

1944 4156 2375 4215 verendissimns
2404 4152 2728 4209 Albanensis
2750 4150 3060 4221 episcopus,
3086 4148 3309 4205 nomine
3338 4146 3534 4202 Petrus

1946 4250 2166 4323 (lgneus
2209 4246 2592 4317 cognomento),
2622 4244 2798 4299 vicem
2834 4241 2899 4296 D.
2947 4256 3105 4313 papae
3155 4239 3366 4311 agebat.
3427 4236 3535 4304 Qui

1945 4359 2071 4403 cum
2103 4341 2294 4398 eodem
2341 4337 2576 4394 Lucensi
2614 4336 2873 4406 episcopo
2918 4332 2976 4388 S.
3011 4331 3293 4396 Anselmo,
3325 4338 3381 4385 et
3407 4343 3534 4384 cum

254 4430 495 4487 Christo.
532 4432 667 4500 Quae
696 4446 828 4487 vero
853 4432 1160 4498 saecularis,
1195 4433 1312 4487 haec
1357 4430 1583 4500 majoris
1628 4429 1704 4484 illi
1740 4428 1845 4485 fuit
1876 4411 1920 4465 D
1945 4433 2174 4503 reliquis
2205 4429 2461 4486 omnibus
2491 4426 2896 4497 conspiratores
2933 4425 3057 4480 illos
3090 4420 3537 4479 excommunica-

256 4524 525 4595 angustize
553 4541 620 4581 ac
646 4524 882 4590 laboris;
907 4524 1003 4579 sed
1026 4532 1083 4579 et
1118 4523 1292 4578 multo
1316 4522 1510 4593 pluris,
1534 4536 1714 4590 spero,
1748 4536 1837 4575 re-

256 4616 590 4674 tributionis.
630 4616 728 4671 llln
755 4617 956 4671 etenim
985 4615 1281 4670 voluntatis
1314 4612 1418 4668 fuit
1436 4612 1699 4684 propria;
1735 4611 1838 4667 ista

198 4734 205 4741 -
256 4708 478 4777 quidem
504 4709 850 4765 obedientiam.
878 4706 939 4761 Si
959 4708 1090 4778 quid
1113 4721 1245 4777 ergo
1278 4706 1444 4761 habet
1472 4707 1587 4774 ipsa
1615 4705 1838 4775 ingenii,

259 4801 306 4857 si
340 4802 470 4872 quid
511 4801 798 4873 sapientia:
825 4800 911 4854 vel
944 4799 1182 4865 consilii,
1238 4798 1292 4854 id
1313 4798 1503 4854 eﬂudit
1526 4798 1629 4851 hoc
1659 4796 1714 4850 in
1746 4811 1842 4850 ne-

262 4893 409 4962 gotio
424 4894 694 4949 hilariter.
712 4892 882 4963 Igitur
902 4891 1191 4963 praedictos
1214 4890 1510 4962 alloquitur
1528 4889 1844 4952 canonicos,

262 4993 376 5039 tum
407 4986 798 5050 communiter,
823 4994 939 5040 tum
980 4983 1362 5055 singulariter;
1389 4980 1600 5046 incitat,
1628 4980 1851 5051 instigat

263 5092 377 5143 eos,
400 5078 681 5135 confortat
702 5086 865 5147 atque
886 5076 1118 5147 spondet
1138 5073 1395 5132 Ecclesiae
1414 5080 1768 5142 augmentum
1798 5080 1853 5125 ct

265 5168 558 5240 honorem;
598 5169 741 5241 ipsis
770 5183 988 5239 quoque
1034 5166 1402 5230 commodum,
1432 5171 1544 5216 tam
1578 5162 1633 5215 in
1665 5160 1852 5218 futuro

265 5275 424 5328 quam
465 5259 984 5328 impraesentiarum.
1024 5257 1298 5314 Promittit
1323 5255 1488 5312 etiam
1534 5254 1854 5319 parentibus

1948 4526 2044 4579 vit.
2100 4523 2276 4586 Unde,
2328 4518 2685 4575 insolabiliter
2730 4516 2809 4571 illi
2859 4516 3106 4571 dolentes
3152 4522 3208 4568 et
3246 4509 3534 4581 indignati,

1918 4660 1923 4665 η
1951 4627 2121 4675 totam
2159 4616 2434 4672 civitatem
2463 4610 2733 4667 malitiose
2762 4612 3199 4671 commoverunt,
3220 4602 3346 4657 freti
3374 4600 3536 4656 auxi—

1951 4709 2028 4763 lio
2051 4704 2406 4778 perditissimi
2446 4697 3008 4769 hominis'quondam
3042 4693 3172 4750 dicti
3202 4690 3349 4763 regis
3391 4687 3539 4744 Hen-

1951 4800 2073 4867 rici,
2116 4795 2591 4869 religiosissimum
2611 4792 2928 4863 episcopum
2967 4802 2999 4841 a
3045 4785 3263 4841 civitate
3319 4780 3543 4851 repule-

1949 4899 2108 4955 runt,
2141 4889 2235 4955 sed
2263 4893 2317 4942 et
2345 4882 2619 4955 praedicta:
2638 4877 2877 4936 domina:
2917 4874 3149 4931 rebelles
3171 4871 3389 4945 penitus
3411 4869 3542 4926 facti

2140 4945 2317 5050 flujus
2344 4945 2533 5046 utique
2554 4969 2980 5046 conspirationis
3011 4968 3252 5040 praefatae
3286 4970 3454 5034 caput
3489 4973 3548 5018 et

1952 5073 2205 5145 princeps
2231 5069 2334 5126 fuit
2374 5066 2597 5137 quidam
2642 5063 2867 5119 nomine
2904 5060 3128 5130 Petrus,
3158 5059 3297 5116 falsa
3336 5054 3552 5125 profes-

1955 5165 2110 5220 sione
2132 5160 2453 5224 canonicus,
2480 5155 2676 5211 ordine
2715 5151 3095 5212 damnationis
3118 5167 3233 5211 suae
3262 5147 3556 5204 subdiaco-

1958 5273 2083 5323 nus,
2116 5262 2298 5308 mente
2323 5248 2614 5320 superbus,
2659 5246 3010 5303 incontinens
3053 5244 3328 5304 moribus,
3374 5237 3559 5293 verbis
