3988 5328
494 272 585 327 9η

1484 269 1565 323 Al)
1601 264 1830 323 OPERA
1864 265 1920 320 S.
1963 260 2292 321 GREGORII
2329 259 2770 319 APPENDiCES.

3667 271 3762 327 9η

492 383 858 443 Πειηιιιοιεςιτε
881 384 1201 459 tyrannidis.
1231 375 1297 439 Et
1321 393 1448 455 post
1473 383 1655 455 aliqua
1697 387 1758 439 llt
1805 384 1969 439 etiam
1999 381 2083 436 fa-
2115 383 2159 448 Α
2187 379 2522 450 templationi
2552 395 2749 436 vacare
2778 388 3028 449 conatur,
3061 383 3364 454 majoribus
3386 386 3580 442 mundi
3609 403 3764 463 nego-

494 479 723 536 miliaris
756 481 926 536 curiae
959 477 1265 548 iniquitatis
1297 497 1308 532 :
1343 493 1509 548 quam
1547 479 1696 548 justa
1727 477 1948 548 quidem
1991 475 2080 530 in-

492 573 882 642 terpretatione
916 587 948 626 a
974 585 1171 627 cruore
1195 570 1320 626 dico
1352 570 1580 638 curiam,
1621 570 1704 625 vel
1734 569 1919 640 potius
1954 568 2082 622 uni-

491 679 666 720 versm
701 663 1055 736 turpitudinis
1079 663 1372 718 sentinam.

563 773 662 829 llic
693 773 928 845 denique
953 783 1077 845 post
1116 784 1362 846 tempora
1401 791 1510 831 non
1539 775 1797 847 plurima,
1829 774 2082 830 veniente

489 866 547 921 in
569 865 823 922 Tusciam
860 864 1117 923 Heinrico
1147 884 1275 923 cum
1317 868 1683 924 lmresiarcha
1706 867 1977 937 Wiberto,
2014 867 2082 922 de

488 975 600 1030 quo
649 959 813 1017 latius
866 961 1216 1030 postmodum
1269 962 1649 1029 tractabimus,
1691 961 1953 1033 quoniam
1998 960 2082 1015 in-

487 1053 650 1108 stanti
677 1040 960 1110 videbatur
985 1063 1330 1125 opportunus
1355 1055 1620 1121 insanire,
1637 1070 1704 1110 eo
1731 1055 1879 1126 quod
1901 1070 2002 1110 nec
2025 1053 2080 1109 in

487 1143 659 1202 Deum
693 1147 943 1203 timorem
981 1164 1082 1203 nec
1126 1147 1484 1204 reverentiam
1535 1147 1770 1203 habebat
1817 1147 1870 1202 in
1904 1147 2082 1202 homi-

485 1253 634 1306 nem,
661 1227 1297 1311 imponitur'episcopus
1337 1240 1543 1296 erroris
1571 1239 1816 1311 ejusdem
1847 1238 2082 1296 Lucana:

483 1317 760 1396 civitatis;
792 1331 910 1402 qui,
953 1331 1228 1402 adjunctis
1275 1331 1380 1388 sibi
1409 1332 1579 1388 totius
1613 1345 1772 1387 terra:
1801 1330 2079 1402 nequissi-

483 1423 612 1492 mis,
661 1424 912 1480 videlicet
967 1424 1221 1495 perjuris,
1277 1424 1622 1492 latronibus,
1669 1423 1982 1480 fornicariis
2027 1432 2082 1480 et

485 1515 773 1584 adulteris,
817 1515 1021 1572 terram
1070 1516 1332 1572 Ecclesiae
1376 1517 1600 1582 invadit,
1634 1518 1854 1573 castella
1883 1526 1937 1572 et
1975 1517 2078 1571 lio-

483 1607 682 1676 mines',
711 1609 762 1663 vi
799 1617 894 1664 aut
922 1608 1134 1675 fraude,
1160 1610 1243 1664 vel
1273 1609 1448 1680 pretio
1485 1610 1588 1664 sibi
1629 1609 1866 1666 asciscit.
1897 1608 2078 1665 Unum

482 1700 830 1755 solummodo
871 1702 1113 1756 castrum
1147 1701 1438 1756 venerabili
1487 1701 1752 1756 remansit
1795 1701 2075 1772 episcopo,

2187 470 2279 526 tiis
2300 469 2632 541 implicatur.
2668 545 2676 550 _

2257 562 2649 628 Sanctissimus
2703 563 2868 633 igitur
2897 564 3021 620 talis
3047 565 3134 620 ille
3175 567 3480 638 discipulus
3505 571 3762 629 custodia

2184 653 2332 708 illius
2357 651 2514 726 ψη,
2545 653 2940 712 Sanctissimus
2982 657 3167 729 itaque
3214 660 3472 717 dominus
3510 673 3765 722 nosteret

2182 745 2345 802 Pater
2387 745 2682 804 Anselmus
2720 749 2986 806 custodia:
3016 750 3187 824 illius]
3214 759 3268 808 et
3297 753 3482 809 studet
3523 765 3768 828 satagere

2180 846 2236 892 et
2258 839 2408 894 omni
2450 841 2634 898 studio
2659 841 2971 897 sanctitatis
3012 843 3189 914 magis
3207 858 3274 900 ae
3294 846 3474 918 magis
3509 847 3580 902 de
3603 848 3691 903 die
3714 851 3768 904 in

2181 930 2326 986 diem
2351 932 2728 998 exardescere.
2754 931 3060 992 Possumus
3080 934 3388 993 certissime
3407 937 3478 995 de
3513 939 3608 995 illo
3628 942 3768 996 afﬁr-

2182 1039 2333 1080 mare
2355 1025 2502 1094 quod
2537 1025 2767 1097 replevit
2790 1041 2918 1082 eum
2953 1026 3223 1086 Dominus
3257 1030 3456 1101 spiritu
3489 1033 3769 1104 sapientiae

2180 1126 2234 1172 et
2264 1117 2573 1174 intellectus
2599 1117 2794 1186 (Eccli.
2826 1119 2940 1192 xv).
2990 1119 3057 1176 Et
3081 1131 3202 1177 erat
3225 1123 3410 1193 magni
3435 1125 3655 1180 consilii
3677 1143 3770 1182 an-

2181 1210 2352 1280 gelus.
2401 1200 2538 1267 Nam
2573 1227 2698 1268 cum
2749 1212 2920 1268 multa
2959 1213 3186 1272 haberet
3233 1216 3524 1272 saecularia
3562 1218 3767 1288 judicia

2180 1303 2554 1374 suprascripta
2588 1302 2654 1359 D.
2699 1303 2984 1374 Matbilda,
3028 1306 3224 1364 devota
3278 1307 3342 1362 D.
3386 1307 3538 1364 Petri
3580 1312 3770 1368 ancilla

2183 1394 2364 1467 [Btn.,
2391 1396 2612 1454 domina
2636 1395 2935 1466 Mathildis,
2963 1400 3124 1456 unica
3153 1399 3212 1454 Β.
3249 1399 3395 1456 Petri
3437 1402 3614 1474 filia],
3657 1404 3770 1474 ipse

2179 1487 2298 1544 suis
2327 1504 2450 1544 eam
2491 1489 2746 1549 consiliis
2792 1490 2870 1546 ita
2915 1506 3176 1564 peragere
3207 1491 3336 1548 fecit
3381 1495 3598 1560 omnia,
3644 1505 3772 1552 utet

2177 1582 2489 1652 evangelica
2531 1593 2829 1653 praecepta,
2860 1593 2917 1639 et
2953 1600 3229 1640 canonum
3257 1585 3538 1654 instituta,
3565 1588 3771 1660 legum-

2177 1688 2286 1744 que
2322 1675 2448 1744 jura
2495 1684 2777 1743 scrvaret;
2827 1677 2974 1747 quod
2983 1677 3074 1762 οὶιι
3112 1677 3372 1734 humanis
3407 1681 3693 1736 mentibus
3719 1690 3774 1737 et

480 1793 627 1864 quod
644 1793 809 1849 etiam
838 1803 1104 1866 tyrannus
1134 1793 1242 1860 ille,
1263 1809 1329 1850 eo
1351 1794 1497 1864 quod
1527 1795 1738 1850 civitati
1760 1796 2077 1866 eratproxi-
2108 1764 2153 1820 Β
2177 1767 2413 1839 ingeniis
2461 1783 2610 1866 Γίξνον
2651 1769 2736 1866 *ξεί
2761 1783 3046 1866 “finitum”
3089 1770 3388 1866 ίηνθιξὶιιιτ.
3419 1770 3634 1828 Verum
3659 1773 3774 1844 ipse

480 1901 654 1952 mum,
694 1885 854 1957 quasi
919 1887 1530 1957 quotidie.incurrens,
1591 1887 1894 1944 devastavit
1934 1903 2075 1958 prae—

478 1978 586 2046 dis,
617 1977 885 2058 incendiis
926 1989 1091 2050 atque
1115 1979 1452 2036 homicidiis.
1489 1980 1580 2037 Ille
1605 1989 1786 2036 autem
1819 1997 2078 2037 mansue-

477 2071 726 2127 tissimus
758 2057 1034 2128 Vomnium
1083 2057 1267 2127 omnia
1317 2074 1558 2144 gaudens
1609 2075 1894 2142 sustinuit,
1943 2091 2076 2146 pau-

479 2173 746 2234 pertatem
784 2179 883 2234 pro
920 2151 1164 2248 Gbristo'
1185 2151 1428 2236 optavit;
1457 2167 1552 2238 qui
1579 2175 1633 2223 ct
1660 2163 1876 2224 duobus
1897 2175 2076 2238 capel-

478 2254 620 2313 lanis
654 2267 963 2323 contentus,
1017 2273 1083 2312 ac
1121 2257 1308 2328 paucis
1339 2258 1722 2325 servientibus,
1756 2275 1881 2314 cum
1921 2275 2110 2318 reve-.

477 2350 803 2406 rendissima
830 2393 846 2419 ,
896 2367 1064 2420 quam
1105 2351 1480 2420 praediximus,
1517 2362 1794 2417 matrona,
1852 2352 2075 2409 humilis

476 2443 806 2513 permansit.
1954 2429 1960 2434 ’

549 2559 735 2630 Atqui,
774 2569 832 2616 ut
873 2561 1146 2618 universa:
1173 2559 1578 2618 maledictionis
1611 2563 1852 2619 tunicam
1883 2563 2075 2618 adver-

477 2653 659 2710 sarius
705 2654 795 2710 ille
846 2653 1117 2720 indueret,
1159 2654 1381 2710 demum
1425 2655 1496 2724 ab
1544 2655 1908 2711 baercsiarcba
1954 2655 2073 2709 Wi-

478 2747 654 2813 berto,
687 2762 796 2801 non
823 2747 948 2802 dico
991 2757 1368 2815 consecratur,
1417 2747 1512 2803 sed
1551 2757 1901 2816 exsecratur;
1938 2765 2076 2819 qna-

477 2847 642 2897 tenus
674 2839 873 2896 similis
915 2840 1153 2896 similem
1194 2839 1251 2896 in
1279 2841 1536 2897 omnibus
1575 2841 1904 2898 imitaretur.
1938 2841 2073 2896 Nam

477 2932 622 2988 sicut
649 2932 738 2987 ille
767 2931 1071 2988 Romanam
1091 2922 1399 2990 i'nvadendo
1429 2931 1730 2990 Ecclesiam
1761 2949 2076 2991 commacu-

477 3023 627 3092 lavit,
671 3025 964 3096 superstite
1013 3025 1193 3082 adhuc
1239 3025 1593 3099 sanctissimo
1639 3041 1778 3097 papa
1813 3025 2074 3099 Gregorio

478 3113 609 3184 VII;
641 3117 716 3173 ita
765 3118 868 3174 iste
922 3116 1219 3186 Lucanam,

477 3209 753 3280 episcopo.
811 3208 1021 3280 Itaque,
1051 3218 1112 3265 ut
1161 3210 1465 3268 beatissimi
1523 3212 1781 3283 martyris
1817 3210 2073 3284 Cypriani

476 3301 659 3357 verbis
697 3311 822 3357 utar
853 3319 866 3354 :
897 3301 1099 3358 Nullus
1135 3302 1212 3356 vel
1242 3303 1362 3370 iste,
1406 3303 1486 3360 vel
1515 3303 1639 3368 ille;
1665 3305 1792 3375 quia
1832 3321 1923 3358 nec
1949 3320 2073 3358 suc-

478 3411 672 3460 cessor,
709 3411 801 3448 nec
837 3407 1135 3450 antecessor
1180 3395 1493 3468 cujusquam
1526 3407 1618 3450 aut
1656 3396 1766 3463 ille,
1805 3406 1897 3451 aut
1931 3398 2030 3452 iste
2053 3415 2072 3452 :

478 3487 632 3541 autbo
669 3487 978 3556 parricidia.
1013 3486 1166 3541 antbo
1199 3487 1597 3542 sceleratissimi
1640 3488 1920 3543 violatores
1963 3507 2074 3546 sua:

478 3578 670 3630 matris
704 3575 979 3632 Ecclesiae.

507 3709 512 3715 ”
552 3707 702 3780 (480)
737 3708 874 3762 Dum
895 3723 1028 3780 ergo
1058 3710 1322 3780 expulsus
1348 3711 1458 3778 ille,
1492 3727 1614 3766 cum
1645 3711 1812 3768 Maria
1848 3729 2076 3772 securus

477 3799 812 3858 desideraret
845 3802 1055 3867 sedere,
1097 3803 1226 3857 facti
1275 3813 1406 3860 sunt
1430 3804 1672 3876 episcopi
1716 3815 1771 3862 et
1799 3807 2076 3878 principes

477 3907 617 3964 pene
655 3897 854 3948 omnes
878 3910 988 3948 non
1037 3895 1240 3960 solum,
1275 3896 1420 3963 dico,
1464 3898 1860 3966 inobedientes,
1882 3917 2074 3956 verum

479 3983 708 4039 omnino
757 3983 988 4040 rebelles
1041 3995 1245 4042 sanctae
1284 3988 1399 4043 sedi
1439 3987 1730 4057 Romanze;
1772 4000 1826 4047 et
1856 3992 2073 4048 inventa

477 4081 562 4129 est
585 4073 701 4130 sola
732 4083 898 4146 atque
921 4075 1106 4144 unica,
1130 4075 1240 4132 dux
1286 4085 1350 4132 et‘
1369 4079 1771 4137 marcbionissa
1816 4081 2074 4139 Mathilda

479 4164 535 4220 in
567 4163 671 4221 ﬁde
695 4181 1047 4236 permanens,
1084 4167 1262 4222 zelum
1285 4167 1380 4224 Dei
1411 4170 1642 4238 habens,
1670 4171 1896 4227 domino
1921 4179 2077 4244 papa:

479 4255 744 4330 Gregorio
764 4251 1046 4326 obediens,
1069 4260 1220 4330 quia,
1245 4267 1307 4316 ut
1329 4262 1734 4318 sanctissimam
1762 4265 1882 4336 ejus
1906 4266 2073 4321 vitam

473 4361 527 4407 et
561 4350 842 4423 religionis
867 4355 1124 4425 cognovit
1152 4355 1427 4424 ardorem,
1461 4365 1632 4413 totam
1682 4375 1742 4416 se
1770 4376 1884 4416 sua:
1904 4363 2075 4416 tradi-

472 4445 552 4502 dit
597 4445 967 4517 dispositioni,
1008 4462 1238 4517 sperans
1282 4449 1352 4504 ab
1379 4448 1643 4506 oneribus
1677 4452 1867 4507 mundi
1909 4453 2074 4522 hujus

474 4539 568 4594 tali
611 4537 919 4595 obedientia
953 4538 1252 4609 explicari;
1304 4542 1393 4596 cui
1439 4543 1749 4600 econtrario
1793 4542 1848 4598 in
1875 4544 2073 4601 remis-

474 4632 693 4686 sionem
738 4631 921 4698 datur,
957 4639 1036 4696 ut,
1074 4631 1234 4700 quasi
1287 4633 1455 4688 altera
1495 4634 1742 4691 Debbora
1781 4636 1930 4709 (Iud.
1975 4639 2072 4710 Iv),

473 4722 742 4792 populum
787 4722 1015 4793 judicet,
1078 4722 1330 4778 militiam
1383 4735 1624 4798 peragat,
1678 4728 1947 4786 haereticis
2011 4746 2076 4786 ac

475 4813 848 4872 schismaticis
891 4815 1132 4872 resistat.
1167 4815 1344 4886 Atque
1388 4833 1459 4873 ne
1493 4826 1751 4890 tanquam
1787 4823 1903 4877 sola
1942 4823 2076 4878 defi-

475 4915 608 4983 ciat,
639 4917 993 4974 custodienda
1025 4915 1444 4971 commendatur
1481 4913 1799 4985 prrescripto
1838 4913 2073 4972 Lucensi

477 5009 742 5044 nnicnnnn
771 5012 808 5046 Ε
861 5011 1592 5048 Δηοοιιηηοηηηιηιοῃδσιὴιν
1638 5013 1864 5048 int-lnam
1921 5014 2069 5050 nmni

2179 1875 2280 1917 suo
2308 1876 2340 1916 a
2379 1860 2642 1932 magistro
2673 1861 2998 1918 beatissimo
3033 1877 3173 1934 papa
3221 1862 3491 1935 Gregorio
3522 1866 3610 1922 sic
3633 1867 3772 1922 didi-

2174 1962 2358 2021 cerat;
2391 1953 2630 2024 Spiritus
2651 1970 2784 2023 vero
2803 1964 3032 2014 sanctus
3059 1964 3354 2026 utrumque
3379 1957 3704 2028 repleverat.

2249 2045 2403 2102 Tunc
2445 2063 2580 2119 ergo
2618 2048 2926 2104 incredibili
2961 2049 3076 2118 jam
3104 2049 3266 2104 modo
3304 2047 3600 2107 Romanus
3627 2051 3775 2108 orbis

2177 2137 2231 2192 in
2260 2154 2320 2194 se
2343 2138 2524 2210 ipsum
2553 2137 2780 2196 fremuit
2805 2149 2861 2196 et
2881 2140 3161 2196 insanivit.
3193 2139 3330 2196 Nam
3361 2140 3684 2207 IIcinricus,
3709 2146 3771 2197 li-

2175 2231 2284 2287 lius
2324 2231 2673 2301 imperatoris
2707 2231 2948 2288 lleinrici
2981 2232 3162 2299 tertii,
3207 2249 3442 2305 magnas
3467 2234 3530 2288 in
3576 2249 3772 2290 omnes

2174 2321 2491 2379 Catholicos
2539 2319 2866 2382 inimicitias
2891 2325 3217 2392 exercebat;
3260 2324 3357 2396 qui
3383 2325 3524 2382 dum
3553 2327 3630 2381 ab
3661 2327 3773 2396 ipsa

2177 2414 2430 2482 infantia,
2461 2415 2724 2472 defuncto
2753 2418 2868 2488 jam
2912 2426 3098 2488 patre,
3120 2417 3457 2487 suscepisset
3489 2420 3646 2490 regni
3669 2436 3774 2489 gu-

2175 2507 2494 2576 bernacula,
2534 2507 2820 2579 impletum
2854 2517 2941 2565 est
2973 2509 3124 2580 quod
3169 2524 3268 2579 per
3307 2507 3666 2568 Salomonem
3683 2510 3772 2565 di-

2174 2608 2324 2654 ctum
2351 2608 2474 2655 est:
2515 2599 2603 2654 Va:
2639 2611 2815 2668 terra,
2859 2602 3012 2672 cujus
3047 2618 3140 2656 rex
3186 2618 3322 2672 puer
3343 2612 3422 2656 est
3445 2601 3652 2673 (Ecclc.
3691 2603 3771 2670 ι).

2175 2697 2312 2754 Nam
2355 2699 2658 2769 puerilibus
2701 2715 2761 2756 se
2816 2699 3064 2756 consiliis
3106 2699 3478 2764 committens,
3515 2699 3771 2753 omnia

2175 2806 2374 2862 genera
2426 2791 2819 2862 Spurcitiarum
2869 2793 3120 2856 edoctus,
3157 2799 3416 2847 cunctam
3459 2805 3584 2844 mox
3633 2791 3771 2844 reii-

2175 2883 2393 2954 gionem
2437 2893 2494 2940 et
2517 2884 2643 2954 jura
2671 2885 2857 2940 omnia
2893 2883 3229 2940 confundere
3273 2897 3385 2937 non
3426 2881 3674 2946 erubuit,
3707 2897 3774 2936 ac

2175 2991 2292 3032 suae
2334 2977 2547 3032 libidini
2599 2977 2656 3031 in
2697 2976 2961 3032 omnibus
3011 2974 3450 3046 turpitudinibus
3501 2973 3773 3028 instuduit

2177 3064 2293 3139 [Sic
2310 3069 2523 3138 quidem
2548 3085 2671 3136 ms.,
2695 3068 2833 3139 forte
2863 3068 3074 3124 studuit
3103 3065 3252 3139 leg.].
3285 3065 3381 3121 Illo
3405 3065 3684 3136 siquidem
3715 3065 3770 3118 in

2099 3146 2143 3205 ε·
2176 3117 2423 3231 iemp'ore
2449 3175 2560 3216 non
2611 3117 2910 3232 quisquam
2955 3117 3268 3230 episcopus,
3300 3167 3397 3213 aut
3435 3158 3636 3224 abbas,
3662 3157 3774 3212 sive

2175 3254 2502 3324 praepositus
2527 3267 2650 3310 esse
2673 3254 2876 3324 potuit,
2913 3253 3022 3308 nisi
3055 3252 3149 3323 qui
3181 3251 3448 3322 majorem
3479 3250 3770 3320 pectiniam

2175 3345 2388 3413 habuit,
2417 3347 2501 3400 vel
2545 3345 2722 3416 ipsius
2776 3344 3168 3415 spurcitiarum
3217 3357 3448 3412 compos
3488 3342 3774 3397 exstititct

2172 3435 2357 3494 fautor
2391 3437 2649 3493 assensit.
2699 3436 2776 3492 De
2803 3435 3014 3491 nullius
3044 3443 3194 3491 certe
3219 3434 3330 3488 vita
3361 3433 3447 3488 vel
3477 3449 3772 3488 conversa-

2174 3530 2325 3586 tione
2347 3531 2614 3603 agebatur
2639 3531 2804 3596 bona,
2841 3529 2956 3584 imo
2985 3526 3372 3583 abominabilis
3421 3526 3624 3597 religio
3650 3541 3770 3578 om-

2175 3623 2282 3689 nis,
2314 3630 2368 3678 et
2392 3623 2595 3680 veritas
2622 3631 2788 3693 atque
2831 3620 3046 3692 iustitia
3077 3619 3402 3674 habebatur.
3449 3615 3554 3672 Ille
3589 3631 3770 3672 sacer-

2135 3719 2140 3725 ’
2175 3716 2275 3772 dos
2301 3715 2644 3782 laudabilior,
2676 3715 2836 3786 cujus
2859 3713 3029 3768 vestis
3053 3711 3348 3781 comptior,
3386 3709 3555 3780 cujus
3583 3723 3768 3764 mensa

2175 3808 2468 3879 cepiosior,
2499 3807 2659 3878 cujus
2699 3804 3008 3862 concubina
3051 3801 3410 3873 splendidior.
3465 3798 3584 3856 Nec
3615 3799 3770 3854 miles

2173 3899 2456 3956 dicebatur
2484 3899 2780 3971 gloriosus,
2829 3897 2938 3952 nisi
2979 3905 3062 3950 ter
3088 3895 3256 3950 fuerit
3297 3902 3398 3948 aut
3415 3901 3626 3964 quater
3643 3907 3766 3962 pcr-

2170 3993 2367 4063 jurus;
2407 3992 2554 4063 quod
2603 3991 2735 4046 dum
2771 3988 3130 4045 beatissimus
3167 4001 3309 4058 papa
3338 3985 3771 4057 Gregoriusdo-

2172 4087 2294 4142 lens
2323 4101 2388 4141 ac
2413 4085 2588 4140 tristis
2615 4082 3013 4148 consideraret,
3041 4079 3271 4150 cupiens
3311 4087 3567 4133 sanctam
3589 4077 3773 4133 Eccle-

2175 4178 2315 4234 siam
2343 4177 2468 4234 usui
2494 4174 2868 4232 ecclesiastico
2887 4181 2945 4228 et
2972 4171 3182 4244 legibus
3217 4169 3516 4226 restituere
3544 4170 3772 4226 auoru-

2176 4270 2278 4336 cis,
2306 4269 2456 4324 misit
2503 4268 2572 4324 ad
2611 4282 2738 4322 eum
2767 4264 3085 4336 frequenter
3129 4261 3398 4333 benignas
3447 4261 3772 4334 legationes,

2175 4371 2292 4417 tum
2321 4370 2546 4432 paterne
2577 4359 2899 4423 admonens,
2939 4365 3053 4410 tum
3101 4353 3353 4424 asperius
3377 4353 3550 4409 etiam
3583 4354 3774 4410 redar—

2178 4469 2371 4526 guens.

2249 4544 2416 4615 Atqui
2451 4543 2582 4598 dum
2612 4543 2720 4598 hoc
2745 4553 2967 4612 quoque
2991 4538 3154 4594 modo
3185 4537 3418 4592 minime
3445 4553 3510 4594 se
3535 4539 3776 4609 percepit

2177 4636 2462 4709 proficere,
2497 4635 2716 4690 tandem
2746 4632 2944 4688 direxit
2979 4631 3047 4686 ad
3075 4645 3204 4685 eum
3233 4637 3466 4684 matrem
3487 4630 3676 4700 ipsius
3694 4647 3776 4686 re-

2176 4728 2587 4801 ligiosissimum
2619 4725 3024 4796 imperatricem
3050 4722 3313 4794 Agnetem
3342 4765 3354 4785 ,
3378 4729 3436 4775 et
3461 4737 3674 4778 cumea
3691 4737 3776 4776 re-

2179 4821 2604 4878 verendissimos
2629 4819 2768 4874 duos
2795 4815 3107 4888 episcopos,
3153 4812 3560 4868 Praenestinum
3587 4822 3647 4868 et
3670 4812 3774 4868 Cu-

2179 4929 2426 4980 manum,
2451 4911 2653 4983 quibus
2678 4909 2872 4980 utique
2913 4906 3299 4979 praesentibus,
3332 4905 3529 4960 audito
3547 4906 3770 4977 diligens

2178 5016 2264 5050 tor
2287 5019 2474 5050 mrum
2505 5003 2759 5050 consilio-
2783 4999 3160 5050 namilentiam
3185 4996 3490 5050 simulavit.
3515 4997 3744 5050 ohedieu
