3988 5328
218 388 322 445 913

1100 381 1382 440 APPEND.
1421 382 1507 439 III.
1547 417 1613 427 -—
1650 384 2084 441 NONUMENTA
2121 383 2581 442 GREGORIA’NA.

3360 387 3464 444 9M

218 512 350 558 runt
403 518 592 574 prima:
638 502 781 558 sedis
801 501 1137 571 episcopum,
1184 500 1328 570 quod
1368 515 1398 553 a
1433 500 1649 554 smculis
1684 514 1792 554 non
1824 503 1867 558 Α
1894 515 2031 570 papa
2056 498 2315 570 Gregorio
2348 501 2403 553 in
2430 500 2708 555 civitatem
2744 496 3066 570 Augustam,
3099 498 3260 554 etiam
3283 499 3461 569 ipsum

219 604 307 650 est
346 595 617 650 auditum.
647 593 795 649 Fecit
821 591 1078 661 deinceps
1118 592 1442 661 legationem
1474 589 1528 644 in
1563 590 1791 657 Italiam,

217 686 471 741 eamdem
495 685 768 739 afﬁrmans
795 682 1274 753 praesumptionem
1294 696 1390 752 per
1417 681 1795 737 schismaticos

217 777 335 833 sibi
364 776 660 847 eomplices
684 776 988 845 episcopos.
1021 771 1198 844 Hujus
1233 772 1517 843 legationis
1539 772 1677 829 lator
1694 771 1796 827 fuit

217 870 448 939 quidam
474 868 625 939 (481)
665 866 1012 922 Eberhardus
1046 865 1285 932 nomine,
1313 864 1645 922 Teutonicus
1694 881 1792 919 na--

220 962 392 1026 tione,
419 960 567 1015 illius
602 958 807 1024 saeculi,
858 958 1053 1013 bamus
1093 957 1317 1023 diaboli,
1351 958 1598 1012 inventor
1617 958 1796 1012 omnis

218 1050 334 1106 fere
360 1050 648 1106 mendacii.
679 1049 777 1104 llic
798 1049 1048 1104 circuivit
1071 1057 1124 1103 ct
1150 1048 1546 1118 perambulavit
1573 1056 1792 1113 terram,

218 1150 282 1195 ut
308 1139 658 1196 scbismatica
704 1155 894 1195 omnes
919 1139 1247 1194 interficeret
1281 1137 1571 1212 [inliceret]
1614 1147 1799 1194 conta-

216 1232 420 1301 gione;
462 1231 666 1285 multos
700 1238 866 1297 certe,
911 1232 1006 1302 qui
1055 1238 1275 1302 propter
1313 1229 1658 1286 interdictum
1698 1230 1797 1284 do-

216 1321 356 1375 mini
386 1336 560 1391 papaa,
607 1321 793 1377 divino
826 1322 896 1375 ab
934 1321 1112 1377 cilicio
1143 1330 1511 1388 cessaverant,
1566 1322 1680 1392 ipse
1713 1323 1796 1375 in-

218 1412 488 1467 terdictns
525 1421 580 1468 et
609 1413 828 1468 vinculo
850 1413 1173 1482 perditionis
1201 1413 1419 1484 ligatus,
1450 1414 1691 1470 inaudita
1714 1422 1794 1468 te-

219 1505 476 1560 meritate
514 1520 580 1560 ac
616 1505 871 1574 superbia
914 1505 1317 1572 reconciliavit,
1350 1515 1405 1561 et
1433 1522 1497 1561 ex
1523 1514 1675 1576 parte
1700 1506 1797 1561 do-

218 1596 359 1651 mini
394 1597 480 1651 sui
516 1596 658 1667 regis
694 1606 753 1651 ut
785 1596 1019 1652 ofﬁcium
1050 1612 1198 1652 more
1242 1597 1409 1667 priori
1440 1598 1793 1663 celebrarent,

220 1687 442 1743 indixit.

290 1778 433 1832 Cum
488 1778 654 1850 igitur
701 1777 1048 1834 dissimulare
1091 1780 1326 1849 amplius
1358 1780 1492 1834 tanti
1540 1778 1795 1834 facinoris

219 1868 490 1923 malitiam
520 1883 632 1923 non
675 1877 863 1939 posset
909 1870 1262 1939 apostolicus,
1310 1870 1802 1925 excommuni‘cavit

219 1965 334 2011 tam
367 1958 553 2027 ipsum
589 1974 754 2029 quam
776 1973 968 2015 omnes
991 1959 1165 2030 ipsius
1196 1960 1456 2028 fautores,
1485 1968 1646 2030 atque
1678 1975 1799 2015 om-

222 2063 350 2103 nem
380 2050 487 2105 sibi
510 2050 716 2121 regiam
754 2050 1071 2123 dignitatem
1116 2051 1417 2118 interdixit,
1452 2059 1508 2108 et
1535 2051 1803 2122 obligatos

220 2139 332 2194 sibi
359 2141 725 2197 sacramentis
750 2141 819 2196 ab
849 2142 999 2195 omni
1028 2142 1212 2198 debito
1237 2142 1512 2198 fidelitatis
1551 2142 1801 2209 absolvit,

219 2230 378 2301 quia,
432 2231 583 2302 quod
630 2231 997 2288 verecundum
1050 2234 1216 2288 etiam
1254 2240 1342 2288 est
1366 2233 1568 2299 dicere,
1609 2240 1805 2303 praeter

224 2321 543 2378 haereticam
566 2337 733 2393 quam
769 2323 1173 2394 praelibavimus
1213 2324 1451 2395 culpam,
1497 2324 1723 2379 aderant
1749 2323 1803 2376 in

224 2422 423 2469 sancto
451 2414 705 2469 concilio
739 2414 916 2469 nuntii
962 2415 1110 2471 illius
1135 2414 1216 2471 sic
1257 2416 1521 2471 audentes
1565 2416 1801 2469 latrare:

228 2503 487 2575 Pracipit
516 2505 762 2560 dominus
796 2515 972 2560 noster
999 2521 1091 2560 rea:
1140 2514 1200 2561 ut
1233 2506 1407 2561 sedem
1439 2506 1804 2578 apostolicam,

223 2604 506 2667 papatum,
541 2606 718 2666 utpote
738 2613 912 2665 suum,
936 2598 1199 2664 dimittas,
1224 2614 1315 2653 nec
1339 2597 1513 2652 locum
1535 2597 1672 2652 hunc
1691 2612 1811 2651 tan-

227 2696 371 2742 ctam
401 2686 547 2742 ultra
573 2687 850 2757 impedias.
883 2687 1024 2743 Proh
1056 2687 1237 2744 nefas!
1268 2695 1324 2743 et
1349 2704 1385 2743 ο
1417 2689 1810 2745 exsecrabilem

228 2778 597 2836 infelicissimi
648 2780 889 2836 hominis
936 2779 1331 2835 temeritatem!
1373 2796 1443 2836 en
1493 2796 1810 2837 ecce'suum

227 2884 353 2925 esse
386 2866 544 2936 dicit,
601 2869 750 2939 quod
787 2870 892 2926 soli
941 2872 1314 2941 apostolorum
1365 2871 1601 2942 principi
1650 2870 1811 2927 Petro

230 2957 488 3017 Christus
541 2959 808 3018 Dominus
846 2962 1143 3017 commisit.
1200 2960 1311 3018 Nec
1360 2961 1540 3018 subito
1591 2963 1811 3033 quidem

230 3051 533 3119 commisit,
556 3068 744 3109 verum
770 3055 951 3121 tertio,
979 3063 1272 3125 antequam
1318 3055 1698 3122 committeret,
1730 3056 1814 3111 in-

232 3146 532 3216 terrogavit
560 3165 571 3202 :
607 3144 813 3213 Simon,
840 3148 1115 3219 inquiens,
1137 3165 1287 3203 amas
1323 3150 1439 3204 me?
1463 3147 1644 3220 (Joau.
1672 3152 1810 3221 xxx.)

232 3233 353 3291 Non
388 3238 657 3307 tanquam
692 3238 809 3309 ipse
836 3240 1133 3311 ignoraret,
1172 3239 1267 3294 sed
1295 3248 1356 3294 ut
1380 3238 1580 3317 futuris
1604 3248 1813 3310 tempa-

234 3327 388 3383 rihus
412 3329 815 3397 providentiam
848 3331 1224 3402 praesignaret,
1255 3347 1323 3387 ne
1348 3330 1458 3387 cito
1479 3340 1534 3387 et
1564 3332 1813 3403 praecipi-

234 3427 417 3474 tanter
463 3420 691 3477 cuilibet
741 3437 875 3478 cura
905 3419 1336 3478 committeretur
1380 3424 1707 3478 animarum.
1732 3421 1812 3478 Illi

235 3525 368 3580 ergo
397 3520 523 3581 post
552 3512 769 3567 tertiam
798 3514 1016 3570 tandem
1056 3514 1143 3570 sui
1169 3514 1373 3569 amoris
1418 3522 1620 3569 certam
1646 3529 1813 3584 spon-

215 3601 475 3666 'sionem,
508 3601 696 3670 Pasce,
744 3604 947 3675 inquit,
989 3620 1105 3660 ore:
1140 3621 1282 3659 meas
1307 3603 1519 3675 (ἥξω.
1556 3602 1676 3661 Non
1725 3620 1814 3660 re-

236 3707 383 3761 gem,
428 3696 543 3749 non
591 3694 973 3765 imperatorem
1000 3738 1014 3762 ,
1069 3704 1165 3751 aut
1206 3696 1446 3766 aliquam
1494 3694 1817 3752 Christianae

238 3783 600 3853 professionis
647 3787 1016 3844 conditionem
1064 3788 1295 3858 excepit,
1328 3797 1523 3858 praeter
1561 3803 1688 3842 eum
1722 3789 1818 3857 qui

237 3891 420 3944 suam,
445 3893 525 3945 se,
553 3893 711 3934 ovem
750 3880 1120 3953 abnegaverit.
1148 3879 1317 3951 igitur
1354 3894 1518 3950 quem
1534 3878 1625 3934 'sui
1647 3880 1819 3935 solius

236 3968 447 4038 judicio
484 3969 751 4028 Dominus
795 3972 1114 4040 reservavit,
1155 3972 1245 4027 hic
1291 3986 1403 4027 non
1449 3971 1625 4027 solum
1668 3970 1817 4040 judi-

240 4076 390 4129 care,
419 4078 613 4118 verum
638 4063 805 4119 etiam
839 4080 995 4119 suum
1020 4064 1201 4120 dicere
1232 4071 1307 4129 et,
1329 4071 1595 4133 quantum
1619 4062 1674 4115 in
1701 4061 1821 4131 ipso

241 4161 346 4218 est,
384 4154 549 4210 audet
593 4153 874 4210 damnare.
918 4153 1095 4220 Quam
1133 4154 1206 4209 ob
1245 4166 1473 4208 causam
1521 4151 1701 4207 omnis
1731 4150 1822 4204 illa

243 4254 439 4302 samta
485 4246 752 4319 synodus,
774 4246 899 4316 jure
919 4240 1216 4318 indignata,
1265 4242 1557 4299 anathema
1587 4241 1665 4296 illi
1685 4257 1818 4298 con-

246 4339 449 4393 clamat
478 4346 643 4408 atque
667 4336 970 4392 confirmat.

320 4428 491 4499 igitur
512 4442 623 4483 non
659 4435 785 4498 post
811 4427 1001 4493 multa,
1041 4427 1184 4482 idem
1213 4423 1704 4481 reverendissimus
1730 4438 1826 4493 pa-

1896 592 1952 646 in
1990 605 2278 646 commune
2322 591 2493 647 totius
2540 591 2694 661 regni
2742 590 3031 646 consilium
3062 601 3188 646 ante
3224 589 3465 660 judicent

1897 684 2164 738 universae
2190 683 2611 739 christianitatis
2639 682 2963 749 adorarent;
2985 681 3376 748 desiderantes,
3406 689 3465 739 ut

1896 775 2218 831 auctoritate
2267 775 2585 845 apostolica,
2619 782 2716 830 aut
2754 774 3100 831 emendatum
3137 774 3389 831 eumdem
3409 783 3467 830 et

1896 868 2205 924 absolutum
2252 876 2659 938 recuperarent,
2691 874 2805 933 aut,
2837 866 2956 936 ipso
2977 866 3124 937 juste
3153 866 3461 934 reprobate,

1896 960 2067 1016 alium
2111 962 2168 1015 in
2212 960 2439 1016 Christo
2488 961 2765 1031 eligerent.
2814 960 2887 1015 At
2931 960 3043 1031 illc,
3079 967 3373 1016 accusante
3406 974 3467 1015 se

1896 1054 2233 1110 conscientia
2261 1068 2382 1119 sua,
2409 1063 2660 1109 sanctum
2702 1064 3029 1108 conventum
3052 1068 3161 1107 non
3184 1063 3467 1121 exspecta-

1897 1148 2002 1213 vit;
2034 1146 2129 1201 sed
2151 1145 2301 1200 venit
2324 1144 2541 1199 obviam
2567 1143 2770 1199 domno
2797 1158 2950 1214 papas
2978 1144 3032 1198 in
3059 1142 3257 1213 oppido
3280 1142 3467 1197 Canu-

1899 1237 2003 1301 sio,
2034 1236 2352 1290 humiliatus
2395 1248 2571 1303 usqne
2591 1233 2659 1288 ad
2687 1233 2849 1303 pedes
2875 1232 3015 1302 ejus,
3055 1242 3109 1288 ct
3125 1231 3269 1287 facta
3307 1246 3467 1288 sccu.

1897 1327 2055 1381 ritate
2101 1327 2305 1381 domno
2333 1340 2485 1395 papa:
2510 1339 2609 1395 per
2644 1330 3008 1388 sacramenta,
3055 1331 3217 1391 prout
3248 1323 3363 1391 ipse
3386 1321 3469 1376 di-

1897 1426 2093 1488 gnatus
2121 1426 2205 1472 est
2249 1417 2563 1487 praecipere,
2593 1414 2956 1486 praesentibus
2992 1414 3265 1484 episcopis
3287 1421 3342 1468 et
3370 1412 3461 1467 aha

1898 1508 2134 1574 tatibus,
2159 1515 2323 1578 atque
2359 1507 2637 1563 comitissa
2656 1504 2937 1573 Matbilda,
2962 1514 3016 1561 et
3041 1504 3283 1561 Adeletia
3309 1503 3473 1575 [Ades

1899 1601 2024 1666 laia,
2084 1613 2183 1654 seu
2223 1598 2542 1663 Adelheida,
2593 1613 2717 1667 qua:
2753 1596 3031 1653 comitissa
3059 1594 3218 1667 erat],
3242 1594 3475 1663 aliisque

1898 1688 2181 1758 pluribus;
2209 1688 2369 1743 tertia
2415 1687 2637 1744 demum
2659 1687 2749 1743 die
2782 1694 2868 1742 est
2897 1686 3211 1752 absolutus;
3260 1699 3474 1743 verum-

1899 1788 2080 1834 tamen
2098 1778 2155 1833 in
2180 1794 2409 1849 regnum
2438 1793 2551 1834 non
2582 1785 2667 1834 est
2688 1778 2993 1834 restitutus.
3488 1774 3502 1787 '

1834 1840 1875 1894 Β
1971 1870 2160 1941 itaque
2188 1840 2270 1927 ad
2298 1870 2482 1940 priora
2527 1870 2725 1925 iterum
2774 1869 3082 1941 regreditur
3126 1868 3379 1937 consilia,
3405 1869 3481 1924 ad

1899 1962 2497 2019 excommunicatorum
2534 1975 2790 2032 perversa
2829 1960 3226 2027 conventicula,
3253 1969 3307 2017 et
3329 1960 3473 2031 quod

1897 2054 2255 2125 jurejurando
2282 2053 2630 2125 promiserat,
2661 2052 2813 2108 brevi
2849 2061 3094 2122 tempore
3127 2051 3476 2107 observabat.

1900 2146 2036 2203 Nam
2071 2146 2213 2202 infra
2241 2146 2576 2218 quindecim,
2605 2153 2666 2201 ut
2692 2147 2909 2216 opinor,
2949 2145 3088 2212 dies,
3114 2160 3240 2201 cum
3265 2143 3327 2199 Β.
3355 2146 3474 2216 epi-

1903 2254 2102 2310 scopus
2123 2238 2414 2295 Anselmus
2443 2238 2768 2309 legationem
2796 2237 3005 2293 domini
3025 2252 3179 2307 papa:
3215 2252 3323 2292 una
3348 2252 3483 2292 cum

1902 2324 2317 2401 religiosissimo
2358 2328 2632 2385 “Ostiensi
2654 2328 2910 2398 episcopo
2949 2327 3193 2385 Gerardo
3219 2327 3477 2383 Mediola-

1904 2438 2037 2477 num
2082 2421 2335 2485 deferret,
2388 2420 2633 2491 impediti
2673 2428 2800 2476 sunt
2852 2435 2882 2473 a
2915 2419 3182 2475 militibus
3211 2418 3378 2483 illius,
3426 2428 3482 2473 ct

1905 2522 2097 2583 captus
2124 2521 2209 2568 est
2235 2512 2543 2568 ﬂostiensis
2574 2512 2895 2582 episcopus;
2926 2520 3177 2567 sanctum
3213 2526 3344 2566 vero
3368 2511 3481 2564 An-

1906 2607 2137 2661 selmum
2163 2619 2509 2675 nequaquam
2535 2602 2656 2657 ausi
2683 2610 2811 2658 sunt
2839 2611 3079 2673 tangere,
3110 2602 3366 2673 quoniam
3393 2601 3478 2654 in-

1908 2698 2103 2770 digena
2130 2695 2252 2762 fuit,
2280 2703 2335 2751 et
2362 2694 2562 2750 nobilis
2588 2693 2879 2764 prosapim.
2910 2691 3031 2763 Ipse
3055 2700 3236 2747 autem
3260 2692 3402 2746 ultro
3422 2704 3484 2745 sc

1908 2786 2231 2858 capiendum
2276 2785 2573 2857 ingerebat,
2603 2784 2790 2839 dicens
2835 2784 2982 2853 quod
3013 2800 3041 2837 a
3069 2784 3218 2839 socio
3252 2781 3480 2853 legatio-

1910 2878 1996 2934 nis
2024 2893 2132 2933 non
2154 2876 2475 2943 discederet,
2498 2883 2592 2930 aut
2613 2874 2788 2940 illum,
2821 2874 3095 2944 inquiens,
3125 2875 3479 2937 dimitterent,

1912 2979 2005 3025 aut
2034 2985 2091 3025 sc
2112 2977 2331 3038 captum
2370 2983 2496 3023 cum
2543 2966 2662 3036 ipso
2686 2973 2951 3020 tenerent.
3000 2965 3069 3020 At
3095 2965 3201 3019 illis
3226 2965 3329 3020 hoc
3371 2979 3481 3018 non

1913 3058 2388 3131 prfesumentibus,
2418 3056 2592 3111 tristis
2638 3055 2924 3122 abscessit,
2950 3056 3162 3121 volens,
3193 3054 3240 3110 si
3277 3062 3479 3126 posset,

1914 3168 2013 3223 pro
2049 3151 2215 3206 fratre
2264 3165 2421 3206 suam
2462 3148 2636 3219 ipsius
2684 3147 2923 3203 animam
2974 3164 3195 3219 ponere.
3230 3146 3355 3204 Haec
3398 3156 3486 3203 cst

1911 3244 2059 3298 enim
2089 3240 2352 3312 perfectio
2380 3240 2683 3307 cbaritatis,
2712 3240 2830 3295 haec
2855 3255 3067 3295 summa
3095 3238 3402 3295 dilectionis
3426 3249 3487 3296 ut

1914 3333 2151 3388 animam
2174 3347 2329 3387 suam
2356 3340 2524 3402 ponat
2547 3332 2673 3401 quis
2700 3346 2799 3401 pro
2824 3331 3014 3387 amicis
3041 3329 3349 3403 suis(Ioan.
3372 3331 3483 3401 xv);

1898 3414 2093 3482 solent
2135 3425 2246 3491 alii,
2286 3431 2437 3478 tanta
2480 3423 2533 3476 in
2576 3422 2920 3489 necessitate,
2944 3422 3204 3476 simulare
3231 3421 3399 3476 multa
3434 3437 3489 3477 ια

1915 3515 2292 3580 dissimulare;
2318 3513 2534 3569 mentiri
2559 3513 2805 3583 quidam,
2838 3521 2887 3568 et
2920 3513 3198 3582 pcrjurare
3225 3511 3444 3583 plurimi
3471 3530 3484 3565 :

1918 3607 2009 3662 hic
2037 3614 2219 3661 autem
2264 3622 2363 3661 nec
2392 3608 2504 3660 uno
2529 3605 2698 3659 verbo
2743 3603 3109 3658 simulationis
3151 3618 3484 3672 quemquam

1919 3696 2266 3771 [quidquam]
2293 3697 2553 3754 simulare
2572 3696 2777 3763 voluit;
2808 3695 2953 3764 quod
2986 3695 3120 3750 bene
3145 3694 3362 3764 quidem
3400 3707 3493 3762 po-

1920 3792 2041 3857 tuit,
2068 3791 2211 3847 sicut
2231 3790 2300 3844 ab
2325 3788 2479 3859 ipsis,
2516 3787 2611 3858 qui
2654 3786 2797 3857 capti
2845 3793 2993 3851 sunt,
3022 3784 3366 3856 postmodum
3389 3799 3491 3837 au-

1919 3880 2176 3935 divimus.
2220 3876 2318 3934 His
2348 3877 2539 3947 utique
2565 3891 2631 3931 ac
2655 3875 2927 3931 similibus
2957 3873 3144 3929 multis
3165 3873 3320 3929 irrita
3350 3871 3494 3926 facta
3570 3888 3573 3891 λ

1921 3976 2050 4024 sunt
2072 3966 2200 4023 dicti
2223 3966 2355 4020 olim
2380 3966 2525 4035 regis
2552 3963 2792 4019 Heinrici
2825 3971 3188 4019 sacramenta.

1993 4056 2224 4127 Eligitur
2264 4054 2482 4108 interim
2509 4054 2563 4107 in
2598 4053 2846 4123 partibus
2892 4050 3206 4107 Teutonicis
3239 4064 3349 4103 oux
3383 4046 3493 4101 Bo-

1922 4148 2160 4217 dulpbus
2184 4146 2241 4200 in
2265 4159 2448 4216 regem
2476 4143 2544 4197 ad
2580 4140 2975 4198 defendendam
3005 4139 3286 4195 catholicae
3307 4135 3494 4190 Eccle-

1925 4238 2021 4292 siae
2055 4234 2357 4298 unitatem;
2410 4238 2633 4302 propter
2664 4229 2811 4300 quod
2850 4228 3023 4300 magis
3052 4226 3331 4297 magisque
3353 4223 3495 4278 indi-

1926 4334 2123 4399 gnatus
2165 4322 2475 4386 Heinricus,
2508 4327 2690 4389 spreto
2724 4317 2955 4374 consilio
2982 4323 3035 4371 et
3062 4313 3267 4370 auxilio
3310 4310 3499 4367 dcmni

1925 4432 2098 4490 papae,
2147 4416 2202 4471 in
2261 4427 2455 4469 omnes
2503 4409 2815 4465 Catholicos
2868 4407 3236 4463 debacchatur
3287 4402 3494 4471 inique.

248 4496 468 4589 βίῃ-ρει-
490 4496 979 4589 quem-restaurari
1006 4518 1288 4586 emperunt
1307 4513 1633 4584 omniajura
1660 4504 1828 4569 cano-
1858 4522 1903 4576 ι)
1928 4509 2141 4563 Mortuo
2169 4514 2350 4561 autem
2373 4504 2430 4559 in
2471 4502 2574 4558 fide
2602 4500 2869 4557 catholica
2900 4515 3025 4571 rege
3066 4496 3376 4566 Rodulpho,
3403 4507 3501 4589 au-

183 4629 197 4640 -
248 4608 397 4674 nica,
423 4623 599 4678 usque
626 4607 697 4662 ad
718 4607 902 4677 ipsum
933 4620 1162 4676 prorsus
1192 4620 1331 4676 pene
1360 4605 1581 4671 abolita,
1606 4612 1830 4676 rogatur

246 4716 280 4754 a
303 4697 726 4769 quampluribus
768 4695 921 4769 regni
948 4695 1305 4766 principibus,
1351 4694 1654 4765 praesertim
1684 4710 1714 4749 a
1735 4708 1831 4751 co-

247 4791 465 4846 mitissa
518 4786 1173 4858 Matliildalconfortatus,
1219 4801 1344 4856 quae
1378 4794 1511 4841 tunc
1532 4784 1827 4840 maximam

249 4890 464 4953 partem
489 4881 713 4951 regebat
743 4877 930 4948 italiae,
956 4887 1226 4950 quatenus
1263 4877 1319 4931 in
1348 4884 1531 4947 partes
1571 4875 1833 4932 Teutoni-

248 4990 367 5041 cas,
395 4972 469 5029 ob
508 4987 859 5029 communem
907 4972 1098 5028 matris
1144 4968 1399 5027 Ecclesiae
1427 4970 1829 5037 necessitatem,

246 5066 587 5112 decennalem
619 5065 962 5112 dignaretur.
994 5062 1074 5112 llli
1112 5061 1314 5112 etenim
1346 5069 1566 5112 nronter
1600 5061 1836 5112 insolen—

1928 4601 2019 4656 det
2057 4598 2166 4666 ille,
2217 4596 2365 4668 quod
2410 4592 2776 4665 potentissimi
2819 4590 2951 4646 olim
2987 4590 3362 4658 imperatores,
3389 4582 3504 4638 sive

1928 4692 2006 4748 illi
2037 4689 2296 4755 haeretici,
2320 4696 2415 4743 aut
2454 4692 2737 4756 apostatat,
2757 4682 2842 4738 vel
2869 4682 3034 4736 etiam
3074 4677 3270 4748 pagani
3300 4681 3502 4737 essent,

1930 4798 2214 4855 nunquam
2249 4785 2750 4853 praesumpserant;
2789 4772 2972 4838 audet,
3012 4771 3257 4840 inquam,
3298 4777 3505 4855 convoa

1932 4853 2082 4934 catis“
2100 4876 2310 4947 aliquot
2333 4868 2607 4927 haereticis
2641 4863 2936 4935 episcopis,
2970 4863 3182 4916 vivente
3208 4872 3346 4930 papa
3377 4853 3510 4947 Gre.-

1934 4969 2108 5041 gorio,
2157 4943 2246 5024 cui
2274 4962 2539 5019 obcdicns
2581 4958 2759 5011 factus
2798 4962 2882 5010 est
2931 4953 3093 5008 etiam
3128 4943 3510 5021 jurejurando,

1938 5062 2086 5112 nullo
2115 5060 2303 5112 habito
2322 5049 2616 5110 universali
2643 5046 2893 5111 concilio,
2922 5046 3126 5112 absque
3151 5041 3387 5112 judicio,
3415 5048 3516 5089 au-
