3988 5328
544 403 641 460 923

1521 401 1602 454 AI)
1641 402 1867 456 OPERA
1907 402 1963 457 S.
2004 399 2329 456 GREGORII
2369 397 2808 453 APPENDICES.

3687 402 3795 456 916

541 517 819 572 ditabatur
851 522 1043 585 prmter
1063 515 1350 569 elationem
1373 522 1428 568 et
1460 515 1790 584 superbiam.
1824 515 1922 570 llic
1948 530 2105 569 nam-
2138 514 2180 568 Α
2209 512 2522 576 sericordia,
2555 527 2664 568 non
2698 511 2928 566 nimium
2963 511 3274 568 detrimenti
3299 500 3584 570 sustinuit.
3613 513 3792 579 Tunc,

539 625 649 682 que
673 653 689 678 ,
739 611 899 666 nobis
951 607 1320 672 cernentibus,
1371 620 1589 661 omnem
1653 606 2014 661 obedientiam
2057 615 2110 660 et

539 700 932 770 subiectionem
953 699 1157 754 domno
1177 705 1366 752 nostro
1386 711 1538 767 papa:
1557 696 1820 766 Gregorio
1843 695 2106 758 exliibuit;

538 791 635 846 sed
655 799 711 845 et
735 790 850 860 ipse
878 804 1003 845 cum
1045 791 1253 844 honore
1276 790 1428 844 illum
1453 804 1519 846 ac
1555 789 1844 844 dilectione
1868 789 1923 843 in
1953 804 2110 843 sacro

537 881 894 938 Lateranensi
926 884 1127 954 palatio
1171 884 1376 954 recepit
1410 882 1670 954 hospitio,
1702 894 1757 938 et
1798 884 2109 953 proximum

538 971 693 1026 illum
743 987 773 1027 a
803 973 1042 1028 dexteris
1069 974 1186 1028 suis
1214 973 1271 1028 in
1313 982 1504 1029 sancto
1553 974 1743 1029 habuit
1768 975 2021 1040 concilio,
2055 991 2087 1030 θ

536 1061 776 1129 primum
805 1062 861 1115 in
885 1062 1165 1128 omnibus,
1189 1062 1574 1134 quibusdigne
1595 1065 1858 1134 oportuit;
1885 1079 2099 1133 sperari.

535 1164 728 1205 verum
773 1165 898 1206 esse
931 1153 1075 1222 quod
1107 1151 1510 1222 perditissimus
1540 1155 1835 1210 simulavit.
1875 1154 1968 1209 Ille
2011 1171 2079 1210 au

534 1247 647 1293 tem
679 1253 788 1294 non
826 1249 952 1310 post
975 1243 1145 1296 multa
1164 1257 1261 1311 per
1288 1243 1597 1312 superbiam
1623 1243 1812 1299 incidit
1839 1243 1892 1298 in
1917 1244 2076 1298 inobe

535 1327 822 1396 dicntiam,
863 1330 1040 1387 factus
1083 1332 1288 1401 pariter
1322 1333 1596 1402 perjurus,
1630 1334 1724 1388 sed
1753 1343 1805 1388 et
1840 1333 2106 1403 parricida

533 1419 754 1474 tandem
801 1420 1048 1491 iniquus,
1078 1422 1206 1491 quia
1232 1421 1451 1477 Patrem
1479 1434 1728 1479 sanctum
1763 1425 1830 1480 ad
1876 1433 2106 1482 mortem

535 1523 713 1578 usque
740 1517 825 1564 est
847 1521 1186 1579 persecutus.
1221 1510 1427 1579 Talem,
1464 1513 1708 1583 inquam,
1737 1521 1846 1568 tam
1873 1515 2104 1584 justum,

524 1612 649 1680 tam
675 1615 946 1674 sanctum,
981 1624 1106 1666 eum
1150 1610 1265 1666 suis
1291 1609 1594 1667 fautoribus
1627 1613 1680 1666 in
1713 1627 1907 1682 papam
1933 1613 2107 1667 elevat

535 1695 846 1754 Heinricus.
881 1698 1051 1755 Roma
1089 1715 1200 1756 non
1250 1703 1537 1772 quatritur,
1563 1718 1663 1757 nec
1689 1702 1968 1757 Romanus
2012 1713 2106 1758 aut

496 1783 508 1793 ’
533 1786 718 1843 clerus
758 1797 854 1842 aut
882 1790 1135 1859 populus.
1165 1788 1320 1845 Unus
1366 1791 1584 1861 quidem
1609 1792 1782 1858 affuit,
1811 1791 1966 1863 Hugo
2007 1809 2106 1847 uo—

531 1879 702 1946 mine,
735 1880 1012 1936 Candidus
1041 1883 1284 1948 nomine,
1315 1884 1645 1955 nigerrimus
1682 1896 1882 1952 mente,
1925 1887 2106 1942 cardi-

533 1967 678 2023 nalis
707 1969 861 2036 olim,
899 1971 993 2026 sed
1023 1971 1228 2026 dudum
1246 1972 1358 2042 jam
1382 1988 1481 2043 pro
1501 1973 1618 2030 suis
1647 1975 1944 2032 sceleribus
1962 1977 2109 2045 juste

530 2059 1041 2114 excommunicatus
1059 2068 1114 2116 et
1139 2061 1402 2130 abiectus.
1429 2060 1528 2118 Hic
1562 2064 1854 2120 damnatus
1882 2066 2110 2120 damna-

530 2154 672 2214 tum,
716 2149 971 2218 peritu-us
1008 2151 1314 2220 periurum,
1358 2154 1628 2222 parricida
1672 2155 1860 2212 laudat
1877 2157 2106 2226 parrici-

533 2235 772 2294 dam._ln
796 2238 920 2293 loco
941 2237 1213 2308 siquidem
1244 2241 1468 2296 horrido
1496 2251 1552 2297 et
1572 2244 1893 2313 asperrimo,
1925 2244 1977 2299 in
2002 2261 2108 2299 me-

533 2324 644 2380 diis
673 2325 942 2382 nivalibus
979 2327 1230 2398 Alpibus,
1258 2331 1349 2386 ubi
1381 2330 1552 2388 fames
1582 2334 1804 2388 assidua
1843 2344 1899 2389 et
1936 2333 2108 2407 frigus

531 2429 668 2482 pene
695 2431 908 2486 semper
936 2419 1286 2487 continuum;
1330 2422 1484 2477 locus
1527 2423 1642 2493 ipse
1681 2425 1834 2481 vicus
1883 2435 1985 2492 est,
2009 2443 2106 2496 pro

530 2506 771 2574 civitate,
814 2509 911 2578 qui
951 2509 1326 2570 Brixanerium
1383 2523 1630 2581 vocatur,
1674 2514 1955 2572 altissimis
2001 2518 2107 2571 cir-

517 2596 822 2676 cumdatus
873 2600 1134 2668 scopulis,
1162 2601 1256 2655 ubi
1282 2603 1446 2657 etiam
1495 2605 1584 2658 vix
1606 2618 1804 2660 nomen
1833 2607 2106 2663 obtinetnr

515 2683 986 2751 ichristianitatis.
1017 2687 1133 2754 Hic,
1165 2690 1481 2762 principalis
1518 2694 1762 2750 ecclesia:
1790 2695 2100 2766 privilegia;

529 2771 641 2838 hic,
666 2775 868 2828 summi
893 2777 1194 2838 sacerdotis
1211 2778 1367 2848 jura;
1400 2780 1510 2846 hic,
1543 2792 1856 2838 sanctorum
1884 2784 2103 2839 Patrum

524 2862 814 2931 institutae;
843 2865 954 2932 hic,
982 2869 1164 2924 omnia
1213 2881 1547 2926 cvacuantur
1574 2875 1838 2930 canonica
1867 2877 2102 2941 decreta,

525 2956 811 3024 nimirum,
839 2959 884 3013 si
911 2961 1004 3030 qui
1035 2973 1291 3033 rogarent
1325 2975 1386 3019 ut
1423 2966 1591 3020 alium
1629 2968 1780 3024 cmlis
1806 2969 2104 3039 imponeret

528 3047 721 3116 Deum,
745 3061 1009 3120 quantum
1042 3053 1094 3108 in
1128 3055 1246 3125 ipso
1275 3065 1414 3123 erat,
1453 3058 1684 3125 aestimo,
1719 3059 1923 3115 faceret
1941 3070 2103 3130 atque

2141 1858 2183 1912 B

524 3139 895 3196 confirmaret.
925 3142 1061 3200 Nam
1084 3161 1186 3200 nec
1207 3147 1432 3202 omnino
1452 3163 1655 3203 novum
1674 3159 1757 3204 est
1784 3151 2096 3220 aucupium,
2127 3186 2168 3246 Ο

511 3230 668 3299 quod
703 3232 847 3302 agit;
881 3248 912 3288 a
941 3235 1173 3304 pueritia
1199 3237 1398 3310 quippe
1423 3254 1523 3294 sua
1548 3241 1630 3295 sic
1653 3241 1860 3296 didicit.

593 3318 883 3378 Enimvero
911 3323 1040 3378 dum
1069 3327 1396 3382 venerabilis
1425 3343 1563 3398 papa
1598 3329 1904 3387 Alexander
1929 3348 2096 3388 cano-

522 3410 646 3467 nice
672 3411 866 3468 fuisset
891 3415 1019 3470 olim
1051 3415 1276 3482 electus,
1307 3419 1422 3488 ipse
1457 3418 1720 3476 Cadolum
1753 3423 2096 3498 [Cadaloum]

521 3500 874 3559 Parmensem
899 3507 1215 3577 episcopum
1241 3509 1295 3562 in
1318 3509 1633 3567 Teutonicis
1662 3516 1907 3582 partibus
1936 3532 2097 3572 suum

519 3605 722 3660 papam
768 3595 948 3665 elegit,
994 3595 1331 3669 Romamque
1378 3600 1603 3667 direxit;
1637 3603 1733 3672 qui
1782 3605 2095 3661 diuturnam

520 3679 871 3749 discordiam,
905 3685 1153 3756 bellaque
1181 3689 1350 3743 multa
1376 3691 1668 3746 commisit.
1714 3692 1851 3749 Huic
1880 3696 2098 3753 nefariae

521 3772 929 3842 praesumptioni
966 3785 1137 3830 mater
1168 3777 1338 3846 ipsius
1372 3778 1550 3848 Agnes
1577 3781 1893 3851 imperatrix
1927 3785 2095 3840 inter-

519 3856 658 3925 fuit;
691 3875 834 3930 quae,
879 3865 1054 3918 sancti
1087 3862 1324 3935 Spiritus
1356 3867 1716 3925 illustratione
1749 3885 2094 3943 compuncta,

521 3951 665 4019 apud
691 3951 871 4021 ipsum
896 3969 1092 4026 papam
1120 3955 1488 4013 Alexandrum
1520 3959 1915 4019 confessionem
1946 3975 2096 4035 post-

521 4042 744 4102 modum
765 4042 910 4112 fecit,
951 4047 1326 4116 pmnitentiam
1369 4051 1593 4121 accepit.
1635 4051 1733 4107 Cui
1761 4054 1814 4108 id
1849 4070 1960 4125 pra:
1993 4072 2097 4112 caa—

519 4134 652 4189 teris
699 4134 1003 4206 iniunctum
1051 4147 1153 4206 est,
1213 4150 1486 4210 quatenus
1532 4143 1718 4202 Romae
1767 4158 2091 4215 moraretur,

519 4225 705 4296 ibique
734 4239 925 4287 sancto
970 4231 1130 4288 Petro
1169 4233 1388 4304 vigiliis,
1421 4237 1756 4292 orationibus
1777 4248 1832 4293 ct
1871 4240 2094 4310 jejuniis

518 4315 876 4385 satisfaceret,
909 4336 973 4378 ac
998 4323 1279 4391 prodesset
1305 4324 1562 4381 Ecclesia:
1589 4329 1834 4384 consiliis
1858 4339 1914 4385 et
1939 4333 2094 4386 auxi-

515 4406 626 4472 liis,
651 4418 812 4478 prout
842 4412 1066 4468 valeret.
1104 4413 1196 4470 Ille
1231 4424 1412 4471 autem
1440 4416 1494 4471 in
1521 4432 1621 4472 sua
1645 4434 1973 4488 permanens
1995 4423 2092 4475 dc-

2215 603 2458 672 inquam,
2515 602 2752 658 hominis
2793 603 3070 673 ingenium
3109 614 3164 659 et
3209 607 3560 675 sapientiam,
3606 618 3794 677 utpote

2213 695 2384 750 sancti
2425 693 2663 763 episcopi
2699 693 2942 754 Anselmi
2984 695 3204 750 laudare
3245 712 3458 765 posses.
3507 697 3643 752 Nam
3687 701 3796 754 etsi

2213 784 2365 837 navis
2393 782 2548 839 fortis
2581 790 2637 838 et
2681 783 2819 838 bene
2850 785 3148 853 composita
3191 795 3294 851 est,
3341 798 3634 858 nautaeque
3662 806 3796 860 prd-

2211 874 2429 938 dentes,
2473 874 2632 928 facile
2679 883 2862 934 tamen
2913 875 3273 944 periclitatur,
3321 877 3428 932 nisi
3477 880 3698 949 sapiens
3739 890 3798 934 et

2211 967 2424 1022 validus
2467 966 2632 1022 fuerit
2677 967 3023 1037 gubernator.
3071 967 3162 1024 Illa
3223 984 3324 1038 pro
3357 970 3560 1040 pietate
3600 973 3795 1028 matris

2211 1057 2627 1123 sollicitabatur;
2662 1058 2752 1112 ille
2793 1058 3131 1129 gubernandi
3177 1067 3349 1114 artem
3393 1061 3786 1116 meditabatur.

2209 1147 2301 1202 Illa
2341 1155 2659 1218 potestatem
2713 1149 3024 1215 exercebat;
3062 1149 3151 1203 ille
3198 1150 3438 1220 regebat.
3498 1150 3618 1215 IIIa,
3652 1167 3790 1221 pl”an

2207 1247 2457 1309 ceptum;
2499 1248 2554 1294 et
2582 1241 2672 1295 ille
2698 1240 2845 1296 dedit
2887 1241 3195 1296 consilium.
3239 1241 3554 1298 Excellebat
3602 1255 3787 1299 tamen

2209 1331 2297 1386 ille
2356 1331 2409 1386 in
2470 1331 2757 1396 omnibus;
2804 1331 2938 1400 quia
2971 1332 3291 1387 obedieth
3335 1335 3617 1389 sanctitati
3677 1352 3790 1391 suae

2207 1430 2316 1476 tam
2375 1423 2528 1492 ipsa,
2579 1437 2743 1492 quam
2813 1422 2899 1476 sui
2967 1437 3187 1487 omnes;
3231 1423 3354 1492 plus
3395 1432 3585 1478 tamen
3649 1426 3786 1494 ipsa.

2206 1511 2316 1570 Nec
2341 1513 2562 1569 mirum.
2594 1513 2741 1569 Adeo
2769 1512 2915 1567 enim
2942 1513 3170 1583 singulis
3194 1528 3290 1582 per
3315 1514 3533 1583 singula
3563 1516 3785 1583 provide

2207 1617 2271 1657 ac
2317 1603 2589 1672 sapienter
2631 1603 2952 1658 consiliatus
2990 1611 3102 1667 est,
3144 1612 3204 1656 ut
3246 1610 3301 1656 et
3335 1603 3484 1657 dicto
3513 1604 3787 1673 quondam

2207 1693 2342 1764 regi,
2367 1693 2688 1762 cunctisque
2712 1693 3012 1763 majoribus
3032 1707 3095 1747 ae
3121 1693 3443 1760 minoribus,
3462 1709 3606 1762 pene
3629 1694 3787 1748 totius

2207 1783 2371 1839 Italia
2399 1785 2513 1840 sola
2538 1784 2734 1838 domus
2757 1785 2848 1838 illa
2874 1784 3170 1848 resisteret,
3202 1784 3460 1854 injuriam
3491 1784 3587 1838 Dei
3609 1802 3789 1844 suam-

2210 1891 2316 1947 que
2353 1875 2677 1940 vindicaret,
2716 1875 2978 1930 honorem
3008 1875 3300 1941 obtineret,
3334 1883 3390 1930 et
3427 1876 3664 1946 gratiam
3700 1876 3789 1931 Dei

2211 1983 2318 2022 non
2351 1967 2642 2023 amitteret.
2679 1965 2947 2021 Nimirum
2981 1966 3093 2021 suis
3125 1966 3178 2020 id
3206 1966 3417 2021 meritis
3441 1970 3786 2037 impetratum

2208 2069 2311 2128 est,
2344 2069 2405 2114 ut
2433 2059 2723 2114 laudabilis
2749 2059 2837 2113 illa
2864 2066 2919 2112 et
2951 2059 3186 2128 gloriosa
3217 2073 3313 2127 per
3362 2067 3587 2113 exteras
3630 2060 3786 2114 etiam

2209 2159 2383 2204 terras
2405 2149 2812 2218 prmdicaretur.
2845 2146 3080 2213 Quidni?
3127 2146 3222 2202 Illa
3251 2147 3399 2202 enim
3439 2148 3702 2203 nobiliter
3738 2158 3788 2202 et

2208 2240 2515 2311 magniﬁce,
2546 2239 2764 2296 insolito
2795 2239 3084 2293 mulierum
3106 2253 3278 2304 more,
3309 2238 3434 2308 plus
3454 2239 3604 2303 dico,
3629 2255 3787 2309 quam

2210 2333 2438 2387 viriliter
2478 2333 2702 2403 agebat;
2735 2331 2946 2385 nullum
2989 2330 3101 2385 fere
3135 2331 3441 2400 periculum
3488 2333 3784 2386 metuebat.

2207 2423 2471 2490 Quisnam
2502 2431 2782 2493 potentum
2832 2437 3073 2492 unquam
3116 2438 3298 2487 suum,
3331 2431 3390 2476 ut
3413 2421 3530 2488 illa,
3567 2423 3790 2477 deduxit

2206 2513 2544 2570 exercitum?
2584 2511 2946 2569 Reccsserunt
2981 2522 3159 2568 tamen
3189 2514 3259 2568 ab
3289 2514 3378 2568 illa
3409 2514 3635 2584 plurimi
3664 2532 3789 2569 suo-

2206 2622 2350 2670 rum,
2382 2615 2437 2660 et
2460 2606 2712 2660 abierunt
2740 2614 3057 2662 retrorsum.
3095 2603 3340 2674 Separati
3363 2615 3514 2668 sunt.
3542 2607 3785 2675 inquam,

2205 2695 2450 2760 anubis;
2487 2696 2618 2765 quia
2660 2710 2768 2750 non
2811 2703 2966 2750 erant
2993 2711 3059 2749 ex
3107 2695 3284 2749 nobis.
3332 2693 3470 2748 Nam
3504 2704 3557 2748 et
3603 2695 3785 2763 ειπερ-η

2205 2787 2424 2857 quidam
2457 2786 2524 2840 dc
2557 2786 2695 2842 cutio
2725 2787 3064 2852 deciderunt,
3109 2787 3231 2842 aliis
3271 2787 3352 2842 sic
3387 2786 3783 2848 corroboratis,

2205 2885 2266 2931 ut
2304 2877 2497 2932 cadere
2527 2878 2762 2947 amplius
2792 2894 2901 2932 non
2935 2879 3200 2933 valerent.
3245 2877 3607 2934 Corroborati
3659 2890 3788 2936 sunt

2203 2977 2258 3022 et
2282 2969 2359 3034 hi,
2391 2969 2484 3039 qui
2516 2978 2955 3039 permanserunt,
2981 2977 3094 3023 tum
3121 2984 3190 3023 ex
3211 2969 3502 3040 dulcedine
3533 2980 3782 3040 pastora-

2204 3060 2272 3114 lis
2294 3059 2595 3130 sapientiae,
2627 3067 2739 3115 tum
2767 3075 2834 3114 ex
2867 3059 3244 3116 benevolentia
3277 3068 3331 3115 et
3362 3061 3646 3116 biaritate
3678 3071 3782 3118 tam

2203 3151 2580 3206 desiderabilis
2602 3159 2883 3206 matronae.

2269 3239 2405 3294 Nam
2427 3241 2678 3311 egregius
2707 3240 2795 3294 ille
2821 3248 3005 3309 pastor
3047 3249 3102 3295 et
3146 3239 3338 3294 doctor
3383 3239 3476 3294 die
3511 3249 3785 3309 noctuque

2198 3330 2371 3386 adfuit
2399 3332 2525 3397 illis,
2549 3331 2922 3401 spiritualibus
2940 3329 3202 3385 doctrinis
3217 3338 3271 3384 et
3291 3327 3781 3388 admonitionibus;

2198 3421 2330 3478 illud
2350 3421 2585 3476 maxime
2613 3421 2753 3474 inter
2776 3427 2967 3475 caetera
2995 3417 3282 3488 replicans,
3297 3427 3356 3471 ut
3371 3417 3442 3471 ab
3465 3433 3785 3472 excommu-

2198 3512 2393 3567 nicatis
2415 3527 2472 3566 se
2497 3513 2880 3576 observarent,
2907 3509 3166 3580 quoniam
3194 3508 3240 3564 si
3263 3508 3388 3578 quis
3411 3523 3542 3562 cum
3566 3524 3785 3564 excom-

2196 3605 2488 3660 muuicatis
2527 3604 2938 3673 participasset,
2984 3603 3109 3668 nisi,
3158 3608 3382 3670 accepta
3429 3601 3782 3670 pmnitentia.

2195 3697 2433 3766 primum
2462 3695 2851 3760 absolveretur,
2886 3693 3092 3748 nullam
3116 3707 3240 3746 cum
3275 3690 3506 3760 reliquis
3532 3705 3782 3745 commu-

2194 3788 2414 3842 nionem
2440 3787 2640 3842 habere
2667 3785 2858 3856 potuit.
2901 3783 3150 3838 Perfecto
3190 3781 3379 3852 utique
3421 3781 3554 3835 odio
3596 3782 3783 3838 oderat

2193 3877 2719 3942 excommunicatos;
2763 3876 2905 3930 unde
2931 3884 2984 3930 et
3017 3874 3281 3930 sollicitos
3316 3873 3524 3927 multos
3551 3887 3657 3926 sua
3683 3871 3780 3925 do—

2194 3969 2367 4024 ctrina
2398 3969 2663 4035 reddidit;
2708 3968 2975 4037 plurimos
3003 3982 3035 4022 a
3075 3965 3358 4038 tyrannide
3402 3965 3782 4047 tanta-prohi-

2192 4060 2330 4127 buit,
2356 4060 2622 4130 quosdam
2652 4060 2816 4114 etiam
2846 4059 3066 4130 penitus
3092 4055 3375 4114 convertit.
3401 4054 3517 4126 Ipsi
3544 4056 3780 4126 denique

2191 4153 2466 4224 quondam
2492 4153 2637 4210 dicto
2660 4153 2768 4222 regi
2795 4151 3272 4206 commonitorium
3299 4147 3563 4213 dictavit;
3598 4158 3652 4202 et
3673 4149 3780 4208 ba:-

2192 4236 2527 4296 resiarcham
2552 4241 2750 4310 ipsum,
2769 4248 2972 4294 sancta
2995 4239 3138 4294 sedis
3157 4237 3417 4292 Romanae
3439 4237 3776 4300 invasorem,

2193 4331 2496 4386 Wihertum
2522 4330 2741 4400 scriptis
2774 4330 3107 4385 salutaribus
3129 4327 3487 4383 commonuit.

2261 4423 2402 4491 Quid
2448 4423 2706 4484 tandem?
2746 4421 2976 4477 Romam
3026 4422 3168 4476 sicut.
3206 4419 3451 4489 incmpit,
3510 4426 3775 4490 tyrannus

514 4501 753 4554 testabili
775 4503 1462 4571 perti.nacia,Wibcrticum
1487 4509 1722 4564 adorans
1741 4509 2089 4576 datmunium,
2124 4535 2169 4590 Ι)
2195 4517 2282 4571 ille
2311 4515 2537 4582 invadit,
2575 4515 2752 4570 tribus
2783 4515 2930 4569 illam
2968 4513 3128 4568 annis
3166 4512 3483 4583 impugnat:
3520 4511 3772 4581 quamvis

513 4591 839 4648 admonetur
895 4611 1088 4650 rursus
1131 4597 1200 4654 ab
1249 4599 1546 4666 apostolico
1591 4600 1785 4662 aﬂectu
1840 4611 2066 4673 paterno

511 4681 702 4738 missis
722 4685 793 4740 ad
823 4701 949 4741 cum
982 4688 1250 4757 episcopis
1279 4689 1575 4745 Albanensi
1599 4701 1654 4746 et
1687 4691 1964 4748 Paduano.
1999 4695 2090 4748 At-

513 4771 630 4837 qui,
677 4773 808 4829 dum
844 4791 953 4830 non
995 4777 1334 4844 emendatur,
1375 4795 1591 4834 rursum
1628 4781 2088 4850 periculosissime

512 4867 1033 4923 cxcommunicatur.

582 4951 676 5008 Ille
704 4971 835 5027 ergo
875 4961 1040 5029 quasi.
1060 4977 1198 5017 novo
1221 4962 1520 5034 tyrannidis
1552 4979 1820 5035 aucupio,
1853 4975 1983 5024 tunc
2003 4967 2087 5023 in-

511 5045 654 5094 cenit
701 5050 1084 5096 universarum
1129 5056 1486 5100 (incingitur-nm
1515 5065 1624 5100 tam
1671 5061 1869 5102 nmdin
1920 5078 2084 5104 aliam

2193 4608 2412 4663 demum
2440 4606 2716 4676 perjurus,
2744 4613 2798 4661 et
2835 4605 3062 4675 pecunia
3089 4605 3210 4674 plus
3243 4618 3408 4673 quam
3431 4601 3648 4656 viribus
3682 4609 3774 4658 aut

2193 4697 2456 4768 sapientia
2495 4705 2784 4768 expugnat.
2835 4697 3029 4766 Fitque
3060 4697 3202 4751 beati
3247 4695 3391 4749 Petri
3435 4703 3628 4749 sancta
3669 4693 3769 4748 Ec-

2192 4789 2357 4845 clesia
2398 4789 2690 4858 impiorum
2736 4789 3007 4842 latronum
3058 4788 3317 4857 spelunca
3361 4785 3588 4856 (Μαιιιι.
3632 4785 3765 4850 m).

2195 4877 2303 4935 Sed
2319 4878 2548 4934 necdum
2575 4885 2742 4932 totam
2764 4877 2982 4948 quidem
3007 4876 3236 4932 Romam
3257 4875 3455 4930 devicit
3499 4872 3766 4941 Quoniam

2192 4972 2250 5026 in
2284 4970 2520 5036 castello,
2545 4970 2690 5038 quod
2714 4969 3000 5024 Crescentii
3024 4967 3242 5034 dicitur,
3274 4966 3766 5021 rcverendissimus

2189 5077 2324 5104 nona
2367 5061 2658 5104 Cmam-ine
2707 5060 3024 5104 mrmaneit.
3071 5058 3501 5104 Permansnntnt
3551 5071 3767 5104 mtomte
