3988 5328
192 407 298 464 917

1082 403 1366 460 APPEND.
1405 402 1491 456 lll.
1531 416 1613 444 -ι
1637 399 2066 459 ΜΟΝΕΜΕΝΤΑ
2104 407 2557 466 (ΞΚΕΕΟΚΙΑΝΑ.

3334 416 3443 470 918

193 540 304 595 que
334 538 535 594 papam
564 521 632 578 de
677 521 926 592 angustia
963 522 1132 576 turris
1165 522 1218 574 in
1251 520 1590 575 latitudinem
1625 518 1767 573 sacri
1799 518 1841 572 Α
1869 534 2134 588 pauperes
2167 533 2431 578 venerunt
2458 540 2522 578 ac
2549 525 2772 589 divites;
2801 526 2915 596 qui,
2950 527 3078 582 dum
3110 544 3140 583 a
3183 529 3444 598 praedicta

195 618 384 687 palatii
409 617 797 671 Lateranensis
823 630 948 669 cum
985 630 1182 686 magno
1206 615 1484 684 triumpho
1522 625 1576 670 et
1602 616 1772 684 gloria

195 707 434 762 reduxit.
472 705 683 776 Itaque,
728 706 961 775 peractis
987 705 1062 760 ibi
1090 705 1300 775 aliquot
1325 704 1539 769 diebus,
1590 705 1770 760 Saler-

196 815 335 853 num
365 799 573 868 pariter
612 805 989 868 perrexerunt,
1013 797 1108 852 ubi
1131 805 1186 852 et
1213 797 1594 852 sanctissimus
1635 811 1773 866 papa

197 889 490 960 emigravit
536 889 606 944 ad
647 887 949 944 Christum.
991 887 1127 943 Nam
1175 889 1460 956 miracula,
1509 903 1631 958 quae
1678 904 1775 958 per

197 997 330 1036 eum
355 990 613 1052 operatus
646 990 730 1036 est
768 980 1053 1046 Dominus,
1097 982 1202 1036 alia
1249 981 1466 1052 quidem
1514 981 1770 1044 vidimus,

200 1074 312 1128 alia
342 1074 413 1128 ab
436 1073 645 1129 idoneis
669 1073 900 1129 testibus
929 1074 1255 1140 audivimus,
1285 1088 1516 1142 quorum
1553 1087 1662 1126 non
1692 1081 1777 1127 est

197 1165 365 1222 modo
391 1165 605 1220 dicendi
643 1165 814 1222 locus.
850 1165 1057 1238 Fugato
1093 1181 1224 1237 ergo
1259 1165 1328 1220 ab
1350 1164 1493 1219 Urbe
1520 1162 1775 1219 lleinrim

197 1257 255 1312 in
281 1257 610 1314 Teutonicas
639 1267 820 1328 partes
850 1260 1034 1314 statim
1067 1257 1182 1328 ipse
1227 1258 1468 1324 revertit,
1491 1257 1775 1312 concitatis

196 1350 437 1418 primum
468 1350 723 1406 omnibus
752 1366 887 1420 pene
909 1350 1283 1421 Longobardis
1317 1349 1605 1404 adversum
1633 1363 1774 1418 prte-

198 1442 370 1496 l’atam
409 1442 707 1508 dominam,
751 1451 805 1497 et
843 1443 1106 1498 adversus
1150 1451 1398 1497 sanctum
1439 1441 1776 1504 provisorcm

197 1533 342 1602 ejus,
372 1533 468 1587 sed
492 1541 546 1586 et
574 1534 834 1588 adversus
861 1549 1077 1588 omnem
1120 1533 1444 1588 catholicam
1491 1533 1772 1586 unitatem.

269 1621 382 1678 Nec
414 1623 588 1678 multo
629 1633 751 1693 post
779 1639 905 1680 ecce
954 1624 1241 1680 coadunati
1273 1632 1402 1678 sunt
1449 1623 1687 1692 episcopi
1725 1629 1780 1676 et

198 1715 550 1769 marcliiones
573 1731 700 1769 cum
722 1715 844 1771 aliis
867 1717 1076 1782 multis,
1105 1716 1199 1784 qui
1243 1729 1440 1786 magno
1482 1714 1686 1783 impetu
1725 1721 1780 1768 et

1875 613 2152 668 comitissa
2179 616 2377 671 vellent
2403 617 2604 686 aliquid
2630 625 2726 672 aut
2749 619 3048 689 acquirere,
3083 630 3176 676 aut
3202 623 3440 692 acquisi-

1873 712 1988 759 tum
2020 708 2268 763 securius
2291 708 2554 775 obtinere,
2587 725 2812 765 munera
2843 711 2942 766 sibi
2976 711 3245 768 interdum
3274 729 3456 784 gran-

1873 795 1983 862 dia,
2023 797 2293 854 interdum
2326 801 2690 869 promiserunt
2713 803 2804 856 alii
2836 804 3070 874 majora;
3100 805 3302 874 quibus
3329 799 3458 870 ille,.

1874 888 2123 956 quamvis
2180 905 2386 960 panper
2437 892 2573 961 ipse,
2636 901 2800 962 atque
2853 903 3072 964 egentes
3125 895 3211 950 sui
3259 903 3453 950 essent”

1875 992 2103 1047 omnes,
2127 980 2298 1037 iratus
2343 982 2639 1051 respondit,
2670 983 2812 1038 dona
2844 985 3067 1054 respuit,
3110 986 3443 1056 adjutorium

1875 1072 2200 1130 contradixit
2224 1093 2237 1129 :
2264 1075 2409 1145 quod
2437 1074 2488 1130 si~
2509 1075 2677 1144 gratis
2700 1077 3088 1144 postulassent,
3111 1077 3273 1134 citius
3298 1087 3444 1133 certe

1876 1163 2275 1234 impetrassent.
2303 1166 2392 1221 Ait
2418 1167 2566 1222 enim
2596 1185 2609 1222 :
2642 1187 2659 1219 ι
2690 1167 2746 1222 Si
2775 1177 2860 1224 est
2883 1169 3145 1238 iujustum
3176 1169 3322 1239 quod
3344 1183 3442 1223 ex-

1875 1267 2085 1326 petunt,
2119 1273 2214 1314 ero
2247 1261 2540 1330 particeps,
2566 1261 2677 1315 imo
2700 1271 2892 1317 auctor
2911 1277 3101 1318 eorum
3124 1262 3442 1332 injustitiaz;

1877 1348 1961 1403 sin
1993 1357 2174 1404 autem
2206 1350 2415 1420 justum
2446 1361 2550 1418 est,
2577 1368 2706 1408 reus
2730 1369 2844 1421 ero,
2877 1355 2924 1410 si
2961 1354 3229 1424 justitiam
3259 1354 3452 1410 vendi-

1876 1440 2027 1494 dero.
2061 1459 2078 1490 ι
2113 1439 2269 1508 Quod
2299 1443 2346 1496 si
2366 1452 2546 1498 mente
2577 1445 2745 1516 aliqui
2775 1461 3029 1516 perversa
3051 1446 3310 1501 divinitus
3331 1445 3456 1501 fora

1879 1545 1978 1585 san
2006 1532 2280 1597 excaecati,
2312 1541 2408 1587 aut
2438 1534 2663 1589 avaritia
2699 1536 2883 1590 saeculi
2926 1535 3228 1605 perniciose
3269 1536 3452 1606 impli-

1879 1621 2008 1686 cati,
2035 1623 2316 1678 catholicaa
2343 1632 2399 1679 et
2441 1625 2753 1694 apostolicae
2794 1626 3114 1682 restiterunt
3147 1628 3447 1692 sententiae,

1880 1712 2009 1767 dum
2034 1729 2218 1769 secum
2251 1716 2567 1771 ratiocinari
2607 1728 2889 1788 coeperunt
2911 1761 2926 1784 ,
2970 1719 3152 1774 subito
3181 1720 3312 1775 satis
3347 1719 3454 1774 ob-'

200 1807 389 1862 furore
410 1807 595 1864 subito
620 1815 820 1863 terram
849 1809 1168 1864 invaserunt
1191 1809 1438 1877 ejusdem
1463 1806 1776 1870 comitissaz,
1813 1847 1854 1902 Β
1882 1812 2225 1872 mutuerunt;
2257 1806 2385 1875 quia
2423 1807 2700 1877 sapientia:
2743 1808 2890 1864 illius
2913 1809 3168 1865 resistere
3199 1825 3308 1864 non
3349 1824 3458 1878 po-

200 1908 461 1970 putantes
482 1907 655 1954 totam
702 1900 846 1956 illico
880 1916 994 1956 suae
1036 1900 1224 1966 ditioni
1262 1899 1573 1970 subjugare.
1628 1896 1780 1957 Tunc

199 2005 331 2060 ergo
400 1995 711 2062 congregati
760 2002 886 2048 sunt
939 2001 994 2046 et
1039 1992 1211 2048 nostri
1271 1992 1547 2062 siquidem.
1585 1989 1776 2060 pauci;

200 2081 463 2150 quoniam
499 2099 611 2138 una
655 2084 741 2138 vix
781 2085 868 2140 die
909 2085 1119 2154 praescii
1172 2084 1299 2140 facti
1343 2092 1507 2150 sunt;
1565 2098 1780 2137 verum-

203 2185 387 2230 tamen
412 2178 579 2233 nimis
614 2177 902 2240 confortati
942 2189 1101 2244 sunt;
1145 2179 1272 2247 quia
1314 2177 1568 2231 dominus
1599 2182 1782 2229 noster

206 2276 429 2322 sanctus
491 2267 782 2329 Anselmus
841 2270 1126 2340 episcopus
1182 2285 1337 2326 suam
1388 2268 1470 2324 eis
1525 2267 1780 2323 benedic-

205 2359 409 2414 tionem
469 2376 567 2430 per
629 2370 871 2416 nostram
919 2363 1115 2417 direxit
1163 2363 1524 2432 parvitatem:
1569 2361 1670 2414 hoc
1725 2361 1779 2413 in

208 2449 476 2504 mandatis
531 2451 803 2520 prmeipue
849 2452 1237 2506 commendans
1288 2451 1444 2505 nobis
1479 2459 1540 2504 ut
1595 2449 1641 2504 si
1687 2449 1782 2518 qui

207 2555 328 2592 cum
351 2543 840 2597 excommunicatis
855 2542 1368 2608 communicassent,
1384 2541 1638 2612 primitus
1661 2540 1783 2594 illos

209 2634 635 2701 absolveremus,
685 2644 740 2690 et
788 2644 918 2690 tunc
971 2637 1172 2705 pariter
1221 2651 1412 2691 omnes
1461 2633 1783 2690 auctoritate

210 2725 505 2793 apostolica
552 2733 606 2778 et
653 2741 750 2780 sua
784 2725 1248 2792 benediceremus,
1286 2726 1620 2781 instruentes
1665 2741 1780 2790 eos,

209 2828 317 2882 quo
350 2823 512 2883 pacto
537 2829 714 2884 quave
749 2815 1046 2870 intentione
1084 2815 1341 2871 deberent
1372 2830 1632 2886 pugnare,
1673 2813 1782 2871 sic-

209 2919 314 2973 que
340 2904 396 2957 in
421 2905 800 2960 remissionem
831 2908 1076 2960 omnium
1111 2915 1459 2976 peccatorum
1485 2923 1677 2962 eorum
1700 2906 1784 2960 in-

209 2995 404 3050 stantis
428 2995 558 3050 belli
590 2998 1052 3054 committeremus
1077 2999 1397 3068 periculum.

276 3083 446 3140 Facto
472 3086 656 3157 itaque
681 3103 976 3159 congressu
1009 3090 1270 3146 citissime
1295 3091 1457 3145 dorsa
1479 3090 1665 3145 hostes
1691 3089 1784 3145 de-

1881 1905 2123 1963 tuerunt,
2150 1896 2262 1952 imo
2303 1897 2671 1967 eloquentiam
2718 1898 2956 1955 hominis
2987 1907 3194 1955 tantam
3234 1907 3454 1970 tamque

1881 1986 2255 2042 rationabilem
2279 1987 2460 2042 mirati
2472 1996 2619 2043 sunt.
2632 1986 2860 2044 Omnem
2878 1990 3022 2044 enim
3045 2005 3257 2045 sacram
3271 1989 3455 2060 Scrip-

1883 2087 2059 2134 turam
2086 2078 2198 2136 fere
2220 2082 2534 2137 memoriter
2553 2084 2732 2144 novit(
2737 2083 2919 2155 itaut);
2937 2083 3068 2154 quid
3089 2083 3309 2154 singuli,
3323 2082 3464 2153 quid-

1879 2189 2070 2230 omnes
2101 2175 2178 2230 de
2202 2176 2396 2246 quavis
2419 2192 2586 2234 causa
2610 2179 2784 2234 sancti
2807 2178 3146 2248 expositores
3167 2171 3458 2244 sentirent;

1882 2280 2029 2331 mox,
2062 2273 2124 2320 ut
2147 2266 2534 2338 interrogares,
2562 2269 2936 2338 responderet.
2960 2267 3128 2323 Multa
3150 2267 3252 2323 sibi
3283 2268 3456 2323 sacris

1881 2371 1947 2410 ex
1993 2355 2290 2427 Scripturis
2319 2358 2580 2413 divinitus
2615 2359 2861 2428 exposita
2892 2360 3275 2430 cognovimus,
3315 2373 3458 2429 quo-

1882 2462 2004 2501 rum
2039 2448 2221 2517 aliqua
2248 2448 2316 2502 ab
2357 2447 2476 2518 ipso
2503 2448 2767 2504 habemus
2795 2449 3016 2519 scripta,
3049 2449 3229 2519 aliqua
3256 2448 3460 2503 retine-

1883 2553 2006 2593 mus
2033 2539 2089 2592 in
2126 2540 2407 2594 memoria.
2461 2539 2660 2594 Multos
2690 2540 2902 2595 libellos
2935 2539 3175 2610 propriis
3203 2537 3459 2595 manibus

1883 2629 2210 2699 conscripsit
2241 2629 2411 2700 (482).
2462 2630 2872 2702 Apologeticum
2907 2645 3078 2684 unum
3120 2625 3351 2685 diversis
3391 2644 3460 2683 ex

1883 2730 2198 2776 sanctorum
2229 2720 2452 2775 Patrum
2489 2722 2860 2776 voluminibus
2885 2721 3218 2790 compilavit,
3259 2721 3463 2789 quibus

1883 2810 2069 2868 domui
2095 2825 2246 2880 papa:
2267 2811 2612 2876 sententiam,
2634 2821 2689 2866 et
2710 2811 2964 2865 universa
2985 2811 3104 2880 ejus
3129 2809 3269 2866 facta
3297 2818 3460 2880 atque

1884 2907 2148 2970 praecepta
2175 2900 2454 2955 canonicis
2479 2899 2790 2955 defenderet
2822 2899 3128 2955 rationibus
3162 2907 3217 2953 et
3256 2914 3462 2969 appro-

1885 2991 2042 3047 baret
2085 2991 2406 3046 orthodoxis
2453 2991 2891 3046 auctoritatibus.
2931 2989 2990 3044 In
3019 2989 3460 3045 Lamentationes

1885 3082 2133 3138 Jercmiae
2161 3081 2610 3138 dilucidissimam
2654 3080 2783 3137 fecit
2805 3081 3222 3151 expositionem.
3252 3080 3463 3136 Psalte-

208 3175 437 3242 dcrunt;
491 3188 545 3231 et
585 3187 778 3244 captus
827 3188 911 3234 est
952 3196 1079 3234 mox
1115 3179 1430 3235 Parmensis
1471 3180 1781 3249 episcopus,
1806 3180 1854 3240 (ι
1887 3175 2028 3228 rium
2053 3189 2270 3244 quoque
2295 3182 2485 3243 rogatu
2509 3172 2962 3228 benedictissima:
2987 3171 3083 3226 Dei
3116 3171 3325 3226 ancillae
3347 3171 3465 3231 Μωτ

209 3275 261 3320 et
291 3267 502 3322 nobiles
528 3269 705 3335 multi,
735 3270 973 3326 minores
1002 3286 1132 3325 vero
1158 3271 1362 3341 absque
1388 3285 1650 3334 numero;
1689 3268 1782 3322 sed

207 3365 261 3410 ει
290 3365 638 3413 mortuorum
657 3375 767 3415 non
792 3369 875 3416 €51
899 3363 1149 3416 inventus
1172 3378 1451 3416 numerus.
1480 3360 1554 3416 De
1580 3361 1784 3416 HOStl‘iS

210 3455 390 3500 autem
421 3455 531 3502 tres
569 3448 771 3504 mortui
813 3459 958 3514 sunt,
991 3460 1045 3505 et
1068 3452 1332 3506 vulnerati
1363 3451 1548 3520 pauci;
1584 3467 1691 3522 qua
1727 3451 1782 3505 in

208 3549 266 3588 re
296 3535 529 3606 gloriam
559 3536 678 3604 Dei,
723 3548 776 3593 et
809 3539 1063 3594 virtutem
1098 3540 1488 3595 benedictionis
1532 3555 1786 3594 reveren-

207 3627 422 3682 dissimi
458 3631 707 3699 praesulis
741 3631 921 3686 ﬁdeles
966 3648 1158 3689 omnes
1204 3648 1496 3703 agnoscere
1534 3635 1781 3702 potestis.

209 3717 425 3775 Abhinc
445 3718 591 3772 enim
610 3719 837 3775 confusa
853 3730 980 3776 sunt
1002 3723 1379 3777 haereticorum
1405 3722 1784 3786 conciliabula,

208 3816 262 3862 et
289 3808 559 3864 declinata
584 3817 668 3866 est
693 3811 857 3867 nimis
882 3813 1022 3867 elata
1043 3829 1232 3868 eorum
1263 3812 1569 3867 insolentia.
1604 3812 1786 3868 Gavisi

210 3909 394 3955 autem
418 3909 475 3955 et
499 3900 790 3957 confortati
818 3911 944 3958 sunt
966 3919 1154 3958 omnes
1176 3903 1462 3968 Catholici,
1488 3903 1787 3974 praesertim

209 3991 408 4046 domus
439 3992 550 4054 illa.
575 4009 740 4064 quam
769 3993 826 4048 S.
854 3992 1014 4050 Pater
1037 4003 1224 4051 noster
1253 3995 1546 4050 Anselmus
1577 3996 1790 4064 episco-

211 4099 313 4153 pus
338 4083 779 4154 inexsuperatam
810 4094 997 4156 postea
1023 4086 1335 4151 custodivit,
1365 4101 1428 4141 ac
1463 4086 1519 4139 in
1551 4085 1656 4140 lide
1698 4101 1790 4140 ca-

213 4175 413 4230 tholica
451 4185 859 4245 permanentem
903 4177 1216 4232 reservavit.
1249 4175 1316 4230 Et
1364 4175 1540 4231 factus
1581 4175 1790 4230 est-illc

214 4265 379 4320 unius
409 4265 540 4320 olim
580 4266 818 4322 civitatis
861 4267 1167 4337 episcOpus,
1214 4267 1535 4320 innocenter
1572 4264 1789 4334 quidem

212 4355 493 4422 expulsus,
549 4355 844 4411 multarum
890 4357 1171 4412 civitatum
1220 4355 1418 4424 praesul
1448 4355 1786 4425 magniﬁcus.

212 4440 352 4498 Nam
395 4454 724 4514 potestatem
769 4447 819 4502 ei
861 4457 916 4502 et
944 4447 1115 4503 vicem
1169 4463 1322 4501 suam
1367 4447 1601 4501 domnus
1652 4461 1792 4515 papa

1885 3265 2070 3318 thildze
2089 3263 2340 3333 exposuit
2365 3261 2815 3327 luculentissime,
2840 3261 3074 3316 breviter
3094 3261 3336 3331 quidem,
3365 3261 3462 3316 sed

1887 3355 2091 3408 utiliter
2121 3369 2292 3423 usque
2314 3353 2466 3407 illum
2492 3354 2547 3408 in
2585 3353 2788 3412 locum.
2816 3352 2906 3406 ubi
2933 3352 3010 3407 ait
3038 3371 3052 3406 :
3083 3352 3466 3406 Benedizimua

1886 3448 2028 3501 vobis
2058 3448 2112 3500 in
2138 3447 2344 3499 nomine
2367 3444 2580 3498 Domini
2604 3442 2757 3514 (Psal
2808 3442 3053 3515 cxxvm).
3089 3442 3460 3514 lbisiquidem

1887 3539 2054 3593 vitam
2103 3546 2158 3593 et
2205 3537 2599 3607 expositionem
2644 3535 2847 3603 ﬁnivit,
2892 3536 3164 3606 nobisque
3205 3536 3466 3592 omnibus

1888 3629 2023 3682 alter
2048 3628 2354 3697 patriarcha
2388 3625 2556 3681 Jacob
2577 3625 2884 3692 benedixit;
2923 3627 3102 3696 cujus,
3129 3634 3191 3680 ut
3208 3625 3464 3681 omnibus

1888 3729 2076 3774 notum
2107 3728 2208 3786 est,
2238 3719 2548 3774 universam
2573 3717 2627 3771 in
2662 3715 2874 3772 Italiam
2898 3717 3205 3773 benedictio
3235 3717 3463 3772 descen-

1887 3813 1986 3868 dit.
2041 3812 2098 3866 ln
2151 3813 2328 3882 ipsum
2388 3811 2590 3866 etenim
2623 3819 2678 3867 et
2729 3829 2826 3883 per
2877 3812 3057 3880 ipsum
3109 3809 3350 3864 haeretici
3401 3823 3466 3862 ac

1889 3903 2223 3959 schismatici
2279 3903 2372 3958 alii
2432 3911 2842 3971 convertuntur,
2895 3903 2986 3956 alii
3035 3900 3464 3963 confunduntur,

1889 4012 2122 4066 quorum
2153 4011 2280 4050 mox
2324 3995 2512 4049 dentes
2563 3994 2986 4065 eonfringuntur
3027 3993 3292 4062 ipsorum,
3335 3992 3466 4046 dum

1892 4087 2062 4156 ipsius
2093 4084 2306 4140 Domini
2334 4084 2510 4139 verbis
2533 4085 2896 4154 respondetur
2924 4083 3004 4138 eis
3041 4102 3052 4135 :
3099 4082 3240 4136 Caeci
3265 4081 3463 4141 vident,

1893 4175 2069 4232 claudi
2128 4172 2426 4240 ambulant,
2480 4173 2630 4226 surdi
2682 4173 2940 4237 audiunt,
2992 4173 3126 4223 muti
3181 4169 3468 4238 loquuntur

1895 4265 2111 4336 (Matth.
2139 4265 2247 4336 χι),

1963 4357 2038 4413 De
2085 4357 2411 4415 abstinentia
2463 4371 2591 4411 vero
2644 4356 2792 4411 illius
2831 4353 2962 4425 quid
3010 4355 3221 4409 dicam?
3266 4349 3468 4406 Omnes

1895 4446 2008 4501 fere
2040 4447 2191 4502 cibos
2219 4446 2410 4501 habuit
2439 4454 2699 4514 tanquam
2747 4459 2965 4510 exosos,
3001 4444 3166 4498 etiam
3189 4440 3467 4496 delicatis.

195 4509 490 4604 {commisit
522 4553 620 4608 per
643 4555 860 4594 omnem
893 4539 1350 4612 Longobardiam,
1393 4539 1486 4594 ubi
1527 4509 1792 4593 Catholici
1823 4509 1868 4565 Β
1887 4538 2102 4592 simos:
2141 4551 2262 4605 quae
2295 4509 2569 4604 praedicta
2601 4522 2772 4603 ipsius
2807 4533 2862 4587 in
2901 4532 3124 4587 Christo
3181 4532 3291 4586 lilia
3329 4543 3471 4598 saepe

215 4641 325 4686 non
373 4627 709 4684 haberentur
757 4631 1019 4701 episcopi,
1074 4631 1172 4702 qui
1199 4639 1326 4686 tunc
1377 4629 1794 4686 inveniebantur
1895 4630 1996 4685 sibi
2019 4628 2330 4698 exquisivit,
2359 4642 2466 4682 non
2499 4627 2646 4689 diro,
2689 4641 2801 4680 non
2837 4624 3207 4690 manducavit,
3247 4621 3338 4677 sed
3380 4620 3469 4674 vix

214 4730 361 4775 certe
383 4721 674 4776 rarissimi.

285 4809 636 4869 Concurrunt
665 4814 847 4886 itaque
870 4815 937 4871 ad
967 4815 1145 4886 ipsum
1169 4817 1238 4872 ab
1270 4816 1527 4872 omnibus
1548 4815 1794 4884 partibus

216 4900 608 4974 Longobardize
640 4914 908 4976 quotquot
928 4908 1102 4962 zelum
1124 4908 1325 4963 habent
1345 4909 1467 4964 ﬁdei
1490 4907 1788 4962 catholica.

216 4987 293 5045 ibi
320 4993 753 5052 benedictionem
793 4995 1079 5062 Catholici,
1127 4996 1524 5053 absolutionem
1569 5010 1792 5051 excom-

218 5085 506 5153 municati,
533 5087 628 5142 sed
672 5090 939 5154 conversi,
978 5089 1252 5159 accipiunt
1285 5109 1296 5143 :
1330 5091 1400 5144 ibi
1428 5091 1689 5154 chrisma,
1720 5089 1793 5143 ibi

219 5191 398 5208 can-uu-
454 5181 675 5208 Ahl‘:nl\ﬂ
709 5182 997 5208 Λυηοιε-.νι4
1015 5201 1028 5208 -
1083 5183 1190 5208 2112⁸
1243 5182 1464 5208 ,δι-ιλιι.-ιῖ
1517 5181 1767 5208 ηλ1κσε---.

1891 4720 2145 4788 gustavit.
2177 4717 2386 4773 Cuncta
2416 4717 2599 4771 saeculi
2633 4715 3002 4770 blandimenta
3027 4722 3082 4769 et
3104 4711 3354 4784 corporis
3377 4710 3474 4772 de;

1893 4814 2068 4878 lictas,
2096 4811 2294 4882 quibus
2321 4810 2558 4880 gaudent
2599 4808 2870 4872 homines,
2914 4806 3028 4874 ipse
3069 4805 3173 4861 sibi
3203 4801 3474 4860 convertit

1896 4905 1952 4958 in
1987 4911 2340 4969 tormentum,
2375 4897 2743 4955 abominando
2775 4897 3008 4966 singula,
3041 4904 3305 4967 tanquam
3327 4907 3474 4962 qua:-

1893 4995 2027 5050 libet
2071 5009 2300 5052 venena.
2348 4990 2512 5044 Cibos
2557 5002 2778 5057 quoque
2800 4985 3096 5056 appositos,
3132 4987 3268 5043 dum
3296 4998 3329 5036 a
3365 4982 3477 5035 cir-

1896 5083 2338 5146 cumsedentibus
2367 5079 2636 5134 interdum
2669 5093 2886 5134 sumere
2913 5089 3222 5148 cogeretur,
3250 5071 3482 5130 inﬁrmi-

1897 5183 2062 5208 οηιηηι
2111 5183 2198 5208 ...ιο
2229 5179 2412 5208 vntum
2458 5167 2540 5208 vol
2568 5167 2863 5208 ntrnmlilmt
2888 5168 3237 5208 nonncinnnns
3259 5167 3484 5208 honeste
