3988 5328
505 328 610 384 959
1483 327 1574 382 AD
1609 326 1840 384 OPERA
1879 329 1936 386 S.
1975 323 2304 388 GREGOIUI
2338 330 2776 390 APPENDICES.
3501 323 3512 324 ί
3657 333 3751 388 θεο

505 441 692 499 munis
725 441 1007 498 hominum
1030 441 1386 506 consuetudo,
1412 443 1722 510 mastlcare,
1747 460 1816 500 ne
1838 445 2078 515 aliquam
2107 452 2151 506 Α
2178 457 2233 504 et
2253 448 2308 502 in
2331 448 2586 514 cameris,
2613 449 2754 502 inter
2787 463 3020 518 quaeque
3070 447 3339 518 colloquia
3385 448 3474 502 vel
3514 449 3754 514 consilia,

505 531 846 588 dulcedinem
871 539 1108 604 caperet,
1135 531 1229 589 sed
1250 533 1489 590 molliter
1530 543 1732 590 tactam
1761 545 1818 592 et
1849 537 2086 592 breviter
2187 547 2282 593 aut
2313 539 2632 609 praedicavit
2671 541 2766 593 aut
2811 538 3063 608 quaelibet
3113 538 3254 593 bona
3296 539 3465 593 verba
3519 540 3754 608 protulit.

505 624 805 682 involutam
827 623 1186 694 consumpsit.
2186 627 2342 695 Quod
2365 641 2526 684 suum
2557 629 2786 684 tldeliter
2808 629 2978 684 secuti
3005 637 3135 684 sunt
3160 629 3449 684 consilium
3471 673 3487 694 ,
3509 628 3654 684 sicut
3685 629 3758 686 eis

577 716 682 772 Per
705 725 874 772 totam
905 731 1047 787 saepe
1070 731 1318 772 mensam
1343 732 1454 772 non
1485 717 1648 786 bibit;
1674 733 1888 785 verum,
1930 717 1980 773 si
1999 733 2088 774 ar-
2186 719 2466 790 praedixit,
2492 720 2572 775 sic
2606 728 2661 774 et
2691 719 2890 790 sepius
2924 719 3033 775 illis
3068 720 3267 774 evenit.
3303 717 3361 773 Si
3411 735 3524 772 non
3581 697 3810 814 omnesf

505 810 723 886 dentius
771 810 1101 880 quandoque
1141 809 1263 866 sitis
1309 810 1578 878 incubuit,
1631 811 1780 868 circa
1831 825 2088 882 vesperae
2187 826 2414 881 prorsus
2440 810 2726 876 convertit,
2764 809 3032 865 ﬁdeliores
3073 819 3254 864 tamen
3304 810 3492 880 plures
3545 807 3658 862 Deo

505 900 744 972 fortasse
801 901 1076 956 modicum
1143 917 1299 972 aqua:
1355 901 1610 972 privatim
1661 902 1866 958 hausit.
1949 899 2089 956 Nam
2189 901 2424 957 dominae
2449 901 2694 972 ipsorum
2724 900 3040 956 reservavit.
3089 900 3293 955 Omnes
3335 913 3466 953 vero
3509 914 3544 952 a
3585 897 3763 951 multis

505 1000 562 1046 et
589 993 660 1068 in
694 991 810 1062 ipsa
857 1007 1020 1063 aqua,
1045 1001 1212 1063 prout
1263 1008 1479 1048 mecum
1529 1007 1676 1063 serpe
1722 993 1942 1048 locutus
1981 999 2088 1058 est,

506 1085 648 1155 gula:
699 1084 1137 1156 gastrimarglam
1195 1085 1504 1152 aestimavit,
1567 1084 1824 1156 laqueum
1883 1082 2088 1150 timuit,

506 1175 738 1256 ideoque
759 1177 977 1248 parcius
1007 1177 1282 1234 delihavit.
1299 1175 1454 1244 Quod
1485 1176 1534 1232 si
1563 1184 1774 1232 natura:
1793 1173 2090 1230 necessitas

2263 1196 2565 1267 Religiosos
2592 1197 3176 1252 omnes'vencrahatur
3202 1205 3262 1250 ut
3281 1193 3496 1258 Patres,
3523 1195 3764 1262 increpa—

507 1281 618 1323 non
665 1277 900 1340 cogeret,
941 1267 1231 1334 insomnis,
1287 1277 1346 1322 ut
1395 1267 1610 1338 opinor,
1656 1266 1806 1322 omni
1847 1274 2091 1335 tempore

2227 1285 2269 1340 it
2296 1266 2706 1356 delinquentes;
2745 1293 2798 1339 et
2835 1285 3150 1340 hmreticum
3201 1284 3480 1338 hominem
3536 1281 3767 1336 secundo

505 1369 871 1430 permaneret.
923 1359 1092 1417 Nocte
1138 1370 1252 1418 tota
1294 1370 1389 1418 aut
1426 1361 1578 1432 legit,
1605 1367 1702 1416 aut
1721 1357 1962 1429 scripsit,
1998 1363 2094 1412 aut

2229 1387 2288 1433 ut
2309 1379 2470 1433 tertio
2497 1387 2829 1448 correptum,
2855 1378 2951 1432 sed
2991 1392 3101 1432 non
3132 1384 3462 1441 correctura,
3495 1373 3764 1428 devitavit.

507 1453 718 1519 oravit;
762 1461 837 1522 et,
881 1454 927 1510 si
956 1454 1152 1510 fortius
1185 1453 1464 1510 insisteret
1491 1468 1740 1516 somnus,
1768 1459 1920 1508 stans
1961 1450 2091 1505 dor-
2193 1471 2295 1525 per
2325 1471 2568 1542 singulas
2591 1469 2864 1525 Ecclesias
2886 1469 2942 1524 in
2976 1469 3126 1524 omni
3155 1483 3321 1539 supra
3369 1468 3533 1522 diem
3582 1469 3770 1537 δωρεαὶ

509 1543 752 1612 mitavit;
777 1547 921 1616 quod
947 1545 995 1602 si
1015 1542 1302 1602 delicatius
1325 1545 1618 1610 interdum,
1636 1545 1692 1598 in
1713 1559 1891 1615 genua
1919 1557 2093 1612 usque

2222 1563 2426 1620 iominze
2474 1570 2619 1618 terra
2670 1563 2974 1634 regularem
3019 1562 3342 1617 clericorum
3370 1561 3456 1614 vel
3481 1561 3771 1614 monacho.

507 1638 832 1707 provolutus
879 1638 1155 1694 dormivit.
1209 1637 1270 1694 In
1300 1639 1442 1695 lecto
1504 1637 1724 1708 quidem
1788 1635 2091 1702 rarissime,

2226 1668 2316 1708 um
2337 1653 2645 1723 composuit
2670 1652 2872 1719 vitam;
2909 1651 3002 1722 qui
3031 1659 3086 1707 et
3110 1651 3269 1706 malle
3296 1667 3356 1706 se
3402 1651 3586 1719 inquit
3627 1657 3685 1703 ut
3723 1650 3770 1702 in

509 1727 617 1785 nisi
643 1745 858 1795 summa
886 1739 1113 1803 cogente
1145 1731 1472 1788 verecundia
1493 1729 1578 1785 vel
1610 1729 1965 1795 necessitate;
1993 1742 2094 1784 nec

2222 1744 2438 1800 Ecclesia
2487 1745 2672 1801 nullus
2721 1753 2868 1800 esset
2907 1745 2994 1800 vel
3043 1743 3278 1799 clericus
3319 1743 3407 1797 vel
3451 1741 3772 1805 monachus,

506 1819 650 1876 idem
682 1821 836 1878 horis
867 1823 1170 1893 productis,
1203 1823 1300 1880 sed
1329 1823 1490 1894 quasi
1530 1821 1846 1878 momentis.
1887 1818 2090 1875 Paulo—

2222 1847 2360 1904 [uam
2407 1833 2748 1905 irregularis,
2777 1841 2842 1888 ut
2864 1833 2938 1888 ita
2965 1833 3165 1897 dicam,
3215 1839 3272 1887 et
3304 1831 3668 1902 irreligiosus.
3722 1829 3774 1884 ῐσι

507 1912 694 1968 minus
716 1913 833 1984 iam
865 1914 1042 1985 ipsam
1063 1915 1340 1972 (Ῐθνίεετειῑ
1375 1925 1630 1972 “almam
1662 1923 1724 1970 ιη
1744 1929 1854 1969 ηοιι
1873 1914 1988 1984 iam
2013 1912 2096 1966 Vi“
2193 1923 2395 1980 divinis
2420 1923 2694 1994 siquidem
2724 1923 2914 1980 ofﬁciis
2957 1919 3068 1995 quo
3115 1919 3308 1978 affectu
3352 1938 3534 1992 quave
3585 1921 3776 1977 contri-

508 2004 731 2061 deretur
757 2006 978 2078 camus,
1014 2009 1111 2064 sed
1145 2011 1307 2080 quasi
1345 2010 1572 2081 spiritus
1603 2017 1770 2065 totus.
1815 2007 1955 2062 Vere
1997 2021 2097 2077 po-
2194 2014 2340 2070 tione
2365 2013 2550 2074 fuerit.
2571 2030 2684 2070 non
2709 2013 2918 2070 sufﬁcio
2937 2013 3208 2082 deponere
3232 2009 3580 2084 {exponere}.

2191 1009 2333 1064 stupe
2383 993 2679 1049 sceleribus
2726 993 2990 1059 coercuit,
3046 999 3236 1046 contra
3288 990 3578 1045 haereticos
3627 995 3764 1044 stare

2191 1084 2338 1152 fecit,
2365 1094 2562 1156 prmter
2586 1085 2727 1140 filios
2746 1085 3096 1140 tenebrarum
3123 1097 3448 1154 perpaucos.

509 2096 719 2155 tuimus
759 2099 817 2155 in
857 2100 952 2157 illo
993 2099 1350 2173 Evangelium
1403 2103 1530 2169 hoc,
1583 2117 1650 2158 ac
1690 2100 1810 2174 [pro
1843 2096 2017 2171 velut]
2048 2097 2096 2154 si

511 2191 868 2260 corporaliter
907 2207 1224 2264 agnoscere,
1253 2194 1384 2265 quia
1417 2210 1520 2248 non
1554 2194 1612 2248 in
1651 2193 1764 2247 solo
1795 2208 1928 2262 pane
1972 2190 2097 2245 vivit

513 2280 687 2348 homo,
714 2282 806 2336 sed
833 2283 890 2338 in
915 2285 1060 2338 omni
1094 2284 1253 2339 verba.
1268 2284 1368 2340 Dei
1395 2283 1615 2354 (Matth.
1641 2284 1738 2353 ιν).
1781 2281 1940 2348 Nam,
1967 2282 2098 2336 dum

514 2385 733 2426 omnem
776 2372 884 2429 sibi
932 2371 1047 2428 fere
1075 2374 1281 2428 victum
1333 2375 1706 2439 subtraheret,
1748 2373 1872 2443 plus
1914 2381 2098 2426 tamen

512 2461 771 2519 omnibus
790 2463 1075 2520 laboravit.
1115 2463 1316 2520 Venias
1339 2465 1406 2521 de
1427 2473 1610 2531 nocte,
1649 2473 1746 2520 aut
1774 2464 1822 2520 si
1845 2462 2098 2534 privatim

511 2554 716 2622 posuit,
742 2554 799 2610 in
818 2555 908 2616 die
933 2554 1064 2613 fecit
1092 2557 1411 2628 permultas.
1439 2557 1521 2612 Ad
1548 2557 1766 2612 tertiam
1789 2572 1967 2627 usque
1989 2564 2102 2611 sta-

514 2647 608 2703 bat
645 2647 1109 2719 frequentissime.
1148 2648 1209 2704 In
1248 2649 1640 2706 consecrandis
1684 2662 1814 2704 vero
1855 2646 2102 2703 ecclesiis

512 2740 602 2796 vel
633 2739 866 2810 altariis,
904 2742 1064 2813 quasi
1094 2742 1291 2813 plenus
1339 2741 1556 2812 spiritu,
1594 2741 1877 2798 infremuit
1909 2749 2059 2796 totus
2086 2757 2098 2792 :

516 2831 646 2902 quia
689 2831 921 2888 ferventi
962 2847 1181 2903 semper
1223 2833 1530 2889 devotionis
1583 2849 1790 2900 amore,
1837 2829 2104 2903 quidquid

515 2931 636 2980 erat
658 2923 1095 2980 ecclesiasticum
1131 2925 1356 2995 peregit.
1387 2923 1723 2980 Mirabamur
1743 2939 1938 2979 omnes
1973 2922 2105 2978 sub-

514 3015 730 3072 tilitatis
747 3015 868 3088 ejus
887 3016 1352 3088 inexsuperabiles
1373 3014 1539 3084 vires,
1554 3017 1683 3089 quia
1710 3017 1868 3074 nobis
1888 3009 2104 3088 penitus

515 3107 846 3181 penitusque
874 3109 1056 3176 lassis,
1085 3109 1236 3166 solus
1263 3109 1566 3166 laborabat.

501 3206 507 3223 '
591 3198 664 3258 Ut
687 3209 869 3258 autem
896 3201 1192 3258 missarum
1219 3201 1288 3256 ad
1313 3201 1576 3258 solemnia
1607 3211 1828 3258 ventum
1853 3213 1955 3268 est,
1980 3218 2110 3258 con-

519 3292 705 3348 festim
734 3301 880 3348 totus
904 3292 1160 3365 lacrymis
1183 3293 1460 3348 manabat.
1489 3291 1715 3348 Librum
1745 3293 1924 3349 ubivis
1957 3291 2106 3366 [ubi-

523 3380 766 3455 cunque]
799 3381 1019 3453 r'eperit,
1071 3382 1256 3438 statim
1308 3381 1641 3452 perscrutari
1696 3383 2112 3454 diligentissime

523 3471 770 3539 studuit;
819 3480 882 3528 ut
907 3473 1393 3548 quidquidtdiebus
1438 3481 1702 3544 tanquam
1743 3475 2112 3544 percurrendo

527 3571 796 3631 carperet,
820 3561 874 3618 id
903 3563 1159 3620 noctibus
1187 3563 1416 3634 pleniter
1451 3564 1774 3620 ruminaret.
1809 3564 1868 3620 Si
1893 3566 2113 3636 quando

527 3653 586 3706 in
607 3652 972 3722 expeditione,
996 3654 1141 3710 sicut
1153 3654 1374 3725 saepius,
1399 3662 1495 3710 aut
1521 3654 1576 3709 in
1601 3652 1793 3710 itinere
1822 3654 1925 3710 fuit
1945 3697 1961 3722 ,
1988 3655 2116 3710 licet

531 3742 766 3798 multum
811 3742 1070 3816 fatigatus
1093 3785 1108 3810 ,
1143 3760 1252 3800 non
1309 3753 1489 3800 tamen
1533 3753 1629 3801 aut
1679 3744 1862 3800 cibum
1913 3746 2116 3802 idcirco

529 3834 736 3890 lautius
764 3834 1024 3906 sumpsit,
1048 3843 1144 3890 aut
1173 3835 1228 3890 in
1264 3835 1404 3891 lecto
1429 3835 1656 3908 quievit.
1708 3834 1950 3892 Summae
1994 3837 2116 3908 ejus

529 3924 758 3993 deliciae,
785 3935 880 3982 aut
907 3924 1121 3982 fructus
1159 3924 1383 3982 fuerunt
1404 3934 1500 3982 aut
1525 3927 1725 3983 herbae.
1751 3924 1982 3984 Omnem
2028 3927 2114 3982 vi-

533 4025 642 4072 tam
664 4025 719 4072 et
744 4017 1211 4073 conversationem
1241 4031 1397 4072 suam
1415 4057 1430 4084 ,
1463 4023 1730 4087 quantum
1752 4015 1947 4087 potuit,
1992 4016 2120 4072 abs-

535 4107 750 4175 condit;
803 4107 921 4164 sive
942 4107 1046 4164 fuit
1085 4123 1212 4164 cum
1259 4108 1415 4164 hoste
1447 4107 1502 4163 in
1531 4123 1746 4178 campo,
1769 4106 1885 4163 sive
1930 4107 2115 4178 priva-

530 4199 632 4254 tim
667 4199 724 4254 in
771 4199 960 4268 domo,
1003 4199 1207 4256 lectum
1267 4215 1430 4255 suum
1478 4199 1690 4255 modica
1745 4198 2121 4254 circumdabat

533 4289 766 4356 cortina,
795 4289 981 4361 ibique
1021 4287 1106 4362 [ut
1136 4289 1236 4362 ibi]
1255 4289 1406 4345 solus
1426 4289 1512 4345 vel
1539 4289 1760 4362 legeret,
1789 4290 1875 4345 vel
1908 4289 2118 4346 scribe-

530 4389 635 4436 ret.
693 4381 742 4436 Α
799 4380 980 4437 media
1031 4395 1246 4450 semper
1297 4387 1478 4446 nocte,
1534 4380 1677 4436 sicut
1718 4380 1796 4436 ait
1849 4379 2121 4452 Propheta

2263 2120 2411 2177 Nihil
2460 2122 2514 2176 in
2557 2123 2790 2178 ecclesia
2835 2123 3013 2194 legere
3060 2121 3338 2192 permisit,
3368 2130 3570 2192 praeter
3603 2122 3779 2176 ortis»

2197 2217 2465 2272 doxorum
2505 2216 2731 2274 Patrum
2761 2218 3084 2290 scripturas,
3109 2220 3253 2273 sicut
3306 2230 3496 2272 saneta
3550 2219 3782 2287 prmeipit

2199 2307 2518 2364 auctoritas.
2551 2306 2812 2364 Ordinem
2861 2317 2916 2364 et
2956 2307 3331 2373 concordiam,
3367 2317 3480 2362 tam
3518 2307 3578 2361 in
3629 2317 3783 2362 cantu

2199 2416 2365 2471 quam
2393 2400 2448 2454 in
2470 2399 2822 2466 lectionibus,
2856 2408 3021 2471 prout
3067 2399 3243 2454 sancti
3297 2398 3488 2454 Patres
3529 2406 3784 2460 statuere,

2202 2500 2432 2547 conatus
2462 2500 2547 2547 est
2572 2491 2884 2547 observare.
2912 2491 3236 2562 Apocrypha
3262 2489 3472 2556 omnia,
3495 2489 3640 2545 sicut
3665 2489 3789 2543 hea-

2201 2584 2447 2640 tissimus
2475 2599 2612 2656 papa
2637 2583 2748 2640 Leo
2770 2584 3075 2648 constituit,
3107 2583 3163 2636 in
3201 2581 3461 2658 Ecclesiae
3489 2579 3594 2634 nim
3639 2596 3791 2634 rece-

2202 2676 2281 2746 pit
2310 2675 2516 2742 cilicio;
2549 2687 2648 2746 pro
2668 2661 2902 2730 lectione
2926 2683 3105 2730 tamen
3130 2672 3388 2744 privatim
3416 2669 3471 2726 in
3495 2687 3682 2726 mensa
3706 2671 3791 2725 vel

2204 2765 2490 2821 collatione
2520 2781 2631 2820 non
2654 2766 2860 2836 respuit
2879 2765 3125 2820 omnino.

2275 2873 2522 2932 Psalmos
2546 2877 2766 2947 quidem
2792 2885 2852 2931 ut
2879 2884 3038 2934 caute
3072 2891 3136 2932 ac
3184 2873 3489 2939 meditatim
3539 2882 3792 2928 cantare-

2206 2984 2330 3024 mus
2379 2969 2675 3040 prazcepit,
2731 2968 2976 3039 alioquin
3030 2983 3224 3039 aspere
3267 2969 3594 3038 increpavit.
3641 2967 3796 3022 Novit

2208 3059 2354 3116 Deus
2375 3061 2635 3130 quoniam
2656 3059 2880 3116 videbar
2906 3059 3156 3116 mihimet
3197 3060 3496 3130 aliquando
3536 3068 3794 3129 tanquam

2132 3145 2174 3203 C
2207 3153 2400 3224 plenus
2425 3153 2617 3224 Spiritu
2643 3169 2710 3208 ex
2736 3153 2908 3224 ipsius
2933 3161 3178 3222 aspectu,
3209 3161 3263 3206 et
3281 3194 3294 3216 ,
3325 3151 3488 3224 quasi
3531 3152 3644 3206 mei
3666 3151 3796 3206 obli-

2212 3255 2320 3310 tus,
2343 3243 2629 3298 videbatur
2648 3243 2736 3298 ille
2764 3243 2897 3298 mihi
2928 3241 3078 3296 velut
3118 3243 3363 3312 angelus.
3419 3239 3571 3296 Inter
3614 3241 3798 3296 divina

2212 3332 2469 3404 mysteria
2495 3348 2776 3403 nunquam
2798 3333 2884 3387 vel
2909 3348 3038 3388 raro
3066 3332 3308 3388 sedebat.
3354 3331 3660 3387 Missarum
3712 3346 3798 3386 so-

2213 3424 2414 3480 lemnia
2441 3439 2756 3495 nunquam,
2783 3433 2946 3495 prout
3000 3423 3283 3496 percipere
3328 3422 3642 3494 potuimus,
3687 3422 3800 3478 sine

2214 3515 2472 3588 lacrymis
2497 3517 2750 3587 explevit.
2775 3515 2914 3571 Ante
2935 3516 3120 3572 omnia
3144 3531 3274 3570 vero
3301 3514 3358 3570 id
3391 3515 3563 3571 studii
3594 3528 3804 3584 semper

2216 3607 2409 3663 habuit
2439 3618 2714 3678 quatenus
2737 3609 2976 3678 primum
3015 3611 3342 3680 magistrum
3385 3623 3552 3663 suum
3611 3621 3802 3676 papam

2217 3697 2539 3771 Gregorium
2569 3697 2874 3774 imitaretur
2901 3699 2957 3753 in
2987 3699 3267 3766 omnibus,
3310 3699 3449 3754 adeo
3495 3706 3558 3753 ut
3603 3698 3805 3754 discre-

2216 3799 2346 3862 pare
2367 3791 2438 3846 ab
2472 3791 2568 3846 illo
2599 3806 2828 3863 prorsus
2872 3791 3039 3846 nollet
3087 3791 3250 3846 etiam
3292 3792 3346 3845 in
3396 3797 3610 3860 aliquo.
3663 3788 3806 3844 Illius

2219 3897 2433 3954 semper
2457 3883 2667 3940 meritis
2693 3883 2942 3939 attribuit
2969 3883 3236 3954 quidquid
3267 3883 3322 3938 in
3357 3883 3480 3952 ipso
3504 3881 3634 3937 fuit.

2290 3993 2431 4052 Dum
2455 3994 2622 4052 vitam
2649 3993 3030 4051 rememoravit
3044 3993 3404 4050 monasticam
3417 4000 3475 4047 et
3485 3991 3806 4054 solitariam,

2219 4101 2387 4158 quam
2430 4103 2490 4144 se
2540 4085 2736 4143 crebro
2795 4085 3010 4142 deﬂevit
3056 4085 3330 4151 amisisse,
3374 4084 3704 4139 consolatus
3755 4081 3818 4136 in

2218 4181 2412 4236 eodem
2437 4179 2702 4251 magistro
2729 4185 2813 4234 est
2834 4177 2962 4249 quia
2987 4177 3254 4234 obediens
3291 4176 3396 4232 sibi
3441 4191 3630 4245 usque
3659 4176 3728 4230 ad
3759 4174 3810 4228 id

2219 4269 2400 4328 factus
2427 4279 2528 4327 est.
2580 4269 2674 4327 Ille
2694 4269 2820 4326 fons
2845 4277 2992 4337 erat;
3041 4269 3133 4325 hic
3173 4267 3334 4340 quasi
3357 4267 3514 4322 rivus
3539 4267 3725 4322 bonus
3747 4266 3817 4320 ab

2221 4365 2316 4421 illo
2345 4365 2562 4430 ﬂuebat,
2594 4371 2649 4418 et
2681 4362 2894 4418 aridam
2937 4360 3219 4434 irrigabat.
3265 4359 3360 4415 Ille
3417 4367 3608 4430 caput,
3641 4366 3809 4413 totum

535 4471 713 4543 (Paul.
735 4475 948 4544 cxvtn),
973 4472 1042 4528 ad
1071 4449 1306 4528 cilicium
1335 4473 1594 4544 surgebat
1629 4449 1982 4540 matutinale,
2014 4473 2111 4529 nisi

2225 4471 2427 4526 corpus
2473 4454 2844 4526 gubernabat;
2901 4451 3036 4520 iste,
3076 4451 3236 4523 quasi
3283 4465 3483 4506 manus
3533 4449 3780 4505 studiosa
3795 4490 3820 4515 ,,

535 4539 664 4619 raro
696 4539 944 4634 parceret
960 4562 1224 4620 debilitati
1252 4563 1377 4619 filim
1413 4539 1518 4619 sibi
1561 4565 1889 4631 commissae,
1917 4539 2111 4621 scilicel

2223 4548 2372 4618 quod
2395 4546 2704 4618 iniunctum
2737 4552 2846 4613 est,
2889 4543 3202 4615 peragebat.
3230 4541 3323 4598 Ille
3365 4541 3512 4598 sicut
3559 4541 3646 4596 sol
3697 4539 3816 4594 illu-

539 4655 790 4726 gloriosw
814 4655 1049 4712 dominae
1071 4653 1371 4722 Muthildas;
1401 4667 1529 4708 nam
1551 4661 1728 4710 mater
1745 4653 1990 4710 omnium
2013 4655 2124 4708 vir-

537 4753 722 4802 tutum
743 4746 1005 4803 discretio
1038 4745 1300 4816 regnabat
1333 4744 1388 4799 in
1420 4744 1560 4815 ipso.
1597 4742 1644 4800 0
1695 4745 1906 4804 felicem
1953 4745 2124 4813 illam,

540 4837 630 4890 cui
657 4837 803 4904 talis,
827 4846 938 4892 tam
963 4835 1224 4908 providus
1245 4849 1460 4906 semper
1479 4833 1754 4894 assidebat
1779 4836 2126 4908 pmdagdgus,

542 4941 654 4982 non
682 4935 942 4998 tanquam
968 4927 1134 4983 homo
1183 4927 1464 4998 providus,
1491 4927 1583 4982 sed
1606 4935 1666 4982 ut
1698 4926 1910 4998 providi
1949 4925 2132 4980 censi—-

537 5015 600 5070 lii
627 5016 887 5086 angelus!
914 5015 1232 5088 Nunquam,
1263 5026 1326 5074 ut
1359 5017 1616 5086 arbitror,
1641 5025 1854 5074 astante
1878 5017 1990 5084 illo,
2035 5026 2130 5074 aut

544 5105 867 5162 defraudata
888 5103 971 5161 est
990 5116 1085 5162 aut
1106 5105 1349 5178 decepta.

520 5227 529 5252 ι
624 5194 760 5250 lIire
809 5195 1138 5262 mirandum,
1180 5198 1312 5254 dum
1359 5209 1528 5256 totam
1575 5200 1903 5272 quandoque
1959 5207 2128 5254 staret

549 5287 693 5328 (“Dm
720 5297 844 5328 an
875 5283 1225 5328 mrtlarihne
1250 5287 1304 5328 in
1329 5290 1570 5328 nnnciliic
1593 5291 1839 5328 nlui-imi:
1861 5299 1914 5328 ot
1945 5289 2127 5328 divor—

2227 4639 2457 4698 minavit
2517 4638 2744 4705 omnia;
2830 4637 2934 4694 iste
3000 4637 3148 4691 velut
3205 4633 3464 4704 splendor
3520 4630 3818 4688 declaravit

2230 4731 2467 4802 singula.
2535 4728 2630 4786 Ille
2685 4727 2930 4784 moriens
2977 4726 3199 4784 mitram
3246 4724 3446 4795 capitis
3492 4724 3584 4780 sui
3633 4731 3816 4778 trans-

2235 4825 2386 4880 misit
2414 4824 2504 4880 isti
2535 4831 2796 4893 tanquam
2819 4828 3146 4892 potestatem
3183 4831 3338 4874 suam
3371 4817 3582 4887 ligandi
3617 4823 3678 4872 et
3710 4815 3816 4870 sol-

2231 4917 2414 4984 vendi,
2439 4916 2534 4972 sed
2545 4927 2600 4972 et
2621 4913 2908 4978 miracula,
2933 4911 3117 4978 credo,
3145 4908 3402 4964 faciendi.

2301 5007 2440 5064 Nam
2463 5021 2572 5062 non
2601 5005 2774 5060 multo
2797 5011 2938 5074 post,
2961 4999 3421 5072 cognoscentibus
3449 4999 3617 5055 nobis
3645 4997 3819 5054 omni-

2229 5103 2354 5166 bus,
2385 5113 2482 5170 per
2509 5096 2682 5167 ipsius
2703 5093 2994 5151 consilium
3015 5101 3074 5148 et
3099 5093 3257 5148 Iidem
3279 5105 3538 5160 magnam
3562 5089 3815 5161 praeclara

2229 5191 2478 5266 quzedam
2500 5187 2629 5245 fecit
2655 5187 2801 5242 Deus
2837 5200 2933 5256 per
2976 5184 3223 5239 eamdem
3265 5181 3486 5236 mitram
3523 5180 3814 5236 mirabilia.

2228 5284 2376 5328 ῐιιιρι·
2399 5283 2501 5328 alia
2525 5281 2670 5328 enim
2716 5275 3208 5328 mverendissimus
3247 5272 3510 5328 dominus
3555 5269 3817 5328 Ubaldus.
