3988 5328
189 266 289 323 92!

1066 265 1351 319 APPEND.
1390 261 1476 316 ιιι.
1517 291 1561 301 -
1622 256 2052 314 ΜΟΝυὲιΞΕΝΤᾹ
2091 224 2547 311 censendus;

3335 232 3436 304 se:

189 384 382 439 eadem
409 392 592 444 mitra,
629 381 720 436 ubi
772 382 947 451 major
994 381 1272 452 ingruerat
1318 362 1489 445 dolor,
1521 376 1762 447 pristina:
1791 376 1835 431 Α
1862 369 2099 424 occurrit
2134 368 2249 422 tibi.
2292 385 2311 419 ι
2347 365 2503 432 Quod
2531 372 2591 417 ut
2618 361 2822 427 audivi,
2875 375 3000 416 mox
3032 361 3244 430 cxpavi,
3281 370 3335 416 et
3369 363 3438 416 ab

193 472 437 528 redditus
470 479 555 526 est
583 471 822 525 sanitati.

261 559 622 615 Beatissimus
652 559 835 629 itaque
859 559 982 614 talis
1015 574 1080 614 ac
1103 567 1286 614 tantus
1306 557 1561 627 magister
1598 554 1766 609 mira-

192 651 317 705 cula
350 648 479 704 fecit
505 650 677 704 multa
709 650 868 705 vivus
895 658 949 705 et
976 658 1242 704 mortuus.
1300 647 1450 702 Fecit
1499 646 1765 715 siquidem

191 748 247 794 ct
268 742 448 795 bonus
469 740 788 811 discipulus.
816 740 1089 811 Magister,
1120 740 1365 809 inquam,
1398 738 1451 791 in
1476 736 1617 801 Deo;
1677 735 1764 789 di-

192 832 440 901 scipulus
468 832 525 886 in
555 830 665 886 Deo
685 850 699 898 ;
721 840 777 886 et
805 832 858 885 in
891 831 1205 885 beatissimo
1228 828 1488 900 magistro
1528 826 1677 891 facit,
1707 833 1767 879 ut

193 924 418 989 dicitur,
446 925 603 993 plura
633 923 953 993 discipulus.
985 921 1096 978 Nec
1149 922 1371 976 mirum.
1421 919 1587 974 Plura
1620 918 1767 972 enim

194 1014 395 1069 Petrus
433 1013 579 1080 fecit,
603 1030 766 1084 quam
793 1013 1079 1080 Christus;
1132 1029 1244 1068 non
1272 1012 1522 1083 equidem
1551 1009 1768 1081 propria

194 1105 418 1170 virtute,
452 1104 553 1159 sed
580 1104 707 1175 quia
736 1105 1011 1175 abnegans
1034 1103 1386 1173 semetipsum
1424 1111 1644 1157 secutus
1686 1108 1771 1154 est

192 1194 501 1260 Christum,
520 1196 662 1252 sicut
682 1202 737 1250 et
763 1195 853 1250 hic
869 1194 1028 1249 Pater
1052 1203 1237 1249 noster
1260 1193 1613 1258 venerabilis;
1641 1190 1770 1261 quia

197 1285 350 1353 pium
392 1285 638 1341 imitatus
667 1287 833 1341 estin
877 1285 1132 1341 omnibus
1181 1285 1522 1356 magistrum,
1571 1282 1771 1337 multas

196 1385 458 1444 operatur
486 1377 735 1432 virtutes.
771 1362 925 1432 Multi
970 1376 1116 1432 enim
1162 1383 1291 1429 sunt
1330 1389 1564 1444 quorum
1602 1373 1770 1426 vitam

196 1467 454 1524 noviinus
479 1468 914 1536 sanctissimam;
976 1468 1071 1539 qui
1095 1477 1150 1523 et
1172 1467 1415 1539 requiem
1455 1480 1582 1520 vere
1627 1464 1771 1519 obti-

197 1568 332 1615 nent
361 1561 772 1631 sempiternam,
800 1561 894 1617 sed
934 1560 1323 1615 miraculorum
1362 1574 1469 1613 non
1523 1556 1774 1613 ostende-

194 1658 329 1705 runt
358 1651 640 1707 virtutem.
676 1652 776 1707 Hie
801 1662 984 1707 autem
1020 1669 1130 1706 non
1182 1660 1390 1707 tantum
1437 1650 1562 1719 quia
1603 1648 1772 1702 vitam

196 1740 327 1796 fecit
348 1736 681 1815 religiosam,
709 1745 821 1800 imo
852 1746 981 1816 quia
1017 1745 1227 1800 ﬁdelem
1277 1744 1481 1814 peregit
1521 1741 1773 1797 obedien-
1806 1727 1847 1781 Β

194 1833 351 1900 tiam,
372 1833 618 1905 perfecto
639 1852 856 1907 quoque
876 1837 1000 1892 odio
1021 1846 1229 1908 partem
1252 1836 1443 1891 odiens
1462 1849 1773 1891 excommu-

195 1927 508 1982 nicatorum
556 1936 614 1983 et
664 1929 929 1983 unitatem
981 1929 1215 2000 diligens
1265 1937 1427 1999 atque
1476 1926 1774 1982 defendens

197 2016 610 2075 Catholicarum
632 2062 647 2089 ,
689 2020 966 2076 miraculis
1015 2021 1276 2090 approbat
1322 2020 1469 2091 quod
1523 2033 1775 2074 sermone

197 2109 446 2166 docebat.
474 2110 680 2167 Omnes
702 2127 833 2183 ergo
860 2112 952 2182 qui
984 2111 1037 2165 in
1074 2112 1282 2166 unitate
1313 2111 1581 2166 catholica
1632 2127 1773 2181 prae-

197 2204 370 2273 ceptis
392 2203 580 2258 domui
602 2202 753 2276 papa:
776 2204 1019 2275 Gregorii
1048 2205 1310 2259 hactenus
1337 2203 1617 2267 obedistis,
1644 2218 1777 2273 gau-

199 2299 321 2352 dete
341 2305 396 2353 et
427 2298 726 2364 exsultate,
754 2306 917 2368 atque
939 2297 1047 2363 bis,
1078 2297 1175 2367 qui
1204 2306 1498 2352 retrorsum
1527 2296 1778 2350 abierunt

200 2399 254 2443 et
283 2389 513 2462 vestigia
560 2391 804 2446 veritatis
841 2390 1266 2460 dercliquerunt,
1316 2398 1377 2443 ut
1416 2388 1572 2444 factis
1616 2388 1777 2443 modo

200 2483 424 2536 credant
443 2482 629 2549 dicite,
651 2483 796 2553 quod
824 2482 1005 2537 verbis
1033 2481 1163 2536 olim
1182 2482 1422 2536 noluere.
1564 2486 1570 2491 '

270 2572 313 2627 l.
346 2573 599 2629 Vidimus
628 2583 920 2645 praesentes
950 2575 1006 2629 in
1039 2575 1151 2629 vita
1178 2573 1351 2645 ipsius
1381 2554 1776 2643 subdiaconum

200 2666 341 2737 ejus,
366 2663 591 2721 nomine
610 2662 928 2731 Tentonem,
951 2667 1045 2736 qui
1074 2667 1318 2721 inﬁrmos
1352 2681 1564 2736 semper
1610 2665 1780 2719 babe—

195 2758 295 2813 bat
330 2759 555 2825 oculos;
612 2758 727 2829 qui,
752 2758 851 2813 etsi
887 2765 1080 2828 praeter
1114 2758 1331 2813 solitum
1371 2757 1503 2828 quid
1539 2756 1780 2827 vigilavit

204 2850 498 2916 interdum,
522 2848 617 2905 aut
648 2850 782 2905 bibit
815 2849 955 2906 forte
995 2850 1204 2917 vinum,
1250 2848 1343 2904 diu
1397 2848 1653 2920 postridie
1690 2846 1777 2903 vii:

203 2943 503 3013 quidquam
530 2941 704 3012 potuit
725 2941 925 3008 videre,
941 2943 1117 3013 legere
1132 2958 1259 2996 vero
1284 2958 1509 3012 prorsus
1531 2941 1778 3011 aliquan-

1864 462 2015 517 omni
2061 461 2316 529 deinceps
2374 472 2539 529 prava
2591 454 2950 526 cogitatione,
2997 454 3295 523 przescrtim
3347 455 3439 509 illo

1863 561 2146 626 praesente,
2182 552 2465 608 studebam
2502 565 2590 605 me
2638 564 2909 604 coercere.
2964 546 3111 601 Inter
3144 548 3438 603 missarum

1863 650 2081 722 quidem
2117 656 2336 703 sanctas
2380 645 2795 709 celebrationes,
2838 642 2967 697 talia
3020 642 3257 695 maxime
3305 658 3440 696 con-

1865 716 2041 798 suevit
2075 740 2291 804 videre;
2341 737 2437 808 qui
2461 737 2626 791 etiam
2652 735 2707 791 id
2743 749 2957 805 semper
2981 733 3144 787 studii
3171 732 3360 786 habuit
3382 716 3441 787 ut

1864 834 2106 906 quotidie
2135 832 2331 887 missas
2352 831 2668 886 celebraret.
2716 828 2804 894 At,
2862 827 2907 883 si
2959 828 3046 882 die
3096 826 3275 896 aliqua
3332 840 3441 879 non

1866 928 2178 992 celebravit,
2198 924 2345 996 quod
2375 920 2656 979 rarissime
2687 930 2864 976 tamen
2903 922 3087 990 aliquo
3118 919 3312 974 accidit
3336 915 3440 972 im-

1867 1022 2196 1093 pedimento,
2225 1027 2338 1073 tota
2360 1018 2448 1073 die
2469 1017 2561 1072 illa
2591 1015 2800 1071 tristior
2834 1024 2950 1067 erat
2976 1022 3029 1066 et
3066 1012 3220 1083 quasi
3266 1012 3446 1082 gravis

1867 1114 2223 1186 pernimium;
2269 1112 2412 1168 sicut
2436 1119 2489 1166 et
2511 1109 2659 1164 illam
2685 1122 2900 1179 quoque
2924 1114 3154 1170 noctem,
3183 1100 3312 1158 dum
3356 1104 3444 1157 ni-

1870 1209 1994 1265 miis
2023 1224 2090 1264 ex
2117 1205 2317 1278 vigiliis
2338 1213 2559 1261 coactus
2588 1201 2846 1258 dormivit
2869 1198 3290 1270 aliquantulam,
3320 1213 3444 1268 gra-

1869 1319 1990 1359 vem
2013 1310 2068 1357 ct
2094 1302 2389 1372 inquietam
2413 1297 2734 1369 deploravit.

1944 1394 2052 1449 VII.
2079 1393 2454 1449 Revelationcs
2477 1405 2697 1462 quoque
2721 1389 2882 1459 digne
2911 1384 3293 1441 mem-orandas
3319 1383 3451 1437 vidit

1872 1486 2204 1558 swpissime;
2232 1499 2466 1554 quarum
2501 1482 2714 1553 aliquas
2736 1480 2869 1533 libet
2910 1476 3144 1532 breviter
3190 1472 3452 1545 perstrin-

1874 1598 2016 1654 gere.
2066 1579 2311 1647 Quodam
2364 1577 2509 1632 enim
2567 1584 2852 1644 tempore,
2912 1572 3042 1626 dum
3100 1570 3156 1623 in
3223 1564 3452 1623 ecclesia

1877 1675 1935 1729 S.
1962 1672 2115 1728 Pauli
2138 1672 2193 1726 in
2216 1669 2493 1725 territorio
2537 1666 2853 1729 Mantuano,
2888 1663 3043 1734 juxta
3093 1660 3451 1730 episcopium,

1874 1772 2219 1824 consecraret
2243 1762 2515 1834 quoddam
2542 1761 2711 1817 altare
2749 1758 2816 1812 ad
2847 1757 3110 1810 honorem
3148 1753 3205 1807 S.
3249 1751 3452 1817 Mariae,

1877 1862 2009 1916 vidit
2030 1861 2203 1931 ipsam
2234 1855 2511 1926 corporeis
2535 1851 2709 1908 oculis
2761 1850 2817 1904 in
2876 1847 3063 1904 eodem
3113 1844 3270 1900 altari
3316 1842 3457 1897 inter

1874 1959 1991 2028 ipsa
2013 1954 2275 2012 solemnia
2300 1946 2749 2006 consecrationis.

1948 2046 2082 2102 Vill.
2112 2045 2234 2100 Alio
2260 2057 2479 2113 quoque
2512 2049 2755 2109 tempore
2796 2035 2852 2090 in
2882 2030 3271 2087 Puriﬁcatione
3310 2041 3459 2095 eus-

1875 2144 1998 2198 dem
2030 2138 2282 2212 gloriosae
2309 2133 2548 2205 Virginis
2583 2131 2785 2195 Mariae,
2811 2128 2941 2182 dum
2966 2124 3173 2180 tardior
3204 2121 3270 2176 ad
3291 2118 3462 2173 eccle-

1875 2235 2013 2291 siam
2041 2232 2270 2292 veniret,
2297 2224 2644 2283 cantantibus
2661 2223 2777 2292 jam
2801 2216 3015 2275 clericis
3057 2211 3456 2275 invitatoriam,

1879 2324 1970 2379 ubi
1996 2324 2091 2389 ait,
2113 2335 2385 2376 occurrens
2417 2316 2524 2371 Deo
2546 2330 2641 2369 suo
2661 2356 2676 2379 ,
2705 2311 2838 2368 vidit
2868 2306 3094 2364 intranti
3150 2304 3255 2360 sibi
3303 2300 3466 2358 Chrie

1877 2426 2019 2472 stum
2046 2415 2233 2470 venire
2257 2412 2312 2465 in
2355 2424 2666 2465 occursum.

1946 2507 2039 2562 1X.
2064 2507 2245 2563 Altera
2268 2518 2401 2558 vero
2421 2501 2537 2556 vice
2560 2497 2817 2569 quadam,
2845 2494 2975 2549 dum
3001 2491 3057 2545 in
3087 2502 3285 2559 magna
3310 2499 3465 2541 com-

1878 2599 2173 2672 punctione
2200 2595 2382 2652 cordis
2416 2602 2472 2649 et
2527 2594 2892 2661 lacrymarum
2946 2572 3266 2639 decantaret
3318 2578 3466 2648 psal-

1879 2708 2030 2747 mum
2055 2705 2250 2754 LXXXI,
2273 2694 2484 2757 utpote,
2517 2682 2751 2747 lnclina,
2788 2677 3005 2731 Domine
3026 2716 3040 2739 ,
3059 2687 3254 2727 aurem
3294 2678 3463 2734 tuam,

1879 2783 2052 2838 sensit
2075 2779 2364 2836 Dominum
2386 2777 2454 2833 ad
2476 2789 2535 2830 se
2559 2771 2969 2833 ineliuatum,et
2992 2773 3255 2832 tanquam
3277 2772 3465 2813 aurem

1876 2874 2134 2931 adbibere
2155 2872 2224 2927 ad
2249 2865 2688 2925 auscultandum.
2723 2860 2891 2916 Multa
2912 2857 3112 2927 quippe
3133 2862 3188 2909 et
3211 2852 3317 2906 alia
3340 2849 3469 2903 fecit

1879 2974 2042 3035 atque
2072 2963 2225 3028 vidit,
2254 2961 2455 3031 quibus
2485 2957 2807 3013 festinantes
2837 2949 2999 3005 modo
3026 2943 3463 3015 supersedemus.

204 3035 297 3128 diu
326 3051 437 3089 non
477 3034 671 3105 potuit.
726 3035 936 3106 Aquam
991 3035 1193 3105 itaque,
1249 3051 1356 3105 qua
1409 3050 1604 3088 manus
1649 3050 1777 3128 suas
1806 3072 1846 3128 Ο
1952 3031 2257 3117 postremo,
2285 3066 2452 3122 quam
2493 3048 2708 3103 felicem
2734 3041 2924 3099 [θεοτίι
2951 3039 3135 3101 ﬁnem,
3164 3032 3322 3088 mum
3348 3031 3468 3100 ερί-

204 3127 440 3184 domnus
472 3129 758 3199 episcopus
792 3138 917 3199 post
939 3129 1265 3185 sacrificium
1312 3128 1502 3193 abluit,
1551 3127 1777 3197 accepit,

204 3222 398 3276 oculos
424 3221 556 3276 lavit
582 3230 635 3276 et
687 3237 849 3276 sanos
892 3221 1149 3290 abinceps
1181 3218 1390 3275 habuit.
1434 3217 1670 3289 Vigilare
1715 3233 1782 3283 ac

205 3313 386 3384 legere
408 3329 519 3369 non
555 3313 736 3369 minus
767 3312 925 3369 nobis
961 3313 1082 3368 aliis
1112 3313 1304 3383 potuit.
1438 3306 1443 3311 ’

278 3400 341 3455 ll.
370 3401 632 3457 Similiter
649 3411 703 3457 et
724 3403 1003 3474 presbyter
1017 3403 1135 3474 ejus
1154 3401 1333 3470 Wido,
1354 3401 1530 3457 febres
1552 3400 1780 3472 patiens,

209 3511 408 3565 aquam
456 3496 750 3550 abletionis
803 3511 1065 3552 manuum
1106 3496 1225 3566 ejus
1267 3495 1493 3565 accepit,
1546 3493 1679 3548 bibit
1733 3501 1785 3546 et

209 3590 404 3643 evasit.
897 3632 906 3640 .

281 3677 371 3734 Ill.
399 3678 531 3734 Item
562 3678 801 3735 Joannes
823 3679 1091 3735 diaconus
1123 3696 1277 3746 suus,
1307 3680 1437 3736 dum
1481 3678 1623 3750 apud
1675 3677 1787 3733 Me-

210 3768 491 3822 diolanum
515 3767 900 3836 inﬁrmaretur,
924 3767 1200 3825 festinavit
1233 3769 1335 3825 sibi
1375 3771 1653 3835 mandare,
1684 3769 1789 3824 hoc

210 3859 420 3913 addens
454 3858 509 3912 in
541 3857 805 3930 legatione
837 3860 983 3930 quod
1025 3875 1153 3915 mox
1207 3861 1391 3915 audita
1439 3861 1613 3931 ipsius
1665 3875 1789 3930 pas-

212 3953 393 4019 sione,
415 3953 576 4008 vellet
605 3954 660 4009 in
685 3970 744 4010 se
773 3953 1030 4010 virtutem
1070 3954 1463 4011 benedictionis
1509 3969 1622 4009 suae
1666 3968 1791 4008 sen-

212 4042 345 4108 tire;
373 4041 684 4114 factumque
712 4052 814 4112 est,
841 4054 901 4099 ut
933 4046 1181 4112 credidit,
1206 4046 1390 4101 statim
1417 4045 1563 4101 enim
1591 4045 1787 4111 sensit;

212 4133 490 4205 pauloque
519 4143 644 4205 post
663 4135 892 4203 pleniter
912 4137 1104 4203 evasit,
1129 4152 1292 4207 quem
1318 4145 1372 4191 et
1412 4136 1790 4208 presbyterum

215 4233 405 4298 postea
428 4225 570 4281 idem
591 4227 846 4284 dominus
869 4228 1158 4300 episcopus
1186 4230 1474 4285 ordinavit.

287 4316 379 4371 IV.
409 4318 584 4388 Supra
605 4318 805 4374 dictam
836 4335 1055 4391 quoque
1087 4320 1191 4377 sibi
1221 4321 1570 4376 commissam
1606 4320 1791 4386 ﬁliam,

1880 3146 2052 3217 scopi,
2084 3155 2139 3200 et
2162 3143 2345 3200 clerici
2377 3140 2780 3208 nobilioresque
2818 3132 2941 3187 laici
2987 3135 3285 3201 prresentes
3316 3123 3468 3179 vide-

1873 3247 2027 3294 runt.
2066 3237 2474 3292 Testamentum
2513 3248 2623 3287 non
2673 3228 2824 3293 fecit,
2874 3224 3023 3296 quia,
3056 3221 3199 3275 unde
3237 3217 3468 3280 faceret,

1882 3348 1990 3387 non
2014 3329 2223 3392 habuit,
2246 3328 2488 3382 imitatus
2512 3325 2675 3380 etiam
2701 3322 2755 3375 in
2788 3320 2895 3374 hoc
2918 3312 3273 3385 magistrum,
3307 3320 3471 3377 quem

1883 3437 2175 3493 pauperem
2217 3427 2272 3475 et
2318 3418 2375 3472 in
2429 3416 2627 3473 exsilio
2678 3410 2933 3467 novimus
2974 3404 3314 3461 defunctum.
3367 3397 3473 3464 Qui

1883 3514 2130 3570 etiamin
2173 3509 2434 3567 extremis
2461 3508 2599 3573 suis,
2645 3505 2788 3561 sicut
2830 3501 2900 3555 ab
2953 3497 3126 3568 ipsius
3180 3488 3474 3562 eapellanis

1885 3612 2195 3674 didicimus,
2224 3606 2503 3678 religionis
2524 3596 2849 3676 [religiosis]
2876 3594 3011 3651 Post
3042 3589 3241 3653 omnia,
3273 3582 3472 3654 inquit,

1887 3704 2050 3759 dilexi
2069 3676 2350 3772 justitiant
2375 3707 2427 3753 et
2475 3697 2597 3752 odio
2646 3692 2808 3748 habui
2871 3687 3227 3758 iniquitatem,
3276 3676 3476 3732 idcirco

1888 3795 2087 3848 morior
2114 3794 2171 3846 in
2199 3791 2413 3845 exsilio.
2442 3786 2729 3858 Equidem,
2757 3780 2906 3854 quod
2948 3780 3003 3833 in
3031 3778 3140 3839 vita
3169 3787 3268 3829 sua
3298 3767 3473 3839 magi-

1889 3898 2003 3946 ster
2028 3898 2092 3941 a‘e
2118 3885 2420 3955 discipulus
2446 3883 2753 3937 docuerunt
2772 3920 2786 3944 ,
2812 3878 2922 3931 hoc
2965 3883 3020 3928 et
3053 3873 3110 3927 in
3136 3885 3287 3925 more
3314 3864 3473 3935 quasi

1889 3985 2216 4035 testamento
2247 3975 2733 4030 conﬁrmaverunt.
2801 3966 2928 4031 Ille,
2975 3980 3114 4035 quos
3159 3957 3475 4015 obedientes

1892 4074 1994 4129 sibi
2018 4072 2204 4127 vivens
2226 4069 2403 4124 adhuc
2426 4065 2722 4129 benedixit,
2741 4062 2983 4116 moriens
3007 4070 3222 4128 quoque
3247 4050 3474 4106 Domino

1890 4168 2145 4239 precibus
2171 4161 2603 4228 commendavit;
2664 4155 3049 4214 Heinricianos
3083 4167 3212 4207 vero
3257 4146 3481 4219 penitus

1891 4262 2239 4331 penitusque,
2266 4256 2374 4311 nisi
2418 4261 2543 4325 post
2589 4265 2843 4324 magnam
2894 4247 3115 4303 demum
3166 4239 3477 4299 conversio-

1895 4368 2017 4407 nem
2051 4359 2106 4405 et
2154 4348 2551 4420 pmuitentiam,
2597 4340 2931 4416 reprobavit.
2980 4338 3081 4394 Hic
3116 4331 3479 4408 prmsentibus

217 4409 439 4507 scilicet
462 4410 859 4507 nobilissimam
893 4410 1170 4507 dominam
1202 4410 1544 4507 hlathildam,
1560 4411 1795 4507 diversis
1828 4409 1871 4462 Β
1898 4443 2056 4499 nobis
2092 4409 2172 4496 in‘
2195 4441 2361 4495 verba
2406 4409 2626 4494 Domini
2660 4409 2933 4507 'pmccpi,
2968 4439 3028 4485 ut
3062 4427 3116 4491 in
3152 4429 3255 4483 ﬁde
3284 4440 3350 4481 ac
3382 4423 3481 4477 (ιο,

218 4516 362 4570 πρε
389 4501 460 4556 ab
488 4500 897 4557 inﬁrmitatibus
925 4503 1137 4559 sanavit
1165 4503 1280 4558 sola
1309 4500 1702 4568 benedictione,
1722 4509 1794 4567 et,

220 4592 419 4662 rat-ipsa
453 4592 612 4649 nobis
643 4601 1005 4649 consueverat
1027 4594 1517 4661 referre,virtutem
1544 4593 1801 4663 frequen-

220 4691 305 4736 ter
324 4683 395 4737 ab
425 4683 519 4738 illo
546 4683 721 4740 sensit
752 4684 919 4752 exire,
945 4685 1019 4739 ita
1048 4693 1110 4739 ut
1134 4687 1203 4741 ad
1232 4692 1437 4740 tactum
1466 4684 1609 4739 illius
1642 4683 1796 4754 fuge-

225 4782 308 4829 ret
335 4775 516 4831 omnis
544 4783 681 4831 tunc
702 4774 1021 4831 incumbens
1054 4777 1298 4833 morbus.

295 4863 359 4918 V.
385 4863 765 4936 Cogitationes
792 4866 1078 4919 hominum
1103 4856 1380 4920 evidenter
1427 4863 1681 4934 cognovit
1720 4863 1804 4916 in-

228 4958 457 5025 terdum,
470 4957 718 5030 ipsisque
739 4957 1130 5029 cogitantibus:
1161 4979 1179 5011 ι
1192 4957 1283 5015 Sic
1302 4966 1357 5013 et
1374 4958 1475 5023 sic,
1498 4956 1694 5026 inquit,
1715 4954 1806 5010 tali

226 5049 379 5117 hora,
408 5051 611 5131 talique
636 5051 696 5105 in
727 5049 851 5105 loco
875 5049 1170 5120 cogitastis.
1210 5069 1229 5103 ι

299 5158 383 5213 Vl.
419 5158 596 5217 Testis
622 5157 765 5215 mihi
791 5156 930 5213 Deus
951 5167 1036 5215 est
1061 5160 1207 5227 quod
1237 5174 1346 5214 non
1384 5156 1640 5222 mentior,
1654 5156 1802 5227 quia,

228 5252 354 5306 dum
388 5252 556 5307 semel
575 5265 707 5307 cum
737 5249 830 5304 illo
875 5249 940 5305 de
979 5248 1117 5305 meis
1174 5251 1429 5323 peccatis,
1478 5247 1620 5302 sicut
1665 5261 1806 5317 szepe

1898 4537 2072 4593 ctrina
2094 4534 2396 4590 beatissimi
2418 4548 2572 4605 papa:
2599 4526 2846 4601 Gregorii
2870 4538 3305 4596 permaneamus.
3323 4517 3482 4585 Quod

1897 4637 1952 4683 et
1987 4642 2111 4682 cum
2138 4626 2518 4682 benedictione
2538 4623 2696 4678 nobis
2721 4619 2917 4676 indidit
2942 4617 3074 4673 etin
3102 4614 3487 4672 remissionem

1898 4727 2246 4790 peccatorum
2282 4723 2601 4774 nostrorum
2624 4711 3041 4769 commendavit.

1974 4814 2040 4869 Χ.
2082 4813 2271 4872 Adfuit
2290 4802 2420 4867 buic
2446 4806 2814 4866 benedictioni
2834 4805 3081 4874 quiedam
3117 4810 3369 4859 matrona
3394 4810 3497 4852 no-

1906 4905 2053 4961 mine
2080 4907 2263 4971 Berta,
2291 4902 2490 4958 nobilis
2527 4914 2745 4971 genere,
2793 4897 3025 4951 nobilior
3069 4896 3268 4951 mentis
3290 4888 3505 4956 indole,

1908 4996 2190 5072 animique
2243 4990 2548 5057 devOtione,
2581 4992 2722 5044 mter
2768 4986 3060 5044 clarissimi
3098 4988 3323 5043 comitis
3367 4979 3507 5033 Bef-

1911 5068 2120 5155 nardi;
2141 5101 2263 5161 qua:
2297 5082 2573 5138 insolitam
2622 5080 2678 5134 in
2708 5081 2883 5150 capite
2922 5076 3232 5148 patiebatur
3269 5068 3508 5132 inﬁrmi-

1911 5184 2105 5235 tatem.
2133 5158 2268 5235 Nam
2292 5180 2442 5229 tanta
2466 5173 2521 5227 in
2549 5172 2752 5227 vertice
2776 5170 2969 5242 capitis
2991 5168 3326 5239 fatigabatur
3356 5158 3514 5226 fritil"

1911 5267 2107 5328 ditate.
2136 5281 2195 5328 ut
2217 5264 2373 5328 quasi
2405 5263 2636 5328 glaciem
2678 5265 3077 5328 superpositam
3121 5264 3403 5318 aestimare
3425 5253 3512 5307 in-
