3984 5380
544 363 651 425 925

1528 367 1618 421 AD
1654 366 1786 423 OPE
1815 370 1880 421 Ἀ
1920 368 1976 423 S.
2017 369 2353 427 GREGOllII
2380 373 2831 443 ΑΡΡΕΝΙΠΕΕΞᾳ

3685 384 3792 439 εει

546 479 838 551 aliquando
862 479 1053 551 tetigit,
1081 479 1211 534 dum
1252 476 1482 535 fortasse
1511 479 1818 549 improvida.
1837 481 2111 547 dormivit,
2142 483 2185 548 Α
2285 481 2432 553 (484)
2475 482 2643 554 Igitur
2701 500 2846 539 anno
2896 484 3278 541 .ncarnationis
3342 485 3564 543 Domini

546 587 657 629 non
680 580 932 643 cooperto
957 571 1239 641 diligenter
1272 569 1449 639 capite
1485 571 1786 626 vehementi
1818 573 2113 626 vexabatur

546 663 752 729 dolore,
779 669 839 716 ut
878 661 1036 731 quasi
1062 669 1332 716 vertentes
1375 661 1458 716 vel
1500 662 1809 717 exsilientes
1833 662 2019 725 oculos
2045 662 2112 716 ti-

548 762 739 820 meret,
774 762 827 809 et
854 761 1111 823 tanquam
1133 754 1426 809 contractis
1448 753 1570 809 colli
1623 753 1803 808 nervis
1837 753 2114 821 caputlle-

546 855 691 902 ctere
711 860 819 899 non
842 854 1041 916 posset.
1072 843 1218 911 Haec,
1245 845 1488 916 inquam,
1512 854 1734 901 venerat
1764 845 1854 901 ille
1880 847 2114 915 quadra-

545 936 790 1008 gesimali
821 945 1059 1008 tempore
1094 937 1162 992 ad
1195 937 1465 995 civitatem
1518 935 1791 992 Mantuam
1834 938 1901 993 ad
1946 937 2117 992 comi:

545 1026 734 1084 tissam
802 1027 1134 1093 Mathildam,
1197 1037 1259 1084 ut
1329 1036 1441 1083 tam
1505 1030 1827 1085 venerabilis
1876 1028 2115 1100 episcopi

543 1130 793 1179 sanctum
817 1129 872 1176 et
891 1122 1266 1191 quotidianum
1284 1121 1494 1176 audiret
1512 1120 1763 1177 olIicium.
1791 1119 1943 1177 Unde
1968 1122 2115 1177 acci—

542 1211 623 1267 dit
646 1212 781 1267 utin
803 1213 1061 1268 extremis
1084 1212 1203 1282 ejus
1221 1212 1287 1267 ad
1314 1212 1764 1281 benedictionem,
1792 1229 1957 1284 quam
1981 1229 2117 1284 prae-

542 1303 800 1371 diximus,
847 1304 1008 1361 citius
1042 1304 1228 1360 multis
1271 1304 1393 1359 aliis
1435 1313 1759 1360 occurreret.
1793 1304 1943 1372 Quae,
1987 1305 2118 1360 dum

542 1387 972 1451 benedictionem
1008 1395 1077 1450 ab
1111 1395 1227 1465 ipso
1261 1395 1611 1451 devotissima
1649 1404 1941 1467 expeteret,
1998 1412 2120 1451 ma-

542 1500 673 1541 num
702 1486 790 1541 ille
811 1486 974 1557 capiti
1019 1487 1139 1557 ejus
1170 1486 1448 1558 imposuit,
1475 1494 1528 1542 et
1551 1488 1778 1557 expulso
1808 1502 1935 1543 mox
1971 1487 2119 1543 insa-
2148 1534 2151 1537 .

543 1579 711 1634 nabili
744 1577 962 1652 frigore,
995 1595 1230 1635 caiorem
1268 1580 1357 1636 illa
1381 1579 1799 1636 saluberrimum
1826 1580 2045 1651 recepit,
2069 1596 2128 1648 et

543 1680 777 1727 exeunte
800 1672 996 1727 sudore
1013 1680 1174 1742 atque
1189 1672 1520 1742 aliquantula
1554 1672 1706 1727 sanie
1733 1688 1829 1742 per
1850 1673 2124 1729 auriculas

544 1760 684 1830 ejus,
717 1778 889 1831 usque
930 1763 996 1817 ad
1041 1772 1261 1821 octavas
1311 1761 1533 1818 Pascha“:
1570 1762 1783 1819 sublata
1831 1772 1916 1819 est
1940 1764 2121 1819 omnis

545 1850 763 1907 occasio
818 1851 1168 1908 inﬁrmitatis.
1242 1851 1457 1918 Quanta
1506 1852 1760 1924 deinceps
1806 1852 1960 1924 signa
2010 1853 2120 1908 cla-

541 1941 763 1998 rissima
791 1942 935 1998 Deus
971 1959 1068 2013 per
1098 1943 1275 2014 ipsum
1309 1942 1380 1997 sit
1428 1951 1702 2013 operatus,
1736 1944 1867 2014 quid
1889 1959 2007 1999 mea
2033 1959 2119 2000 re-

545 2029 651 2087 fert
680 2033 878 2100 dicere,
902 2033 1031 2088 dum
1067 2040 1279 2090 constet
1316 2033 1678 2103 perplurimos
1710 2033 2121 2104 praesentialiter

546 2124 729 2179 omnia
749 2124 989 2181 vidisse?

615 2214 706 2270 XI.
734 2214 963 2287 Rogavit
997 2216 1197 2286 itaque,
1231 2215 1412 2287 quoad
1446 2215 1599 2282 vixit,
1636 2225 1906 2288 quatenus
1931 2214 1987 2270 in
2022 2231 2118 2271 ea-

545 2307 718 2378 pitulo
767 2306 1084 2362 monasterii
1134 2305 1191 2360 S.
1236 2305 1533 2373 Benedicti,
1568 2306 1711 2377 quod
1766 2313 1849 2360 est
1901 2305 1956 2359 in
2005 2304 2121 2375 ripa

538 2394 786 2450 fluminis
816 2394 1061 2460 Eridani,
1096 2395 1200 2450 sub
1231 2395 1537 2450 obedientia
1567 2395 1709 2450 sacri
1744 2393 2121 2450 Cluniaeensis

546 2485 802 2551 coenobii,
830 2485 974 2540 unde
1002 2483 1170 2540 frater
1194 2486 1307 2555 ipse
1332 2501 1395 2542 ac
1419 2486 1721 2541 monachus
1743 2485 1864 2552 fuit,
1887 2487 2124 2556 sepultu-

546 2590 622 2630 γε
663 2574 1134 2630 commendaretur
1165 2574 1353 2647 (485);
1399 2584 1453 2629 et
1505 2590 1651 2642 cum,
1703 2575 2122 2629 concedentibus

546 2661 801 2735 episcopo
830 2671 992 2734 atque
1025 2664 1305 2721 comitissa
1346 2664 1663 2736 eaeterisque
1705 2665 1980 2732 omnibus,
2009 2665 2123 2735 jam

546 2753 848 2810 defﬂretur
901 2755 970 2810 ad
1020 2755 1414 2813 monasterium
1465 2771 1684 2827 corpus,
1718 2755 1892 2812 adfuit
1941 2756 2123 2813 subito

550 2845 848 2902 Sutriensis
874 2861 1161 2917 episcopus
1183 2848 1401 2902 nomine
1422 2843 1627 2902 Bonizo
1656 2845 1836 2919 [BAR.,
1855 2844 2122 2901 Sabinen-

548 2937 625 2992 sis
650 2936 937 3008 episcopus
964 2937 1219 2993 dominus
1258 2936 1568 3009 Domnizo],
1605 2953 1767 3009 quem
1808 2944 1864 2992 et
1889 2936 2126 3008 Spiritus

550 3033 772 3080 sanctus
802 3024 1104 3092 suscitavit,
1148 3033 1210 3080 ut
1246 3027 1509 3081 clamaret
1555 3026 1781 3097 dignum
1810 3041 1952 3091 esse,
1986 3033 2048 3080 ut
2069 3027 2124 3080 in

549 3117 825 3188 episcOpio
848 3118 1135 3188 episcopus
1161 3119 1495 3187 sepeliretur.
1533 3138 1553 3171 ι
1582 3117 1776 3185 Tanta,
1807 3117 2004 3189 inquit,
2036 3118 2122 3173 lu-

549 3225 735 3279 cerna,
759 3226 868 3266 non
897 3215 1067 3280 decet,
1092 3222 1153 3267 ut
1182 3211 1564 3266 abscondatur.
1598 3209 1718 3280 Ipse
1745 3210 1925 3265 adhuc
1937 3210 2125 3265 vivens

549 3309 809 3374 tanquam
844 3303 1124 3374 indignum
1173 3319 1233 3359 se
1286 3303 1612 3370 humiliavit,
1660 3318 1760 3357 nos
1811 3311 2013 3370 autem,
2065 3310 2126 3356 ut

550 3408 677 3450 vere
700 3393 923 3467 dignum
945 3396 1183 3451 exaltare
1208 3402 1421 3465 oportet
1446 3393 1741 3460 hominem,
1771 3408 1932 3462 quem
1956 3392 2125 3449 fuisse

550 3486 758 3541 scimus
778 3487 1205 3542 sanctissimum.
1238 3505 1256 3537 ι
1276 3485 1648 3540 Acclamatum
1671 3493 1754 3539 est
1779 3484 1920 3538 idem
1943 3485 2124 3539 statim

553 3576 623 3630 ab
656 3577 947 3643 universis,
974 3578 1292 3647 rapiturque
1320 3592 1351 3631 a
1377 3577 1772 3631 monachorum
1808 3574 2084 3647 obsequiis
2108 3595 2122 3644 ;

553 3664 609 3719 in
638 3666 970 3737 episcopium
1014 3668 1275 3734 defertur,
1321 3667 1503 3737 ibique
1524 3666 1903 3722 venerabiliter
1931 3669 2125 3738 sepeli-

555 3762 661 3811 tur.
693 3756 1025 3812 Mirahamur
1055 3759 1161 3815 hoc
1188 3758 1347 3829 quasi
1389 3773 1644 3829 magnum
1680 3758 1859 3829 primo
1896 3758 2132 3816 miracu—

554 3847 689 3914 lum,
738 3849 1124 3917 nescientibus,
1167 3850 1313 3920 quod
1368 3849 1624 3920 abinceps
1662 3849 1797 3906 satis
1825 3849 2128 3906 mirabilius

553 3946 672 3994 erat
701 3937 964 3995 futurum.

620 4028 759 4085 Nam
782 4040 835 4087 et
858 4032 909 4087 id
933 4048 1150 4105 quoque
1195 4042 1325 4090 tunc
1364 4034 1693 4100 notavimus,
1718 4034 1863 4104 quod
1895 4044 1950 4091 et
1972 4037 2128 4092 multi

554 4121 793 4193 episcopi
820 4132 877 4178 et
905 4126 1228 4194 cardinales,
1256 4143 1452 4200 magna
1480 4127 1643 4182 etiam
1666 4127 1956 4182 multitudo
1979 4129 2094 4184 mili
2110 4158 2128 4171 ς

554 4220 691 4279 tum,
713 4214 801 4269 die
822 4215 1003 4273 obitus
1045 4218 1131 4273 sui
1163 4220 1410 4275 eamdem
1441 4220 1495 4273 in
1520 4218 1796 4274 civitatem
1844 4229 2123 4276 venerant.

554 4304 754 4360 Aderat
792 4306 1061 4377 siquidem
1108 4309 1505 4381 Magalonensis
1555 4310 1864 4380 episcopus,
1906 4312 2129 4367 nomine

554 4394 899 4464 Godefridus,
954 4407 1010 4455 et
1059 4399 1383 4456 Benedictus
1435 4400 1756 4457 Mutinensis
1818 4401 2127 4472 episcopus,

2151 1826 2193 1881 B

2150 3170 2191 3227 C

2211 569 2338 627 Jesu
2378 571 2580 628 Christi
2631 574 2786 643 l086,
2823 576 3166 647 episcopatus
3200 594 3327 635 vero
3365 580 3452 636 sui
3485 598 3635 637 anno
3666 599 3787 649 nn,

2213 661 2506 719 indictione
2528 680 2693 733 nona,
2727 666 2896 723 ﬁnitis
2911 667 3026 737 jam
3052 670 3213 726 annis
3236 680 3443 741 septem
3469 688 3791 730 exeomu—

2214 751 2502 809 nieationis
2539 754 2773 810 Heinriei
2800 758 3075 827 quondam
3103 761 3283 831 regis;
3330 772 3454 832 post
3492 765 3792 821 transitum

2214 853 2396 900 autem
2420 845 2723 904 felicissimi
2744 864 2896 918 papae
2921 847 3166 920 Gregorii
3186 850 3297 917 VII,
3323 868 3547 910 menses
3570 871 3790 921 novem,

2213 934 2330 991 dies
2376 937 2563 1008 viginti
2610 946 2740 1001 tres.
2773 939 3097 996 obdormivit
3118 942 3171 996 in
3194 941 3424 998 Domino
3462 946 3793 1003 venerabilis

2214 1025 2467 1083 dominus
2489 1038 2545 1085 et
2563 1029 2633 1083 Pa
2642 1038 2722 1084 ter
2744 1039 2931 1086 noster
2950 1031 3261 1100 Anselmus,
3287 1032 3558 1092 Lucensis
3577 1037 3793 1106 episeo-

2216 1132 2339 1187 pus,
2375 1135 2429 1175 x1
2475 1118 2699 1177 Kalend.
2733 1120 2953 1191 Aprilis,
2985 1122 3041 1177 in
3081 1124 3297 1183 civitate
3326 1124 3573 1195 Mantua,
3604 1131 3796 1198 pransi.

2216 1208 2376 1268 dente
2421 1211 2874 1268 reverendissimo
2908 1213 3165 1285 episcopo
3207 1214 3438 1284 Ubaldo,
3491 1228 3662 1290 atque
3691 1222 3794 1277 do-

2217 1301 2459 1357 minante
2497 1303 2698 1361 ibidem
2742 1303 3077 1361 nobilissima
3108 1306 3247 1363 duce
3291 1324 3358 1365 ac
3393 1312 3796 1369 marchionissa

2219 1389 2496 1449 Matiiilda.

2290 1484 2404 1540 XII.
2445 1484 2627 1543 Tertia
2656 1487 2839 1560 itaque
2880 1498 3038 1546 nocte
3067 1496 3201 1560 post
3230 1491 3569 1547 sanctissimi
3624 1491 3797 1550 Patris

2221 1580 2585 1637 venerandam
2613 1581 3018 1651 dormitionem,
3060 1583 3308 1655 quaedam
3348 1594 3658 1652 contracta,
3678 1602 3798 1655 qua

2223 1687 2333 1726 una
2369 1687 2583 1742 semper
2609 1688 2796 1741 manu,
2825 1683 2881 1730 et
2907 1674 3298 1745 posterioribus
3324 1690 3423 1744 per
3457 1682 3667 1730 terram
3688 1692 3797 1731 ser-

2226 1762 2384 1833 pebat
2399 1764 2579 1834 potius
2594 1780 2756 1835 quam
2778 1765 3307 1837 gradiebatur(485);
3320 1782 3445 1837 quat
3456 1766 3631 1822 etiam
3646 1767 3801 1823 indi»

2219 1870 2309 1910 mo
2329 1856 2539 1924 nepotis
2562 1856 2800 1928 episcopi
2822 1872 3023 1912 annum
3047 1873 3217 1912 unum
3238 1865 3294 1913 et
3313 1858 3455 1914 duos
3481 1874 3723 1924 menses,
3737 1874 3798 1915 ac

2217 1945 2502 2003 dimidium
2537 1957 2813 2005 manserat
2840 1949 2982 2019 apud
3024 1950 3266 2019 praedicti
3318 1949 3502 2007 Patris
3530 1952 3795 2018 tumbam,

2218 2038 2428 2094 meritis
2469 2038 2644 2110 ipsius
2688 2055 2827 2095 sana
2856 2048 3038 2097 erecta
3079 2048 3165 2098 est
3212 2041 3267 2096 in
3292 2042 3473 2113 prima
3515 2044 3797 2101 noctisviv

2219 2130 2366 2202 gilia.

2289 2221 2426 2277 XIII.
2458 2220 2717 2294 Sumenti
2753 2238 2883 2280 vero
2914 2224 3023 2290 die,
3046 2223 3193 2285 circa
3241 2225 3477 2293 tertiam,
3519 2235 3587 2282 ut
3623 2228 3797 2283 visum

2218 2322 2321 2380 est,
2354 2314 2567 2381 horam,
2610 2313 2787 2373 fertur
2812 2315 2960 2386 quod
2983 2317 3233 2386 quaedam
3277 2333 3313 2373 a
3347 2319 3639 2375 nativitate
3658 2335 3796 2377 ac:

2218 2404 2418 2460 ibidem
2442 2403 2604 2464 fuerit
2633 2405 2954 2473 illuminata,
2979 2422 3143 2476 quam
3180 2407 3484 2467 Brixiensis
3508 2410 3800 2469 comitatus

2220 2495 2452 2552 incolam
2487 2504 2621 2551 tunc
2648 2497 2995 2557 audivimusr

2289 2585 2429 2641 XIV.
2460 2586 2659 2643 Eodem
2697 2603 2898 2659 quippe
2925 2588 3011 2644 die
3031 2589 3191 2660 quasi
3218 2589 3355 2646 hora
3396 2601 3570 2656 sexta,
3594 2608 3801 2663 panper

2221 2677 2442 2751 quidam
2500 2680 2558 2733 in
2611 2679 2849 2748 hospitio
2897 2694 3196 2750 pauperum
3252 2682 3494 2750 praedicti
3545 2684 3800 2752 praesulis

2221 2768 2519 2836 Mantuani,
2552 2769 2832 2840 aliquanto
2862 2778 3104 2840 tempore
3144 2770 3502 2844 eleemosynis
3519 2782 3799 2835 sustenta:

2222 2869 2332 2927 tus,
2362 2876 2394 2916 a
2421 2860 2645 2917 renibus
2668 2876 2845 2930 usque
2867 2876 3087 2928 curvus,
3117 2861 3185 2916 ad
3210 2861 3453 2931 ejusdem
3492 2864 3672 2919 sancti
3696 2863 3797 2918 Pao

2223 2950 2323 3005 tris
2359 2950 2669 3021 sepulcrum
2693 2964 2880 3016 orans,
2914 2949 3094 3005 subito
3120 2965 3179 3005 se
3205 2965 3400 3006 sanum
3421 2952 3621 3008 erexit.

2292 3041 2409 3096 XV.
2435 3041 2733 3113 Divulgatis
2773 3042 2955 3112 itaque
2980 3040 3137 3113 longe
3158 3041 3373 3113 lateque
3401 3044 3611 3099 talibus
3636 3044 3797 3103 mira-

2225 3133 2387 3198 culis,
2407 3147 2532 3188 ecee
2555 3132 2753 3187 mulier
2778 3132 3026 3203 quaedam
3047 3132 3113 3187 de
3132 3134 3378 3200 castello,
3393 3135 3546 3204 quod
3561 3134 3796 3204 Capite!-

2224 3224 2335 3279 lum
2371 3223 2591 3291 dicitur,
2623 3239 2745 3294 qua:
2765 3222 2937 3279 visum
2982 3224 3197 3294 penitus
3226 3225 3507 3291 amiserat,
3538 3226 3707 3297 erepit
3725 3226 3803 3279 vi-

2223 3332 2347 3371 rum
2393 3331 2554 3371 suum
2592 3314 2835 3386 ﬂagitare
2887 3324 2948 3370 ut
2980 3315 3049 3370 ad
3088 3316 3263 3371 sancti
3300 3318 3403 3371 viri
3439 3334 3646 3388 corpus
3683 3334 3800 3373 eam

2223 3407 2560 3477 perduceret.
2586 3406 2683 3461 Illo
2708 3421 2836 3461 vero
2867 3414 3117 3477 negante,
3141 3405 3312 3463 frater
3340 3408 3462 3478 ejus
3489 3410 3801 3465 misericor-

2222 3496 2311 3551 dia
2348 3504 2552 3565 motus,
2594 3497 2908 3567 junctisque
2946 3497 3121 3552 bobus
3162 3498 3428 3568 plaustro,
3476 3501 3649 3570 cepit
3684 3517 3801 3555 ean.

2223 3584 2435 3643 deferre
2486 3586 2624 3642 Dum
2653 3595 2834 3643 autem
2878 3587 3091 3643 duobus
3122 3588 3401 3655 fmilliariis
3444 3592 3799 3660 perrexisset.

2225 3679 2448 3751 incmpit
2484 3680 2707 3736 arbores
2755 3689 2810 3737 et
2838 3680 3161 3750 plaustrum,
3187 3690 3244 3736 et
3268 3680 3457 3746 boves,
3495 3691 3803 3753 eaeteraqpc

2220 3768 2333 3840 jam
2359 3768 2541 3825 omnia
2563 3769 2783 3837 videre;
2811 3784 2935 3841 qua:
2957 3769 3160 3840 gratias
3182 3767 3312 3835 Deo,
3351 3770 3587 3841 ejusque
3617 3780 3806 3825 sancto

2225 3859 2523 3934 confessori
2558 3874 2746 3932 agens,
2791 3867 2977 3914 votum
3017 3859 3085 3915 de
3104 3866 3419 3930 paupertate
3438 3876 3541 3916 sua
3575 3860 3804 3926 faciens,

2225 3952 2449 4008 domum
2483 3965 2701 4007 reversa
2725 3958 2828 4007 est.
3774 4023 3779 4026 ί

2294 4041 2434 4097 XVI.
2464 4040 2559 4103 Die
2594 4057 2732 4097 nona
2764 4050 2882 4097 erat
2911 4041 2965 4096 in
2988 4040 3176 4098 eodem
3214 4051 3391 4098 castro
3420 4042 3528 4097 alia
3552 4044 3803 4114 quaadam

2226 4132 2480 4188 cruribus
2521 4147 2586 4187 ac
2632 4131 2855 4187 renibus
2884 4139 3186 4200 contracta,
3228 4148 3351 4203 qua:
3390 4133 3541 4187 nulla
3595 4150 3667 4189 ex
3710 4151 3805 4189 ne-

2226 4224 2500 4290 cessitate,
2523 4222 2723 4278 lectum
2746 4238 2907 4278 suum
2929 4238 3026 4293 per
3050 4224 3477 4294 sepotuitexire.
3498 4223 3629 4281 Haec
3666 4225 3806 4296 apud

2228 4313 2398 4369 civem
2423 4314 2712 4384 quemdam
2748 4311 3123 4381 Mant'sanum,
3147 4314 3242 4385 qui
3278 4322 3502 4369 venerat
3543 4314 3664 4380 illo,
3688 4330 3807 4386 pre-

2230 4406 2385 4462 cibus
2425 4406 2754 4476 impetravit,
2779 4404 2926 4476 quod
2968 4403 3277 4475 impositam
3320 4404 3569 4477 plaustro
3612 4421 3719 4461 suo
3744 4404 3807 4460 ad

555 4497 718 4558 atque
760 4489 1044 4547 Aribertus
1086 4491 1368 4562 Regiensis
1411 4493 1722 4562 episcopus,
1780 4500 1836 4547 et
1884 4493 2131 4560 ejusdem
2161 4499 2206 4553 Ι)
2232 4498 2419 4553 urbem
2450 4496 2661 4563 detulit,
2683 4504 2737 4551 et
2761 4496 2831 4552 ad
2855 4496 3124 4552 tumulum
3142 4497 3316 4552 sancti
3337 4497 3591 4567 pnesulis
3618 4498 3808 4553 hume-

555 4580 792 4636 civitatis
854 4580 1164 4653 episcopus,
1218 4584 1426 4639 scilicet
1478 4583 1823 4643 Mantuanus.
1887 4584 2129 4643 Ubaldus

555 4672 866 4741 vocitatus;
909 4674 1004 4729 sed
1059 4681 1113 4729 et
1160 4673 1478 4740 Damianus,
1528 4676 1822 4732 cardinalis
1870 4676 2130 4736 Romana:

556 4761 833 4832 Ecclesia),
868 4764 963 4836 qui
991 4772 1047 4820 et
1085 4765 1248 4822 abbas
1282 4764 1705 4822 Nonantulensis
1729 4771 1984 4825 cmnobii.

627 4851 693 4908 Hi
725 4869 912 4910 omnes
937 4855 1004 4911 ad
1049 4856 1375 4911 audiendam
1411 4856 1531 4925 ejus
1566 4859 1910 4927 sapientiam,
1937 4862 2005 4916 ad
2038 4876 2130 4918 ca-

558 4943 816 5014 piendum
859 4946 1031 5015 ipsius
1054 4947 1366 5013 consilium,
1394 4947 1536 5002 sicut
1557 4962 1700 5019 saepe
1730 4951 1834 5021 ipsi
1852 4966 1916 5007 ac
1949 4954 2130 5007 caeteri

558 5032 826 5089 Catholici
848 5047 1260 5105 consueverant,
1284 5039 1641 5096 advenerunt.
1678 5039 1974 5099 Sutriensis
1995 5059 2134 5113 quo-

558 5139 668 5174 nue
693 5124 868 5174 pridie
890 5131 1094 5174 tantum
1132 5138 1429 5174 remeam-at
1452 5147 1464 5160 ι
1506 5132 1597 5174 end
1644 5148 1768 5174 mm
1802 5142 1923 5174 lar-et
1951 5141 2133 5174 imm-

2232 4587 2308 4644 ris
2341 4588 2456 4644 suis
2508 4586 2776 4658 portavit:
2822 4602 2962 4658 quae,
3016 4587 3161 4642 facta
3209 4587 3489 4658 aliquanta
3540 4590 3806 4656 oratione,

2231 4681 2392 4750 paulo
2418 4688 2540 4750 post
2561 4692 2694 4735 sana
2729 4679 2984 4735 surrexit.

2299 4770 2461 4826 XVII.
2486 4771 2581 4830 Die
2624 4770 2931 4837 undecima,
2979 4768 3229 4841 quaedam
3267 4770 3432 4826 etiam
3463 4770 3530 4826 de
3564 4769 3807 4833 castello,

2231 4864 2376 4935 quod
2417 4862 2688 4918 Goudi‘um
2722 4863 2940 4930 dicitur,
2976 4861 3259 4917 mensibus
3309 4870 3441 4916 tunc
3482 4861 3681 4932 viginti
3703 4859 3811 4931 pri-

2230 4962 2356 5009 vata
2384 4953 2702 5020 luminibus,
2726 4952 2893 5007 biduo
2931 4951 3117 5022 jejuna
3144 4951 3296 5022 juxta
3326 4966 3526 5022 corpus
3559 4961 3809 5009 sanctum

2232 5044 2540 5109 demorans,
2566 5044 2852 5114 pristinam
2877 5043 3149 5097 luminum
3179 5042 3481 5096 claritatem
3512 5041 3742 5112 recepit.

2303 5132 2468 5174 YVI"
2512 5133 2607 5174 “in
2652 5135 2836 5174 nnintn
2864 5134 3070 5174 dar-ima
3136 5133 3301 5174 altor-9|
3348 5132 3597 5174 tutandam
3626 5132 3696 5174 Λρ
3716 5147 3807 5174 03—
