3984 5380
198 312 307 379 915

1086 312 1373 369 APPEND.
1411 312 1497 368 IlI;
1535 345 1603 354 —
1640 312 2071 369 MONUMZNTA
2108 311 2567 372 GIlEGORIANA.

3342 310 3450 367 99.5

198 429 411 499 pariter
454 443 582 485 cum
646 426 1038 501 gloriosissima
1091 428 1313 483 domina
1379 428 1653 494 Mathilda,
1719 439 1774 484 et
1804 435 1848 491 Α
1872 429 2092 484 vitatem
2124 427 2399 484 Mantuam
2442 431 2810 492 concurreret,
2847 423 3069 495 quidam
3102 423 3169 480 de
3199 421 3324 478 villa
3349 439 3451 479 no-

198 521 564 591 pallentibus
610 521 666 576 in
726 520 813 577 die
860 528 1052 575 sancto
1112 518 1431 586 Parasceve,
1487 521 1777 576 adveniens

198 613 451 684 quadam
477 612 545 669 de
574 612 714 679 loco,
736 612 830 682 qui
856 610 1153 679 Coloniole,
1185 627 1309 683 quae
1326 613 1505 668 visum
1526 613 1776 683 perdide-

198 713 309 771 rat,
330 704 472 760 ﬂens
499 712 555 759 et
584 704 816 774 ejulans,
859 703 1208 759 devotissime
1256 703 1463 759 faciens
1484 705 1690 769 venias,
1725 712 1780 759 et

197 802 328 864 post
350 794 533 867 aliqua
561 810 810 866 surgens,
834 795 1024 850 oculos
1053 795 1120 850 ad
1142 802 1383 865 tapetum
1407 796 1640 866 sepulcri
1666 804 1777 850 ter-

199 886 294 949 sit.
318 886 608 957 visumque
632 885 855 956 recepit.

271 977 394 1033 XX.
418 978 517 1035 Die
541 979 750 1035 decima
772 987 982 1045 octava,
1000 978 1197 1035 mulier
1214 978 1378 1035 etiam
1399 995 1508 1034 una
1535 978 1779 1049 ejusdem

201 1069 443 1126 civitatis
492 1085 603 1126 non
638 1070 842 1142 ignota,
875 1071 1119 1126 dentium
1161 1070 1348 1127 dolore
1399 1087 1464 1126 ac
1506 1072 1779 1126 viscerum

202 1164 596 1234 torquebatur:
621 1180 744 1234 quae
761 1162 1082 1234 confugiens
1124 1162 1192 1219 ad
1219 1163 1462 1234 praedicti
1497 1163 1779 1220 confesso-

201 1254 283 1309 ris
305 1255 643 1325 sepulcrum,
677 1270 808 1309 sana
830 1269 955 1309 mox
980 1253 1120 1311 facta
1142 1262 1245 1310 est.

271 1348 417 1407 XXI.
451 1349 636 1406 Altera
665 1349 875 1420 quaevis
901 1349 968 1404 de
990 1350 1207 1419 Oppido,
1254 1347 1399 1419 quod
1422 1347 1783 1403 Castellucule

201 1440 526 1511 appellatur,
552 1440 690 1495 adeo
706 1439 976 1493 infirmata
998 1447 1081 1494 est
1111 1446 1223 1493 uta
1252 1438 1393 1494 lecto
1421 1454 1646 1510 surgere
1672 1454 1781 1493 non

203 1538 393 1601 posset
443 1529 557 1585 ullo
585 1529 767 1584 modo.
796 1526 940 1594 Haec,
985 1528 1186 1585 auditis
1238 1537 1317 1584 tot
1363 1530 1662 1594 miraculis,
1683 1545 1783 1583 vo-

202 1632 319 1677 tum
354 1621 504 1689 iccit,
549 1622 821 1692 pauloque
864 1629 989 1691 post
1016 1621 1208 1687 evasit,
1260 1632 1423 1692 atque
1475 1631 1663 1676 octava
1694 1621 1782 1676 die

201 1714 443 1784 pedibus
461 1715 577 1769 suis
608 1713 679 1768 ad
707 1711 879 1768 sancti
918 1712 1020 1766 viri
1043 1713 1289 1768 tumbam
1319 1713 1564 1778 veniens,
1590 1721 1778 1767 votum

202 1814 447 1875 ipsamet
465 1804 744 1876 persolvit.

272 1896 444 1951 XXII.
469 1897 564 1951 Die
584 1897 845 1968 vigesima
866 1897 1062 1968 prima,
1090 1905 1209 1953 erat
1229 1896 1453 1967 insuper
1478 1896 1612 1952 civis
1632 1895 1783 1951 Man-

204 1996 437 2053 taurus,
468 1988 583 2058 qui,
614 1989 1027 2058 superveniente
1050 1989 1324 2059 albugine,
1353 1989 1515 2044 unius
1537 1989 1681 2044 oculi
1702 1990 1784 2043 vi-

205 2092 329 2138 sum
355 2077 633 2135 amiserat.
688 2074 852 2137 Multa
882 2076 1068 2147 itaque
1099 2077 1157 2132 in
1205 2077 1448 2133 medicos
1473 2079 1785 2148 expendens

207 2165 455 2235 nihilque
487 2163 798 2235 proficiens,
822 2166 890 2221 ad
916 2181 1109 2239 verum
1144 2167 1416 2222 medicum
1446 2166 1658 2233 salutis,
1688 2182 1785 2237 per

208 2253 401 2308 merita
425 2253 720 2323 supradicti
751 2253 999 2324 praesulis
1028 2255 1361 2311 sanctissimi
1401 2254 1664 2326 confugit,
1699 2256 1784 2309 vi-

206 2360 446 2415 sumque
474 2347 835 2415 recuperavit.

274 2436 469 2491 XXIII.
509 2437 606 2493 Die
654 2438 918 2509 vigesima
965 2439 1144 2505 tertia,
1179 2447 1305 2510 post
1330 2441 1449 2495 haec
1475 2455 1611 2510 puer
1642 2454 1788 2494 unus

208 2527 277 2581 de
299 2527 430 2581 villa
468 2525 947 2583 Vadumferratum
994 2529 1279 2599 appellata,
1327 2544 1490 2600 quem
1524 2529 1788 2583 arthetica

211 2616 500 2690 [artritica,
546 2617 762 2690 opinor]
790 2617 965 2673 cilicio
991 2619 1340 2675 brachiorum
1365 2620 1692 2690 privaverat,
1722 2618 1791 2674 ad

210 2708 355 2767 idem
386 2709 692 2767 antarium
719 2708 950 2775 delatus,
984 2710 1272 2765 sanitatem
1299 2711 1522 2781 recepit.

281 2794 476 2850 XXIV.
504 2795 603 2851 Die
633 2796 895 2866 vigesima
925 2805 1144 2867 quarta,
1180 2797 1319 2852 alius
1364 2799 1529 2855 etiam
1559 2812 1695 2867 puer
1725 2797 1792 2852 de

211 2883 528 2953 Burbassic,
555 2885 764 2941 lumine
796 2886 1039 2958 privatus
1081 2887 1393 2953 oculorum,
1421 2894 1477 2941 et
1499 2886 1659 2957 quasi
1693 2886 1794 2957 hy—

210 2976 480 3047 dropisim
524 2991 854 3048 perpessus,
903 2976 1214 3033 admonitus
1262 2990 1405 3047 saepe
1460 2977 1517 3030 in
1583 2978 1792 3032 somnis

212 3068 433 3124 tandem
464 3068 534 3124 ad
556 3068 892 3125 sanctissimi
914 3067 1093 3123 Patris
1133 3066 1439 3138 patrocinia
1466 3065 1714 3137 confugit
1739 3075 1795 3121 et

212 3158 407 3213 evasit.

279 3268 451 3323 XXV.
475 3268 577 3325 Die
602 3269 882 3341 trigesima
912 3269 1108 3342 prima,
1146 3268 1250 3326 fuit
1276 3270 1555 3343 presbyter
1590 3270 1656 3326 de
1680 3268 1795 3340 epi-

214 3370 444 3432 scopatu
475 3361 748 3419 Brixiensi
781 3363 848 3419 de
899 3371 1080 3419 castro
1113 3364 1334 3420 nomine
1358 3363 1679 3435 Gorelengo,
1708 3362 1798 3419 cui

216 3451 424 3506 malum
457 3452 535 3519 id,
577 3452 725 3523 quod
768 3468 866 3523 per
906 3453 1249 3523 antiphrasin
1301 3454 1556 3510 homines
1605 3453 1798 3509 bonum

217 3541 511 3611 appellant,
542 3542 708 3598 unius
737 3542 880 3598 oeuli
910 3544 1095 3598 lumen
1117 3544 1431 3610 abstulerat,
1461 3544 1578 3616 qui,
1616 3543 1799 3599 audita

218 3638 499 3687 tantorum
548 3633 832 3703 signorum
874 3631 1041 3700 fama,
1064 3633 1143 3688 ad
1183 3642 1433 3688 sanctum
1491 3634 1801 3703 sepulcrum

218 3723 554 3792 properavit,
581 3722 725 3779 facta
748 3738 877 3780 vero
910 3723 1111 3781 ibidem
1147 3723 1395 3779 oratione
1423 3740 1675 3780 reversus
1696 3730 1798 3790 est,

219 3819 275 3863 et
293 3812 497 3880 quavis
524 3810 827 3884 prurigine,
853 3812 984 3868 dum
1015 3820 1133 3867 erat
1162 3812 1217 3867 in
1249 3813 1337 3867 via
1368 3812 1645 3880 incitatus,
1669 3828 1804 3869 ocu-

218 3899 334 3954 lum
357 3902 530 3973 digito
560 3902 797 3970 fricavit,
840 3904 1153 3974 apertisque
1186 3918 1315 3957 mox
1347 3903 1622 3974 palpebris
1658 3903 1804 3958 clare

219 3992 376 4046 vidit.
422 3991 729 4063 Regressus
778 4008 910 4064 ergo
959 3994 1026 4048 ad
1059 3993 1356 4059 civitatem,
1386 3994 1588 4064 gratias
1617 4006 1804 4048 coram

222 4084 482 4140 omnibus
509 4091 621 4138 tam
651 4084 744 4155 pio
776 4084 962 4140 retulit
986 4084 1310 4155 patrocinio.

290 4193 487 4249 XXVI.
514 4194 683 4251 Nocte
719 4194 968 4267 sequenti
1007 4195 1346 4268 trigesimum
1376 4193 1615 4265 primum
1638 4191 1803 4258 diem,

223 4288 477 4360 quaedam
502 4296 686 4343 autem
719 4288 788 4343 de
809 4288 1033 4344 castello
1072 4287 1292 4343 nomine
1323 4286 1605 4353 Maratica,
1645 4284 1804 4355 juxta

223 4385 447 4447 portum
481 4376 780 4449 Lignacum
832 4378 887 4432 in
934 4378 1197 4433 comitatu
1231 4376 1552 4442 Veronensi,
1600 4375 1806 4430 habens

1878 521 2026 576 mine
2071 520 2380 587 Fornicata,
2407 528 2462 575 et
2501 519 2627 587 alia,
2662 533 2786 589 qua:
2816 516 3032 572 Blittolo
3067 516 3286 582 dicitur,
3322 528 3447 570 cum

1876 614 2090 671 vexillis
2111 622 2168 670 et
2196 611 2526 669 sanctuariis
2586 608 2861 681 reliquiis]
2885 650 2901 676 ,
2933 608 3075 665 sicut
3107 615 3192 663 est
3217 621 3450 662 consuc-

1877 709 2030 775 tudo,
2062 706 2362 772 venientes,
2398 712 2455 759 et
2487 719 2646 760 secus
2686 703 2833 758 viam
2881 699 3278 770 conspicientes
3330 711 3452 752 eer-

1876 816 2002 856 vam
2031 813 2199 855 unam
2232 811 2511 869 magnam,
2559 794 2824 851 admoniti
2864 809 2896 848 a
2937 791 3173 863 quodam
3204 787 3449 859 ipsorum

1875 895 2214 966 presbytero,
2249 897 2533 960 coeperunt
2553 885 3002 957 omnipotentiam
3036 881 3135 936 Dei
3173 880 3449 944 invocare,

1877 995 2146 1058 quatenus
2164 982 2375 1039 meritis
2393 979 2725 1053 sanctissimi
2751 977 2836 1034 sui
2857 972 3174 1039 sacerdotis,
3197 972 3264 1028 ad
3287 984 3448 1041 quem

1878 1079 2069 1135 devote
2088 1074 2404 1147 pergebant,
2431 1071 2766 1140 illmsamque
2800 1069 2882 1124 eis
2911 1068 3086 1137 ipsam
3106 1062 3449 1127 concederet,

1879 1169 2026 1240 quod
2046 1176 2101 1223 et
2137 1166 2217 1222 sic
2251 1164 2456 1221 factum
2492 1171 2596 1219 est.
2634 1160 2792 1228 Nam,
2826 1159 2982 1232 quasi
3006 1159 3109 1214 fixa
3131 1158 3273 1223 loco,
3304 1155 3454 1212 stetit

1879 1262 2083 1334 quieta.
2110 1259 2180 1313 At
2216 1259 2314 1326 illi,
2360 1255 2614 1312 missoin
2655 1255 2855 1311 collum
2887 1252 3007 1323 ejus
3036 1250 3272 1321 quodam
3303 1247 3452 1304 funi-

1880 1356 2027 1421 culo,
2081 1352 2149 1407 ad
2199 1364 2374 1422 usque
2408 1348 2716 1419 sepulcrum
2767 1342 3063 1401 venerandi
3122 1338 3455 1397 confessoris

1880 1442 2324 1501 mansuetissime
2344 1441 2735 1511 perduxerunt.
2773 1436 2975 1491 Factus
3007 1440 3091 1489 est
3120 1432 3305 1501 itaque
3325 1431 3456 1484 inat-

1880 1535 2168 1592 stimahilis
2219 1533 2394 1588 turbae
2427 1546 2747 1587 concursus.
2788 1528 2894 1583 Alii
2942 1527 3081 1598 pilos
3115 1526 3306 1595 ipsius,
3335 1532 3459 1578 tan-

1879 1643 2042 1699 quam
2101 1625 2347 1682 veritatis
2400 1622 2683 1689 indicium,
2731 1627 3049 1692 rapuerunt.
3096 1617 3201 1671 Alii
3244 1623 3457 1672 tantum

1879 1719 2064 1775 videre
2088 1718 2417 1788 cupierunt;
2441 1730 2634 1771 omnes
2660 1721 2842 1769 autem
2874 1709 3252 1781 aequanimiter
3275 1706 3459 1762 mirati

1813 1802 2029 1868 Bsunt.
2087 1808 2223 1876 Sed,
2268 1808 2395 1880 quia
2450 1815 2568 1863 erat
2621 1805 2840 1878 gravida
2866 1845 2880 1870 ,
2933 1810 3134 1858 tantam
3191 1799 3460 1857 sustinere

1880 1918 2197 1976 prcssuram
2232 1916 2341 1957 non
2372 1901 2571 1973 potuit,
2600 1898 2668 1955 ad
2709 1898 3018 1969 sepulcrum
3050 1904 3231 1949 tamen
3266 1908 3459 1964 perve-

1882 1999 1982 2064 nit,
2012 1997 2196 2068 ibique
2244 1993 2572 2057 succubuit;
2608 2000 2665 2047 et
2715 1991 2878 2061 paulo
2912 1994 3057 2059 post,
3097 1986 3228 2041 dum
3280 1986 3462 2039 vivere

1882 2105 1993 2144 non
2027 2094 2235 2160 posset,
2258 2086 2441 2141 occisa
2468 2092 2581 2152 est;
2612 2083 2770 2154 cujus
2791 2096 2920 2137 caro
2945 2080 3000 2134 in
3030 2077 3461 2134 benedictionem

1883 2181 2130 2237 diversas
2160 2195 2256 2250 per
2283 2186 2470 2249 partes
2490 2177 2665 2232 divisa
2689 2182 2793 2241 est,
2821 2187 2945 2244 qute
2990 2169 3177 2226 multis
3208 2177 3353 2226 certe
3373 2168 3462 2223 in-

1884 2276 2059 2330 firmis
2085 2273 2373 2345 pristinam
2405 2270 2638 2327 reddidit
2668 2268 2979 2325 sanitatem.
3013 2263 3119 2320 Sed
3143 2277 3253 2317 non
3278 2260 3467 2316 minus

1885 2364 2157 2421 laudabile
2188 2380 2252 2419 ac
2283 2363 2579 2434 gloriosum
2604 2369 2709 2426 est,
2746 2358 2892 2429 quod
2927 2356 3175 2426 sequitur
3201 2371 3215 2408 :

1959 2456 2379 2513 Revertentibus
2409 2454 2555 2509 enim
2596 2452 2801 2509 eisdem
2845 2458 2971 2520 post
2993 2446 3311 2516 completam
3342 2457 3466 2497 ora-

1890 2551 2116 2615 tionem,
2153 2547 2447 2620 quamdam
2484 2546 2551 2601 ad
2578 2560 2776 2616 aquam
2818 2546 3104 2604 venerunt,
3143 2551 3329 2606 quam,
3360 2528 3466 2587 nisi

1888 2642 2126 2713 navigio,
2163 2639 2397 2695 transire
2443 2653 2552 2693 non
2579 2641 2895 2706 potuerunt.
2940 2628 3008 2686 Ut
3028 2636 3209 2684 autem
3236 2620 3468 2679 manife-

1890 2738 2167 2786 starentur
2195 2743 2360 2797 opera
2394 2724 2512 2791 Dei,
2554 2723 2710 2778 navis
2739 2722 2967 2776 alteram
3022 2717 3078 2771 in
3106 2722 3313 2785 partem
3355 2718 3468 2764 tra-

1891 2821 2055 2876 ducta
2091 2826 2195 2875 est.
2242 2816 2345 2871 Diu
2385 2830 2514 2886 ergo
2548 2819 2931 2884 exspectantes
2970 2816 3024 2863 et
3071 2802 3468 2876 aliquantulum

1891 2912 2095 2975 tristes,
2117 2924 2184 2963 eo
2210 2906 2357 2977 quod
2383 2905 2561 2975 jejuni
2585 2911 2742 2959 erant
2768 2918 2832 2957 ac
2862 2898 3092 2970 fatigati,
3121 2893 3471 2951 recordantes

1893 3000 2094 3072 prioris
2118 2997 2391 3062 miraculi,
2418 2996 2616 3050 iterum
2672 2978 3060 3047 invocaverunt
3088 2985 3260 3040 Deum
3296 2990 3355 3037 ut
3375 2996 3471 3051 per

1894 3069 2087 3146 merita
2131 3089 2213 3145 sui
2263 3086 2438 3142 sancti
2482 3082 2814 3139 confessoris
2861 3075 3103 3133 Anselmi
3150 3069 3472 3129 transeundi

1818 3152 1859 3209 Ο
1892 3183 2050 3238 daret
2088 3178 2398 3236 consilium.
2463 3175 2569 3230 Vix
2618 3172 2872 3245 precibus
2917 3166 3200 3239 completis
3260 3170 3313 3219 et
3346 3176 3473 3218 ecce

1893 3275 2050 3330 navis
2077 3272 2344 3328 dissoluta
2395 3269 2601 3338 absque
2631 3265 2782 3320 omni
2828 3260 3032 3332 remige
3060 3259 3210 3314 venit
3245 3258 3313 3312 ad
3351 3271 3466 3311 eos.

1896 3366 2111 3423 Gratias
2159 3365 2344 3434 itaque
2389 3359 2686 3416 referentes
2738 3355 2849 3409 Deo
2895 3353 3122 3424 ejusque
3170 3344 3473 3404 confessori

1897 3459 2267 3523 sanctissimo,
2298 3469 2490 3510 omnes
2545 3448 2884 3505 transierunt
2938 3442 3258 3506 incolumes,
3318 3436 3475 3506 cujus

1897 3567 1965 3607 ex
1990 3549 2143 3606 navis
2164 3550 2312 3621 ligno
2354 3542 2587 3601 diversis
2615 3542 2681 3598 de
2717 3536 2998 3618 doloribus
3034 3528 3351 3605 perplurimi
3389 3542 3477 3583 sa-

1898 3644 2013 3700 nati
2046 3650 2192 3699 sunt.

1970 3763 2163 3821 XXIX.
2205 3760 2377 3828 Nosse
2409 3759 2571 3816 etiam
2603 3756 2857 3811 volumus
2881 3759 3129 3807 sanctum
3152 3743 3483 3803 desiderium

1901 3864 2171 3920 vestrum,
2201 3853 2348 3924 quod
2383 3867 2493 3905 non
2537 3847 2753 3903 aliunde
2787 3843 3098 3906 didicimus,
3142 3852 3335 3893 verum
3379 3833 3485 3904 ipsi

1902 3948 2141 4002 vidimus
2168 3953 2223 4000 et
2250 3943 2501 3998 fecimus.
2542 3938 2670 3993 Erat
2693 3937 2749 3991 in
2777 3934 3063 3991 obsidione
3086 3928 3368 4000 cujusdam
3393 3940 3486 3980 ca-

1904 4038 2044 4093 stelli
2087 4032 2417 4098 veneranda,
2460 4044 2623 4099 quam
2656 4024 3026 4097 pradiximus,
3058 4019 3360 4081 comitissa,
3389 4013 3485 4069 ubi

1905 4127 2240 4184 Teutonicus
2269 4122 2492 4194 quidam
2515 4118 2625 4174 ictu
2650 4123 2816 4187 petrae
2840 4113 3157 4171 vulneratus
3188 4115 3271 4163 est
3310 4105 3366 4159 in
3390 4118 3486 4159 ca-

1904 4222 2050 4293 pite;
2073 4218 2168 4291 qui
2191 4217 2370 4272 triduo
2390 4220 2514 4285 post
2535 4210 2800 4266 deductus
2825 4214 2910 4262 est
2932 4210 3183 4258 nostrum
3208 4199 3265 4253 in
3301 4194 3489 4265 hospi-

1906 4287 2066 4379 tium,
2091 4287 2371 4381 quatenus
2409 4305 2484 4361 ibi
2524 4302 2803 4358 meliorem
2824 4310 2989 4368 quam
3023 4292 3165 4364 apud
3189 4291 3358 4345 laicos
3386 4287 3488 4342 ha-

1906 4407 2060 4461 beret
2089 4400 2557 4472 tranquillitatem.
2598 4393 2754 4448 Hunc
2774 4389 2967 4447 deinde
2996 4393 3167 4459 gutta,
3200 4397 3365 4452 quam
3388 4394 3488 4472 pa:

227 4466 518 4570 iam"?
546 4466 1084 4570 manutndﬂausatff
1141 4465 1272 4570 sed"
1288 4473 1344 4519 et
1376 4472 1549 4570 “39m
1586 4471 1803 4570 Pam?"
1842 4493 1886 4550 D
1912 4496 2115 4569 ralysin
2160 4465 2357 4548 medici
2399 4494 2619 4553 vocant,
2658 4493 2770 4541 tam
2801 4480 3091 4538 crudeliter
3120 4473 3320 4529 invasit
3346 4465 3493 4538 quod

407 4556 884 4658 3“,““Pmly‘ica
908 4556 1196 4658 “fdi”:
1226 4553 1378 4658 ΠωΫῖ
1412 4553 1696 4658 ίτίβθδίωο
1721 4552 1811 4607 die
1915 4552 2106 4644 amens
2124 4585 2344 4657 penitus
2371 4580 2549 4637 factus
2567 4586 2671 4643 est,
2697 4576 2834 4632 adeo
2855 4580 2918 4628 ut
2940 4569 3076 4626 nihil
3095 4580 3226 4623 sane
3245 4562 3491 4623 sentiret,

228 4646 413 4702 obitus
434 4646 681 4747 ejusdem
709 4644 766 4700 S.
791 4645 1061 4715 praesulis,
1086 4644 1259 4714 ipsius
1273 4644 1340 4698 ad
1364 4644 1606 4699 tumbam
1623 4655 1812 4708 orans,
1914 4644 2187 4736 nemine'm
2209 4678 2576 4747 cognosceret.
2617 4667 2806 4725 vocati
2821 4678 3016 4721 sumus
3033 4657 3266 4727 denique
3285 4660 3341 4709 ει
3370 4665 3494 4715 nos,

230 4751 363 4795 sana
388 4740 650 4792 surrexit.
800 4803 805 4806 _

1916 4780 2189 4846 quatenus
2222 4740 2465 4839 injuncta
2496 4764 2549 4819 ei
2579 4756 2899 4832 paenitentia
2938 4748 3376 4846 communionem
3401 4740 3498 4843 da-

1917 4834 2124 4923 remus.
2168 4834 2294 4918 Sed
2311 4871 2487 4928 neque
2531 4849 2852 4923 pcenitentia
2881 4844 3013 4916 quid
3046 4848 3191 4898 esset
3219 4834 3503 4928 potuimus

1920 4959 1972 5014 ei
1994 4958 2351 5011 innotescere.
2372 4923 2687 5010 liostremo,
2711 4958 2812 4998 nec
2833 4938 2965 5008 quid
2988 4936 3132 4991 Deus
3154 4938 3301 4987 esset
3324 4923 3505 4998 potui-

1923 5066 2051 5108 mus
2088 5063 2213 5103 eum
2249 5043 2426 5099 facere
2460 5050 2785 5107 agnoscere,
2816 5038 2909 5086 aut
2935 5027 3102 5083 “eum
3144 5024 3231 5078 vel
3271 5021 3507 5088 aliquem

300 4843 517 4900 XXV“.
570 4845 649 4901 De
702 4846 962 4901 comitatu
1017 4860 1235 4917 quoque
1291 4842 1698 4909 Mediolanensi,
1748 4844 1816 4899 de

233 4936 387 5006 plebe
432 4934 653 4991 Rosade
708 4936 932 5007 quidam
993 4936 1219 4992 claudus
1248 4935 1558 5001 advenerat,
1609 4935 1704 5005 qui
1761 4944 1815 4989 et

232 5026 403 5082 multa
429 5026 549 5096 jam:
570 5034 889 5082 sanctcr'xz:
919 5024 1117 5080 limina
1161 5025 1241 5079 sic
1268 5034 1582 5080 contractus
1612 5024 1820 5079 sanita-
