3984 5380
526 305 626 364 9E7

1413 383 1419 390 '
1507 308 1598 362 AD
1637 308 1960 398 OPEI‘rAS.
2000 305 2326 366 GREGOIIII
2365 309 2804 371 APPENDICES.
2857 360 2880 364 ..

3687 307 3785 385 tes

527 419 783 498 dominae,
798 420 1198 480 lamentabiiem
1222 421 1370 486 illius
1385 439 1596 492 vocem,
1615 438 1739 496 qua:
1759 425 1946 484 divino
1963 440 2114 480 com—
2141 424 2189 481 A
2211 425 2422 490 meritis
2450 427 2750 486 beatissimi
2769 430 3011 488 Ansclmi
3033 430 3276 504 pristina
3297 436 3584 496 restitutus
3601 451 3686 497 est
3703 459 3788 498 sa-

528 519 733 586 puncta
757 513 1038 585 instinctu,
1064 513 1142 569 ait
1173 515 1242 572 ad
1277 531 1367 572 me
1395 525 1456 572 ut
1485 517 1771 590 annulum,
1793 517 1974 588 quis.
2001 516 2114 593 An»

530 610 690 682 selmi
719 608 934 682 fuerat,
983 625 1146 681 quem
1203 610 1367 666 etiam
1405 611 1598 668 beatus
1632 627 1771 683 papa
1819 610 2115 682 Gregorius

531 701 848 782 aliquandiu
877 702 1129 770 habebat,
1173 703 1230 758 in
1269 719 1410 775 aqua
1445 705 1706 773 Iavarem,
1727 721 1894 776 quam
1925 704 2116 762 biben-

533 795 682 862 dam,
707 793 812 850 sibi
828 793 1006 874 [aegro
1030 796 1315 871 nimirum]
1338 799 1692 870 porrigerem,
1718 814 1944 869 sperans
1969 801 2116 870 quod

533 885 744 943 meritis
775 886 1022 960 ipsorum
1058 888 1402 948 liberaretur.
1457 890 1698 964 Surgens
1737 907 1888 963 ergo,
1929 901 1984 948 et
2020 909 2115 949 ac—

485 979 494 988 ‘
531 985 689 1048 cepto
739 979 965 1048 annulo,
993 983 1205 1052 perrexi
1240 983 1308 1040 ad
1346 999 1496 1053 eum,
1543 1000 1707 1056 quem
1750 984 1933 1042 inveni
1978 985 2117 1042 miro

533 1073 699 1148 modo
722 1073 1136 1145 vociferantem,
1164 1092 1232 1132 ac
1255 1077 1496 1148 seipsum
1519 1078 1938 1148 discerpentem.

603 1163 745 1222 Nam
771 1167 902 1225 licet
931 1183 1059 1224 eum
1084 1169 1333 1242 quinque
1359 1171 1464 1238 viri
1501 1170 1671 1233 fortes
1702 1179 1968 1239 tenerent,
2009 1171 2120 1229 duo

534 1271 632 1326 per
675 1272 860 1327 crura,
903 1258 1124 1330 duoque
1157 1275 1256 1331 per
1283 1260 1530 1329 brachia,
1560 1269 1616 1318 et
1657 1277 1800 1336 unus
1829 1262 1886 1317 in
1919 1262 2118 1333 capite,

535 1348 846 1406 luctabatur
865 1359 1046 1407 tamen
1069 1360 1288 1422 pectore
1311 1367 1378 1408 ac
1401 1361 1591 1410 ventre
1615 1354 1790 1426 magis
1807 1369 1974 1425 quam
2003 1369 2121 1411 cre—

533 1441 744 1511 derem,
775 1443 885 1500 nisi
913 1459 1154 1515 praesens
1176 1445 1454 1502 vidissem.
1495 1447 1728 1518 Accepta
1750 1449 1932 1519 itaque
1955 1464 2120 1520 aqua,

535 1534 801 1590 annulum
823 1535 972 1592 intus
987 1535 1046 1591 in
1065 1536 1289 1592 nomine
1308 1535 1525 1592 Domini
1544 1538 1851 1608 posuimus,
1865 1546 2125 1609 etaperto

536 1627 656 1696 ejus
683 1643 778 1683 ore
801 1627 858 1683 in
888 1645 1084 1701 magna
1110 1631 1370 1688 violentia
1391 1647 1517 1688 cum
1539 1633 1810 1689 cocleario
1832 1649 2124 1704 parumper

535 1737 664 1776 eum
701 1722 793 1778 vix
827 1723 1006 1794 primo
1032 1726 1370 1797 putavimus;
1397 1727 1494 1798 qui
1518 1742 1630 1784 non
1670 1728 1843 1784 multo
1875 1738 1998 1799 post
2026 1745 2123 1786 vo.

2215 517 2370 574 nitati
2403 519 2492 601 die
2526 521 2982 594 quinquagesimo
3019 524 3192 596 ipsius
3225 527 3429 586 obitus.

2289 609 2506 668 XXXII.
2549 613 2802 672 Dominae
2829 615 3134 686 Matbildar,
3167 618 3413 678 I‘lbaldus
3470 622 3791 682 Mantuanus

2215 701 2526 774 episcopus,
2557 707 2818 778 gaudium
2843 717 2898 764 et
2919 709 3163 767 Iustitiam
3199 713 3348 785 (486)
3469 715 3476 725 '

2284 793 2560 854 Immenso
2583 799 2854 856 desiderio
2877 811 3063 858 vestro
3095 803 3460 863 desideratam
3509 809 3795 868 scribimus

2217 885 2478 943 laetitiam.
2520 887 2647 946 Fuit
2675 893 2923 962 quaedam
2945 894 3011 950 de
3029 895 3320 965 Capriana,
3343 915 3489 970 qua,
3513 900 3664 955 velut
3686 902 3798 956 ani-

2217 979 2348 1047 mal,
2384 981 2638 1040 manibus
2669 993 2732 1039 et
2749 985 2979 1054 pedibus
3001 987 3301 1058 incedebat,
3325 1007 3494 1062 quam
3517 991 3662 1049 Deus
3686 1009 3798 1048 om-

2218 1070 2472 1141 nipotens
2506 1089 2604 1144 per
2630 1076 2825 1132 merita
2851 1081 3184 1137 sanctissimi
3203 1081 3386 1138 Patris
3407 1085 3591 1140 nostri
3613 1090 3797 1148 erexit,

2219 1170 2274 1218 et
2297 1163 2365 1220 ad
2385 1165 2487 1220 iter
2511 1173 2722 1222 tantum
2739 1168 2916 1226 ofﬁcio
2937 1172 3154 1242 pedum,
3182 1173 3325 1230 sicut
3347 1176 3594 1232 hominis
3613 1187 3798 1232 natura

2219 1253 2438 1324 expetit,
2471 1253 2578 1310 frui
2608 1260 2896 1316 concessit.

2293 1342 2532 1402 XXXIII.
2575 1345 2762 1404 Simile
2784 1349 2950 1405 etiam
2973 1351 3272 1408 remedium
3294 1355 3520 1410 cuidam
3545 1357 3614 1409 de
3634 1355 3798 1410 insula

2222 1433 2527 1506 Parmensi,
2561 1454 2685 1509 quae
2727 1449 2806 1495 est
2835 1441 2991 1512 juxta
3034 1453 3197 1512 caput
3232 1443 3528 1514 Parmulze,
3563 1445 3801 1501 similiter

2224 1529 2510 1586 incurvato
2531 1529 2780 1588 conferre
2801 1531 3058 1603 dignatus
3078 1543 3182 1590 est.

2294 1617 2534 1676 XXXIV.
2574 1619 2840 1677 Praeterea
2877 1637 3016 1694 puer
3054 1623 3279 1694 quidam
3313 1638 3384 1680 de
3432 1624 3625 1680 Monte
3654 1625 3804 1680 Claro

2225 1724 2450 1768 manum
2499 1720 2554 1766 et
2589 1712 2781 1782 pedem
2838 1721 3181 1769 contractum
3227 1715 3483 1782 habebat,
3533 1716 3626 1770 cui
3675 1713 3808 1770 Deus

537 1813 681 1868 cavit
712 1829 800 1871 me
851 1831 918 1870 ex
953 1817 1196 1885 nomine,
1243 1827 1406 1890 atque
1449 1819 1672 1891 inempit
1712 1835 1904 1876 vocem
1942 1836 2122 1878 meam

2254 1809 2522 1874 itrumque
2552 1804 2804 1874 precibus
2845 1805 3148 1862 beatissimi
3187 1806 3439 1876 praesulis
3489 1807 3563 1861 ad
3613 1815 3812 1862 certum

537 1923 854 1979 agnoscere,
880 1918 937 1967 et
960 1911 1275 1969 admonitus
1301 1913 1562 1971 continuo
1587 1913 1861 1972 invocavit
1902 1911 1958 1969 S.
2007 1913 2122 1968 An-

537 1999 800 2068 selmum;
835 2010 911 2068 et,
940 2009 1000 2058 ut
1020 2002 1258 2060 breviter
1286 2004 1487 2072 dicam,
1513 2013 1641 2078 post
1669 2021 1858 2073 unam,
1886 2013 1948 2061 ut
1975 2005 2124 2062 msti-

539 2107 651 2162 mo,
680 2094 873 2150 horam
903 2097 1112 2153 meritis
1150 2107 1466 2154 sanctorum
1501 2098 1880 2174 confessorum
1906 2097 1998 2170 qui
2029 2113 2124 2154 eo-

537 2185 664 2244 dem
706 2188 912 2246 annulo
951 2188 1009 2244 in
1052 2187 1238 2246 divino
1285 2191 1575 2248 utebantur
1621 2191 1816 2259 ofﬁcio,
1863 2191 2128 2264 requievit

538 2277 988 2334 mansuetissime
1005 2287 1062 2346 et
1083 2279 1408 2350 loquebatur
1431 2288 1596 2336 recte.
1636 2279 1776 2336 lIuic
1809 2296 2003 2352 nempe
2032 2282 2130 2337 mi-

540 2366 730 2422 racqu
761 2369 920 2437 multi
947 2370 1268 2440 intererant,
1315 2373 1412 2442 qui
1445 2385 1744 2443 praesentes
1775 2373 2031 2428 viderunt
2075 2382 2129 2429 et

541 2458 852 2529 audierunt,
883 2471 1048 2534 atque
1073 2464 1506 2522 misericordiam
1540 2465 1641 2522 Dei
1680 2465 1737 2521 in
1781 2465 1897 2522 suis
1925 2467 2130 2523 sanctis

542 2552 950 2612 confessoribus
977 2555 1441 2628 glorificaverunt.

613 2664 740 2724 Haec
771 2667 840 2724 de
882 2669 1201 2727 beatissimo
1226 2669 1388 2726 Patre
1417 2685 1484 2728 ac
1514 2679 1747 2742 patrono
1778 2680 1968 2728 nostro
1999 2688 2130 2728 san-

541 2767 651 2818 cto-
675 2761 936 2818 Anselmo
972 2761 1211 2820 Lucensi
1257 2751 1516 2835 episcopo
1564 2779 1838 2834 perpauca
1887 2763 2130 2836 quidem,

541 2859 810 2923 quantum
839 2852 910 2908 ad
950 2853 1124 2925 ipsius
1166 2855 1383 2922 merita,
1415 2855 1511 2911 sed
1541 2857 1761 2923 vestris,
1809 2871 1988 2926 spero,
2027 2857 2134 2927 piis

542 2944 832 3002 desideriis
881 2945 1246 3016 proficientia,
1301 2961 1404 3018 ego
1447 2945 1508 3001 Β.
1556 2958 1811 3018 pecca'or
1852 2947 2134 3020 presbyter

545 3053 682 3094 suus
712 3038 771 3093 in
798 3038 1142 3110 pmnitentia,
1174 3053 1286 3094 non
1321 3038 1445 3094 dico
1481 3037 1648 3105 ﬁlius,
1695 3038 1790 3093 sed
1827 3053 2038 3104 servus,
2067 3033 2134 3091 ab

545 3133 668 3204 ipso
690 3133 877 3191 multis
904 3148 1031 3192 cum
1057 3135 1316 3208 lacrymis
1341 3134 1410 3190 ad
1431 3134 1686 3190 eumdem
1719 3133 1965 3191 ordinem
2006 3150 2138 3205 pro-
2166 3113 2208 3172 (αἶ

546 3233 752 3294 motus,
803 3219 1190 3283 venerabiliter
1234 3225 1392 3282 vobis
1443 3225 1823 3296 expetentibus
1876 3223 2138 3296 explicavi

537 3317 796 3376 devotus.
839 3317 1038 3374 Precor
1069 3335 1186 3384 vos,
1223 3329 1374 3374 orate
1406 3333 1504 3388 pro
1536 3333 1644 3374 me.

623 3429 757 3496 Qua:
805 3439 1097 3502 sequuntur
1141 3447 1175 3484 α
1207 3429 1586 3485 recentioribus
1645 3431 1942 3500 conscripta
1995 3437 2138 3496 sunt,

547 3520 690 3575 tiJut
727 3521 830 3590 ipsi
867 3529 960 3575 aut
999 3520 1262 3590 viderunt,
1293 3528 1386 3574 aut
1413 3537 1447 3575 a
1472 3519 1716 3590 ﬁdelibus
1747 3519 2138 3576 intellexerunt.

623 3633 796 3690 XXX.
836 3633 1268 3706 Quadragesimo
1291 3648 1439 3689 nono
1463 3633 1552 3689 die
1572 3647 1606 3688 a
1629 3632 1806 3690 sancti
1825 3632 1929 3688 viri
1957 3640 2142 3688 trans-

555 3726 658 3794 itu,
684 3727 800 3784 sole
817 3727 934 3799 jam
951 3727 1256 3796 occidente,
1287 3741 1381 3798 per
1410 3725 1679 3782 famulum
1702 3741 1866 3782 suum
1887 3725 2144 3796 dignatus

555 3829 641 3875 est
669 3819 935 3876 Dominus
961 3819 1250 3876 ostendere
1281 3827 1337 3874 et
1366 3818 1472 3874 hoc
1501 3818 1848 3874 miraculum.
1886 3816 2042 3874 Venit
2075 3817 2144 3874 ad

555 3911 831 3968 tumulum
874 3911 1208 3969 sanctissimi
1241 3910 1420 3967 Patris
1445 3910 1620 3968 nostri
1657 3909 1908 3982 quaedam
1939 3910 2007 3966 de
2030 3911 2144 3982 epi-

557 4012 784 4074 sc0patu
809 4003 1186 4073 Cremonensi,
1211 4005 1280 4062 de
1303 4020 1400 4060 ora
1425 4003 1515 4060 illa
1543 4019 1666 4076 qua
1689 4003 1892 4061 dicitur
1909 4002 2140 4072 Cancer,

557 4094 648 4150 cui
675 4095 918 4152 albulum
949 4097 1114 4153 unius
1149 4096 1294 4152 oculi
1333 4096 1519 4152 lumen
1553 4095 1771 4168 penitus
1813 4096 2141 4164 abstulerat;

557 4185 713 4242 alteri
731 4204 860 4244 vero
879 4187 968 4244 vix
997 4190 1049 4245 in
1075 4189 1164 4244 die
1191 4188 1410 4244 videndi
1437 4186 1670 4245 facultas
1687 4197 1823 4244 erat.
1863 4187 1996 4254 Quae
2015 4203 2144 4244 ora-

557 4277 800 4336 tionibus
829 4280 1145 4352 aliquaudiu
1173 4280 1454 4349 insistens,
1492 4279 1704 4336 meritis
1729 4280 1906 4337 sancti
1937 4295 2146 4351 praesu—

559 4368 628 4426 lis
651 4371 836 4428 caecati
867 4373 1008 4429 oculi
1035 4373 1338 4430 claritatem
1359 4373 1581 4443 recepit.
1621 4373 1791 4429 Alteri
1821 4381 2024 4442 autem,
2055 4373 2144 4430 cui

2227 1909 2388 1950 usum
2432 1895 2688 1953 restituit.
2759 1900 2765 1904 '

2299 1983 2518 2040 XXXV.
2559 1983 2669 2042 Nec
2702 2001 2814 2042 non
2839 1987 3053 2042 muneri
3075 1985 3293 2042 cuidam
3323 1987 3394 2042 de
3435 1986 3586 2053 loco,
3612 1985 3710 2056 qui
3733 1985 3816 2039 di-

2227 2075 2370 2132 citur
2395 2076 2578 2134 Insula
2604 2075 2784 2150 Ogeru
2822 2077 3002 2152 [ΒΑΜ
3037 2076 3250 2152 Egerii],
3287 2093 3412 2149 quas
3441 2093 3675 2133 manum
3720 2077 3819 2132 ari-

2226 2168 2354 2224 dam
2387 2169 2640 2237 habebat,
2670 2185 2770 2241 per
2796 2170 3040 2240 ejusdem
3071 2170 3287 2240 patroni
3328 2170 3512 2226 nostri
3553 2170 3816 2224 interces—

2229 2260 2438 2316 sionem
2467 2270 2650 2333 optata
2685 2263 2835 2319 salus
2871 2261 3107 2317 advenit.

2302 2349 2540 2406 XXXVI.
2581 2351 2810 2408 Cuidam
2839 2368 3056 2424 quoque
3075 2353 3258 2426 zpuero
3289 2353 3358 2408 dc
3393 2351 3617 2422 Ripalta
3644 2350 3818 2424 [Bn.,

2230 2439 2470 2516 Rivalta]
2500 2441 2678 2498 visum
2708 2442 2960 2500 reddidit.
3545 2471 3548 2476 -

2303 2554 2567 2610 XXXVII.
2609 2554 2865 2623 Quadam
2904 2546 3154 2612 similiter
3187 2543 3255 2612 de
3291 2557 3606 2626 episcopatu
3649 2555 3823 2610 Vero-

2232 2647 2410 2717 nensi,
2437 2662 2564 2703 cum
2583 2647 2697 2718 jam
2723 2647 2928 2703 civitati
2953 2657 3156 2705 nostrae
3177 2648 3657 2720 appropinquaret,
3683 2663 3822 2700 ocu—

2234 2740 2413 2796 lorum
2446 2738 2749 2795 claritatem
2787 2741 3009 2811 recepit.

2305 2849 2595 2906 XXXVIII.
2637 2850 2870 2919 Quidam
2891 2852 3056 2908 etiam
3077 2851 3146 2908 de
3171 2849 3478 2928 Plevazano
3501 2849 3683 2923 [Bsn.,
3707 2848 3824 2903 Plo-

2221 2929 2663 3016 'vizano],'cuju's
2693 2943 2932 3000 calcanei
2967 2943 3683 3000 natibns'indissclubiliter
3729 2943 3822 2996 ad-

2239 3035 2536 3105 haerebant,
2558 3037 2803 3108 pristina:
2835 3035 3124 3094 restitutus
3149 3045 3235 3093 est
3257 3037 3504 3104 sanitati,
3541 3050 3706 3106 quem
3727 3034 3822 3089 do-

2241 3131 2392 3185 mino
2438 3139 2492 3186 et
2549 3130 2808 3202 religioso
2856 3130 2974 3186 viro
3021 3129 3372 3201 Lugdunensi
3419 3127 3824 3199 archiepiscopo

2243 3221 2604 3289 ostendimus,
2627 3231 2682 3277 et
2708 3222 2889 3278 locum
2909 3221 3290 3277 denotavimus
3312 3219 3406 3275 ubi
3429 3219 3674 3275 calcanei
3699 3219 3824 3289 jun-

2227 3312 2314 3366 'cti
2350 3311 2586 3368 fuerant.
2627 3311 2768 3378 Quae
2795 3309 2953 3367 multi
2973 3326 3039 3367 ex
3065 3311 3386 3390 episcopatu
3409 3302 3615 3366 Brixiae
3648 3319 3702 3364 et
3731 3307 3825 3364 \‘e-

2243 3419 2412 3472 route,
2461 3404 2802 3476 diversisque
2846 3403 2968 3460 aliis
3009 3403 3279 3475 partibus,
3329 3402 3426 3473 qui
3469 3410 3829 3457 convenerant

2242 3511 2343 3566 pro
2372 3496 2723 3552 veneratione
2762 3495 2867 3551 viri
2907 3495 2964 3550 in
2991 3493 3174 3566 vigilia
3214 3493 3576 3550 Ascensionis
3623 3491 3828 3547 Domini

2243 3587 2490 3644 videntes
2513 3588 2653 3655 ﬁeri,
2685 3588 2935 3644 conversi
2962 3585 3182 3643 sunt'ad
3219 3585 3538 3652 Dominum,
3565 3585 3830 3640 abrenun-

2233 3683 2444 3740 ‘tiantes
2477 3683 2694 3739 diabolo
2737 3691 2792 3738 et
2836 3679 3182 3753 sequacibus,
3240 3688 3295 3734 et
3349 3678 3734 3749 promittentes
3777 3690 3828 3730 se

2247 3776 2414 3848 prius.
2431 3776 2500 3832 ad
2524 3775 2848 3832 eﬂ‘usionem
2884 3772 3170 3846 sanguinis
3196 3779 3584 3843 perventuros,
3616 3770 3664 3826 si
3691 3768 3758 3823 ad
3783 3767 3830 3820 id

2246 3869 2475 3940 periculi
2495 3868 2810 3925 devenirent
2829 3883 2995 3938 quam
3027 3865 3096 3921 ab
3122 3865 3224 3920 hac
3245 3863 3350 3918 ﬁde
3370 3863 3693 3920 deﬁcerent.
3720 3859 3832 3916 Ilaec

2246 3964 2429 4020 omnia
2460 3963 2518 4018 in
2555 3961 2740 4035 vigilia
2772 3957 3128 4016 Ascensionis
3153 3955 3394 4026 Domini,
3421 3967 3477 4011 et
3508 3957 3569 4010 in
3597 3956 3830 4024 sequenti

2248 4065 2412 4115 nocte
2437 4055 2582 4112 facta
2614 4062 2776 4122 sunt;
2798 4062 2854 4108 et
2873 4051 3046 4108 multa
3069 4047 3194 4118 alia,
3217 4063 3340 4120 quae
3358 4061 3474 4118 pra:
3495 4045 3834 4102 multitudine

2246 4150 2494 4208 invenire
2522 4163 2632 4204 non
2647 4146 2970 4222 potuimus;
2994 4157 3136 4214 quae,
3173 4141 3222 4198 si
3254 4138 3658 4206 invenerimus,
3694 4137 3834 4192 vobis

2248 4241 2556 4299 scribemus
2585 4237 2756 4311 (487).

2319 4351 2562 4408 XXXIX.
2603 4349 2736 4406 Erat
2771 4357 3035 4420 praeterea
3061 4345 3312 4418 quaedam
3354 4343 3423 4402 de
3467 4343 3722 4410 rastello,
3759 4341 3837 4398 cui

559 4463 818 4520 meridies
843 4463 912 4519 ad
937 4463 1234 4520 videndum
1274 4473 1434 4520 antea
1467 4437 1558 4518 vix
1593 4462 1824 4531 sullecit,
1853 4437 2150 4520 nunc'cre-
2181 4455 2226 4512 D
2261 4463 2458 4504 nomen
2479 4453 2567 4502 εει
2585 4443 2888 4510 ῧυάίοίοιθν
2913 4455 3038 4512 qua3
3063 4439 3286 4531 Dedi?ex
3303 4437 3694 4531 φηῑιξαειίυιιε
3707 4450 3837 4531 seu"

559 4556 854 4627 pusculum
884 4555 1062 4614 noctis
1086 4555 1288 4614 obcdit.

632 4669 828 4728 XXXI.
867 4669 1210 4729 Convenerat
1235 4673 1307 4729 ad
1330 4673 1523 4744 urbem
1557 4672 1906 4730 Mantuanam
1937 4688 2037 4744 pro
2060 4688 2156 4729 ve-

562 4759 850 4818 neratione
883 4763 1062 4819 sancti
1085 4763 1190 4834 viri
1219 4763 1510 4820 multitudo
1529 4779 1748 4836 magna,
1772 4763 1840 4820 de
1859 4765 2077 4821 civitate
2101 4773 2156 4820 et

564 4849 882 4923 episcopatu
906 4853 1122 4911 Brixiaz.
1161 4853 1308 4911 Inter
1327 4847 1469 4927 quos
1487 4864 1647 4910 erant
1669 4855 1892 4926 quidam
1923 4856 2026 4912 sub
2059 4855 2156 4911 ob-

565 4948 722 5009 tentu
741 4942 1039 5014 religionis,
1067 4947 1179 5002 imo
1199 4961 1362 5003 causa
1376 4945 1777 5026 simulationis.
1817 4946 1899 5002 Ad
1919 4962 2154 5018 quorum

566 5028 1009 5098 incredulitatem
1031 5035 1440 5106 confutandam,
1473 5047 1530 5094 et
1567 5038 1636 5093 ad
1679 5037 2018 5094 credentium
2060 5039 2156 5110 qui

567 5121 647 5180 ibi
695 5122 925 5178 aderant
953 5125 1114 5183 ﬁdem
1144 5131 1627 5198 corroborandam,
1674 5129 1942 5186 Dominus
1987 5129 2159 5184 omni-

568 5219 772 5284 potens
792 5227 951 5268 suam
983 5221 1222 5274 ostendit
1243 5203 1716 5299 misericordiam;
1751 5221 1977 5296 quidam
2008 5221 2156 5276 enim

571 5318 747 5363 senex
785 5302 854 5359 de
889 5303 1094 5363 familia
1118 5309 1419 5380 Manifredi,
1449 5317 1662 5375 deloco
1698 5318 1794 5380 qui
1823 5317 2024 5373 dicitur
2063 5313 2156 5370 Pi-

2254 4546 2456 4595 terram
2491 4537 2758 4609 attingere
2797 4549 2909 4591 non
2951 4531 3162 4598 valens,
3197 4529 3504 4586 incedendo
3546 4543 3722 4584 curva
3751 4528 3838 4580 .vix

2255 4629 2712 4689 duobus-baculis
2740 4627 2992 4685 inﬁrmos
3021 4622 3366 4682 sustentabat
3387 4629 3568 4678 artus.
3609 4619 3740 4677 Hec
3759 4620 3842 4675 ali-

2255 4735 2392 4798 quot
2435 4725 2631 4782 diebus
2671 4720 2847 4778 sancti
2878 4717 3152 4790 pontiﬁcis
3197 4714 3487 4786 postulans
3531 4713 3840 4770 misericor—

2256 4819 2426 4886 diam,
2456 4821 2753 4874 consecuta
2788 4819 2875 4868 est
2911 4824 3026 4867 sua:
3062 4805 3397 4864 infirmitatis
3421 4805 3710 4862 salubrem
3743 4817 3841 4858 me-

2261 4911 2440 4968 delam

2331 5021 2447 5078 XL.
2487 5021 2616 5078 Fuit
2648 5020 2850 5092 pariter
2870 5017 2956 5073 vir
2979 5015 3203 5088 quidam
3229 5011 3434 5068 nobilis
3453 5025 3680 5082 genere,
3712 5007 3840 5063 Ade—

2263 5115 2484 5174 cberius
2505 5112 2748 5178 nomine,
2774 5111 2864 5167 cui
2886 5109 3052 5166 biduo
3077 5104 3346 5176 sanguine
3359 5118 3396 5158 e
3414 5100 3656 5158 naribus
3675 5113 3842 5154 erum-

2263 5217 2446 5280 pente,
2465 5206 2614 5264 velut
2634 5205 2701 5260 de
2725 5219 2866 5260 vena
2897 5201 3046 5256 ferro
3078 5212 3358 5270 percussa,
3395 5194 3467 5250 de
3500 5194 3622 5250 sola
3669 5191 3842 5246 inertis

2263 5299 2668 5375 exspectatione
2708 5299 2822 5369 jam
2873 5293 3160 5366 cogitabat.
3211 5289 3318 5344 Sed
3365 5302 3498 5342 cum
3541 5285 3660 5356 jam
3715 5283 3841 5380 nulla
