3984 5380
164 282 271 339 9Ξο

1075 271 1351 338 ΔῬΡΕΝΙ).
1389 282 1475 338 lll.
1514 314 1585 325 -—-
1619 282 2049 340 MONUMENTA
2084 285 2539 343 GREGORIANA.

3332 302 3438 355 030

164 396 437 451 instantis
460 396 653 450 mortis
675 381 1171 465 evasit'periculum
1198 398 1405 452 meritis
1430 406 1481 451 et
1514 400 1762 468 precibus
1795 404 1836 458 Α
1867 415 1988 453 mus
2043 403 2344 469 spe-(uiuat,
2375 418 2406 456 a
2443 419 2553 474 quo
2582 404 2922 473 postulamus
2951 408 3234 467 auxilium.
3278 431 3297 465 ι
3325 413 3438 472 illis

166 486 515 543 sanctissimi
545 487 617 541 vi:
632 488 667 540 i.

239 576 387 633 XLI.
433 576 582 649 (488)
635 576 1017 633 Miraculorum
1074 579 1319 648 qumdam
1368 580 1453 633 vel
1504 579 1759 635 oblivioni

162 670 377 726 tradita
418 670 503 724 vel
543 679 700 725 antea
757 669 1051 741 incognita,
1100 686 1247 725 nunc
1296 686 1427 726 vero
1462 681 1756 744 comperta,

167 764 385 820 notitia:
439 773 637 819 vestra:
677 772 1004 835 praesentare
1037 763 1217 834 cupio.
1269 763 1589 820 Remeautes
1633 782 1756 821 cum

167 856 379 926 gaudio
407 853 736 922 Brixienses,
782 856 850 910 de
892 855 1092 926 quibus
1134 870 1308 925 nuper
1358 856 1547 927 scripsi
1582 858 1756 924 vobis,

166 962 299 1002 cum
318 948 437 1018 jam
463 955 782 1018 perventum
812 956 957 1003 esset
985 947 1051 1003 ad
1080 947 1278 1002 vadum
1307 947 1451 1018 quod
1475 949 1756 1018 paululum

167 1048 255 1100 est
290 1053 463 1108 supra
486 1037 740 1105 Godium,
768 1053 877 1093 non
904 1046 1115 1108 reperta
1144 1039 1254 1093 ulla
1288 1037 1434 1103 navi,
1470 1039 1671 1094 nullam
1700 1040 1754 1095 in

168 1130 338 1185 corde
366 1145 470 1184 suo
506 1131 745 1185 tulerunt
774 1131 1099 1197 molestiam,
1135 1144 1352 1186 omnem
1391 1130 1447 1184 in
1478 1130 1587 1187 Deo
1610 1142 1665 1187 et
1693 1132 1750 1187 S.

166 1221 438 1276 Anselmo
459 1230 723 1291 ponentes
746 1221 1021 1277 ﬁduciam.
1058 1221 1265 1277 Horam
1290 1222 1473 1294 itaque
1502 1223 1753 1280 facienti-

165 1323 296 1379 bus,
329 1313 570 1383 quodam
612 1328 753 1384 equo
785 1328 852 1367 ex
893 1313 996 1368 alia
1042 1322 1196 1384 parte
1239 1314 1477 1372 ﬂuminis
1511 1317 1629 1373 viso
1658 1319 1751 1389 qui

166 1403 418 1458 exoriens
448 1411 503 1458 et
535 1404 797 1459 exhalans
832 1404 1039 1474 absque
1061 1405 1184 1460 cibo
1233 1414 1288 1460 et
1329 1416 1458 1476 potu
1512 1424 1610 1479 per
1655 1412 1752 1465 tri-

164 1494 341 1549 duum
375 1494 450 1549 ibi
489 1493 755 1563 jacuerat,
788 1490 1011 1565 quidam
1057 1511 1124 1551 ex
1154 1496 1236 1553 eis
1265 1497 1632 1555 indubitanter
1656 1519 1750 1557 ro-

164 1586 319 1655 gavit
348 1583 520 1639 Deum
565 1597 620 1639 et
658 1584 715 1639 S.
744 1576 1059 1640 Anselmum
1091 1595 1151 1641 ut
1180 1598 1425 1659 surgeret
1467 1599 1522 1644 et
1558 1608 1751 1647 omnes

163 1678 568 1732 transveheret.
608 1676 711 1744 Qui
745 1692 872 1732 mox
904 1679 1160 1745 surrexit,
1204 1689 1259 1734 et
1305 1681 1373 1735 ad
1417 1682 1748 1737 transferen-

161 1768 299 1822 dum
341 1783 440 1823 eos
476 1784 535 1823 se
573 1768 784 1823 obtulit.

235 1859 401 1929 Ecce,
428 1876 592 1931 quam
617 1861 899 1932 magniﬁca
919 1861 1099 1919 Patris
1123 1861 1296 1918 nostri
1318 1865 1542 1920 merita!
1585 1864 1744 1931 Ecce,

163 1968 335 2021 quam
367 1952 659 2023 imperiosa
688 1955 960 2023 potentia!
1003 1953 1192 2010 Mortis
1215 1956 1296 2010 lex
1334 1955 1618 2027 frangitur,
1647 1972 1745 2013 sua

164 2042 287 2109 iura
324 2043 527 2098 mutari
561 2045 826 2113 queritur,
862 2047 1133 2103 obnoxius
1165 2048 1326 2102 morti
1351 2048 1598 2118 eripitur,
1624 2050 1747 2106 vita:

162 2134 503 2201 conceditur,
520 2134 648 2191 vitae
666 2145 967 2206 reparatur,
992 2147 1051 2192 ut
1072 2138 1244 2194 servis
1266 2137 1358 2193 Dei
1381 2140 1741 2212 obsequatur;

160 2232 215 2278 ct
247 2225 347 2294 qui
374 2241 436 2280 se
474 2224 618 2281 ferre
655 2242 761 2282 non
778 2236 1015 2297 poterat,
1042 2230 1108 2283 ad
1134 2228 1415 2285 ferendum
1450 2247 1588 2287 onus
1609 2247 1746 2302 pra:-

162 2316 399 2384 paravit,
442 2326 496 2371 et
543 2325 654 2371 tam
710 2318 1035 2375 famulanter
1070 2321 1137 2375 ad
1178 2322 1476 2390 parendum
1508 2340 1567 2378 se
1590 2323 1747 2380 oﬁ‘ert

162 2410 321 2478 quasi
352 2410 564 2465 ratione
597 2427 705 2465 non
734 2422 964 2467 careret.
1006 2411 1154 2469 Velle
1195 2414 1376 2470 dicere
1402 2416 1613 2472 videtur
1641 2436 1654 2471 :
1686 2417 1745 2472 Si

163 2510 359 2555 natura
400 2509 696 2571 pateretur,
726 2519 826 2559 cur
860 2520 947 2559 me
982 2521 1088 2560 non
1129 2506 1469 2561 ascenditis?
1502 2508 1616 2563 Cur
1658 2525 1745 2565 me

164 2592 228 2646 ad
273 2593 557 2648 servitium
594 2583 835 2649 vestrum
885 2611 993 2650 non
1030 2598 1331 2653 exercetis?
1366 2597 1482 2653 Non
1523 2615 1643 2653 sum
1675 2601 1745 2655 ob

162 2685 308 2738 aliud
335 2685 457 2740 vita:
480 2701 777 2741 concessus
800 2688 1098 2758 mortisque
1121 2686 1371 2744 faucibus
1395 2700 1631 2761 ereptus.
1659 2691 1745 2746 ln-

164 2785 308 2830 terea
343 2777 565 2846 quidam
593 2786 774 2833 nautae
804 2778 1046 2834 videntes
1095 2779 1216 2834 illos
1255 2781 1398 2850 apud
1427 2782 1598 2851 ripam
1628 2799 1745 2837 ma-

161 2877 377 2934 nentes,
424 2868 642 2940 navigio
674 2869 741 2923 ad
787 2871 1244 2927 transvebendum
1294 2872 1413 2928 illos
1457 2873 1740 2941 advenere,

160 2968 445 3029 sperantes
489 2974 549 3015 se
587 2960 658 3015 ab
699 2960 780 3016 eis
823 2962 1055 3031 pretium
1110 2963 1308 3019 habere
1348 2980 1527 3034 posse.
1568 2965 1741 3033 Quam

1861 507 1990 561 ergo
2011 502 2121 547 tam
2157 494 2347 549 devote
2383 496 2686 563 orantibus,
2716 513 2881 567 quam
2909 502 3173 570 rogabant
3202 503 3437 566 salutem

1858 598 2046 637 eorum
2079 584 2334 654 peec’hus
2357 594 2443 642 est
2471 596 2821 646 consecutus.
2861 588 3036 657 Quam
3061 594 3281 663 quidam
3310 594 3441 653 lier-

1858 689 2095 731 mannus
2137 676 2204 731 de
2243 675 2608 745 Scoraariolo,
2637 680 2733 750 qui
2762 695 2988 739 manum
3020 684 3436 759 simillter_.con-

1857 775 2085 822 tractam
2117 768 2368 836 habebat,
2398 778 2483 824 est
2515 771 2762 842 adeptus.

1930 856 2097 928 (489)-
2130 856 2395 914 Prmterea
2444 861 2641 917 mulier
2687 858 2936 933 quaedam
2962 903 2978 932 ,
3026 880 3151 936 quae
3200 866 3433 924 humum

1856 963 2059 1003 cernua
2088 963 2303 1019 semper
2340 953 2638 1021 spectabat,
2677 969 2801 1025 quae
2824 955 2932 1012 nisi
2956 955 3102 1012 fuste
3131 966 3434 1015 sustentata

1854 1040 1938 1095 ire
1975 1055 2085 1096 non
2116 1042 2350 1110 valebat,
2403 1044 2547 1114 apud
2589 1046 2857 1101 tumulum
2904 1052 3187 1105 memorati
3233 1050 3433 1120 Patris,

1855 1133 2042 1189 multis
2070 1133 2379 1190 videntibus
2417 1146 2503 1192 est
2545 1146 2743 1192 erecta.
2783 1137 2956 1211 Cujus
2981 1140 3161 1196 locum
3192 1157 3301 1198 non
3329 1158 3430 1198 noo

1857 1224 1987 1291 tavi,
2010 1226 2140 1295 quia
2168 1242 2277 1296 prae
2306 1227 2656 1287 multitudine
2681 1228 2914 1284 inveniri
2939 1248 3047 1287 non
3070 1230 3263 1302 potuit.

1925 1315 2107 1372 Tertia
2132 1332 2263 1374 vero
2282 1319 2371 1374 die
2392 1318 2781 1377 Ascensionem
2810 1319 3026 1376 Domini
3062 1325 3431 1393 antecedente,

1851 1407 1962 1462 duo
1989 1406 2130 1464 facta
2156 1409 2595 1465 sunt-mirabilia.
2638 1408 2897 1476 Quaedam
2939 1411 3086 1466 enim
3125 1413 3193 1467 de
3216 1414 3431 1483 episco-

1850 1506 1980 1566 pato
2016 1498 2319 1565 Cremonae,
2360 1499 2430 1559 de
2465 1499 2585 1555 loco
2623 1500 2719 1569 qui
2769 1499 2970 1556 dicitur
3017 1499 3157 1556 Casa
3190 1502 3431 1570 Anserii,

1850 1590 1995 1658 quod
2025 1603 2121 1657 per
2151 1598 2276 1645 octo
2295 1605 2471 1646 annos
2497 1590 2777 1658 amiserat,
2814 1592 3183 1648 intercedente
3204 1594 3436 1666 sanctis-

1849 1675 1991 1739 sime
2010 1684 2258 1745 patrono,
2289 1678 2475 1733 lumen
2499 1679 2720 1749 recepit.

1780 1741 1822 1795 Β
1919 1741 2039 1835 Ipsa
2063 1741 2282 1838 quoque
2301 1770 2410 1836 die,
2436 1741 2640 1825 mulier.
2659 1771 2910 1840 quaedam
2942 1772 3010 1827 de
3046 1772 3263 1829 abbatia
3289 1773 3429 1830 Leo-

1846 1856 2026 1924 nensi,
2069 1858 2346 1914 dexteram
2391 1860 2600 1916 habens
2633 1862 2864 1928 aridam,
2918 1879 3085 1933 quam
3134 1867 3432 1931 contractis

1845 1947 2027 2004 nervis
2052 1948 2283 2016 brachii,
2315 1948 2428 2021 fere
2445 1949 2605 2020 juxta
2632 1951 2923 2007 humerum
2945 1968 3161 2025 semper
3190 1956 3428 2029 tenebat,

1846 2044 2232 2109 contractoque
2253 2053 2394 2111 genu
2408 2038 2651 2109 ejusdem
2678 2039 2864 2095 lateris
2886 2030 3316 2115 bumumidigitis
3336 2062 3432 2116 pe-

1844 2131 1931 2187 dis
1958 2148 2176 2188 summo
2206 2142 2368 2189 tenus
2391 2134 2477 2189 vix
2500 2134 2781 2207 tangebat,
2806 2136 2947 2206 apud
2967 2137 3235 2195 tumulum
3254 2139 3431 2197 sancti

1844 2222 2021 2280 Patris
2059 2224 2232 2279 nostri
2260 2226 2547 2296 utriusque
2586 2224 2711 2285 mali
2747 2226 3062 2296 sospitatem
3094 2228 3319 2285 invenit.

1913 2314 2058 2371 inter
2084 2316 2171 2371 illa
2194 2332 2315 2387 quae
2342 2318 2397 2370 in
2428 2332 2751 2373 ascensxone
2779 2318 2901 2372 Filii
2936 2319 3023 2375 sui
3050 2318 3197 2377 Deus
3223 2337 3321 2392 per
3348 2321 3431 2379 fa-

1844 2407 2053 2462 mulum
2089 2424 2251 2479 suum
2294 2408 2583 2479 magniﬁce
2627 2418 2886 2479 operatus
2927 2420 3014 2466 est
3039 2454 3053 2477 ,
3107 2413 3429 2471 mirabiliter

1843 2498 2217 2554 admirandam
2247 2500 2366 2569 ejus
2401 2500 2659 2557 virtutem
2690 2512 2876 2571 postea
2922 2503 3056 2557 mihi
3099 2503 3427 2565 declaratum

1844 2591 1914 2646 ab
1937 2592 2125 2647 eodem
2161 2594 2249 2647 cui
2282 2594 2476 2648 salutis
2511 2604 2711 2649 nostra:
2759 2593 2965 2651 Auctor
3007 2611 3164 2650 suam
3197 2598 3432 2659 contulit

1843 2682 2168 2736 medicinam
2209 2682 2482 2738 desiderio
2529 2692 2712 2739 vestro
2756 2684 3129 2741 desideranter
3179 2688 3422 2744 notiﬁeo.

1844 2770 2071 2837 Quidam
2126 2774 2271 2828 enim
2324 2774 2427 2827 luit
2473 2774 2540 2828 de
2593 2774 2715 2827 villa
2760 2784 2938 2830 vestra
2984 2793 3107 2846 quae
3138 2786 3222 2832 est
3258 2794 3426 2849 prope

1845 2862 2378 2931 Rosiuam,nmnine
2404 2864 2636 2932 Ciliano,
2669 2864 2765 2937 qui
2796 2881 2906 2940 non
2938 2874 3049 2920 tam
3078 2858 3273 2923 renum
3306 2860 3423 2940 [ge-

1844 2956 2039 3030 nuum]
2100 2958 2479 3012 rectitudincm
2538 2956 2755 3012 dolebat
2804 2957 2908 3012 sibi
2957 2957 3126 3014 fuisse
3174 2968 3423 3030 negatam

160 3066 352 3105 navem
404 3051 765 3119 intraverunt,
822 3063 875 3108 et
923 3053 1149 3109 feliciter
1190 3057 1542 3112 transierunt.
1605 3057 1810 3139 Eccec
1843 3066 2007 3119 quam
2052 3066 2313 3104 manuum
2369 3049 2627 3103 Virtutem
2681 3048 2907 3104 omnino
2954 3061 3218 3120 θτθῐηθηι·
3273 3050 3426 3107 Adeo

160 3152 426 3212 quantum
457 3159 634 3215 equus
665 3144 964 3210 laborabat,
1008 3153 1069 3199 ut
1116 3160 1174 3201 se
1215 3148 1552 3203 obedientem
1587 3150 1743 3204 exhi-

160 3234 299 3298 beat,
346 3244 404 3287 et
445 3244 714 3305 quantum
768 3237 976 3303 nititur,
1014 3245 1075 3290 ut
1115 3232 1446 3308 obsequendi
1489 3241 1741 3297 voluntas

162 3324 575 3381 manifestetur!
621 3325 724 3383 Sed
746 3328 892 3398 quod
914 3344 1009 3383 ore
1033 3344 1140 3383 non
1171 3328 1431 3400 loquitur,
1461 3331 1565 3387 hoc
1586 3342 1738 3404 gestu

160 3416 407 3483 corporis
470 3415 771 3485 proﬁtetur.
852 3415 1301 3489 Transgrediente
1365 3421 1565 3492 quippe
1616 3424 1739 3477 navi

160 3506 581 3576 transgreditur,
634 3517 934 3563 revertente
987 3525 1207 3581 quoque
1258 3511 1367 3579 illa,
1431 3514 1735 3570 revertitur.

161 3593 503 3650 Postremum
549 3597 876 3652 transvectis
923 3597 1199 3667 omnibus,
1253 3602 1320 3656 ad
1366 3602 1547 3658 locum
1597 3607 1739 3660 unde

160 3694 375 3740 venerat
398 3685 658 3756 perrexit,
695 3686 875 3758 ibique
904 3690 1064 3758 paulo
1089 3700 1210 3760 post
1235 3692 1403 3748 vitam
1439 3693 1629 3760 ﬁnivit.

224 3776 381 3833 XLII.
428 3776 553 3831 Fuit
587 3794 722 3847 puer
764 3780 986 3849 quidam
1019 3781 1403 3840 Cremonensis
1436 3802 1465 3842 a
1492 3789 1738 3858 complu-

162 3868 302 3923 ribus
326 3869 527 3925 vicinis
553 3871 669 3926 suis
699 3871 764 3925 ad
791 3874 1034 3927 tumbam
1071 3876 1243 3929 sancti
1272 3877 1373 3931 viri
1401 3878 1618 3943 allatus,
1644 3881 1736 3949 qui

163 3974 373 4015 nianum
400 3963 617 4016 aridam
640 3962 889 4019 habebat.
932 3961 1062 4035 Ejus
1087 3962 1318 4022 salutem
1355 3980 1666 4026 reverenter
1684 3980 1738 4027 et

161 4050 488 4108 conﬁdenter
510 4062 565 4108 et
586 4070 698 4123 prie
718 4070 911 4127 magna
936 4058 1281 4126 conﬁdentia,
1305 4061 1461 4129 quasi
1479 4060 1735 4127 minitan-

160 4154 252 4211 ter,
274 4145 649 4214 postulabant,
671 4146 907 4203 dicentes
936 4167 947 4202 :
979 4168 997 4200 ‹
1029 4148 1279 4206 Piissime
1307 4151 1525 4220 praesul,
1549 4162 1737 4210 sancte

160 4233 432 4302 Anselme,
466 4235 750 4312 confessor
777 4237 894 4304 Dei,
926 4238 1120 4295 exaudi
1147 4256 1248 4296 nos
1281 4256 1379 4311 pro
1408 4240 1614 4298 famulo
1644 4253 1736 4300 tuo

162 4337 408 4396 orantes;
451 4329 500 4384 si
528 4330 662 4400 quid
700 4330 887 4385 invita
910 4347 942 4386 a
970 4333 1362 4401 temeruimus,
1396 4335 1443 4389 si
1484 4337 1738 4405 prmdica—

1841 3142 2007 3210 enim,
2027 3152 2177 3214 gutta
2205 3142 2516 3197 immaniter
2542 3149 2886 3212 perurgente,
2918 3141 3241 3209 tremebant,
3281 3142 3425 3212 quod

1843 3234 1978 3289 nihil
2008 3250 2167 3307 agere
2198 3233 2442 3304 nihilque
2473 3240 2657 3289 tenere
2680 3231 2912 3288 valebat.
2946 3231 3085 3288 Huic
3117 3233 3300 3304 itaque
3327 3249 3426 3303 per

1841 3326 2105 3381 visionem
2154 3324 2417 3381 Dominus
2457 3325 2717 3380 revelavit
2760 3325 2908 3396 quod
2951 3325 2997 3380 si
3041 3325 3108 3380 ad
3152 3327 3423 3381 tumulum

1841 3417 2172 3472 sanctissimi
2207 3416 2448 3472 Anselmi
2481 3433 2539 3472 se
2565 3426 2861 3471 venturum
2900 3424 3210 3471 reverenter
3257 3433 3425 3471 vove"

1840 3515 1941 3573 ret,
1966 3508 2253 3577 utriusque
2281 3507 2615 3562 inﬁrmitatis
2635 3507 2866 3562 salutem
2890 3492 3040 3565 illico
3072 3522 3132 3561 se
3165 3493 3423 3577 adeptum

1839 3600 2116 3670 gauderet.
2150 3597 2405 3671 llicergo
2429 3599 2713 3669 cvigilans,
2746 3598 3017 3654 visionem
3054 3612 3240 3653 secum
3271 3599 3423 3678 cogi-

1842 3696 2000 3754 tans,
2046 3690 2268 3746 nescius
2309 3691 2439 3762 quid
2488 3698 2712 3762 ageret,
2756 3690 3047 3759 ambiguus
3081 3691 3211 3759 quid
3236 3691 3424 3745 crede-

1839 3791 1959 3847 ret,
2001 3782 2350 3837 revelationis
2396 3781 2709 3837 incredulus
2734 3781 2994 3847 ,.salutis
3039 3790 3219 3837 tamen
3262 3782 3422 3851 cupi-

1838 3873 1962 3939 dus,
2003 3874 2270 3942 quosdam
2319 3873 2494 3928 bonos
2536 3873 2788 3928 homines
2835 3888 2950 3929 suae
2996 3872 3213 3928 viciniae
3268 3874 3422 3929 adse

1838 3965 2002 4019 acciri
2069 3963 2231 4031 fecit,
2281 3972 2614 4033 narrataque
2660 3964 2897 4031 visione,
2944 3964 3175 4019 vovendi
3235 3979 3296 4020 se
3350 3965 3421 4020 ab

1837 4054 1918 4109 eis
1968 4054 2261 4109 consilium
2294 4054 2498 4122 recepit
2523 4094 2537 4120 ,
2573 4052 2827 4122 factoque
2862 4061 3011 4120 voto,
3049 4054 3235 4109 statim
3284 4070 3420 4111 con-

1837 4147 2022 4201 valuit.
2376 4168 2379 4169 ν

1907 4237 2036 4293 ltem
2068 4238 2261 4293 mulier
2295 4237 2543 4307 quaedam
2579 4235 2649 4292 de
2677 4234 3162 4305 chsa.Capraria,
3192 4235 3417 4291 renibus

1835 4326 2111 4402 [genibus]
2131 4331 2432 4393 incurvata,
2459 4328 2657 4397 pedum
2688 4326 2912 4383 servitio
2935 4326 3165 4395 privata,
3191 4342 3415 4383 eorum-

163 4418 352 4473 tionem
394 4427 549 4472 tuam
586 4419 813 4475 ﬁdeliter
854 4422 1183 4491 accepimus,
1212 4423 1259 4478 si
1285 4423 1446 4480 ﬁdem
1488 4424 1734 4483 incorru-
1767 4417 1810 4471 Ι)
1834 4438 1940 4492 que
1974 4423 2094 4479 loco
2123 4422 2351 4478 fustium
2381 4420 2586 4476 ωιιίιίο
2611 4419 2705 4474 diu
2738 4419 2907 4489 ροῐίιίι
2935 4461 2951 4485 υ
3005 4434 3129 4475 cum
3166 4418 3279 4488 iam
3324 4434 3415 4474 π’

165 4517 301 4579 ptam
329 4511 694 4578 servavimus,
728 4512 775 4567 si
800 4513 1294 4570 contradicentibus
1338 4516 1434 4571 tibi
1477 4525 1733 4572 eonstan-
1834 4514 2088 4570 cessisset
2114 4514 2182 4569 ad
2206 4513 2477 4579 tumulum
2517 4511 2696 4567 Patris
2738 4512 2934 4577 nostri,
2974 4510 3088 4567 sole
3114 4510 3228 4579 jam
3254 4510 3415 4585 decc-'-

164 4608 242 4654 ter
262 4601 582 4670 restitimus,
618 4604 817 4659 exaudi
853 4619 974 4671 nos,
1014 4606 1206 4677 adjuva
1256 4623 1381 4663 eum
1429 4618 1482 4664 et
1533 4608 1729 4675 libera;
1833 4606 2013 4673 dente,
2053 4616 2163 4660 tam
2191 4607 2373 4677 gravis
2396 4614 2450 4660 et
2476 4605 2642 4660 variae
2668 4603 3000 4660 inﬁrmitatis
3029 4601 3413 4672 subitosospi-

165 4691 353 4748 multos
379 4695 585 4749 sanasti
614 4695 947 4763 inﬁdelibus,
985 4713 1152 4753 unum
1191 4700 1378 4755 saltem
1407 4703 1642 4758 concede
1669 4703 1731 4758 tl-
1833 4708 1997 4755 tatem
2025 4700 2244 4769 recepit.

165 4784 384 4850 dellbus,
405 4800 475 4840 ne
508 4785 646 4843 forte
670 4788 936 4844 insultent
964 4790 1119 4846 nobis
1140 4791 1344 4847 inimici
1369 4792 1725 4862 objicientes;
1899 4791 2058 4859 Quod
2082 4793 2214 4848 mihi
2237 4791 2485 4862 quaedam
2507 4799 2759 4847 matrona
2784 4787 2983 4844 mulier
3007 4784 3262 4855 honesta,
3287 4800 3409 4861 ma-

164 4873 308 4931 Nunc
341 4887 578 4945 apparet,
621 4894 788 4950 quam
835 4880 992 4950 grati,
1043 4897 1207 4951 quam
1228 4882 1321 4938 ﬁdi
1340 4884 1390 4939 ei
1424 4884 1478 4938 in
1504 4884 1609 4941 vita
1633 4901 1731 4942 ex-
1829 4895 1912 4941 ter
1938 4883 2166 4940 Joannis
2210 4884 2277 4939 de
2313 4882 2556 4949 Persico,
2596 4882 2801 4948 retulit,
2830 4881 2990 4936 vobis
3020 4896 3236 4952 quoque
3267 4877 3413 4934 refe-

164 4971 388 5028 stitistis.
448 4966 505 5023 Si
538 4987 638 5028 vos
658 4973 719 5029 in
742 4973 855 5027 vita
887 4973 1183 5040 dilexisset,
1214 4974 1269 5028 in
1316 4984 1491 5032 morte
1512 4992 1733 5049 quoque
1825 4976 2055 5043 rendum
2092 4974 2299 5047 putavi.
2345 4972 2473 5041 Haec
2512 4971 2618 5026 ﬁde
2639 4973 2802 5042 plena
2830 4969 2982 5043 ,‘Dei
3013 4985 3201 5026 amore
3237 4964 3417 5041 perfe-

165 5078 252 5118 vos
272 5065 716 5132 honoriﬁcasset;
776 5065 869 5119 sed
894 5082 1061 5136 quam
1088 5081 1186 5120 vos
1215 5066 1488 5139 indignos,
1529 5070 1735 5125 abomi-
1824 5078 1934 5135 cta,
1958 5063 2552 5129 sanctissimiAnselmi
2572 5060 2877 5136 άίεοὶριὶηἱε
2900 5061 3418 5130 immutat-illorum

164 5156 383 5223 nabiles,
440 5156 878 5228 contemptibiles
900 5172 1022 5215 esse
1059 5157 1339 5226 judicavit,
1366 5175 1399 5214 a
1421 5166 1573 5214 tanta
1603 5175 1730 5231 gra-
1824 5155 2526 5231 presbyterorum-ofﬁcium
2547 5162 2769 5224 ριόριετ
2789 5155 3419 5211 θκεοῐηηιαηίοεὶιίοηθπλ
