  <div class='ocr_page' id='page_1' title='image "/cluster/home/n/w/nwhite01/storage/ocr_20150623/148/hvd.32044015471840/463.png"; bbox 0 0 3984 5380; ppageno 0'>
   <div class='ocr_carea' id='block_1_1' title="bbox 629 273 2165 353">
    <p class='ocr_par' dir='ltr' id='par_1_1' title="bbox 629 276 2165 353">
     <span class='ocr_line' id='line_1_1' title="bbox 629 276 2165 353; baseline -0.016 1"><span class='ocrx_word' id='word_1_1' title='bbox 629 302 688 353; x_wconf 68' lang='lat'><strong>3|</strong></span> <span class='ocrx_word' id='word_1_2' title='bbox 1563 284 1651 338; x_wconf 77' lang='lat' dir='ltr'><strong>AD</strong></span> <span class='ocrx_word' id='word_1_3' title='bbox 1686 280 1911 338; x_wconf 72' lang='lat' dir='ltr'><strong>OPERA</strong></span> <span class='ocrx_word' id='word_1_4' title='bbox 1952 279 2009 333; x_wconf 87' lang='lat' dir='ltr'><strong>S.</strong></span> <span class='ocrx_word' id='word_1_5' title='bbox 2051 276 2165 333; x_wconf 73' lang='lat' dir='ltr'><strong>GR]</strong></span> 
     </span>
    </p>
   </div>
   <div class='ocr_carea' id='block_1_2' title="bbox 2266 273 2850 353">
    <p class='ocr_par' dir='ltr' id='par_1_2' title="bbox 2266 273 2850 331">
     <span class='ocr_line' id='line_1_2' title="bbox 2266 273 2850 331; baseline 0.005 -3"><span class='ocrx_word' id='word_1_6' title='bbox 2266 275 2375 330; x_wconf 73' lang='grc' dir='ltr'><strong>»ιω</strong></span> <span class='ocrx_word' id='word_1_7' title='bbox 2411 273 2850 331; x_wconf 73' lang='lat' dir='ltr'><strong>APPENDICES.</strong></span> 
     </span>
    </p>
   </div>
   <div class='ocr_carea' id='block_1_3' title="bbox 588 385 3823 470">
    <p class='ocr_par' dir='ltr' id='par_1_3' title="bbox 588 385 3823 470">
     <span class='ocr_line' id='line_1_3' title="bbox 588 385 3823 470; baseline -0.008 -2"><span class='ocrx_word' id='word_1_8' title='bbox 588 410 951 469; x_wconf 75' lang='lat' dir='ltr'><strong>ministerium</strong></span> <span class='ocrx_word' id='word_1_9' title='bbox 970 402 1318 463; x_wconf 71' lang='lat' dir='ltr'><strong>contemnitis</strong></span> <span class='ocrx_word' id='word_1_10' title='bbox 1330 399 1656 470; x_wconf 83' lang='lat' dir='ltr'><strong>?—Propter</strong></span> <span class='ocrx_word' id='word_1_11' title='bbox 1681 410 1944 459; x_wconf 88' lang='lat' dir='ltr'><strong>amorem,</strong></span> <span class='ocrx_word' id='word_1_12' title='bbox 1964 390 2158 461; x_wconf 92' lang='lat' dir='ltr'><strong>inquit,</strong></span> <span class='ocrx_word' id='word_1_13' title='bbox 2189 393 2235 447; x_wconf 77' lang='grc' dir='ltr'>Α</span> <span class='ocrx_word' id='word_1_14' title='bbox 2260 388 2379 459; x_wconf 86' lang='lat' dir='ltr'><strong>ejus</strong></span> <span class='ocrx_word' id='word_1_15' title='bbox 2409 388 2582 443; x_wconf 85' lang='lat' dir='ltr'><strong>milite</strong></span> <span class='ocrx_word' id='word_1_16' title='bbox 2628 388 2792 443; x_wconf 91' lang='lat' dir='ltr'><strong>modo</strong></span> <span class='ocrx_word' id='word_1_17' title='bbox 2838 387 3003 444; x_wconf 81' lang='lat' dir='ltr'><strong>didici</strong></span> <span class='ocrx_word' id='word_1_18' title='bbox 3035 386 3191 444; x_wconf 85' lang='lat' dir='ltr'><strong>vobis</strong></span> <span class='ocrx_word' id='word_1_19' title='bbox 3218 386 3420 444; x_wconf 89' lang='lat' dir='ltr'><strong>scribo.</strong></span> <span class='ocrx_word' id='word_1_20' title='bbox 3460 385 3630 442; x_wconf 74' lang='lat' dir='ltr'><strong>Vobis</strong></span> <span class='ocrx_word' id='word_1_21' title='bbox 3655 396 3712 441; x_wconf 87' lang='lat' dir='ltr'><strong>et</strong></span> <span class='ocrx_word' id='word_1_22' title='bbox 3733 387 3823 442; x_wconf 76' lang='lat' dir='ltr'><strong>ab-</strong></span> 
     </span>
    </p>
   </div>
   <div class='ocr_carea' id='block_1_4' title="bbox 576 483 2158 575">
    <p class='ocr_par' dir='ltr' id='par_1_4' title="bbox 576 483 2158 575">
     <span class='ocr_line' id='line_1_4' title="bbox 576 483 2158 575; baseline -0.016 -13"><span class='ocrx_word' id='word_1_23' title='bbox 576 516 643 562; x_wconf 89' lang='lat' dir='ltr'><strong>et</strong></span> <span class='ocrx_word' id='word_1_24' title='bbox 662 502 1094 575; x_wconf 60' lang='lat' dir='ltr'><strong>praedicationem</strong></span> <span class='ocrx_word' id='word_1_25' title='bbox 1121 496 1177 551; x_wconf 89' lang='lat' dir='ltr'><strong>S.</strong></span> <span class='ocrx_word' id='word_1_26' title='bbox 1204 492 1466 557; x_wconf 80' lang='lat' dir='ltr'><strong>Anselmi,</strong></span> <span class='ocrx_word' id='word_1_27' title='bbox 1499 506 1598 561; x_wconf 88' lang='lat' dir='ltr'><strong>pro</strong></span> <span class='ocrx_word' id='word_1_28' title='bbox 1626 490 1782 560; x_wconf 80' lang='lat' dir='ltr'><strong>cujus</strong></span> <span class='ocrx_word' id='word_1_29' title='bbox 1817 486 2027 542; x_wconf 86' lang='lat' dir='ltr'><strong>meritis</strong></span> <span class='ocrx_word' id='word_1_30' title='bbox 2052 483 2158 537; x_wconf 84' lang='lat' dir='ltr'><strong>Do-</strong></span> 
     </span>
    </p>
   </div>
   <div class='ocr_carea' id='block_1_5' title="bbox 586 574 2158 661">
    <p class='ocr_par' dir='ltr' id='par_1_5' title="bbox 586 574 2158 661">
     <span class='ocr_line' id='line_1_5' title="bbox 586 574 2158 661; baseline -0.015 -9"><span class='ocrx_word' id='word_1_31' title='bbox 586 574 772 652; x_wconf 85' lang='lat' dir='ltr'><strong>minus</strong></span> <span class='ocrx_word' id='word_1_32' title='bbox 817 591 1161 661; x_wconf 85' lang='lat' dir='ltr'><strong>omnipotens</strong></span> <span class='ocrx_word' id='word_1_33' title='bbox 1196 585 1442 657; x_wconf 82' lang='lat' dir='ltr'><strong>quotidie</strong></span> <span class='ocrx_word' id='word_1_34' title='bbox 1492 581 1622 638; x_wconf 90' lang='lat' dir='ltr'><strong>facit</strong></span> <span class='ocrx_word' id='word_1_35' title='bbox 1668 579 1956 636; x_wconf 84' lang='lat' dir='ltr'><strong>mirabilia.</strong></span> <span class='ocrx_word' id='word_1_36' title='bbox 1999 595 2017 629; x_wconf 72' lang='lat' dir='ltr'><strong>i</strong></span> <span class='ocrx_word' id='word_1_37' title='bbox 2053 574 2158 643; x_wconf 84' lang='lat' dir='ltr'><strong>Qui</strong></span> 
     </span>
    </p>
   </div>
   <div class='ocr_carea' id='block_1_6' title="bbox 588 670 2158 750">
    <p class='ocr_par' dir='ltr' id='par_1_6' title="bbox 588 670 2158 750">
     <span class='ocr_line' id='line_1_6' title="bbox 588 670 2158 750; baseline -0.014 -6"><span class='ocrx_word' id='word_1_38' title='bbox 588 688 727 743; x_wconf 89' lang='lat' dir='ltr'><strong>dixit</strong></span> <span class='ocrx_word' id='word_1_39' title='bbox 748 704 763 743; x_wconf 90' lang='lat'><strong>:</strong></span> <span class='ocrx_word' id='word_1_40' title='bbox 785 704 804 738; x_wconf 74' lang='grc' dir='ltr'>ι</span> <span class='ocrx_word' id='word_1_41' title='bbox 827 683 984 745; x_wconf 85' lang='lat' dir='ltr'><strong>Nunc</strong></span> <span class='ocrx_word' id='word_1_42' title='bbox 1004 697 1100 737; x_wconf 89' lang='lat' dir='ltr'><strong>vos</strong></span> <span class='ocrx_word' id='word_1_43' title='bbox 1120 681 1401 750; x_wconf 86' lang='lat' dir='ltr'><strong>deprecor,</strong></span> <span class='ocrx_word' id='word_1_44' title='bbox 1418 678 1475 731; x_wconf 89' lang='lat' dir='ltr'><strong>in</strong></span> <span class='ocrx_word' id='word_1_45' title='bbox 1494 684 1608 730; x_wconf 89' lang='lat' dir='ltr'><strong>toto</strong></span> <span class='ocrx_word' id='word_1_46' title='bbox 1628 673 1789 730; x_wconf 89' lang='lat' dir='ltr'><strong>corde</strong></span> <span class='ocrx_word' id='word_1_47' title='bbox 1808 670 2010 741; x_wconf 75' lang='lat' dir='ltr'><strong>rogetis</strong></span> <span class='ocrx_word' id='word_1_48' title='bbox 2031 684 2158 724; x_wconf 89' lang='lat' dir='ltr'><strong>eum</strong></span> 
     </span>
    </p>
   </div>
   <div class='ocr_carea' id='block_1_7' title="bbox 588 762 2155 846">
    <p class='ocr_par' dir='ltr' id='par_1_7' title="bbox 588 762 2155 846">
     <span class='ocr_line' id='line_1_7' title="bbox 588 762 2155 846; baseline -0.013 -13"><span class='ocrx_word' id='word_1_49' title='bbox 588 787 669 845; x_wconf 88' lang='lat' dir='ltr'><strong>ut,</strong></span> <span class='ocrx_word' id='word_1_50' title='bbox 692 777 739 832; x_wconf 88' lang='lat' dir='ltr'><strong>si</strong></span> <span class='ocrx_word' id='word_1_51' title='bbox 765 776 999 846; x_wconf 85' lang='lat' dir='ltr'><strong>aliquem</strong></span> <span class='ocrx_word' id='word_1_52' title='bbox 1029 773 1240 837; x_wconf 90' lang='lat' dir='ltr'><strong>erexit,</strong></span> <span class='ocrx_word' id='word_1_53' title='bbox 1269 770 1414 825; x_wconf 89' lang='lat' dir='ltr'><strong>sicut</strong></span> <span class='ocrx_word' id='word_1_54' title='bbox 1445 767 1684 832; x_wconf 85' lang='lat' dir='ltr'><strong>creditis,</strong></span> <span class='ocrx_word' id='word_1_55' title='bbox 1712 779 1799 820; x_wconf 91' lang='lat' dir='ltr'><strong>me</strong></span> <span class='ocrx_word' id='word_1_56' title='bbox 1832 762 2155 824; x_wconf 79' lang='lat' dir='ltr'><strong>contrahat;</strong></span> 
     </span>
    </p>
   </div>
   <div class='ocr_carea' id='block_1_8' title="bbox 587 851 2158 941">
    <p class='ocr_par' dir='ltr' id='par_1_8' title="bbox 587 851 2158 941">
     <span class='ocr_line' id='line_1_8' title="bbox 587 851 2158 941; baseline -0.012 -17"><span class='ocrx_word' id='word_1_57' title='bbox 587 877 700 935; x_wconf 87' lang='lat' dir='ltr'><strong>aut,</strong></span> <span class='ocrx_word' id='word_1_58' title='bbox 729 868 776 923; x_wconf 88' lang='lat' dir='ltr'><strong>si</strong></span> <span class='ocrx_word' id='word_1_59' title='bbox 801 882 964 938; x_wconf 88' lang='lat' dir='ltr'><strong>quem</strong></span> <span class='ocrx_word' id='word_1_60' title='bbox 991 863 1339 928; x_wconf 73' lang='lat' dir='ltr'><strong>illuminavit,</strong></span> <span class='ocrx_word' id='word_1_61' title='bbox 1366 861 1500 916; x_wconf 90' lang='lat' dir='ltr'><strong>mihi</strong></span> <span class='ocrx_word' id='word_1_62' title='bbox 1524 859 1713 914; x_wconf 86' lang='lat' dir='ltr'><strong>lumen</strong></span> <span class='ocrx_word' id='word_1_63' title='bbox 1740 854 1971 941; x_wconf 87' lang='lat' dir='ltr'><strong>auferat.</strong></span> <span class='ocrx_word' id='word_1_64' title='bbox 2002 873 2021 904; x_wconf 73' lang='grc' dir='ltr'>ι</span> <span class='ocrx_word' id='word_1_65' title='bbox 2056 851 2158 905; x_wconf 83' lang='lat' dir='ltr'><strong>Vix</strong></span> 
     </span>
    </p>
   </div>
   <div class='ocr_carea' id='block_1_9' title="bbox 583 948 2160 1031">
    <p class='ocr_par' dir='ltr' id='par_1_9' title="bbox 583 948 2160 1031">
     <span class='ocr_line' id='line_1_9' title="bbox 583 948 2160 1031; baseline -0.011 -14"><span class='ocrx_word' id='word_1_66' title='bbox 583 961 735 1017; x_wconf 82' lang='lat' dir='ltr'><strong>finita</strong></span> <span class='ocrx_word' id='word_1_67' title='bbox 760 974 940 1031; x_wconf 86' lang='lat' dir='ltr'><strong>prece,</strong></span> <span class='ocrx_word' id='word_1_68' title='bbox 970 958 1230 1013; x_wconf 87' lang='lat' dir='ltr'><strong>ultionem</strong></span> <span class='ocrx_word' id='word_1_69' title='bbox 1262 955 1358 1011; x_wconf 88' lang='lat' dir='ltr'><strong>Dei</strong></span> <span class='ocrx_word' id='word_1_70' title='bbox 1390 954 1563 1010; x_wconf 89' lang='lat' dir='ltr'><strong>sensit</strong></span> <span class='ocrx_word' id='word_1_71' title='bbox 1583 952 1797 1017; x_wconf 82' lang='lat' dir='ltr'><strong>adesse,</strong></span> <span class='ocrx_word' id='word_1_72' title='bbox 1825 958 1879 1005; x_wconf 93' lang='lat' dir='ltr'><strong>et</strong></span> <span class='ocrx_word' id='word_1_73' title='bbox 1899 948 2160 1004; x_wconf 87' lang='lat' dir='ltr'><strong>continuo</strong></span> 
     </span>
    </p>
   </div>
   <div class='ocr_carea' id='block_1_10' title="bbox 584 1038 2159 1117">
    <p class='ocr_par' dir='ltr' id='par_1_10' title="bbox 584 1038 2159 1117">
     <span class='ocr_line' id='line_1_10' title="bbox 584 1038 2159 1117; baseline -0.01 -9"><span class='ocrx_word' id='word_1_74' title='bbox 584 1053 806 1110; x_wconf 83' lang='lat' dir='ltr'><strong>ﬂectens</strong></span> <span class='ocrx_word' id='word_1_75' title='bbox 822 1068 887 1108; x_wconf 85' lang='lat' dir='ltr'><strong>se</strong></span> <span class='ocrx_word' id='word_1_76' title='bbox 917 1052 972 1107; x_wconf 92' lang='lat' dir='ltr'><strong>in</strong></span> <span class='ocrx_word' id='word_1_77' title='bbox 1003 1053 1149 1106; x_wconf 87' lang='lat' dir='ltr'><strong>latus</strong></span> <span class='ocrx_word' id='word_1_78' title='bbox 1177 1092 1193 1117; x_wconf 95' lang='lat'><strong>,</strong></span> <span class='ocrx_word' id='word_1_79' title='bbox 1225 1050 1459 1104; x_wconf 90' lang='lat' dir='ltr'><strong>multum</strong></span> <span class='ocrx_word' id='word_1_80' title='bbox 1483 1044 1792 1101; x_wconf 84' lang='lat' dir='ltr'><strong>claudicare</strong></span> <span class='ocrx_word' id='word_1_81' title='bbox 1819 1041 2002 1110; x_wconf 74' lang='lat' dir='ltr'><strong>cmpit.</strong></span> <span class='ocrx_word' id='word_1_82' title='bbox 2033 1038 2159 1094; x_wconf 71' lang='lat' dir='ltr'><strong>llaec</strong></span> 
     </span>
    </p>
   </div>
   <div class='ocr_carea' id='block_1_11' title="bbox 586 1134 2160 1212">
    <p class='ocr_par' dir='ltr' id='par_1_11' title="bbox 586 1134 2160 1212">
     <span class='ocr_line' id='line_1_11' title="bbox 586 1134 2160 1212; baseline -0.009 -11"><span class='ocrx_word' id='word_1_83' title='bbox 586 1154 767 1201; x_wconf 87' lang='lat' dir='ltr'><strong>autem</strong></span> <span class='ocrx_word' id='word_1_84' title='bbox 797 1145 991 1200; x_wconf 87' lang='lat' dir='ltr'><strong>videns</strong></span> <span class='ocrx_word' id='word_1_85' title='bbox 1010 1146 1141 1209; x_wconf 73' lang='lat' dir='ltr'><strong>hoc,</strong></span> <span class='ocrx_word' id='word_1_86' title='bbox 1179 1142 1344 1212; x_wconf 68' lang='lat' dir='ltr'><strong>coepit</strong></span> <span class='ocrx_word' id='word_1_87' title='bbox 1377 1140 1634 1195; x_wconf 86' lang='lat' dir='ltr'><strong>intentius</strong></span> <span class='ocrx_word' id='word_1_88' title='bbox 1662 1151 1856 1209; x_wconf 88' lang='lat' dir='ltr'><strong>r0gare</strong></span> <span class='ocrx_word' id='word_1_89' title='bbox 1877 1134 2069 1199; x_wconf 90' lang='lat' dir='ltr'><strong>Deum,</strong></span> <span class='ocrx_word' id='word_1_90' title='bbox 2100 1142 2160 1187; x_wconf 88' lang='lat' dir='ltr'><strong>ut</strong></span> 
     </span>
    </p>
   </div>
   <div class='ocr_carea' id='block_1_12' title="bbox 585 1223 2160 1306">
    <p class='ocr_par' dir='ltr' id='par_1_12' title="bbox 585 1223 2160 1306">
     <span class='ocr_line' id='line_1_12' title="bbox 585 1223 2160 1306; baseline -0.01 -15"><span class='ocrx_word' id='word_1_91' title='bbox 585 1237 764 1293; x_wconf 88' lang='lat' dir='ltr'><strong>adhuc</strong></span> <span class='ocrx_word' id='word_1_92' title='bbox 808 1244 1033 1306; x_wconf 87' lang='lat' dir='ltr'><strong>augeret</strong></span> <span class='ocrx_word' id='word_1_93' title='bbox 1077 1233 1409 1305; x_wconf 86' lang='lat' dir='ltr'><strong>supplicium</strong></span> <span class='ocrx_word' id='word_1_94' title='bbox 1456 1245 1620 1300; x_wconf 88' lang='lat' dir='ltr'><strong>super</strong></span> <span class='ocrx_word' id='word_1_95' title='bbox 1667 1224 2060 1283; x_wconf 85' lang='lat' dir='ltr'><strong>incredulitatis</strong></span> <span class='ocrx_word' id='word_1_96' title='bbox 2096 1223 2160 1277; x_wconf 84' lang='lat' dir='ltr'><strong>li-</strong></span> 
     </span>
    </p>
   </div>
   <div class='ocr_carea' id='block_1_13' title="bbox 581 1314 2160 1397">
    <p class='ocr_par' dir='ltr' id='par_1_13' title="bbox 581 1314 2160 1397">
     <span class='ocr_line' id='line_1_13' title="bbox 581 1314 2160 1397; baseline -0.011 -11"><span class='ocrx_word' id='word_1_97' title='bbox 581 1330 739 1397; x_wconf 85' lang='lat' dir='ltr'><strong>lium,</strong></span> <span class='ocrx_word' id='word_1_98' title='bbox 766 1339 822 1385; x_wconf 90' lang='lat' dir='ltr'><strong>et</strong></span> <span class='ocrx_word' id='word_1_99' title='bbox 845 1328 1132 1385; x_wconf 78' lang='lat' dir='ltr'><strong>confestim</strong></span> <span class='ocrx_word' id='word_1_100' title='bbox 1158 1326 1311 1382; x_wconf 89' lang='lat' dir='ltr'><strong>dolor</strong></span> <span class='ocrx_word' id='word_1_101' title='bbox 1333 1332 1546 1379; x_wconf 87' lang='lat' dir='ltr'><strong>tantum</strong></span> <span class='ocrx_word' id='word_1_102' title='bbox 1584 1321 1753 1377; x_wconf 89' lang='lat' dir='ltr'><strong>crevit</strong></span> <span class='ocrx_word' id='word_1_103' title='bbox 1789 1317 1933 1390; x_wconf 88' lang='lat' dir='ltr'><strong>quod</strong></span> <span class='ocrx_word' id='word_1_104' title='bbox 1971 1317 2062 1371; x_wconf 84' lang='lat' dir='ltr'><strong>vix</strong></span> <span class='ocrx_word' id='word_1_105' title='bbox 2092 1314 2160 1370; x_wconf 89' lang='lat' dir='ltr'><strong>ad</strong></span> 
     </span>
    </p>
   </div>
   <div class='ocr_carea' id='block_1_14' title="bbox 583 1409 2155 1493">
    <p class='ocr_par' dir='ltr' id='par_1_14' title="bbox 583 1409 2155 1493">
     <span class='ocr_line' id='line_1_14' title="bbox 583 1409 2155 1493; baseline -0.011 -15"><span class='ocrx_word' id='word_1_106' title='bbox 583 1423 881 1493; x_wconf 88' lang='lat' dir='ltr'><strong>hospitium</strong></span> <span class='ocrx_word' id='word_1_107' title='bbox 923 1420 1197 1491; x_wconf 84' lang='lat' dir='ltr'><strong>perrexit,</strong></span> <span class='ocrx_word' id='word_1_108' title='bbox 1223 1427 1277 1473; x_wconf 91' lang='lat' dir='ltr'><strong>et</strong></span> <span class='ocrx_word' id='word_1_109' title='bbox 1311 1416 1468 1488; x_wconf 90' lang='lat' dir='ltr'><strong>quasi</strong></span> <span class='ocrx_word' id='word_1_110' title='bbox 1494 1422 1747 1470; x_wconf 89' lang='lat' dir='ltr'><strong>mortuus</strong></span> <span class='ocrx_word' id='word_1_111' title='bbox 1786 1420 1873 1467; x_wconf 90' lang='lat' dir='ltr'><strong>cst</strong></span> <span class='ocrx_word' id='word_1_112' title='bbox 1914 1409 2155 1465; x_wconf 88' lang='lat' dir='ltr'><strong>relictus.</strong></span> 
     </span>
    </p>
   </div>
   <div class='ocr_carea' id='block_1_15' title="bbox 584 1500 2162 1582">
    <p class='ocr_par' dir='ltr' id='par_1_15' title="bbox 584 1500 2162 1582">
     <span class='ocr_line' id='line_1_15' title="bbox 584 1500 2162 1582; baseline -0.007 -17"><span class='ocrx_word' id='word_1_113' title='bbox 584 1510 724 1567; x_wconf 83' lang='lat' dir='ltr'><strong>Huic</strong></span> <span class='ocrx_word' id='word_1_114' title='bbox 771 1525 901 1582; x_wconf 87' lang='lat' dir='ltr'><strong>ergo</strong></span> <span class='ocrx_word' id='word_1_115' title='bbox 946 1516 1210 1564; x_wconf 68' lang='lat' dir='ltr'><strong>matrona:</strong></span> <span class='ocrx_word' id='word_1_116' title='bbox 1257 1506 1533 1572; x_wconf 87' lang='lat' dir='ltr'><strong>venienti,</strong></span> <span class='ocrx_word' id='word_1_117' title='bbox 1592 1514 1654 1559; x_wconf 89' lang='lat' dir='ltr'><strong>ut</strong></span> <span class='ocrx_word' id='word_1_118' title='bbox 1698 1503 1903 1574; x_wconf 77' lang='lat' dir='ltr'><strong>gratias</strong></span> <span class='ocrx_word' id='word_1_119' title='bbox 1948 1500 2060 1555; x_wconf 84' lang='lat' dir='ltr'><strong>Deo</strong></span> <span class='ocrx_word' id='word_1_120' title='bbox 2107 1507 2162 1554; x_wconf 85' lang='lat' dir='ltr'><strong>et</strong></span> 
     </span>
    </p>
   </div>
   <div class='ocr_carea' id='block_1_16' title="bbox 582 1592 2157 1671">
    <p class='ocr_par' dir='ltr' id='par_1_16' title="bbox 582 1592 2157 1671">
     <span class='ocr_line' id='line_1_16' title="bbox 582 1592 2157 1671; baseline -0.009 -12"><span class='ocrx_word' id='word_1_121' title='bbox 582 1602 644 1659; x_wconf 91' lang='lat' dir='ltr'><strong>S.</strong></span> <span class='ocrx_word' id='word_1_122' title='bbox 672 1603 929 1659; x_wconf 89' lang='lat' dir='ltr'><strong>Anselmo</strong></span> <span class='ocrx_word' id='word_1_123' title='bbox 958 1601 1200 1666; x_wconf 81' lang='lat' dir='ltr'><strong>referret,</strong></span> <span class='ocrx_word' id='word_1_124' title='bbox 1219 1600 1438 1671; x_wconf 89' lang='lat' dir='ltr'><strong>quidam</strong></span> <span class='ocrx_word' id='word_1_125' title='bbox 1461 1599 1528 1654; x_wconf 88' lang='lat' dir='ltr'><strong>de</strong></span> <span class='ocrx_word' id='word_1_126' title='bbox 1553 1596 1866 1651; x_wconf 85' lang='lat' dir='ltr'><strong>monticulis</strong></span> <span class='ocrx_word' id='word_1_127' title='bbox 1894 1592 2157 1657; x_wconf 77' lang='lat' dir='ltr'><strong>Guiberti,</strong></span> 
     </span>
    </p>
   </div>
   <div class='ocr_carea' id='block_1_17' title="bbox 583 1686 2234 1779">
    <p class='ocr_par' dir='ltr' id='par_1_17' title="bbox 583 1686 2234 1779">
     <span class='ocr_line' id='line_1_17' title="bbox 583 1686 2234 1779; baseline -0.008 -28"><span class='ocrx_word' id='word_1_128' title='bbox 583 1696 723 1752; x_wconf 87' lang='lat' dir='ltr'><strong>bene</strong></span> <span class='ocrx_word' id='word_1_129' title='bbox 745 1705 926 1759; x_wconf 91' lang='lat' dir='ltr'><strong>notus,</strong></span> <span class='ocrx_word' id='word_1_130' title='bbox 950 1695 1000 1749; x_wconf 94' lang='lat' dir='ltr'><strong>ei</strong></span> <span class='ocrx_word' id='word_1_131' title='bbox 1026 1694 1275 1758; x_wconf 88' lang='lat' dir='ltr'><strong>obvians,</strong></span> <span class='ocrx_word' id='word_1_132' title='bbox 1299 1692 1415 1763; x_wconf 88' lang='lat' dir='ltr'><strong>jam</strong></span> <span class='ocrx_word' id='word_1_133' title='bbox 1439 1690 1508 1745; x_wconf 89' lang='lat' dir='ltr'><strong>ab</strong></span> <span class='ocrx_word' id='word_1_134' title='bbox 1528 1689 1664 1744; x_wconf 88' lang='lat' dir='ltr'><strong>urbe</strong></span> <span class='ocrx_word' id='word_1_135' title='bbox 1687 1686 2161 1779; x_wconf 82' lang='lat' dir='ltr'><strong>regrediens,ma—</strong></span> <span class='ocrx_word' id='word_1_136' title='bbox 2192 1725 2234 1779; x_wconf 71' lang='grc' dir='ltr'><strong>Β</strong></span> 
     </span>
    </p>
   </div>
   <div class='ocr_carea' id='block_1_18' title="bbox 581 1778 2154 1859">
    <p class='ocr_par' dir='ltr' id='par_1_18' title="bbox 581 1778 2154 1859">
     <span class='ocr_line' id='line_1_18' title="bbox 581 1778 2154 1859; baseline -0.008 -18"><span class='ocrx_word' id='word_1_137' title='bbox 581 1801 751 1859; x_wconf 83' lang='lat' dir='ltr'><strong>gnum</strong></span> <span class='ocrx_word' id='word_1_138' title='bbox 808 1786 911 1841; x_wconf 91' lang='lat' dir='ltr'><strong>sibi</strong></span> <span class='ocrx_word' id='word_1_139' title='bbox 958 1786 1104 1856; x_wconf 92' lang='lat' dir='ltr'><strong>quod</strong></span> <span class='ocrx_word' id='word_1_140' title='bbox 1153 1784 1461 1854; x_wconf 78' lang='lat' dir='ltr'><strong>contigerat</strong></span> <span class='ocrx_word' id='word_1_141' title='bbox 1509 1779 1754 1836; x_wconf 87' lang='lat' dir='ltr'><strong>narravit</strong></span> <span class='ocrx_word' id='word_1_142' title='bbox 1806 1778 2154 1833; x_wconf 87' lang='lat' dir='ltr'><strong>miraculum.</strong></span> 
     </span>
    </p>
   </div>
   <div class='ocr_carea' id='block_1_19' title="bbox 581 1870 2160 1947">
    <p class='ocr_par' dir='ltr' id='par_1_19' title="bbox 581 1870 2160 1947">
     <span class='ocr_line' id='line_1_19' title="bbox 581 1870 2160 1947; baseline -0.009 -12"><span class='ocrx_word' id='word_1_143' title='bbox 581 1879 829 1947; x_wconf 84' lang='lat' dir='ltr'><strong>Quadam</strong></span> <span class='ocrx_word' id='word_1_144' title='bbox 866 1887 1026 1934; x_wconf 86' lang='lat' dir='ltr'><strong>nocte</strong></span> <span class='ocrx_word' id='word_1_145' title='bbox 1072 1893 1198 1933; x_wconf 91' lang='lat' dir='ltr'><strong>cum</strong></span> <span class='ocrx_word' id='word_1_146' title='bbox 1241 1876 1431 1931; x_wconf 89' lang='lat' dir='ltr'><strong>ivisset</strong></span> <span class='ocrx_word' id='word_1_147' title='bbox 1474 1874 1543 1933; x_wconf 89' lang='lat' dir='ltr'><strong>ad</strong></span> <span class='ocrx_word' id='word_1_148' title='bbox 1587 1872 1789 1927; x_wconf 83' lang='lat' dir='ltr'><strong>ﬂumen</strong></span> <span class='ocrx_word' id='word_1_149' title='bbox 1837 1870 2053 1935; x_wconf 89' lang='lat' dir='ltr'><strong>Oleum,</strong></span> <span class='ocrx_word' id='word_1_150' title='bbox 2099 1876 2160 1922; x_wconf 90' lang='lat' dir='ltr'><strong>ut</strong></span> 
     </span>
    </p>
   </div>
   <div class='ocr_carea' id='block_1_20' title="bbox 583 1962 2158 2045">
    <p class='ocr_par' dir='ltr' id='par_1_20' title="bbox 583 1962 2158 2045">
     <span class='ocr_line' id='line_1_20' title="bbox 583 1962 2158 2045; baseline -0.01 -14"><span class='ocrx_word' id='word_1_151' title='bbox 583 1976 826 2031; x_wconf 88' lang='lat' dir='ltr'><strong>hauriret</strong></span> <span class='ocrx_word' id='word_1_152' title='bbox 868 1989 1066 2045; x_wconf 87' lang='lat' dir='ltr'><strong>aquam</strong></span> <span class='ocrx_word' id='word_1_153' title='bbox 1089 2015 1104 2039; x_wconf 91' lang='lat'><strong>,</strong></span> <span class='ocrx_word' id='word_1_154' title='bbox 1150 1979 1403 2043; x_wconf 86' lang='lat' dir='ltr'><strong>porrecto</strong></span> <span class='ocrx_word' id='word_1_155' title='bbox 1430 1969 1633 2025; x_wconf 84' lang='lat' dir='ltr'><strong>uncino</strong></span> <span class='ocrx_word' id='word_1_156' title='bbox 1660 2009 1675 2034; x_wconf 96' lang='lat'><strong>,</strong></span> <span class='ocrx_word' id='word_1_157' title='bbox 1724 1964 1984 2037; x_wconf 86' lang='lat' dir='ltr'><strong>quoniam</strong></span> <span class='ocrx_word' id='word_1_158' title='bbox 2041 1962 2158 2031; x_wconf 88' lang='lat' dir='ltr'><strong>ripa</strong></span> 
     </span>
    </p>
   </div>
   <div class='ocr_carea' id='block_1_21' title="bbox 581 2053 2157 2133">
    <p class='ocr_par' dir='ltr' id='par_1_21' title="bbox 581 2053 2157 2133">
     <span class='ocr_line' id='line_1_21' title="bbox 581 2053 2157 2133; baseline -0.009 -12"><span class='ocrx_word' id='word_1_159' title='bbox 581 2064 762 2122; x_wconf 82' lang='lat' dir='ltr'><strong>fuerat</strong></span> <span class='ocrx_word' id='word_1_160' title='bbox 808 2065 946 2130; x_wconf 85' lang='lat' dir='ltr'><strong>alta,</strong></span> <span class='ocrx_word' id='word_1_161' title='bbox 991 2065 1258 2121; x_wconf 86' lang='lat' dir='ltr'><strong>decursus</strong></span> <span class='ocrx_word' id='word_1_162' title='bbox 1296 2076 1454 2133; x_wconf 64' lang='lat' dir='ltr'><strong>aquae</strong></span> <span class='ocrx_word' id='word_1_163' title='bbox 1496 2059 1601 2131; x_wconf 83' lang='lat' dir='ltr'><strong>sibi</strong></span> <span class='ocrx_word' id='word_1_164' title='bbox 1645 2058 1865 2114; x_wconf 88' lang='lat' dir='ltr'><strong>situlam</strong></span> <span class='ocrx_word' id='word_1_165' title='bbox 1912 2053 2157 2118; x_wconf 87' lang='lat' dir='ltr'><strong>abstulit,</strong></span> 
     </span>
    </p>
   </div>
   <div class='ocr_carea' id='block_1_22' title="bbox 582 2153 2161 2229">
    <p class='ocr_par' dir='ltr' id='par_1_22' title="bbox 582 2153 2161 2229">
     <span class='ocr_line' id='line_1_22' title="bbox 582 2153 2161 2229; baseline -0.008 -15"><span class='ocrx_word' id='word_1_166' title='bbox 582 2158 871 2229; x_wconf 76' lang='lat' dir='ltr'><strong>ablataque</strong></span> <span class='ocrx_word' id='word_1_167' title='bbox 896 2156 1013 2214; x_wconf 87' lang='lat' dir='ltr'><strong>face</strong></span> <span class='ocrx_word' id='word_1_168' title='bbox 1035 2199 1051 2221; x_wconf 92' lang='lat'><strong>,</strong></span> <span class='ocrx_word' id='word_1_169' title='bbox 1075 2155 1337 2227; x_wconf 87' lang='lat' dir='ltr'><strong>quoniam</strong></span> <span class='ocrx_word' id='word_1_170' title='bbox 1363 2169 1470 2210; x_wconf 91' lang='lat' dir='ltr'><strong>nox</strong></span> <span class='ocrx_word' id='word_1_171' title='bbox 1496 2153 1728 2209; x_wconf 89' lang='lat' dir='ltr'><strong>obscura</strong></span> <span class='ocrx_word' id='word_1_172' title='bbox 1752 2159 1889 2215; x_wconf 90' lang='lat' dir='ltr'><strong>erat,</strong></span> <span class='ocrx_word' id='word_1_173' title='bbox 1920 2163 2045 2205; x_wconf 91' lang='lat' dir='ltr'><strong>cum</strong></span> <span class='ocrx_word' id='word_1_174' title='bbox 2078 2163 2161 2201; x_wconf 84' lang='lat' dir='ltr'><strong>vi-</strong></span> 
     </span>
    </p>
   </div>
   <div class='ocr_carea' id='block_1_23' title="bbox 582 2237 2161 2319">
    <p class='ocr_par' dir='ltr' id='par_1_23' title="bbox 582 2237 2161 2319">
     <span class='ocr_line' id='line_1_23' title="bbox 582 2237 2161 2319; baseline -0.009 -13"><span class='ocrx_word' id='word_1_175' title='bbox 582 2250 737 2306; x_wconf 89' lang='lat' dir='ltr'><strong>deret</strong></span> <span class='ocrx_word' id='word_1_176' title='bbox 761 2265 792 2305; x_wconf 89' lang='lat' dir='ltr'><strong>a</strong></span> <span class='ocrx_word' id='word_1_177' title='bbox 821 2248 1060 2305; x_wconf 84' lang='lat' dir='ltr'><strong>fluminis</strong></span> <span class='ocrx_word' id='word_1_178' title='bbox 1087 2245 1352 2319; x_wconf 90' lang='lat' dir='ltr'><strong>vertigine</strong></span> <span class='ocrx_word' id='word_1_179' title='bbox 1381 2244 1609 2311; x_wconf 88' lang='lat' dir='ltr'><strong>abduci,</strong></span> <span class='ocrx_word' id='word_1_180' title='bbox 1636 2242 1850 2314; x_wconf 85' lang='lat' dir='ltr'><strong>rogavit</strong></span> <span class='ocrx_word' id='word_1_181' title='bbox 1878 2238 1935 2295; x_wconf 90' lang='lat' dir='ltr'><strong>S.</strong></span> <span class='ocrx_word' id='word_1_182' title='bbox 1967 2237 2161 2293; x_wconf 82' lang='lat' dir='ltr'><strong>Ansel-</strong></span> 
     </span>
    </p>
   </div>
   <div class='ocr_carea' id='block_1_24' title="bbox 585 2334 2159 2403">
    <p class='ocr_par' dir='ltr' id='par_1_24' title="bbox 585 2334 2159 2403">
     <span class='ocr_line' id='line_1_24' title="bbox 585 2334 2159 2403; baseline -0.006 -9"><span class='ocrx_word' id='word_1_183' title='bbox 585 2355 737 2394; x_wconf 91' lang='lat' dir='ltr'><strong>mum</strong></span> <span class='ocrx_word' id='word_1_184' title='bbox 758 2347 818 2395; x_wconf 89' lang='lat' dir='ltr'><strong>ut</strong></span> <span class='ocrx_word' id='word_1_185' title='bbox 835 2354 956 2396; x_wconf 89' lang='lat' dir='ltr'><strong>eam</strong></span> <span class='ocrx_word' id='word_1_186' title='bbox 985 2337 1090 2394; x_wconf 85' lang='lat' dir='ltr'><strong>sibi</strong></span> <span class='ocrx_word' id='word_1_187' title='bbox 1114 2337 1382 2393; x_wconf 81' lang='lat' dir='ltr'><strong>redderet.</strong></span> <span class='ocrx_word' id='word_1_188' title='bbox 1410 2334 1577 2392; x_wconf 85' lang='lat' dir='ltr'><strong>Facta</strong></span> <span class='ocrx_word' id='word_1_189' title='bbox 1605 2343 1788 2390; x_wconf 90' lang='lat' dir='ltr'><strong>autem</strong></span> <span class='ocrx_word' id='word_1_190' title='bbox 1813 2346 2004 2403; x_wconf 81' lang='lat' dir='ltr'><strong>prece,</strong></span> <span class='ocrx_word' id='word_1_191' title='bbox 2032 2345 2159 2387; x_wconf 90' lang='lat' dir='ltr'><strong>cum</strong></span> 
     </span>
    </p>
   </div>
   <div class='ocr_carea' id='block_1_25' title="bbox 584 2426 2162 2502">
    <p class='ocr_par' dir='ltr' id='par_1_25' title="bbox 584 2426 2162 2502">
     <span class='ocr_line' id='line_1_25' title="bbox 584 2426 2162 2502; baseline -0.007 -12"><span class='ocrx_word' id='word_1_192' title='bbox 584 2432 926 2502; x_wconf 79' lang='lat' dir='ltr'><strong>deposuisset</strong></span> <span class='ocrx_word' id='word_1_193' title='bbox 946 2432 1236 2498; x_wconf 91' lang='lat' dir='ltr'><strong>uncinum,</strong></span> <span class='ocrx_word' id='word_1_194' title='bbox 1259 2438 1316 2486; x_wconf 92' lang='lat' dir='ltr'><strong>et</strong></span> <span class='ocrx_word' id='word_1_195' title='bbox 1354 2429 1445 2484; x_wconf 88' lang='lat' dir='ltr'><strong>vix</strong></span> <span class='ocrx_word' id='word_1_196' title='bbox 1473 2428 1584 2484; x_wconf 91' lang='lat' dir='ltr'><strong>duo</strong></span> <span class='ocrx_word' id='word_1_197' title='bbox 1613 2426 1838 2483; x_wconf 87' lang='lat' dir='ltr'><strong>brachia</strong></span> <span class='ocrx_word' id='word_1_198' title='bbox 1869 2439 2162 2496; x_wconf 84' lang='lat' dir='ltr'><strong>appropin-</strong></span> 
     </span>
    </p>
   </div>
   <div class='ocr_carea' id='block_1_26' title="bbox 584 2517 2163 2597">
    <p class='ocr_par' dir='ltr' id='par_1_26' title="bbox 584 2517 2163 2597">
     <span class='ocr_line' id='line_1_26' title="bbox 584 2517 2163 2597; baseline -0.006 -15"><span class='ocrx_word' id='word_1_199' title='bbox 584 2534 781 2597; x_wconf 83' lang='lat' dir='ltr'><strong>quaret</strong></span> <span class='ocrx_word' id='word_1_200' title='bbox 806 2541 983 2596; x_wconf 80' lang='lat' dir='ltr'><strong>aqute,</strong></span> <span class='ocrx_word' id='word_1_201' title='bbox 1020 2524 1282 2582; x_wconf 91' lang='lat' dir='ltr'><strong>continuo</strong></span> <span class='ocrx_word' id='word_1_202' title='bbox 1326 2537 1461 2579; x_wconf 88' lang='lat' dir='ltr'><strong>ansa</strong></span> <span class='ocrx_word' id='word_1_203' title='bbox 1508 2520 1687 2579; x_wconf 64' lang='lat' dir='ltr'><strong>situla:</strong></span> <span class='ocrx_word' id='word_1_204' title='bbox 1737 2534 1799 2575; x_wconf 89' lang='lat' dir='ltr'><strong>se</strong></span> <span class='ocrx_word' id='word_1_205' title='bbox 1839 2517 2069 2575; x_wconf 89' lang='lat' dir='ltr'><strong>elevavit</strong></span> <span class='ocrx_word' id='word_1_206' title='bbox 2108 2525 2163 2573; x_wconf 90' lang='lat' dir='ltr'><strong>et</strong></span> 
     </span>
    </p>
   </div>
   <div class='ocr_carea' id='block_1_27' title="bbox 586 2616 1228 2688">
    <p class='ocr_par' dir='ltr' id='par_1_27' title="bbox 586 2616 1228 2688">
     <span class='ocr_line' id='line_1_27' title="bbox 586 2616 1228 2688; baseline 0 -16"><span class='ocrx_word' id='word_1_207' title='bbox 586 2617 788 2673; x_wconf 88' lang='lat' dir='ltr'><strong>uncino</strong></span> <span class='ocrx_word' id='word_1_208' title='bbox 825 2632 884 2674; x_wconf 88' lang='lat' dir='ltr'><strong>se</strong></span> <span class='ocrx_word' id='word_1_209' title='bbox 918 2616 1228 2688; x_wconf 85' lang='lat' dir='ltr'><strong>applicavit.</strong></span> 
     </span>
    </p>
   </div>
   <div class='ocr_carea' id='block_1_28' title="bbox 654 2702 2158 2779">
    <p class='ocr_par' dir='ltr' id='par_1_28' title="bbox 654 2702 2158 2779">
     <span class='ocr_line' id='line_1_28' title="bbox 654 2702 2158 2779; baseline -0.006 -13"><span class='ocrx_word' id='word_1_210' title='bbox 654 2709 759 2766; x_wconf 88' lang='lat' dir='ltr'><strong>Per</strong></span> <span class='ocrx_word' id='word_1_211' title='bbox 810 2711 1003 2766; x_wconf 89' lang='lat' dir='ltr'><strong>merita</strong></span> <span class='ocrx_word' id='word_1_212' title='bbox 1054 2709 1299 2779; x_wconf 86' lang='lat' dir='ltr'><strong>ejusdem</strong></span> <span class='ocrx_word' id='word_1_213' title='bbox 1355 2705 1693 2763; x_wconf 89' lang='lat' dir='ltr'><strong>sanctissimi</strong></span> <span class='ocrx_word' id='word_1_214' title='bbox 1748 2703 1930 2760; x_wconf 88' lang='lat' dir='ltr'><strong>Patris</strong></span> <span class='ocrx_word' id='word_1_215' title='bbox 1984 2702 2158 2758; x_wconf 88' lang='lat' dir='ltr'><strong>nostri</strong></span> 
     </span>
    </p>
   </div>
   <div class='ocr_carea' id='block_1_29' title="bbox 583 2795 2162 2875">
    <p class='ocr_par' dir='ltr' id='par_1_29' title="bbox 583 2795 2162 2875">
     <span class='ocr_line' id='line_1_29' title="bbox 583 2795 2162 2875; baseline -0.007 -15"><span class='ocrx_word' id='word_1_216' title='bbox 583 2803 832 2875; x_wconf 63' lang='lat' dir='ltr'><strong>«pandam</strong></span> <span class='ocrx_word' id='word_1_217' title='bbox 886 2803 1155 2858; x_wconf 85' lang='lat' dir='ltr'><strong>monacha</strong></span> <span class='ocrx_word' id='word_1_218' title='bbox 1210 2801 1277 2855; x_wconf 92' lang='lat' dir='ltr'><strong>de</strong></span> <span class='ocrx_word' id='word_1_219' title='bbox 1323 2798 1743 2854; x_wconf 87' lang='lat' dir='ltr'><strong>ultramontanis</strong></span> <span class='ocrx_word' id='word_1_220' title='bbox 1796 2796 2044 2866; x_wconf 86' lang='lat' dir='ltr'><strong>partibus</strong></span> <span class='ocrx_word' id='word_1_221' title='bbox 2094 2795 2162 2850; x_wconf 90' lang='lat' dir='ltr'><strong>de</strong></span> 
     </span>
    </p>
   </div>
   <div class='ocr_carea' id='block_1_30' title="bbox 584 2887 2160 2962">
    <p class='ocr_par' dir='ltr' id='par_1_30' title="bbox 584 2887 2160 2962">
     <span class='ocr_line' id='line_1_30' title="bbox 584 2887 2160 2962; baseline -0.006 -15"><span class='ocrx_word' id='word_1_222' title='bbox 584 2894 754 2960; x_wconf 86' lang='lat' dir='ltr'><strong>villa,</strong></span> <span class='ocrx_word' id='word_1_223' title='bbox 826 2907 949 2962; x_wconf 73' lang='lat' dir='ltr'><strong>qua:</strong></span> <span class='ocrx_word' id='word_1_224' title='bbox 1012 2890 1212 2947; x_wconf 89' lang='lat' dir='ltr'><strong>dicitur</strong></span> <span class='ocrx_word' id='word_1_225' title='bbox 1276 2888 1603 2945; x_wconf 85' lang='lat' dir='ltr'><strong>Gamudium</strong></span> <span class='ocrx_word' id='word_1_226' title='bbox 1632 2929 1647 2953; x_wconf 92' lang='lat'><strong>,</strong></span> <span class='ocrx_word' id='word_1_227' title='bbox 1703 2887 1858 2957; x_wconf 79' lang='lat' dir='ltr'><strong>juxta</strong></span> <span class='ocrx_word' id='word_1_228' title='bbox 1920 2894 2160 2941; x_wconf 85' lang='lat' dir='ltr'><strong>castrum</strong></span> 
     </span>
    </p>
   </div>
   <div class='ocr_carea' id='block_1_31' title="bbox 584 2977 2159 3049">
    <p class='ocr_par' dir='ltr' id='par_1_31' title="bbox 584 2977 2159 3049">
     <span class='ocr_line' id='line_1_31' title="bbox 584 2977 2159 3049; baseline -0.004 -12"><span class='ocrx_word' id='word_1_229' title='bbox 584 2982 750 3039; x_wconf 84' lang='lat' dir='ltr'><strong>Cisne</strong></span> <span class='ocrx_word' id='word_1_230' title='bbox 777 2981 904 3047; x_wconf 90' lang='lat' dir='ltr'><strong>sita,</strong></span> <span class='ocrx_word' id='word_1_231' title='bbox 932 2981 1096 3037; x_wconf 90' lang='lat' dir='ltr'><strong>unius</strong></span> <span class='ocrx_word' id='word_1_232' title='bbox 1128 2979 1271 3035; x_wconf 91' lang='lat' dir='ltr'><strong>oculi</strong></span> <span class='ocrx_word' id='word_1_233' title='bbox 1309 2979 1490 3034; x_wconf 89' lang='lat' dir='ltr'><strong>lumen</strong></span> <span class='ocrx_word' id='word_1_234' title='bbox 1527 2978 1746 3049; x_wconf 85' lang='lat' dir='ltr'><strong>recepit,</strong></span> <span class='ocrx_word' id='word_1_235' title='bbox 1779 2987 1833 3034; x_wconf 85' lang='lat' dir='ltr'><strong>et</strong></span> <span class='ocrx_word' id='word_1_236' title='bbox 1867 2978 1934 3033; x_wconf 91' lang='lat' dir='ltr'><strong>de</strong></span> <span class='ocrx_word' id='word_1_237' title='bbox 1968 2977 2159 3042; x_wconf 88' lang='lat' dir='ltr'><strong>altero,</strong></span> 
     </span>
    </p>
   </div>
   <div class='ocr_carea' id='block_1_32' title="bbox 2259 477 3826 548">
    <p class='ocr_par' dir='ltr' id='par_1_32' title="bbox 2259 477 3826 548">
     <span class='ocr_line' id='line_1_32' title="bbox 2259 477 3826 548; baseline -0.001 -14"><span class='ocrx_word' id='word_1_238' title='bbox 2259 480 2463 534; x_wconf 89' lang='lat' dir='ltr'><strong>batissa</strong></span> <span class='ocrx_word' id='word_1_239' title='bbox 2483 477 2541 533; x_wconf 90' lang='lat' dir='ltr'><strong>S.</strong></span> <span class='ocrx_word' id='word_1_240' title='bbox 2564 477 2720 533; x_wconf 89' lang='lat' dir='ltr'><strong>Pauli</strong></span> <span class='ocrx_word' id='word_1_241' title='bbox 2739 478 2808 533; x_wconf 89' lang='lat' dir='ltr'><strong>de</strong></span> <span class='ocrx_word' id='word_1_242' title='bbox 2826 477 3020 534; x_wconf 87' lang='lat' dir='ltr'><strong>Parma</strong></span> <span class='ocrx_word' id='word_1_243' title='bbox 3047 478 3279 535; x_wconf 67' lang='lat' dir='ltr'><strong>Mantuae</strong></span> <span class='ocrx_word' id='word_1_244' title='bbox 3302 477 3677 543; x_wconf 84' lang='lat' dir='ltr'><strong>manentibus,</strong></span> <span class='ocrx_word' id='word_1_245' title='bbox 3715 478 3826 548; x_wconf 80' lang='lat' dir='ltr'><strong>ejus</strong></span> 
     </span>
    </p>
   </div>
   <div class='ocr_carea' id='block_1_33' title="bbox 2258 557 3828 641">
    <p class='ocr_par' dir='ltr' id='par_1_33' title="bbox 2258 557 3828 641">
     <span class='ocr_line' id='line_1_33' title="bbox 2258 557 3828 641; baseline -0.002 -15"><span class='ocrx_word' id='word_1_246' title='bbox 2258 570 2479 637; x_wconf 87' lang='lat' dir='ltr'><strong>milites,</strong></span> <span class='ocrx_word' id='word_1_247' title='bbox 2527 569 2728 626; x_wconf 90' lang='lat' dir='ltr'><strong>auditis</strong></span> <span class='ocrx_word' id='word_1_248' title='bbox 2774 570 2963 625; x_wconf 88' lang='lat' dir='ltr'><strong>multis</strong></span> <span class='ocrx_word' id='word_1_249' title='bbox 3008 557 3181 641; x_wconf 87' lang='lat' dir='ltr'><strong>signis</strong></span> <span class='ocrx_word' id='word_1_250' title='bbox 3206 571 3274 625; x_wconf 90' lang='lat' dir='ltr'><strong>de</strong></span> <span class='ocrx_word' id='word_1_251' title='bbox 3306 568 3364 624; x_wconf 92' lang='lat' dir='ltr'><strong>s.</strong></span> <span class='ocrx_word' id='word_1_252' title='bbox 3398 569 3541 635; x_wconf 89' lang='lat' dir='ltr'><strong>viro,</strong></span> <span class='ocrx_word' id='word_1_253' title='bbox 3587 569 3658 624; x_wconf 87' lang='lat' dir='ltr'><strong>ad</strong></span> <span class='ocrx_word' id='word_1_254' title='bbox 3679 569 3828 638; x_wconf 80' lang='lat' dir='ltr'><strong>cujus</strong></span> 
     </span>
    </p>
   </div>
   <div class='ocr_carea' id='block_1_34' title="bbox 2258 660 3823 724">
    <p class='ocr_par' dir='ltr' id='par_1_34' title="bbox 2258 660 3823 724">
     <span class='ocr_line' id='line_1_34' title="bbox 2258 660 3823 724; baseline 0.002 -11"><span class='ocrx_word' id='word_1_255' title='bbox 2258 662 2628 717; x_wconf 85' lang='lat' dir='ltr'><strong>venerandum</strong></span> <span class='ocrx_word' id='word_1_256' title='bbox 2663 662 2931 717; x_wconf 76' lang='lat' dir='ltr'><strong>tumulum</strong></span> <span class='ocrx_word' id='word_1_257' title='bbox 2960 662 3040 718; x_wconf 91' lang='lat' dir='ltr'><strong>ire</strong></span> <span class='ocrx_word' id='word_1_258' title='bbox 3074 662 3313 718; x_wconf 88' lang='lat' dir='ltr'><strong>volentes</strong></span> <span class='ocrx_word' id='word_1_259' title='bbox 3335 660 3610 716; x_wconf 87' lang='lat' dir='ltr'><strong>orationis</strong></span> <span class='ocrx_word' id='word_1_260' title='bbox 3629 675 3787 716; x_wconf 83' lang='lat' dir='ltr'><strong>causa</strong></span> <span class='ocrx_word' id='word_1_261' title='bbox 3809 703 3823 724; x_wconf 90' lang='lat'><strong>,</strong></span> 
     </span>
    </p>
   </div>
   <div class='ocr_carea' id='block_1_35' title="bbox 2258 752 3824 823">
    <p class='ocr_par' dir='ltr' id='par_1_35' title="bbox 2258 752 3824 823">
     <span class='ocr_line' id='line_1_35' title="bbox 2258 752 3824 823; baseline -0.001 -16"><span class='ocrx_word' id='word_1_262' title='bbox 2258 762 2587 823; x_wconf 82' lang='lat' dir='ltr'><strong>rogaverunt</strong></span> <span class='ocrx_word' id='word_1_263' title='bbox 2626 753 2948 823; x_wconf 81' lang='lat' dir='ltr'><strong>quemdam,</strong></span> <span class='ocrx_word' id='word_1_264' title='bbox 2990 754 3213 811; x_wconf 88' lang='lat' dir='ltr'><strong>nomine</strong></span> <span class='ocrx_word' id='word_1_265' title='bbox 3257 753 3573 809; x_wconf 82' lang='lat' dir='ltr'><strong>Albericum</strong></span> <span class='ocrx_word' id='word_1_266' title='bbox 3599 793 3615 816; x_wconf 93' lang='lat'><strong>,</strong></span> <span class='ocrx_word' id='word_1_267' title='bbox 3665 752 3824 806; x_wconf 80' lang='lat' dir='ltr'><strong>filium</strong></span> 
     </span>
    </p>
   </div>
   <div class='ocr_carea' id='block_1_36' title="bbox 2258 843 3827 915">
    <p class='ocr_par' dir='ltr' id='par_1_36' title="bbox 2258 843 3827 915">
     <span class='ocr_line' id='line_1_36' title="bbox 2258 843 3827 915; baseline 0.001 -18"><span class='ocrx_word' id='word_1_268' title='bbox 2258 843 2587 901; x_wconf 87' lang='lat' dir='ltr'><strong>Albericide</strong></span> <span class='ocrx_word' id='word_1_269' title='bbox 2626 844 2833 899; x_wconf 85' lang='lat' dir='ltr'><strong>Palmia</strong></span> <span class='ocrx_word' id='word_1_270' title='bbox 2858 885 2876 911; x_wconf 92' lang='lat'><strong>,</strong></span> <span class='ocrx_word' id='word_1_271' title='bbox 2903 853 2966 899; x_wconf 94' lang='lat' dir='ltr'><strong>ut</strong></span> <span class='ocrx_word' id='word_1_272' title='bbox 2989 860 3176 900; x_wconf 83' lang='lat' dir='ltr'><strong>secum</strong></span> <span class='ocrx_word' id='word_1_273' title='bbox 3219 845 3325 901; x_wconf 83' lang='lat' dir='ltr'><strong>iret</strong></span> <span class='ocrx_word' id='word_1_274' title='bbox 3363 859 3467 915; x_wconf 80' lang='lat' dir='ltr'><strong>pro</strong></span> <span class='ocrx_word' id='word_1_275' title='bbox 3513 844 3827 899; x_wconf 64' lang='lat' dir='ltr'><strong>debuerunt</strong></span> 
     </span>
    </p>
   </div>
   <div class='ocr_carea' id='block_1_37' title="bbox 2259 935 3828 1007">
    <p class='ocr_par' dir='ltr' id='par_1_37' title="bbox 2259 935 3828 1007">
     <span class='ocr_line' id='line_1_37' title="bbox 2259 935 3828 1007; baseline -0.001 -17"><span class='ocrx_word' id='word_1_276' title='bbox 2259 951 2482 992; x_wconf 86' lang='lat' dir='ltr'><strong>suorum</strong></span> <span class='ocrx_word' id='word_1_277' title='bbox 2506 936 2735 1007; x_wconf 89' lang='lat' dir='ltr'><strong>petenda</strong></span> <span class='ocrx_word' id='word_1_278' title='bbox 2749 935 2934 992; x_wconf 88' lang='lat' dir='ltr'><strong>venia:</strong></span> <span class='ocrx_word' id='word_1_279' title='bbox 2957 956 2974 988; x_wconf 71' lang='grc' dir='ltr'><strong>ο</strong></span> <span class='ocrx_word' id='word_1_280' title='bbox 2988 935 3159 1002; x_wconf 90' lang='lat' dir='ltr'><strong>Sicut,</strong></span> <span class='ocrx_word' id='word_1_281' title='bbox 3173 936 3368 1007; x_wconf 85' lang='lat' dir='ltr'><strong>inquit,</strong></span> <span class='ocrx_word' id='word_1_282' title='bbox 3379 950 3477 992; x_wconf 91' lang='lat' dir='ltr'><strong>ore</strong></span> <span class='ocrx_word' id='word_1_283' title='bbox 3503 935 3672 990; x_wconf 87' lang='lat' dir='ltr'><strong>stulto</strong></span> <span class='ocrx_word' id='word_1_284' title='bbox 3693 943 3749 990; x_wconf 82' lang='lat' dir='ltr'><strong>et</strong></span> <span class='ocrx_word' id='word_1_285' title='bbox 3765 935 3828 989; x_wconf 79' lang='lat' dir='ltr'><strong>li-</strong></span> 
     </span>
    </p>
   </div>
   <div class='ocr_carea' id='block_1_38' title="bbox 2258 1026 3828 1097">
    <p class='ocr_par' dir='ltr' id='par_1_38' title="bbox 2258 1026 3828 1097">
     <span class='ocr_line' id='line_1_38' title="bbox 2258 1026 3828 1097; baseline -0.001 -16"><span class='ocrx_word' id='word_1_286' title='bbox 2258 1043 2389 1082; x_wconf 88' lang='lat' dir='ltr'><strong>vore</strong></span> <span class='ocrx_word' id='word_1_287' title='bbox 2413 1028 2573 1097; x_wconf 86' lang='lat' dir='ltr'><strong>pleno</strong></span> <span class='ocrx_word' id='word_1_288' title='bbox 2601 1027 2736 1082; x_wconf 90' lang='lat' dir='ltr'><strong>irem</strong></span> <span class='ocrx_word' id='word_1_289' title='bbox 2762 1028 2832 1083; x_wconf 90' lang='lat' dir='ltr'><strong>ad</strong></span> <span class='ocrx_word' id='word_1_290' title='bbox 2861 1028 3099 1094; x_wconf 91' lang='lat' dir='ltr'><strong>asinum,</strong></span> <span class='ocrx_word' id='word_1_291' title='bbox 3132 1027 3205 1083; x_wconf 87' lang='lat' dir='ltr'><strong>ita</strong></span> <span class='ocrx_word' id='word_1_292' title='bbox 3233 1027 3431 1082; x_wconf 87' lang='lat' dir='ltr'><strong>vadam</strong></span> <span class='ocrx_word' id='word_1_293' title='bbox 3458 1027 3532 1082; x_wconf 89' lang='lat' dir='ltr'><strong>ad</strong></span> <span class='ocrx_word' id='word_1_294' title='bbox 3559 1042 3713 1093; x_wconf 87' lang='lat' dir='ltr'><strong>eum,</strong></span> <span class='ocrx_word' id='word_1_295' title='bbox 3731 1026 3828 1080; x_wconf 85' lang='lat' dir='ltr'><strong>nisi</strong></span> 
     </span>
    </p>
   </div>
   <div class='ocr_carea' id='block_1_39' title="bbox 2260 1117 3830 1187">
    <p class='ocr_par' dir='ltr' id='par_1_39' title="bbox 2260 1117 3830 1187">
     <span class='ocr_line' id='line_1_39' title="bbox 2260 1117 3830 1187; baseline -0.001 -16"><span class='ocrx_word' id='word_1_296' title='bbox 2260 1117 2494 1173; x_wconf 83' lang='lat' dir='ltr'><strong>fortasse</strong></span> <span class='ocrx_word' id='word_1_297' title='bbox 2540 1117 2837 1173; x_wconf 83' lang='lat' dir='ltr'><strong>derisionis</strong></span> <span class='ocrx_word' id='word_1_298' title='bbox 2882 1133 3050 1175; x_wconf 87' lang='lat' dir='ltr'><strong>causa</strong></span> <span class='ocrx_word' id='word_1_299' title='bbox 3072 1155 3095 1187; x_wconf 85' lang='lat'><strong>,</strong></span> <span class='ocrx_word' id='word_1_300' title='bbox 3143 1118 3212 1173; x_wconf 89' lang='lat' dir='ltr'><strong>ad</strong></span> <span class='ocrx_word' id='word_1_301' title='bbox 3264 1117 3386 1187; x_wconf 88' lang='lat' dir='ltr'><strong>ejus</strong></span> <span class='ocrx_word' id='word_1_302' title='bbox 3432 1117 3830 1187; x_wconf 79' lang='lat' dir='ltr'><strong>impetrandum</strong></span> 
     </span>
    </p>
   </div>
   <div class='ocr_carea' id='block_1_40' title="bbox 2260 1206 3832 1280">
    <p class='ocr_par' dir='ltr' id='par_1_40' title="bbox 2260 1206 3832 1280">
     <span class='ocr_line' id='line_1_40' title="bbox 2260 1206 3832 1280; baseline -0.001 -17"><span class='ocrx_word' id='word_1_303' title='bbox 2260 1209 2544 1264; x_wconf 84' lang='lat' dir='ltr'><strong>auxilium.</strong></span> <span class='ocrx_word' id='word_1_304' title='bbox 2566 1227 2585 1260; x_wconf 71' lang='grc' dir='ltr'>δ</span> <span class='ocrx_word' id='word_1_305' title='bbox 2604 1208 2674 1263; x_wconf 85' lang='lat' dir='ltr'><strong>At</strong></span> <span class='ocrx_word' id='word_1_306' title='bbox 2697 1208 2780 1263; x_wconf 87' lang='lat' dir='ltr'><strong>illi</strong></span> <span class='ocrx_word' id='word_1_307' title='bbox 2801 1209 3189 1280; x_wconf 82' lang='lat' dir='ltr'><strong>redarguentcs</strong></span> <span class='ocrx_word' id='word_1_308' title='bbox 3209 1216 3265 1263; x_wconf 85' lang='lat' dir='ltr'><strong>et</strong></span> <span class='ocrx_word' id='word_1_309' title='bbox 3291 1208 3684 1262; x_wconf 77' lang='lat' dir='ltr'><strong>contumeliam</strong></span> <span class='ocrx_word' id='word_1_310' title='bbox 3702 1206 3832 1262; x_wconf 57' lang='lat' dir='ltr'><strong>infe</strong></span> 
     </span>
    </p>
   </div>
   <div class='ocr_carea' id='block_1_41' title="bbox 2261 1296 3827 1366">
    <p class='ocr_par' dir='ltr' id='par_1_41' title="bbox 2261 1296 3827 1366">
     <span class='ocr_line' id='line_1_41' title="bbox 2261 1296 3827 1366; baseline -0.003 -14"><span class='ocrx_word' id='word_1_311' title='bbox 2261 1307 2461 1365; x_wconf 86' lang='lat' dir='ltr'><strong>rentes,</strong></span> <span class='ocrx_word' id='word_1_312' title='bbox 2492 1298 2706 1353; x_wconf 85' lang='lat' dir='ltr'><strong>tandem</strong></span> <span class='ocrx_word' id='word_1_313' title='bbox 2730 1306 2792 1352; x_wconf 88' lang='lat' dir='ltr'><strong>ut</strong></span> <span class='ocrx_word' id='word_1_314' title='bbox 2817 1313 3003 1354; x_wconf 87' lang='lat' dir='ltr'><strong>secum</strong></span> <span class='ocrx_word' id='word_1_315' title='bbox 3034 1297 3243 1352; x_wconf 86' lang='lat' dir='ltr'><strong>veniret</strong></span> <span class='ocrx_word' id='word_1_316' title='bbox 3269 1312 3398 1351; x_wconf 90' lang='lat' dir='ltr'><strong>eum</strong></span> <span class='ocrx_word' id='word_1_317' title='bbox 3434 1296 3827 1366; x_wconf 70' lang='lat' dir='ltr'><strong>unupulu&#39;unt.</strong></span> 
     </span>
    </p>
   </div>
   <div class='ocr_carea' id='block_1_42' title="bbox 2261 1386 3829 1461">
    <p class='ocr_par' dir='ltr' id='par_1_42' title="bbox 2261 1386 3829 1461">
     <span class='ocr_line' id='line_1_42' title="bbox 2261 1386 3829 1461; baseline -0.002 -17"><span class='ocrx_word' id='word_1_318' title='bbox 2261 1389 2515 1444; x_wconf 75' lang='lat' dir='ltr'><strong>Extremo</strong></span> <span class='ocrx_word' id='word_1_319' title='bbox 2537 1398 2718 1445; x_wconf 88' lang='lat' dir='ltr'><strong>autem</strong></span> <span class='ocrx_word' id='word_1_320' title='bbox 2739 1390 2847 1456; x_wconf 90' lang='lat' dir='ltr'><strong>die,</strong></span> <span class='ocrx_word' id='word_1_321' title='bbox 2875 1389 3097 1461; x_wconf 83' lang='lat' dir='ltr'><strong>quidam</strong></span> <span class='ocrx_word' id='word_1_322' title='bbox 3116 1396 3433 1444; x_wconf 87' lang='lat' dir='ltr'><strong>contractus</strong></span> <span class='ocrx_word' id='word_1_323' title='bbox 3451 1386 3658 1453; x_wconf 85' lang='lat' dir='ltr'><strong>fuerat,</strong></span> <span class='ocrx_word' id='word_1_324' title='bbox 3679 1402 3829 1457; x_wconf 80' lang='lat' dir='ltr'><strong>quem</strong></span> 
     </span>
    </p>
   </div>
   <div class='ocr_carea' id='block_1_43' title="bbox 2262 1477 3831 1550">
    <p class='ocr_par' dir='ltr' id='par_1_43' title="bbox 2262 1477 3831 1550">
     <span class='ocr_line' id='line_1_43' title="bbox 2262 1477 3831 1550; baseline -0.002 -17"><span class='ocrx_word' id='word_1_325' title='bbox 2262 1480 2327 1533; x_wconf 86' lang='lat' dir='ltr'><strong>ad</strong></span> <span class='ocrx_word' id='word_1_326' title='bbox 2355 1478 2597 1533; x_wconf 88' lang='lat' dir='ltr'><strong>tumbam</strong></span> <span class='ocrx_word' id='word_1_327' title='bbox 2633 1488 2971 1550; x_wconf 88' lang='lat' dir='ltr'><strong>prostratum</strong></span> <span class='ocrx_word' id='word_1_328' title='bbox 3016 1478 3199 1533; x_wconf 87' lang='lat' dir='ltr'><strong>videre</strong></span> <span class='ocrx_word' id='word_1_329' title='bbox 3227 1477 3517 1547; x_wconf 83' lang='lat' dir='ltr'><strong>cupientes</strong></span> <span class='ocrx_word' id='word_1_330' title='bbox 3540 1518 3557 1541; x_wconf 93' lang='lat'><strong>,</strong></span> <span class='ocrx_word' id='word_1_331' title='bbox 3594 1491 3831 1531; x_wconf 85' lang='lat' dir='ltr'><strong>accesse-</strong></span> 
     </span>
    </p>
   </div>
   <div class='ocr_carea' id='block_1_44' title="bbox 2264 1572 3829 1644">
    <p class='ocr_par' dir='ltr' id='par_1_44' title="bbox 2264 1572 3829 1644">
     <span class='ocr_line' id='line_1_44' title="bbox 2264 1572 3829 1644; baseline -0.001 -17"><span class='ocrx_word' id='word_1_332' title='bbox 2264 1581 2429 1638; x_wconf 91' lang='lat' dir='ltr'><strong>runt,</strong></span> <span class='ocrx_word' id='word_1_333' title='bbox 2500 1582 2554 1628; x_wconf 88' lang='lat' dir='ltr'><strong>et</strong></span> <span class='ocrx_word' id='word_1_334' title='bbox 2606 1586 2917 1630; x_wconf 88' lang='lat' dir='ltr'><strong>reverenter</strong></span> <span class='ocrx_word' id='word_1_335' title='bbox 2966 1582 3187 1629; x_wconf 85' lang='lat' dir='ltr'><strong>orantes</strong></span> <span class='ocrx_word' id='word_1_336' title='bbox 3240 1572 3551 1644; x_wconf 85' lang='lat' dir='ltr'><strong>tumulique</strong></span> <span class='ocrx_word' id='word_1_337' title='bbox 3611 1572 3829 1642; x_wconf 72' lang='lat' dir='ltr'><strong>lapidum</strong></span> 
     </span>
    </p>
   </div>
   <div class='ocr_carea' id='block_1_45' title="bbox 2261 1664 3832 1732">
    <p class='ocr_par' dir='ltr' id='par_1_45' title="bbox 2261 1664 3832 1732">
     <span class='ocr_line' id='line_1_45' title="bbox 2261 1664 3832 1732; baseline -0.001 -12"><span class='ocrx_word' id='word_1_338' title='bbox 2261 1665 2512 1731; x_wconf 85' lang='lat' dir='ltr'><strong>osculati,</strong></span> <span class='ocrx_word' id='word_1_339' title='bbox 2542 1664 2791 1722; x_wconf 56' lang='lat' dir='ltr'><strong>laetantes</strong></span> <span class='ocrx_word' id='word_1_340' title='bbox 2819 1666 3116 1721; x_wconf 76' lang='lat' dir='ltr'><strong>redierunt.</strong></span> <span class='ocrx_word' id='word_1_341' title='bbox 3154 1664 3247 1719; x_wconf 88' lang='lat' dir='ltr'><strong>llle</strong></span> <span class='ocrx_word' id='word_1_342' title='bbox 3279 1674 3486 1732; x_wconf 87' lang='lat' dir='ltr'><strong>autem,</strong></span> <span class='ocrx_word' id='word_1_343' title='bbox 3530 1673 3598 1720; x_wconf 87' lang='lat' dir='ltr'><strong>ut</strong></span> <span class='ocrx_word' id='word_1_344' title='bbox 3639 1664 3832 1718; x_wconf 75' lang='lat' dir='ltr'><strong>videret</strong></span> 
     </span>
    </p>
   </div>
   <div class='ocr_carea' id='block_1_46' title="bbox 2261 1755 3830 1827">
    <p class='ocr_par' dir='ltr' id='par_1_46' title="bbox 2261 1755 3830 1827">
     <span class='ocr_line' id='line_1_46' title="bbox 2261 1755 3830 1827; baseline 0 -18"><span class='ocrx_word' id='word_1_345' title='bbox 2261 1757 2430 1827; x_wconf 83' lang='lat' dir='ltr'><strong>(eum)</strong></span> <span class='ocrx_word' id='word_1_346' title='bbox 2453 1757 2548 1825; x_wconf 92' lang='lat' dir='ltr'><strong>qui</strong></span> <span class='ocrx_word' id='word_1_347' title='bbox 2573 1756 2833 1811; x_wconf 90' lang='lat' dir='ltr'><strong>liberatus</strong></span> <span class='ocrx_word' id='word_1_348' title='bbox 2861 1755 3060 1822; x_wconf 83' lang='lat' dir='ltr'><strong>fuerat,</strong></span> <span class='ocrx_word' id='word_1_349' title='bbox 3088 1756 3291 1826; x_wconf 86' lang='lat' dir='ltr'><strong>pariter</strong></span> <span class='ocrx_word' id='word_1_350' title='bbox 3323 1756 3522 1811; x_wconf 88' lang='lat' dir='ltr'><strong>volens</strong></span> <span class='ocrx_word' id='word_1_351' title='bbox 3560 1755 3830 1820; x_wconf 70' lang='lat' dir='ltr'><strong>accedere,</strong></span> 
     </span>
    </p>
   </div>
   <div class='ocr_carea' id='block_1_47' title="bbox 2261 1848 3831 1919">
    <p class='ocr_par' dir='ltr' id='par_1_47' title="bbox 2261 1848 3831 1919">
     <span class='ocr_line' id='line_1_47' title="bbox 2261 1848 3831 1919; baseline 0.001 -18"><span class='ocrx_word' id='word_1_352' title='bbox 2261 1862 2291 1901; x_wconf 89' lang='lat' dir='ltr'><strong>a</strong></span> <span class='ocrx_word' id='word_1_353' title='bbox 2347 1848 2595 1917; x_wconf 85' lang='lat' dir='ltr'><strong>sepulcro</strong></span> <span class='ocrx_word' id='word_1_354' title='bbox 2618 1889 2634 1915; x_wconf 91' lang='lat'><strong>,</strong></span> <span class='ocrx_word' id='word_1_355' title='bbox 2695 1856 2955 1918; x_wconf 85' lang='lat' dir='ltr'><strong>tanquam</strong></span> <span class='ocrx_word' id='word_1_356' title='bbox 3006 1848 3259 1919; x_wconf 72' lang='lat' dir='ltr'><strong>indignus</strong></span> <span class='ocrx_word' id='word_1_357' title='bbox 3321 1857 3377 1903; x_wconf 91' lang='lat' dir='ltr'><strong>et</strong></span> <span class='ocrx_word' id='word_1_358' title='bbox 3443 1848 3831 1919; x_wconf 76' lang='lat' dir='ltr'><strong>blasphemus,</strong></span> 
     </span>
    </p>
   </div>
   <div class='ocr_carea' id='block_1_48' title="bbox 2260 1937 3836 2010">
    <p class='ocr_par' dir='ltr' id='par_1_48' title="bbox 2260 1937 3836 2010">
     <span class='ocr_line' id='line_1_48' title="bbox 2260 1937 3836 2010; baseline 0.001 -18"><span class='ocrx_word' id='word_1_359' title='bbox 2260 1937 2474 1993; x_wconf 82' lang='lat' dir='ltr'><strong>duobus</strong></span> <span class='ocrx_word' id='word_1_360' title='bbox 2504 1937 2617 1993; x_wconf 90' lang='lat' dir='ltr'><strong>fere</strong></span> <span class='ocrx_word' id='word_1_361' title='bbox 2644 1938 2900 2009; x_wconf 86' lang='lat' dir='ltr'><strong>passibus</strong></span> <span class='ocrx_word' id='word_1_362' title='bbox 2926 1938 3245 2009; x_wconf 87' lang='lat' dir='ltr'><strong>prohibetur</strong></span> <span class='ocrx_word' id='word_1_363' title='bbox 3268 1980 3285 2006; x_wconf 91' lang='lat'><strong>,</strong></span> <span class='ocrx_word' id='word_1_364' title='bbox 3329 1939 3568 2009; x_wconf 84' lang='lat' dir='ltr'><strong>pedibus</strong></span> <span class='ocrx_word' id='word_1_365' title='bbox 3609 1940 3836 2010; x_wconf 73' lang='lat' dir='ltr'><strong>graviter</strong></span> 
     </span>
    </p>
   </div>
   <div class='ocr_carea' id='block_1_49' title="bbox 2260 2030 3832 2101">
    <p class='ocr_par' dir='ltr' id='par_1_49' title="bbox 2260 2030 3832 2101">
     <span class='ocr_line' id='line_1_49' title="bbox 2260 2030 3832 2101; baseline 0.001 -16"><span class='ocrx_word' id='word_1_366' title='bbox 2260 2038 2315 2085; x_wconf 88' lang='lat' dir='ltr'><strong>et</strong></span> <span class='ocrx_word' id='word_1_367' title='bbox 2342 2030 2565 2101; x_wconf 84' lang='lat' dir='ltr'><strong>pigriter</strong></span> <span class='ocrx_word' id='word_1_368' title='bbox 2592 2031 2942 2086; x_wconf 65' lang='lat' dir='ltr'><strong>haerentibus.</strong></span> <span class='ocrx_word' id='word_1_369' title='bbox 2970 2030 3070 2087; x_wconf 79' lang='lat' dir='ltr'><strong>Hic</strong></span> <span class='ocrx_word' id='word_1_370' title='bbox 3089 2045 3240 2098; x_wconf 89' lang='lat' dir='ltr'><strong>vero,</strong></span> <span class='ocrx_word' id='word_1_371' title='bbox 3265 2031 3497 2087; x_wconf 86' lang='lat' dir='ltr'><strong>credens</strong></span> <span class='ocrx_word' id='word_1_372' title='bbox 3536 2047 3706 2087; x_wconf 83' lang='lat' dir='ltr'><strong>crura</strong></span> <span class='ocrx_word' id='word_1_373' title='bbox 3746 2049 3832 2087; x_wconf 84' lang='lat' dir='ltr'><strong>sua</strong></span> 
     </span>
    </p>
   </div>
   <div class='ocr_carea' id='block_1_50' title="bbox 2262 2122 3833 2195">
    <p class='ocr_par' dir='ltr' id='par_1_50' title="bbox 2262 2122 3833 2195">
     <span class='ocr_line' id='line_1_50' title="bbox 2262 2122 3833 2195; baseline 0.003 -19"><span class='ocrx_word' id='word_1_374' title='bbox 2262 2122 2503 2179; x_wconf 85' lang='lat' dir='ltr'><strong>fasciolis</strong></span> <span class='ocrx_word' id='word_1_375' title='bbox 2529 2123 2746 2191; x_wconf 87' lang='lat' dir='ltr'><strong>stricta,</strong></span> <span class='ocrx_word' id='word_1_376' title='bbox 2771 2124 2976 2190; x_wconf 84' lang='lat' dir='ltr'><strong>exivit;</strong></span> <span class='ocrx_word' id='word_1_377' title='bbox 3008 2133 3063 2180; x_wconf 92' lang='lat' dir='ltr'><strong>et</strong></span> <span class='ocrx_word' id='word_1_378' title='bbox 3088 2125 3453 2195; x_wconf 69' lang='lat' dir='ltr'><strong>comperiens.</strong></span> <span class='ocrx_word' id='word_1_379' title='bbox 3473 2125 3529 2180; x_wconf 92' lang='lat' dir='ltr'><strong>id</strong></span> <span class='ocrx_word' id='word_1_380' title='bbox 3582 2126 3693 2180; x_wconf 86' lang='lat' dir='ltr'><strong>sibi</strong></span> <span class='ocrx_word' id='word_1_381' title='bbox 3735 2142 3833 2181; x_wconf 82' lang='lat' dir='ltr'><strong>non</strong></span> 
     </span>
    </p>
   </div>
   <div class='ocr_carea' id='block_1_51' title="bbox 2260 2215 3833 2284">
    <p class='ocr_par' dir='ltr' id='par_1_51' title="bbox 2260 2215 3833 2284">
     <span class='ocr_line' id='line_1_51' title="bbox 2260 2215 3833 2284; baseline 0.002 -14"><span class='ocrx_word' id='word_1_382' title='bbox 2260 2215 2530 2284; x_wconf 89' lang='lat' dir='ltr'><strong>obfuisse,</strong></span> <span class='ocrx_word' id='word_1_383' title='bbox 2562 2218 2757 2272; x_wconf 88' lang='lat' dir='ltr'><strong>iterum</strong></span> <span class='ocrx_word' id='word_1_384' title='bbox 2786 2218 3045 2284; x_wconf 89' lang='lat' dir='ltr'><strong>intravit,</strong></span> <span class='ocrx_word' id='word_1_385' title='bbox 3084 2218 3225 2273; x_wconf 90' lang='lat' dir='ltr'><strong>ultra</strong></span> <span class='ocrx_word' id='word_1_386' title='bbox 3257 2218 3514 2274; x_wconf 90' lang='lat' dir='ltr'><strong>eumdem</strong></span> <span class='ocrx_word' id='word_1_387' title='bbox 3544 2220 3833 2275; x_wconf 83' lang='lat' dir='ltr'><strong>terminum</strong></span> 
     </span>
    </p>
   </div>
   <div class='ocr_carea' id='block_1_52' title="bbox 2261 2308 3835 2379">
    <p class='ocr_par' dir='ltr' id='par_1_52' title="bbox 2261 2308 3835 2379">
     <span class='ocr_line' id='line_1_52' title="bbox 2261 2308 3835 2379; baseline 0.003 -18"><span class='ocrx_word' id='word_1_388' title='bbox 2261 2323 2371 2361; x_wconf 87' lang='lat' dir='ltr'><strong>non</strong></span> <span class='ocrx_word' id='word_1_389' title='bbox 2397 2308 2583 2364; x_wconf 78' lang='lat' dir='ltr'><strong>valens</strong></span> <span class='ocrx_word' id='word_1_390' title='bbox 2610 2323 2851 2379; x_wconf 84' lang='lat' dir='ltr'><strong>pergere.</strong></span> <span class='ocrx_word' id='word_1_391' title='bbox 2881 2308 3000 2379; x_wconf 89' lang='lat' dir='ltr'><strong>Ipse</strong></span> <span class='ocrx_word' id='word_1_392' title='bbox 3036 2317 3220 2364; x_wconf 85' lang='lat' dir='ltr'><strong>autem</strong></span> <span class='ocrx_word' id='word_1_393' title='bbox 3246 2351 3261 2377; x_wconf 92' lang='lat'><strong>,</strong></span> <span class='ocrx_word' id='word_1_394' title='bbox 3300 2308 3493 2365; x_wconf 88' lang='lat' dir='ltr'><strong>dolens</strong></span> <span class='ocrx_word' id='word_1_395' title='bbox 3532 2324 3662 2366; x_wconf 83' lang='lat' dir='ltr'><strong>sese</strong></span> <span class='ocrx_word' id='word_1_396' title='bbox 3684 2311 3835 2365; x_wconf 80' lang='lat' dir='ltr'><strong>toties</strong></span> 
     </span>
    </p>
   </div>
   <div class='ocr_carea' id='block_1_53' title="bbox 2260 2401 3836 2474">
    <p class='ocr_par' dir='ltr' id='par_1_53' title="bbox 2260 2401 3836 2474">
     <span class='ocr_line' id='line_1_53' title="bbox 2260 2401 3836 2474; baseline 0.001 -18"><span class='ocrx_word' id='word_1_397' title='bbox 2260 2417 2381 2457; x_wconf 89' lang='lat' dir='ltr'><strong>esse</strong></span> <span class='ocrx_word' id='word_1_398' title='bbox 2404 2401 2681 2473; x_wconf 88' lang='lat' dir='ltr'><strong>repulsum</strong></span> <span class='ocrx_word' id='word_1_399' title='bbox 2696 2444 2711 2468; x_wconf 92' lang='lat'><strong>,</strong></span> <span class='ocrx_word' id='word_1_400' title='bbox 2738 2417 2992 2474; x_wconf 84' lang='lat' dir='ltr'><strong>egressus</strong></span> <span class='ocrx_word' id='word_1_401' title='bbox 3018 2410 3104 2458; x_wconf 89' lang='lat' dir='ltr'><strong>est</strong></span> <span class='ocrx_word' id='word_1_402' title='bbox 3127 2417 3254 2457; x_wconf 90' lang='lat' dir='ltr'><strong>cum</strong></span> <span class='ocrx_word' id='word_1_403' title='bbox 3278 2403 3518 2474; x_wconf 75' lang='lat' dir='ltr'><strong>pudore,</strong></span> <span class='ocrx_word' id='word_1_404' title='bbox 3558 2403 3836 2458; x_wconf 86' lang='lat' dir='ltr'><strong>admirans</strong></span> 
     </span>
    </p>
   </div>
   <div class='ocr_carea' id='block_1_54' title="bbox 2260 2493 3835 2566">
    <p class='ocr_par' dir='ltr' id='par_1_54' title="bbox 2260 2493 3835 2566">
     <span class='ocr_line' id='line_1_54' title="bbox 2260 2493 3835 2566; baseline 0.001 -17"><span class='ocrx_word' id='word_1_405' title='bbox 2260 2502 2315 2549; x_wconf 88' lang='lat' dir='ltr'><strong>et</strong></span> <span class='ocrx_word' id='word_1_406' title='bbox 2356 2503 2579 2564; x_wconf 87' lang='lat' dir='ltr'><strong>stupens</strong></span> <span class='ocrx_word' id='word_1_407' title='bbox 2624 2495 2978 2565; x_wconf 87' lang='lat' dir='ltr'><strong>quamobrem</strong></span> <span class='ocrx_word' id='word_1_408' title='bbox 3028 2495 3081 2550; x_wconf 91' lang='lat' dir='ltr'><strong>id</strong></span> <span class='ocrx_word' id='word_1_409' title='bbox 3130 2493 3234 2548; x_wconf 85' lang='lat' dir='ltr'><strong>sibi</strong></span> <span class='ocrx_word' id='word_1_410' title='bbox 3279 2496 3587 2566; x_wconf 86' lang='lat' dir='ltr'><strong>contigerit.</strong></span> <span class='ocrx_word' id='word_1_411' title='bbox 3631 2494 3835 2550; x_wconf 84' lang='lat' dir='ltr'><strong>Interea</strong></span> 
     </span>
    </p>
   </div>
   <div class='ocr_carea' id='block_1_55' title="bbox 2261 2588 3836 2661">
    <p class='ocr_par' dir='ltr' id='par_1_55' title="bbox 2261 2588 3836 2661">
     <span class='ocr_line' id='line_1_55' title="bbox 2261 2588 3836 2661; baseline -0.001 -17"><span class='ocrx_word' id='word_1_412' title='bbox 2261 2604 2438 2645; x_wconf 82' lang='lat' dir='ltr'><strong>caecus</strong></span> <span class='ocrx_word' id='word_1_413' title='bbox 2468 2588 2688 2659; x_wconf 89' lang='lat' dir='ltr'><strong>quidam</strong></span> <span class='ocrx_word' id='word_1_414' title='bbox 2720 2589 3056 2644; x_wconf 75' lang='lat' dir='ltr'><strong>illuminatus</strong></span> <span class='ocrx_word' id='word_1_415' title='bbox 3083 2597 3185 2644; x_wconf 91' lang='lat' dir='ltr'><strong>est.</strong></span> <span class='ocrx_word' id='word_1_416' title='bbox 3217 2588 3489 2659; x_wconf 75' lang='lat' dir='ltr'><strong>Cognovit</strong></span> <span class='ocrx_word' id='word_1_417' title='bbox 3520 2604 3653 2661; x_wconf 83' lang='lat' dir='ltr'><strong>ergo</strong></span> <span class='ocrx_word' id='word_1_418' title='bbox 3680 2605 3836 2643; x_wconf 87' lang='lat' dir='ltr'><strong>suam</strong></span> 
     </span>
    </p>
   </div>
   <div class='ocr_carea' id='block_1_56' title="bbox 2261 2678 3838 2749">
    <p class='ocr_par' dir='ltr' id='par_1_56' title="bbox 2261 2678 3838 2749">
     <span class='ocr_line' id='line_1_56' title="bbox 2261 2678 3838 2749; baseline -0.001 -15"><span class='ocrx_word' id='word_1_419' title='bbox 2261 2678 2565 2746; x_wconf 89' lang='lat' dir='ltr'><strong>stultitiam,</strong></span> <span class='ocrx_word' id='word_1_420' title='bbox 2595 2686 2649 2733; x_wconf 88' lang='lat' dir='ltr'><strong>et</strong></span> <span class='ocrx_word' id='word_1_421' title='bbox 2675 2678 2946 2733; x_wconf 86' lang='lat' dir='ltr'><strong>maledicti</strong></span> <span class='ocrx_word' id='word_1_422' title='bbox 2970 2678 3238 2749; x_wconf 71' lang='lat' dir='ltr'><strong>paenitens</strong></span> <span class='ocrx_word' id='word_1_423' title='bbox 3261 2678 3408 2734; x_wconf 86' lang='lat' dir='ltr'><strong>flevit</strong></span> <span class='ocrx_word' id='word_1_424' title='bbox 3432 2694 3632 2734; x_wconf 89' lang='lat' dir='ltr'><strong>amare.</strong></span> <span class='ocrx_word' id='word_1_425' title='bbox 3669 2678 3838 2733; x_wconf 83' lang='lat' dir='ltr'><strong>Deni-</strong></span> 
     </span>
    </p>
   </div>
   <div class='ocr_carea' id='block_1_57' title="bbox 2261 2769 3837 2842">
    <p class='ocr_par' dir='ltr' id='par_1_57' title="bbox 2261 2769 3837 2842">
     <span class='ocr_line' id='line_1_57' title="bbox 2261 2769 3837 2842; baseline -0.001 -16"><span class='ocrx_word' id='word_1_426' title='bbox 2261 2786 2368 2840; x_wconf 91' lang='lat' dir='ltr'><strong>que</strong></span> <span class='ocrx_word' id='word_1_427' title='bbox 2398 2785 2521 2826; x_wconf 91' lang='lat' dir='ltr'><strong>cum</strong></span> <span class='ocrx_word' id='word_1_428' title='bbox 2564 2770 2841 2826; x_wconf 89' lang='lat' dir='ltr'><strong>canonicis</strong></span> <span class='ocrx_word' id='word_1_429' title='bbox 2865 2786 2964 2842; x_wconf 92' lang='lat' dir='ltr'><strong>pro</strong></span> <span class='ocrx_word' id='word_1_430' title='bbox 2994 2770 3233 2826; x_wconf 90' lang='lat' dir='ltr'><strong>ferendis</strong></span> <span class='ocrx_word' id='word_1_431' title='bbox 3267 2771 3519 2826; x_wconf 90' lang='lat' dir='ltr'><strong>laudibus</strong></span> <span class='ocrx_word' id='word_1_432' title='bbox 3557 2787 3589 2825; x_wconf 92' lang='lat' dir='ltr'><strong>a</strong></span> <span class='ocrx_word' id='word_1_433' title='bbox 3630 2769 3695 2825; x_wconf 88' lang='lat' dir='ltr'><strong>S.</strong></span> <span class='ocrx_word' id='word_1_434' title='bbox 3722 2771 3837 2824; x_wconf 69' lang='lat' dir='ltr'><strong>An-</strong></span> 
     </span>
    </p>
   </div>
   <div class='ocr_carea' id='block_1_58' title="bbox 2261 2863 3839 2936">
    <p class='ocr_par' dir='ltr' id='par_1_58' title="bbox 2261 2863 3839 2936">
     <span class='ocr_line' id='line_1_58' title="bbox 2261 2863 3839 2936; baseline 0 -17"><span class='ocrx_word' id='word_1_435' title='bbox 2261 2863 2392 2919; x_wconf 87' lang='lat' dir='ltr'><strong>drea</strong></span> <span class='ocrx_word' id='word_1_436' title='bbox 2415 2864 2654 2932; x_wconf 90' lang='lat' dir='ltr'><strong>rediens,</strong></span> <span class='ocrx_word' id='word_1_437' title='bbox 2686 2863 2871 2920; x_wconf 90' lang='lat' dir='ltr'><strong>multis</strong></span> <span class='ocrx_word' id='word_1_438' title='bbox 2901 2873 3025 2920; x_wconf 85' lang='lat' dir='ltr'><strong>ante</strong></span> <span class='ocrx_word' id='word_1_439' title='bbox 3042 2865 3269 2935; x_wconf 87' lang='lat' dir='ltr'><strong>januam</strong></span> <span class='ocrx_word' id='word_1_440' title='bbox 3310 2863 3367 2919; x_wconf 88' lang='lat' dir='ltr'><strong>S.</strong></span> <span class='ocrx_word' id='word_1_441' title='bbox 3413 2864 3560 2920; x_wconf 89' lang='lat' dir='ltr'><strong>Petri</strong></span> <span class='ocrx_word' id='word_1_442' title='bbox 3598 2863 3839 2936; x_wconf 82' lang='lat' dir='ltr'><strong>profusis</strong></span> 
     </span>
    </p>
   </div>
   <div class='ocr_carea' id='block_1_59' title="bbox 2260 2957 3836 3030">
    <p class='ocr_par' dir='ltr' id='par_1_59' title="bbox 2260 2957 3836 3030">
     <span class='ocr_line' id='line_1_59' title="bbox 2260 2957 3836 3030; baseline -0.001 -17"><span class='ocrx_word' id='word_1_443' title='bbox 2260 2957 2517 3030; x_wconf 83' lang='lat' dir='ltr'><strong>lacrymis</strong></span> <span class='ocrx_word' id='word_1_444' title='bbox 2540 3000 2555 3025; x_wconf 93' lang='lat'><strong>,</strong></span> <span class='ocrx_word' id='word_1_445' title='bbox 2583 2959 2651 3013; x_wconf 88' lang='lat' dir='ltr'><strong>ad</strong></span> <span class='ocrx_word' id='word_1_446' title='bbox 2680 2959 2948 3013; x_wconf 90' lang='lat' dir='ltr'><strong>tumulum</strong></span> <span class='ocrx_word' id='word_1_447' title='bbox 2976 2957 3156 3014; x_wconf 90' lang='lat' dir='ltr'><strong>Patris</strong></span> <span class='ocrx_word' id='word_1_448' title='bbox 3185 2958 3356 3014; x_wconf 86' lang='lat' dir='ltr'><strong>nostri</strong></span> <span class='ocrx_word' id='word_1_449' title='bbox 3380 3000 3396 3023; x_wconf 94' lang='lat'><strong>,</strong></span> <span class='ocrx_word' id='word_1_450' title='bbox 3442 2959 3588 3013; x_wconf 89' lang='lat' dir='ltr'><strong>sicut</strong></span> <span class='ocrx_word' id='word_1_451' title='bbox 3619 2957 3801 3012; x_wconf 54' lang='lat' dir='ltr'><strong>interi</strong></span> <span class='ocrx_word' id='word_1_452' title='bbox 3820 2999 3836 3022; x_wconf 94' lang='lat'><strong>,</strong></span> 
     </span>
    </p>
   </div>
   <div class='ocr_carea' id='block_1_60' title="bbox 586 3049 3836 3145">
    <p class='ocr_par' dir='ltr' id='par_1_60' title="bbox 586 3049 3836 3145">
     <span class='ocr_line' id='line_1_60' title="bbox 586 3049 3836 3145; baseline -0.003 -16"><span class='ocrx_word' id='word_1_453' title='bbox 586 3075 760 3145; x_wconf 86' lang='lat' dir='ltr'><strong>gratia</strong></span> <span class='ocrx_word' id='word_1_454' title='bbox 792 3073 919 3141; x_wconf 88' lang='lat' dir='ltr'><strong>Dei,</strong></span> <span class='ocrx_word' id='word_1_455' title='bbox 952 3088 1101 3129; x_wconf 89' lang='lat' dir='ltr'><strong>nunc</strong></span> <span class='ocrx_word' id='word_1_456' title='bbox 1133 3072 1335 3128; x_wconf 85' lang='lat' dir='ltr'><strong>clarius</strong></span> <span class='ocrx_word' id='word_1_457' title='bbox 1368 3072 1540 3138; x_wconf 86' lang='lat' dir='ltr'><strong>videt,</strong></span> <span class='ocrx_word' id='word_1_458' title='bbox 1576 3070 1719 3127; x_wconf 90' lang='lat' dir='ltr'><strong>unde</strong></span> <span class='ocrx_word' id='word_1_459' title='bbox 1752 3069 2033 3142; x_wconf 88' lang='lat' dir='ltr'><strong>paululum</strong></span> <span class='ocrx_word' id='word_1_460' title='bbox 2076 3068 2161 3122; x_wconf 90' lang='lat' dir='ltr'><strong>vi-</strong></span> <span class='ocrx_word' id='word_1_461' title='bbox 2189 3065 2230 3123; x_wconf 90' lang='lat' dir='ltr'><strong>C</strong></span> <span class='ocrx_word' id='word_1_462' title='bbox 2264 3051 2462 3107; x_wconf 70' lang='grc' dir='ltr'><strong>ωετυίῐ</strong></span> <span class='ocrx_word' id='word_1_463' title='bbox 2512 3051 2770 3107; x_wconf 65' lang='lat' dir='ltr'><strong>accedere</strong></span> <span class='ocrx_word' id='word_1_464' title='bbox 2845 3049 3000 3145; x_wconf 54' lang='lat' dir='ltr'><strong>090d</strong></span> <span class='ocrx_word' id='word_1_465' title='bbox 3049 3066 3116 3145; x_wconf 66' lang='grc' dir='ltr'><strong>ηε</strong></span> <span class='ocrx_word' id='word_1_466' title='bbox 3157 3051 3290 3106; x_wconf 72' lang='grc' dir='ltr'><strong>εοοίί</strong></span> <span class='ocrx_word' id='word_1_467' title='bbox 3340 3051 3409 3105; x_wconf 69' lang='lat' dir='ltr'><strong>ad</strong></span> <span class='ocrx_word' id='word_1_468' title='bbox 3451 3050 3836 3145; x_wconf 52' lang='lat' dir='ltr'><strong>coliluulflim</strong></span> 
     </span>
    </p>
   </div>
   <div class='ocr_carea' id='block_1_61' title="bbox 585 3167 752 3224">
    <p class='ocr_par' dir='ltr' id='par_1_61' title="bbox 585 3167 752 3224">
     <span class='ocr_line' id='line_1_61' title="bbox 585 3167 752 3224; baseline -0.012 1"><span class='ocrx_word' id='word_1_469' title='bbox 585 3167 752 3224; x_wconf 85' lang='lat' dir='ltr'><strong>debat</strong></span> 
     </span>
    </p>
   </div>
   <div class='ocr_carea' id='block_1_62' title="bbox 656 3256 2161 3333">
    <p class='ocr_par' dir='ltr' id='par_1_62' title="bbox 656 3256 2161 3333">
     <span class='ocr_line' id='line_1_62' title="bbox 656 3256 2161 3333; baseline -0.004 -16"><span class='ocrx_word' id='word_1_470' title='bbox 656 3260 915 3329; x_wconf 66' lang='lat' dir='ltr'><strong>Quaenam</strong></span> <span class='ocrx_word' id='word_1_471' title='bbox 941 3260 1108 3333; x_wconf 80' lang='lat' dir='ltr'><strong>igitur</strong></span> <span class='ocrx_word' id='word_1_472' title='bbox 1129 3259 1327 3315; x_wconf 90' lang='lat' dir='ltr'><strong>mulier</strong></span> <span class='ocrx_word' id='word_1_473' title='bbox 1350 3258 1417 3315; x_wconf 90' lang='lat' dir='ltr'><strong>de</strong></span> <span class='ocrx_word' id='word_1_474' title='bbox 1441 3259 1755 3329; x_wconf 88' lang='lat' dir='ltr'><strong>episcopatu</strong></span> <span class='ocrx_word' id='word_1_475' title='bbox 1782 3256 2161 3321; x_wconf 88' lang='lat' dir='ltr'><strong>Cremonensi,</strong></span> 
     </span>
    </p>
   </div>
   <div class='ocr_carea' id='block_1_63' title="bbox 585 3348 2163 3421">
    <p class='ocr_par' dir='ltr' id='par_1_63' title="bbox 585 3348 2163 3421">
     <span class='ocr_line' id='line_1_63' title="bbox 585 3348 2163 3421; baseline -0.004 -12"><span class='ocrx_word' id='word_1_476' title='bbox 585 3353 656 3409; x_wconf 88' lang='lat' dir='ltr'><strong>de</strong></span> <span class='ocrx_word' id='word_1_477' title='bbox 684 3361 898 3419; x_wconf 91' lang='lat' dir='ltr'><strong>castro,</strong></span> <span class='ocrx_word' id='word_1_478' title='bbox 929 3352 1153 3407; x_wconf 90' lang='lat' dir='ltr'><strong>nomine</strong></span> <span class='ocrx_word' id='word_1_479' title='bbox 1187 3350 1440 3421; x_wconf 86' lang='lat' dir='ltr'><strong>Bcnengo</strong></span> <span class='ocrx_word' id='word_1_480' title='bbox 1464 3392 1480 3415; x_wconf 91' lang='lat'><strong>,</strong></span> <span class='ocrx_word' id='word_1_481' title='bbox 1525 3350 1672 3421; x_wconf 90' lang='lat' dir='ltr'><strong>quod</strong></span> <span class='ocrx_word' id='word_1_482' title='bbox 1700 3359 1785 3404; x_wconf 89' lang='lat' dir='ltr'><strong>est</strong></span> <span class='ocrx_word' id='word_1_483' title='bbox 1817 3349 1983 3404; x_wconf 90' lang='lat' dir='ltr'><strong>situm</strong></span> <span class='ocrx_word' id='word_1_484' title='bbox 2007 3348 2163 3418; x_wconf 82' lang='lat' dir='ltr'><strong>juxta</strong></span> 
     </span>
    </p>
   </div>
   <div class='ocr_carea' id='block_1_64' title="bbox 586 3442 2166 3515">
    <p class='ocr_par' dir='ltr' id='par_1_64' title="bbox 586 3442 2166 3515">
     <span class='ocr_line' id='line_1_64' title="bbox 586 3442 2166 3515; baseline -0.003 -15"><span class='ocrx_word' id='word_1_485' title='bbox 586 3445 905 3501; x_wconf 83' lang='lat' dir='ltr'><strong>Jovisaltam</strong></span> <span class='ocrx_word' id='word_1_486' title='bbox 932 3486 946 3508; x_wconf 95' lang='lat'><strong>,</strong></span> <span class='ocrx_word' id='word_1_487' title='bbox 999 3443 1231 3499; x_wconf 87' lang='lat' dir='ltr'><strong>habebat</strong></span> <span class='ocrx_word' id='word_1_488' title='bbox 1282 3458 1513 3515; x_wconf 90' lang='lat' dir='ltr'><strong>puerum</strong></span> <span class='ocrx_word' id='word_1_489' title='bbox 1563 3442 1847 3498; x_wconf 89' lang='lat' dir='ltr'><strong>duodecim</strong></span> <span class='ocrx_word' id='word_1_490' title='bbox 1894 3454 2166 3497; x_wconf 86' lang='lat' dir='ltr'><strong>annorum</strong></span> 
     </span>
    </p>
   </div>
   <div class='ocr_carea' id='block_1_65' title="bbox 588 3533 2167 3604">
    <p class='ocr_par' dir='ltr' id='par_1_65' title="bbox 588 3533 2167 3604">
     <span class='ocr_line' id='line_1_65' title="bbox 588 3533 2167 3604; baseline -0.002 -15"><span class='ocrx_word' id='word_1_491' title='bbox 588 3534 683 3604; x_wconf 84' lang='lat' dir='ltr'><strong>qui</strong></span> <span class='ocrx_word' id='word_1_492' title='bbox 708 3535 950 3590; x_wconf 88' lang='lat' dir='ltr'><strong>nondum</strong></span> <span class='ocrx_word' id='word_1_493' title='bbox 973 3551 1003 3588; x_wconf 91' lang='lat' dir='ltr'><strong>a</strong></span> <span class='ocrx_word' id='word_1_494' title='bbox 1028 3534 1219 3589; x_wconf 86' lang='lat' dir='ltr'><strong>diebus</strong></span> <span class='ocrx_word' id='word_1_495' title='bbox 1243 3533 1546 3590; x_wconf 87' lang='lat' dir='ltr'><strong>nativitatis</strong></span> <span class='ocrx_word' id='word_1_496' title='bbox 1575 3549 1709 3599; x_wconf 67' lang='lat' dir='ltr'><strong>suae,</strong></span> <span class='ocrx_word' id='word_1_497' title='bbox 1740 3533 1925 3588; x_wconf 88' lang='lat' dir='ltr'><strong>nervis</strong></span> <span class='ocrx_word' id='word_1_498' title='bbox 1948 3540 2167 3588; x_wconf 88' lang='lat' dir='ltr'><strong>contra-</strong></span> 
     </span>
    </p>
   </div>
   <div class='ocr_carea' id='block_1_66' title="bbox 588 3621 2167 3694">
    <p class='ocr_par' dir='ltr' id='par_1_66' title="bbox 588 3621 2167 3694">
     <span class='ocr_line' id='line_1_66' title="bbox 588 3621 2167 3694; baseline -0.001 -16"><span class='ocrx_word' id='word_1_499' title='bbox 588 3623 695 3680; x_wconf 87' lang='lat' dir='ltr'><strong>ctis</strong></span> <span class='ocrx_word' id='word_1_500' title='bbox 720 3665 736 3689; x_wconf 92' lang='lat'><strong>,</strong></span> <span class='ocrx_word' id='word_1_501' title='bbox 786 3631 1014 3678; x_wconf 89' lang='lat' dir='ltr'><strong>noverat</strong></span> <span class='ocrx_word' id='word_1_502' title='bbox 1064 3638 1333 3692; x_wconf 85' lang='lat' dir='ltr'><strong>gressum.</strong></span> <span class='ocrx_word' id='word_1_503' title='bbox 1386 3621 1561 3693; x_wconf 79' lang='lat' dir='ltr'><strong>Hujus</strong></span> <span class='ocrx_word' id='word_1_504' title='bbox 1600 3638 1731 3694; x_wconf 88' lang='lat' dir='ltr'><strong>ergo</strong></span> <span class='ocrx_word' id='word_1_505' title='bbox 1766 3623 1959 3678; x_wconf 90' lang='lat' dir='ltr'><strong>salutis</strong></span> <span class='ocrx_word' id='word_1_506' title='bbox 1993 3631 2167 3678; x_wconf 87' lang='lat' dir='ltr'><strong>mater</strong></span> 
     </span>
    </p>
   </div>
   <div class='ocr_carea' id='block_1_67' title="bbox 591 3711 2166 3785">
    <p class='ocr_par' dir='ltr' id='par_1_67' title="bbox 591 3711 2166 3785">
     <span class='ocr_line' id='line_1_67' title="bbox 591 3711 2166 3785; baseline -0.001 -16"><span class='ocrx_word' id='word_1_507' title='bbox 591 3713 786 3785; x_wconf 89' lang='lat' dir='ltr'><strong>cupida</strong></span> <span class='ocrx_word' id='word_1_508' title='bbox 813 3755 828 3780; x_wconf 94' lang='lat'><strong>,</strong></span> <span class='ocrx_word' id='word_1_509' title='bbox 864 3713 1152 3769; x_wconf 89' lang='lat' dir='ltr'><strong>devotione</strong></span> <span class='ocrx_word' id='word_1_510' title='bbox 1188 3713 1375 3782; x_wconf 90' lang='lat' dir='ltr'><strong>plena,</strong></span> <span class='ocrx_word' id='word_1_511' title='bbox 1409 3712 1513 3768; x_wconf 83' lang='lat' dir='ltr'><strong>fide</strong></span> <span class='ocrx_word' id='word_1_512' title='bbox 1540 3711 1797 3783; x_wconf 87' lang='lat' dir='ltr'><strong>perfecta,</strong></span> <span class='ocrx_word' id='word_1_513' title='bbox 1832 3729 1956 3768; x_wconf 91' lang='lat' dir='ltr'><strong>eum</strong></span> <span class='ocrx_word' id='word_1_514' title='bbox 1994 3728 2055 3769; x_wconf 91' lang='lat' dir='ltr'><strong>se</strong></span> <span class='ocrx_word' id='word_1_515' title='bbox 2086 3713 2166 3768; x_wconf 92' lang='lat' dir='ltr'><strong>la-</strong></span> 
     </span>
    </p>
   </div>
   <div class='ocr_carea' id='block_1_68' title="bbox 589 3803 2167 3875">
    <p class='ocr_par' dir='ltr' id='par_1_68' title="bbox 589 3803 2167 3875">
     <span class='ocr_line' id='line_1_68' title="bbox 589 3803 2167 3875; baseline -0.001 -14"><span class='ocrx_word' id='word_1_516' title='bbox 589 3814 769 3861; x_wconf 88' lang='lat' dir='ltr'><strong>turam</strong></span> <span class='ocrx_word' id='word_1_517' title='bbox 805 3804 873 3861; x_wconf 91' lang='lat' dir='ltr'><strong>ad</strong></span> <span class='ocrx_word' id='word_1_518' title='bbox 902 3805 1270 3859; x_wconf 90' lang='lat' dir='ltr'><strong>venerandum</strong></span> <span class='ocrx_word' id='word_1_519' title='bbox 1294 3804 1460 3871; x_wconf 89' lang='lat' dir='ltr'><strong>vovit,</strong></span> <span class='ocrx_word' id='word_1_520' title='bbox 1486 3803 1860 3875; x_wconf 90' lang='lat' dir='ltr'><strong>deferensque,</strong></span> <span class='ocrx_word' id='word_1_521' title='bbox 1881 3804 1995 3875; x_wconf 90' lang='lat' dir='ltr'><strong>jam</strong></span> <span class='ocrx_word' id='word_1_522' title='bbox 2022 3804 2167 3861; x_wconf 86' lang='lat' dir='ltr'><strong>fessa</strong></span> 
     </span>
    </p>
   </div>
   <div class='ocr_carea' id='block_1_69' title="bbox 592 3892 2163 3964">
    <p class='ocr_par' dir='ltr' id='par_1_69' title="bbox 592 3892 2163 3964">
     <span class='ocr_line' id='line_1_69' title="bbox 592 3892 2163 3964; baseline 0.001 -17"><span class='ocrx_word' id='word_1_523' title='bbox 592 3902 813 3964; x_wconf 87' lang='lat' dir='ltr'><strong>propter</strong></span> <span class='ocrx_word' id='word_1_524' title='bbox 852 3908 1012 3960; x_wconf 91' lang='lat' dir='ltr'><strong>onus,</strong></span> <span class='ocrx_word' id='word_1_525' title='bbox 1041 3907 1167 3948; x_wconf 92' lang='lat' dir='ltr'><strong>cum</strong></span> <span class='ocrx_word' id='word_1_526' title='bbox 1195 3893 1474 3948; x_wconf 87' lang='lat' dir='ltr'><strong>accederet</strong></span> <span class='ocrx_word' id='word_1_527' title='bbox 1507 3892 1575 3947; x_wconf 87' lang='lat' dir='ltr'><strong>ad</strong></span> <span class='ocrx_word' id='word_1_528' title='bbox 1606 3893 1886 3948; x_wconf 87' lang='lat' dir='ltr'><strong>marcham</strong></span> <span class='ocrx_word' id='word_1_529' title='bbox 1917 3893 2121 3964; x_wconf 84' lang='lat' dir='ltr'><strong>regiam</strong></span> <span class='ocrx_word' id='word_1_530' title='bbox 2148 3936 2163 3960; x_wconf 95' lang='lat'><strong>,</strong></span> 
     </span>
    </p>
   </div>
   <div class='ocr_carea' id='block_1_70' title="bbox 592 3981 2168 4055">
    <p class='ocr_par' dir='ltr' id='par_1_70' title="bbox 592 3981 2168 4055">
     <span class='ocr_line' id='line_1_70' title="bbox 592 3981 2168 4055; baseline 0.002 -18"><span class='ocrx_word' id='word_1_531' title='bbox 592 3982 884 4054; x_wconf 87' lang='lat' dir='ltr'><strong>deposuit;</strong></span> <span class='ocrx_word' id='word_1_532' title='bbox 919 3982 1079 4051; x_wconf 91' lang='lat' dir='ltr'><strong>cujus</strong></span> <span class='ocrx_word' id='word_1_533' title='bbox 1114 3981 1219 4037; x_wconf 81' lang='lat' dir='ltr'><strong>ﬁde</strong></span> <span class='ocrx_word' id='word_1_534' title='bbox 1251 3990 1305 4038; x_wconf 90' lang='lat' dir='ltr'><strong>et</strong></span> <span class='ocrx_word' id='word_1_535' title='bbox 1337 3982 1656 4051; x_wconf 87' lang='lat' dir='ltr'><strong>devotione,</strong></span> <span class='ocrx_word' id='word_1_536' title='bbox 1689 3999 1796 4055; x_wconf 88' lang='lat' dir='ltr'><strong>qua</strong></span> <span class='ocrx_word' id='word_1_537' title='bbox 1828 3999 2042 4055; x_wconf 90' lang='lat' dir='ltr'><strong>semper</strong></span> <span class='ocrx_word' id='word_1_538' title='bbox 2074 4000 2168 4040; x_wconf 86' lang='lat' dir='ltr'><strong>ca-</strong></span> 
     </span>
    </p>
   </div>
   <div class='ocr_carea' id='block_1_71' title="bbox 566 4073 1464 4143">
    <p class='ocr_par' dir='ltr' id='par_1_71' title="bbox 566 4073 1464 4143">
     <span class='ocr_line' id='line_1_71' title="bbox 566 4073 1464 4143; baseline 0 -14"><span class='ocrx_word' id='word_1_539' title='bbox 566 4076 571 4079; x_wconf 84' lang='grc'><em>’</em></span> <span class='ocrx_word' id='word_1_540' title='bbox 595 4085 799 4143; x_wconf 87' lang='lat' dir='ltr'><strong>ruerat,</strong></span> <span class='ocrx_word' id='word_1_541' title='bbox 830 4074 1061 4131; x_wconf 81' lang='lat' dir='ltr'><strong>salutem</strong></span> <span class='ocrx_word' id='word_1_542' title='bbox 1085 4089 1212 4129; x_wconf 86' lang='lat' dir='ltr'><strong>mox</strong></span> <span class='ocrx_word' id='word_1_543' title='bbox 1242 4073 1464 4130; x_wconf 89' lang='lat' dir='ltr'><strong>invenit.</strong></span> 
     </span>
    </p>
   </div>
   <div class='ocr_carea' id='block_1_72' title="bbox 664 4163 2168 4235">
    <p class='ocr_par' dir='ltr' id='par_1_72' title="bbox 664 4163 2168 4235">
     <span class='ocr_line' id='line_1_72' title="bbox 664 4163 2168 4235; baseline 0.001 -17"><span class='ocrx_word' id='word_1_544' title='bbox 664 4164 927 4221; x_wconf 74' lang='lat' dir='ltr'><strong>Praeterea</strong></span> <span class='ocrx_word' id='word_1_545' title='bbox 956 4165 1205 4235; x_wconf 62' lang='lat' dir='ltr'><strong>quaedam</strong></span> <span class='ocrx_word' id='word_1_546' title='bbox 1230 4164 1426 4220; x_wconf 90' lang='lat' dir='ltr'><strong>mulier</strong></span> <span class='ocrx_word' id='word_1_547' title='bbox 1448 4164 1514 4221; x_wconf 91' lang='lat' dir='ltr'><strong>de</strong></span> <span class='ocrx_word' id='word_1_548' title='bbox 1536 4163 1814 4222; x_wconf 87' lang='lat' dir='ltr'><strong>Wartalda</strong></span> <span class='ocrx_word' id='word_1_549' title='bbox 1856 4167 1911 4222; x_wconf 91' lang='lat' dir='ltr'><strong>in</strong></span> <span class='ocrx_word' id='word_1_550' title='bbox 1958 4166 2168 4223; x_wconf 88' lang='lat' dir='ltr'><strong>somnis</strong></span> 
     </span>
    </p>
   </div>
   <div class='ocr_carea' id='block_1_73' title="bbox 584 4254 2167 4329">
    <p class='ocr_par' dir='ltr' id='par_1_73' title="bbox 584 4254 2167 4329">
     <span class='ocr_line' id='line_1_73' title="bbox 584 4254 2167 4329; baseline 0.002 -19"><span class='ocrx_word' id='word_1_551' title='bbox 584 4254 934 4327; x_wconf 65' lang='lat' dir='ltr'><strong>&#39;priemonita,</strong></span> <span class='ocrx_word' id='word_1_552' title='bbox 960 4254 1271 4310; x_wconf 87' lang='lat' dir='ltr'><strong>revelationi</strong></span> <span class='ocrx_word' id='word_1_553' title='bbox 1301 4256 1520 4311; x_wconf 88' lang='lat' dir='ltr'><strong>credula</strong></span> <span class='ocrx_word' id='word_1_554' title='bbox 1546 4298 1562 4323; x_wconf 94' lang='lat'><strong>,</strong></span> <span class='ocrx_word' id='word_1_555' title='bbox 1583 4257 1731 4312; x_wconf 89' lang='lat' dir='ltr'><strong>venit</strong></span> <span class='ocrx_word' id='word_1_556' title='bbox 1760 4259 1829 4314; x_wconf 91' lang='lat' dir='ltr'><strong>ad</strong></span> <span class='ocrx_word' id='word_1_557' title='bbox 1866 4258 2167 4329; x_wconf 86' lang='lat' dir='ltr'><strong>imploran-</strong></span> 
     </span>
    </p>
   </div>
   <div class='ocr_carea' id='block_1_74' title="bbox 594 4342 2168 4418">
    <p class='ocr_par' dir='ltr' id='par_1_74' title="bbox 594 4342 2168 4418">
     <span class='ocr_line' id='line_1_74' title="bbox 594 4342 2168 4418; baseline 0.001 -18"><span class='ocrx_word' id='word_1_558' title='bbox 594 4346 727 4400; x_wconf 91' lang='lat' dir='ltr'><strong>dum</strong></span> <span class='ocrx_word' id='word_1_559' title='bbox 754 4342 811 4400; x_wconf 90' lang='lat' dir='ltr'><strong>S.</strong></span> <span class='ocrx_word' id='word_1_560' title='bbox 838 4343 1016 4401; x_wconf 86' lang='lat' dir='ltr'><strong>Patris</strong></span> <span class='ocrx_word' id='word_1_561' title='bbox 1045 4343 1218 4401; x_wconf 89' lang='lat' dir='ltr'><strong>nostri</strong></span> <span class='ocrx_word' id='word_1_562' title='bbox 1241 4345 1477 4401; x_wconf 89' lang='lat' dir='ltr'><strong>salutare</strong></span> <span class='ocrx_word' id='word_1_563' title='bbox 1503 4346 1839 4418; x_wconf 76' lang='lat' dir='ltr'><strong>suffragium.</strong></span> <span class='ocrx_word' id='word_1_564' title='bbox 1883 4346 2008 4403; x_wconf 72' lang='lat' dir='ltr'><strong>[ltec</strong></span> <span class='ocrx_word' id='word_1_565' title='bbox 2033 4347 2168 4403; x_wconf 89' lang='lat' dir='ltr'><strong>adeo</strong></span> 
     </span>
    </p>
   </div>
   <div class='ocr_carea' id='block_1_75' title="bbox 2265 3142 3840 3215">
    <p class='ocr_par' dir='ltr' id='par_1_75' title="bbox 2265 3142 3840 3215">
     <span class='ocr_line' id='line_1_75' title="bbox 2265 3142 3840 3215; baseline -0.002 -14"><span class='ocrx_word' id='word_1_566' title='bbox 2265 3145 2369 3201; x_wconf 87' lang='lat' dir='ltr'><strong>sibi</strong></span> <span class='ocrx_word' id='word_1_567' title='bbox 2406 3145 2726 3215; x_wconf 85' lang='lat' dir='ltr'><strong>objicerent,</strong></span> <span class='ocrx_word' id='word_1_568' title='bbox 2764 3143 2956 3210; x_wconf 89' lang='lat' dir='ltr'><strong>tacuit;</strong></span> <span class='ocrx_word' id='word_1_569' title='bbox 2994 3144 3090 3200; x_wconf 88' lang='lat' dir='ltr'><strong>sed</strong></span> <span class='ocrx_word' id='word_1_570' title='bbox 3120 3160 3288 3210; x_wconf 90' lang='lat' dir='ltr'><strong>nunc,</strong></span> <span class='ocrx_word' id='word_1_571' title='bbox 3314 3145 3383 3199; x_wconf 90' lang='lat' dir='ltr'><strong>ad</strong></span> <span class='ocrx_word' id='word_1_572' title='bbox 3409 3144 3647 3215; x_wconf 81' lang='lat' dir='ltr'><strong>gloriam</strong></span> <span class='ocrx_word' id='word_1_573' title='bbox 3672 3142 3768 3198; x_wconf 87' lang='lat' dir='ltr'><strong>Dei</strong></span> <span class='ocrx_word' id='word_1_574' title='bbox 3790 3155 3840 3198; x_wconf 83' lang='lat' dir='ltr'><strong>et</strong></span> 
     </span>
    </p>
   </div>
   <div class='ocr_carea' id='block_1_76' title="bbox 2264 3236 3839 3309">
    <p class='ocr_par' dir='ltr' id='par_1_76' title="bbox 2264 3236 3839 3309">
     <span class='ocr_line' id='line_1_76' title="bbox 2264 3236 3839 3309; baseline 0 -17"><span class='ocrx_word' id='word_1_575' title='bbox 2264 3238 2333 3293; x_wconf 91' lang='lat' dir='ltr'><strong>ad</strong></span> <span class='ocrx_word' id='word_1_576' title='bbox 2357 3238 2691 3295; x_wconf 86' lang='lat' dir='ltr'><strong>sanctissimi</strong></span> <span class='ocrx_word' id='word_1_577' title='bbox 2710 3236 2952 3295; x_wconf 83' lang='lat' dir='ltr'><strong>Anselmi</strong></span> <span class='ocrx_word' id='word_1_578' title='bbox 2973 3279 2989 3304; x_wconf 93' lang='lat'><strong>,</strong></span> <span class='ocrx_word' id='word_1_579' title='bbox 3022 3237 3223 3308; x_wconf 87' lang='lat' dir='ltr'><strong>ubique</strong></span> <span class='ocrx_word' id='word_1_580' title='bbox 3254 3237 3519 3309; x_wconf 65' lang='lat' dir='ltr'><strong>praedicat</strong></span> <span class='ocrx_word' id='word_1_581' title='bbox 3552 3238 3699 3309; x_wconf 89' lang='lat' dir='ltr'><strong>quod</strong></span> <span class='ocrx_word' id='word_1_582' title='bbox 3742 3238 3839 3293; x_wconf 69' lang='lat' dir='ltr'><strong>sibi</strong></span> 
     </span>
    </p>
   </div>
   <div class='ocr_carea' id='block_1_77' title="bbox 2266 3330 2497 3401">
    <p class='ocr_par' dir='ltr' id='par_1_77' title="bbox 2266 3330 2497 3401">
     <span class='ocr_line' id='line_1_77' title="bbox 2266 3330 2497 3401; baseline 0 -17"><span class='ocrx_word' id='word_1_583' title='bbox 2266 3330 2497 3401; x_wconf 87' lang='lat' dir='ltr'><strong>contigit</strong></span> 
     </span>
    </p>
   </div>
   <div class='ocr_carea' id='block_1_78' title="bbox 2316 3420 3837 3494">
    <p class='ocr_par' dir='ltr' id='par_1_78' title="bbox 2316 3420 3837 3494">
     <span class='ocr_line' id='line_1_78' title="bbox 2316 3420 3837 3494; baseline 0 -17"><span class='ocrx_word' id='word_1_584' title='bbox 2316 3420 2474 3477; x_wconf 73' lang='lat' dir='ltr'><strong>&#39;Cum</strong></span> <span class='ocrx_word' id='word_1_585' title='bbox 2499 3423 2779 3479; x_wconf 90' lang='lat' dir='ltr'><strong>venissent</strong></span> <span class='ocrx_word' id='word_1_586' title='bbox 2801 3424 3005 3494; x_wconf 87' lang='lat' dir='ltr'><strong>aliquot</strong></span> <span class='ocrx_word' id='word_1_587' title='bbox 3031 3422 3343 3479; x_wconf 82' lang='lat' dir='ltr'><strong>Brixienses</strong></span> <span class='ocrx_word' id='word_1_588' title='bbox 3373 3423 3444 3479; x_wconf 90' lang='lat' dir='ltr'><strong>ad</strong></span> <span class='ocrx_word' id='word_1_589' title='bbox 3474 3422 3837 3479; x_wconf 81' lang='lat' dir='ltr'><strong>venerandum</strong></span> 
     </span>
    </p>
   </div>
   <div class='ocr_carea' id='block_1_79' title="bbox 2267 3513 3839 3587">
    <p class='ocr_par' dir='ltr' id='par_1_79' title="bbox 2267 3513 3839 3587">
     <span class='ocr_line' id='line_1_79' title="bbox 2267 3513 3839 3587; baseline 0 -17"><span class='ocrx_word' id='word_1_590' title='bbox 2267 3516 2536 3570; x_wconf 88' lang='lat' dir='ltr'><strong>tumulum</strong></span> <span class='ocrx_word' id='word_1_591' title='bbox 2561 3513 2739 3570; x_wconf 87' lang='lat' dir='ltr'><strong>Patris</strong></span> <span class='ocrx_word' id='word_1_592' title='bbox 2766 3517 2957 3582; x_wconf 90' lang='lat' dir='ltr'><strong>nostri,</strong></span> <span class='ocrx_word' id='word_1_593' title='bbox 2994 3517 3352 3571; x_wconf 85' lang='lat' dir='ltr'><strong>obviaverunt</strong></span> <span class='ocrx_word' id='word_1_594' title='bbox 3376 3516 3600 3571; x_wconf 85' lang='lat' dir='ltr'><strong>cuidam</strong></span> <span class='ocrx_word' id='word_1_595' title='bbox 3627 3517 3839 3587; x_wconf 80' lang='lat' dir='ltr'><strong>pauperi</strong></span> 
     </span>
    </p>
   </div>
   <div class='ocr_carea' id='block_1_80' title="bbox 2264 3608 3839 3681">
    <p class='ocr_par' dir='ltr' id='par_1_80' title="bbox 2264 3608 3839 3681">
     <span class='ocr_line' id='line_1_80' title="bbox 2264 3608 3839 3681; baseline 0.001 -16"><span class='ocrx_word' id='word_1_596' title='bbox 2264 3608 2515 3665; x_wconf 89' lang='lat' dir='ltr'><strong>similiter</strong></span> <span class='ocrx_word' id='word_1_597' title='bbox 2542 3610 2779 3665; x_wconf 86' lang='lat' dir='ltr'><strong>venienti</strong></span> <span class='ocrx_word' id='word_1_598' title='bbox 2817 3625 2916 3681; x_wconf 92' lang='lat' dir='ltr'><strong>pro</strong></span> <span class='ocrx_word' id='word_1_599' title='bbox 2955 3610 3128 3665; x_wconf 87' lang='lat' dir='ltr'><strong>salute</strong></span> <span class='ocrx_word' id='word_1_600' title='bbox 3168 3610 3396 3681; x_wconf 87' lang='lat' dir='ltr'><strong>petenda</strong></span> <span class='ocrx_word' id='word_1_601' title='bbox 3435 3611 3505 3665; x_wconf 88' lang='lat' dir='ltr'><strong>de</strong></span> <span class='ocrx_word' id='word_1_602' title='bbox 3531 3611 3839 3681; x_wconf 80' lang='lat' dir='ltr'><strong>episcopatu</strong></span> 
     </span>
    </p>
   </div>
   <div class='ocr_carea' id='block_1_81' title="bbox 2264 3700 3841 3774">
    <p class='ocr_par' dir='ltr' id='par_1_81' title="bbox 2264 3700 3841 3774">
     <span class='ocr_line' id='line_1_81' title="bbox 2264 3700 3841 3774; baseline 0.001 -17"><span class='ocrx_word' id='word_1_603' title='bbox 2264 3700 2530 3769; x_wconf 89' lang='lat' dir='ltr'><strong>Cumano,</strong></span> <span class='ocrx_word' id='word_1_604' title='bbox 2553 3701 2918 3772; x_wconf 53' lang='lat' dir='ltr'><strong>deYaltelina,</strong></span> <span class='ocrx_word' id='word_1_605' title='bbox 2940 3703 3034 3774; x_wconf 89' lang='lat' dir='ltr'><strong>qui</strong></span> <span class='ocrx_word' id='word_1_606' title='bbox 3054 3718 3309 3767; x_wconf 88' lang='lat' dir='ltr'><strong>cernuus,</strong></span> <span class='ocrx_word' id='word_1_607' title='bbox 3328 3703 3435 3758; x_wconf 92' lang='lat' dir='ltr'><strong>nisi</strong></span> <span class='ocrx_word' id='word_1_608' title='bbox 3465 3702 3707 3758; x_wconf 87' lang='lat' dir='ltr'><strong>fustibus</strong></span> <span class='ocrx_word' id='word_1_609' title='bbox 3728 3720 3841 3758; x_wconf 87' lang='lat' dir='ltr'><strong>sus-</strong></span> 
     </span>
    </p>
   </div>
   <div class='ocr_carea' id='block_1_82' title="bbox 2263 3795 3837 3870">
    <p class='ocr_par' dir='ltr' id='par_1_82' title="bbox 2263 3795 3837 3870">
     <span class='ocr_line' id='line_1_82' title="bbox 2263 3795 3837 3870; baseline 0.001 -20"><span class='ocrx_word' id='word_1_610' title='bbox 2263 3804 2524 3870; x_wconf 82' lang='lat' dir='ltr'><strong>tentatus,</strong></span> <span class='ocrx_word' id='word_1_611' title='bbox 2583 3795 2831 3851; x_wconf 86' lang='lat' dir='ltr'><strong>incedere</strong></span> <span class='ocrx_word' id='word_1_612' title='bbox 2853 3812 2961 3851; x_wconf 90' lang='lat' dir='ltr'><strong>non</strong></span> <span class='ocrx_word' id='word_1_613' title='bbox 2987 3796 3217 3865; x_wconf 86' lang='lat' dir='ltr'><strong>valebat;</strong></span> <span class='ocrx_word' id='word_1_614' title='bbox 3248 3812 3415 3867; x_wconf 84' lang='lat' dir='ltr'><strong>quem</strong></span> <span class='ocrx_word' id='word_1_615' title='bbox 3457 3813 3653 3852; x_wconf 89' lang='lat' dir='ltr'><strong>secum</strong></span> <span class='ocrx_word' id='word_1_616' title='bbox 3682 3798 3837 3852; x_wconf 70' lang='lat' dir='ltr'><strong>duxe-</strong></span> 
     </span>
    </p>
   </div>
   <div class='ocr_carea' id='block_1_83' title="bbox 2266 3886 3821 3957">
    <p class='ocr_par' dir='ltr' id='par_1_83' title="bbox 2266 3886 3821 3957">
     <span class='ocr_line' id='line_1_83' title="bbox 2266 3886 3821 3957; baseline 0.002 -17"><span class='ocrx_word' id='word_1_617' title='bbox 2266 3895 2414 3952; x_wconf 88' lang='lat' dir='ltr'><strong>runt,</strong></span> <span class='ocrx_word' id='word_1_618' title='bbox 2449 3894 2503 3941; x_wconf 92' lang='lat' dir='ltr'><strong>et</strong></span> <span class='ocrx_word' id='word_1_619' title='bbox 2532 3901 2631 3957; x_wconf 90' lang='lat' dir='ltr'><strong>pro</strong></span> <span class='ocrx_word' id='word_1_620' title='bbox 2657 3887 2922 3942; x_wconf 88' lang='lat' dir='ltr'><strong>charitate</strong></span> <span class='ocrx_word' id='word_1_621' title='bbox 2951 3887 3282 3942; x_wconf 86' lang='lat' dir='ltr'><strong>sanctissimi</strong></span> <span class='ocrx_word' id='word_1_622' title='bbox 3308 3886 3554 3942; x_wconf 59' lang='lat' dir='ltr'><strong>Anselmi</strong></span> <span class='ocrx_word' id='word_1_623' title='bbox 3584 3903 3821 3943; x_wconf 82' lang='lat' dir='ltr'><strong>commea</strong></span> 
     </span>
    </p>
   </div>
   <div class='ocr_carea' id='block_1_84' title="bbox 2267 3964 3838 4051">
    <p class='ocr_par' dir='ltr' id='par_1_84' title="bbox 2267 3964 3838 4051">
     <span class='ocr_line' id='line_1_84' title="bbox 2267 3964 3838 4051; baseline 0 -17"><span class='ocrx_word' id='word_1_624' title='bbox 2267 3987 2383 4034; x_wconf 92' lang='lat' dir='ltr'><strong>tum</strong></span> <span class='ocrx_word' id='word_1_625' title='bbox 2406 3980 2455 4034; x_wconf 93' lang='lat' dir='ltr'><strong>ei</strong></span> <span class='ocrx_word' id='word_1_626' title='bbox 2484 3964 2768 4034; x_wconf 79' lang='lat' dir='ltr'><strong>dederunt.</strong></span> <span class='ocrx_word' id='word_1_627' title='bbox 2813 3980 2895 4035; x_wconf 83' lang='lat' dir='ltr'><strong>Ad</strong></span> <span class='ocrx_word' id='word_1_628' title='bbox 2938 3994 3172 4051; x_wconf 87' lang='lat' dir='ltr'><strong>quorum</strong></span> <span class='ocrx_word' id='word_1_629' title='bbox 3213 3978 3371 4035; x_wconf 75' lang='lat' dir='ltr'><strong>fidem</strong></span> <span class='ocrx_word' id='word_1_630' title='bbox 3414 3978 3838 4035; x_wconf 81' lang='lat' dir='ltr'><strong>conﬁrmandam</strong></span> 
     </span>
    </p>
   </div>
   <div class='ocr_carea' id='block_1_85' title="bbox 2266 4070 3840 4143">
    <p class='ocr_par' dir='ltr' id='par_1_85' title="bbox 2266 4070 3840 4143">
     <span class='ocr_line' id='line_1_85' title="bbox 2266 4070 3840 4143; baseline -0.001 -17"><span class='ocrx_word' id='word_1_631' title='bbox 2266 4079 2320 4126; x_wconf 90' lang='lat' dir='ltr'><strong>et</strong></span> <span class='ocrx_word' id='word_1_632' title='bbox 2342 4070 2682 4126; x_wconf 88' lang='lat' dir='ltr'><strong>devotionem</strong></span> <span class='ocrx_word' id='word_1_633' title='bbox 2710 4070 3032 4143; x_wconf 89' lang='lat' dir='ltr'><strong>augendam,</strong></span> <span class='ocrx_word' id='word_1_634' title='bbox 3061 4070 3322 4126; x_wconf 89' lang='lat' dir='ltr'><strong>Dominus</strong></span> <span class='ocrx_word' id='word_1_635' title='bbox 3354 4086 3454 4140; x_wconf 85' lang='lat' dir='ltr'><strong>per</strong></span> <span class='ocrx_word' id='word_1_636' title='bbox 3493 4072 3840 4128; x_wconf 85' lang='lat' dir='ltr'><strong>intercessio-</strong></span> 
     </span>
    </p>
   </div>
   <div class='ocr_carea' id='block_1_86' title="bbox 2265 4162 3843 4236">
    <p class='ocr_par' dir='ltr' id='par_1_86' title="bbox 2265 4162 3843 4236">
     <span class='ocr_line' id='line_1_86' title="bbox 2265 4162 3843 4236; baseline 0 -17"><span class='ocrx_word' id='word_1_637' title='bbox 2265 4179 2391 4219; x_wconf 87' lang='lat' dir='ltr'><strong>nem</strong></span> <span class='ocrx_word' id='word_1_638' title='bbox 2417 4163 2660 4233; x_wconf 73' lang='lat' dir='ltr'><strong>przedicti</strong></span> <span class='ocrx_word' id='word_1_639' title='bbox 2700 4163 2901 4231; x_wconf 88' lang='lat' dir='ltr'><strong>Patris,</strong></span> <span class='ocrx_word' id='word_1_640' title='bbox 2925 4180 2960 4219; x_wconf 77' lang='grc' dir='ltr'>ι</span> <span class='ocrx_word' id='word_1_641' title='bbox 2990 4162 3110 4219; x_wconf 83' lang='lat' dir='ltr'><strong>Kal.</strong></span> <span class='ocrx_word' id='word_1_642' title='bbox 3137 4162 3305 4230; x_wconf 89' lang='lat' dir='ltr'><strong>Junii,</strong></span> <span class='ocrx_word' id='word_1_643' title='bbox 3329 4173 3493 4219; x_wconf 88' lang='lat' dir='ltr'><strong>nocte</strong></span> <span class='ocrx_word' id='word_1_644' title='bbox 3507 4163 3631 4234; x_wconf 89' lang='lat' dir='ltr'><strong>jam</strong></span> <span class='ocrx_word' id='word_1_645' title='bbox 3656 4179 3843 4236; x_wconf 78' lang='lat' dir='ltr'><strong>appro-</strong></span> 
     </span>
    </p>
   </div>
   <div class='ocr_carea' id='block_1_87' title="bbox 2267 4255 3843 4326">
    <p class='ocr_par' dir='ltr' id='par_1_87' title="bbox 2267 4255 3843 4326">
     <span class='ocr_line' id='line_1_87' title="bbox 2267 4255 3843 4326; baseline 0.003 -18"><span class='ocrx_word' id='word_1_646' title='bbox 2267 4255 2583 4326; x_wconf 87' lang='lat' dir='ltr'><strong>pinquante,</strong></span> <span class='ocrx_word' id='word_1_647' title='bbox 2629 4255 2778 4310; x_wconf 85' lang='lat' dir='ltr'><strong>hunc</strong></span> <span class='ocrx_word' id='word_1_648' title='bbox 2814 4255 3009 4322; x_wconf 90' lang='lat' dir='ltr'><strong>erexit,</strong></span> <span class='ocrx_word' id='word_1_649' title='bbox 3048 4263 3104 4312; x_wconf 92' lang='lat' dir='ltr'><strong>et</strong></span> <span class='ocrx_word' id='word_1_650' title='bbox 3125 4255 3334 4326; x_wconf 89' lang='lat' dir='ltr'><strong>absque</strong></span> <span class='ocrx_word' id='word_1_651' title='bbox 3369 4255 3701 4312; x_wconf 86' lang='lat' dir='ltr'><strong>baculorum</strong></span> <span class='ocrx_word' id='word_1_652' title='bbox 3727 4272 3843 4312; x_wconf 68' lang='lat' dir='ltr'><strong>sua»</strong></span> 
     </span>
    </p>
   </div>
   <div class='ocr_carea' id='block_1_88' title="bbox 2269 4346 2981 4402">
    <p class='ocr_par' dir='ltr' id='par_1_88' title="bbox 2269 4346 2981 4402">
     <span class='ocr_line' id='line_1_88' title="bbox 2269 4346 2981 4402; baseline 0 -1"><span class='ocrx_word' id='word_1_653' title='bbox 2269 4346 2566 4402; x_wconf 88' lang='lat' dir='ltr'><strong>tentatione</strong></span> <span class='ocrx_word' id='word_1_654' title='bbox 2588 4346 2668 4401; x_wconf 90' lang='lat' dir='ltr'><strong>ire</strong></span> <span class='ocrx_word' id='word_1_655' title='bbox 2690 4346 2981 4402; x_wconf 90' lang='lat' dir='ltr'><strong>concessit.</strong></span> 
     </span>
    </p>
   </div>
   <div class='ocr_carea' id='block_1_89' title="bbox 596 4425 3845 4509">
    <p class='ocr_par' dir='ltr' id='par_1_89' title="bbox 596 4425 3845 4509">
     <span class='ocr_line' id='line_1_89' title="bbox 596 4425 3845 4509; baseline 0.002 -18"><span class='ocrx_word' id='word_1_656' title='bbox 596 4436 895 4509; x_wconf 79' lang='lat' dir='ltr'><strong>hydmpico</strong></span> <span class='ocrx_word' id='word_1_657' title='bbox 925 4436 1117 4491; x_wconf 89' lang='lat' dir='ltr'><strong>morbo</strong></span> <span class='ocrx_word' id='word_1_658' title='bbox 1150 4435 1435 4492; x_wconf 84' lang='lat' dir='ltr'><strong>laborabat</strong></span> <span class='ocrx_word' id='word_1_659' title='bbox 1466 4437 1615 4508; x_wconf 87' lang='lat' dir='ltr'><strong>quod</strong></span> <span class='ocrx_word' id='word_1_660' title='bbox 1662 4453 1720 4493; x_wconf 91' lang='lat' dir='ltr'><strong>se</strong></span> <span class='ocrx_word' id='word_1_661' title='bbox 1750 4438 1892 4496; x_wconf 88' lang='lat' dir='ltr'><strong>ferre</strong></span> <span class='ocrx_word' id='word_1_662' title='bbox 1938 4454 2048 4495; x_wconf 90' lang='lat' dir='ltr'><strong>non</strong></span> <span class='ocrx_word' id='word_1_663' title='bbox 2079 4455 2173 4495; x_wconf 88' lang='lat' dir='ltr'><strong>va-</strong></span> <span class='ocrx_word' id='word_1_664' title='bbox 2203 4425 2249 4480; x_wconf 77' lang='grc' dir='ltr'><strong>ι)</strong></span> <span class='ocrx_word' id='word_1_665' title='bbox 2342 4436 2609 4494; x_wconf 67' lang='lat' dir='ltr'><strong>Praeterea</strong></span> <span class='ocrx_word' id='word_1_666' title='bbox 2637 4438 2853 4494; x_wconf 90' lang='lat' dir='ltr'><strong>cuidam</strong></span> <span class='ocrx_word' id='word_1_667' title='bbox 2899 4454 3068 4509; x_wconf 89' lang='lat' dir='ltr'><strong>puero</strong></span> <span class='ocrx_word' id='word_1_668' title='bbox 3107 4455 3138 4494; x_wconf 90' lang='lat' dir='ltr'><strong>a</strong></span> <span class='ocrx_word' id='word_1_669' title='bbox 3183 4439 3377 4496; x_wconf 88' lang='lat' dir='ltr'><strong>diebus</strong></span> <span class='ocrx_word' id='word_1_670' title='bbox 3410 4441 3721 4499; x_wconf 84' lang='lat' dir='ltr'><strong>nativitatis</strong></span> <span class='ocrx_word' id='word_1_671' title='bbox 3743 4458 3845 4499; x_wconf 76' lang='lat' dir='ltr'><strong>sua:</strong></span> 
     </span>
    </p>
   </div>
   <div class='ocr_carea' id='block_1_90' title="bbox 595 4526 2172 4603">
    <p class='ocr_par' dir='ltr' id='par_1_90' title="bbox 595 4526 2172 4603">
     <span class='ocr_line' id='line_1_90' title="bbox 595 4526 2172 4603; baseline 0.004 -21"><span class='ocrx_word' id='word_1_672' title='bbox 595 4528 759 4583; x_wconf 89' lang='lat' dir='ltr'><strong>lebat.</strong></span> <span class='ocrx_word' id='word_1_673' title='bbox 798 4526 930 4597; x_wconf 87' lang='lat' dir='ltr'><strong>Ejus</strong></span> <span class='ocrx_word' id='word_1_674' title='bbox 952 4542 1187 4598; x_wconf 88' lang='lat' dir='ltr'><strong>namque</strong></span> <span class='ocrx_word' id='word_1_675' title='bbox 1207 4543 1408 4598; x_wconf 89' lang='lat' dir='ltr'><strong>corpus</strong></span> <span class='ocrx_word' id='word_1_676' title='bbox 1430 4536 1642 4584; x_wconf 89' lang='lat' dir='ltr'><strong>tantum</strong></span> <span class='ocrx_word' id='word_1_677' title='bbox 1671 4530 2001 4587; x_wconf 88' lang='lat' dir='ltr'><strong>intumuerat</strong></span> <span class='ocrx_word' id='word_1_678' title='bbox 2025 4532 2172 4603; x_wconf 87' lang='lat' dir='ltr'><strong>quod</strong></span> 
     </span>
    </p>
   </div>
   <div class='ocr_carea' id='block_1_91' title="bbox 596 4618 2174 4694">
    <p class='ocr_par' dir='ltr' id='par_1_91' title="bbox 596 4618 2174 4694">
     <span class='ocr_line' id='line_1_91' title="bbox 596 4618 2174 4694; baseline 0.002 -19"><span class='ocrx_word' id='word_1_679' title='bbox 596 4635 676 4687; x_wconf 89' lang='lat' dir='ltr'><strong>se,</strong></span> <span class='ocrx_word' id='word_1_680' title='bbox 703 4619 834 4692; x_wconf 91' lang='lat' dir='ltr'><strong>quin</strong></span> <span class='ocrx_word' id='word_1_681' title='bbox 864 4627 1128 4690; x_wconf 89' lang='lat' dir='ltr'><strong>creparet,</strong></span> <span class='ocrx_word' id='word_1_682' title='bbox 1156 4618 1247 4673; x_wconf 85' lang='lat' dir='ltr'><strong>vix</strong></span> <span class='ocrx_word' id='word_1_683' title='bbox 1272 4619 1549 4676; x_wconf 89' lang='lat' dir='ltr'><strong>continere</strong></span> <span class='ocrx_word' id='word_1_684' title='bbox 1576 4629 1806 4693; x_wconf 85' lang='lat' dir='ltr'><strong>poterat.</strong></span> <span class='ocrx_word' id='word_1_685' title='bbox 1831 4621 1940 4678; x_wconf 78' lang='lat' dir='ltr'><strong>Nec</strong></span> <span class='ocrx_word' id='word_1_686' title='bbox 1955 4626 2069 4694; x_wconf 89' lang='lat' dir='ltr'><strong>jam</strong></span> <span class='ocrx_word' id='word_1_687' title='bbox 2091 4624 2174 4679; x_wconf 92' lang='lat' dir='ltr'><strong>di-</strong></span> 
     </span>
    </p>
   </div>
   <div class='ocr_carea' id='block_1_92' title="bbox 598 4712 2173 4784">
    <p class='ocr_par' dir='ltr' id='par_1_92' title="bbox 598 4712 2173 4784">
     <span class='ocr_line' id='line_1_92' title="bbox 598 4712 2173 4784; baseline 0.003 -16"><span class='ocrx_word' id='word_1_688' title='bbox 598 4712 829 4768; x_wconf 90' lang='lat' dir='ltr'><strong>cendum</strong></span> <span class='ocrx_word' id='word_1_689' title='bbox 856 4727 1076 4783; x_wconf 91' lang='lat' dir='ltr'><strong>corpus,</strong></span> <span class='ocrx_word' id='word_1_690' title='bbox 1107 4712 1201 4768; x_wconf 88' lang='lat' dir='ltr'><strong>sed</strong></span> <span class='ocrx_word' id='word_1_691' title='bbox 1228 4712 1408 4783; x_wconf 88' lang='lat' dir='ltr'><strong>potius</strong></span> <span class='ocrx_word' id='word_1_692' title='bbox 1436 4714 1705 4784; x_wconf 86' lang='lat' dir='ltr'><strong>truncus&#39;;</strong></span> <span class='ocrx_word' id='word_1_693' title='bbox 1732 4730 1834 4772; x_wconf 89' lang='lat' dir='ltr'><strong>nec</strong></span> <span class='ocrx_word' id='word_1_694' title='bbox 1858 4716 1967 4771; x_wconf 91' lang='lat' dir='ltr'><strong>ulla</strong></span> <span class='ocrx_word' id='word_1_695' title='bbox 1994 4717 2173 4772; x_wconf 87' lang='lat' dir='ltr'><strong>homi-</strong></span> 
     </span>
    </p>
   </div>
   <div class='ocr_carea' id='block_1_93' title="bbox 600 4803 2174 4876">
    <p class='ocr_par' dir='ltr' id='par_1_93' title="bbox 600 4803 2174 4876">
     <span class='ocr_line' id='line_1_93' title="bbox 600 4803 2174 4876; baseline 0.004 -17"><span class='ocrx_word' id='word_1_696' title='bbox 600 4803 687 4859; x_wconf 89' lang='lat' dir='ltr'><strong>nis</strong></span> <span class='ocrx_word' id='word_1_697' title='bbox 724 4803 780 4858; x_wconf 90' lang='lat' dir='ltr'><strong>in</strong></span> <span class='ocrx_word' id='word_1_698' title='bbox 813 4820 877 4859; x_wconf 89' lang='lat' dir='ltr'><strong>ea</strong></span> <span class='ocrx_word' id='word_1_699' title='bbox 909 4804 1194 4860; x_wconf 89' lang='lat' dir='ltr'><strong>videbatur</strong></span> <span class='ocrx_word' id='word_1_700' title='bbox 1226 4805 1454 4876; x_wconf 86' lang='lat' dir='ltr'><strong>species,</strong></span> <span class='ocrx_word' id='word_1_701' title='bbox 1490 4805 1586 4861; x_wconf 89' lang='lat' dir='ltr'><strong>sed</strong></span> <span class='ocrx_word' id='word_1_702' title='bbox 1624 4815 1737 4861; x_wconf 91' lang='lat' dir='ltr'><strong>tota</strong></span> <span class='ocrx_word' id='word_1_703' title='bbox 1777 4807 2073 4876; x_wconf 89' lang='lat' dir='ltr'><strong>deformis,</strong></span> <span class='ocrx_word' id='word_1_704' title='bbox 2119 4820 2174 4866; x_wconf 91' lang='lat' dir='ltr'><strong>ct</strong></span> 
     </span>
    </p>
   </div>
   <div class='ocr_carea' id='block_1_94' title="bbox 603 4895 2175 4974">
    <p class='ocr_par' dir='ltr' id='par_1_94' title="bbox 603 4895 2175 4974">
     <span class='ocr_line' id='line_1_94' title="bbox 603 4895 2175 4974; baseline 0.007 -27"><span class='ocrx_word' id='word_1_705' title='bbox 603 4895 850 4964; x_wconf 68' lang='lat' dir='ltr'><strong>quaedam</strong></span> <span class='ocrx_word' id='word_1_706' title='bbox 872 4895 1066 4952; x_wconf 89' lang='lat' dir='ltr'><strong>mortis</strong></span> <span class='ocrx_word' id='word_1_707' title='bbox 1092 4895 1276 4952; x_wconf 89' lang='lat' dir='ltr'><strong>facies.</strong></span> <span class='ocrx_word' id='word_1_708' title='bbox 1303 4896 1530 4952; x_wconf 85' lang='lat' dir='ltr'><strong>Articuli</strong></span> <span class='ocrx_word' id='word_1_709' title='bbox 1551 4897 1694 4953; x_wconf 90' lang='lat' dir='ltr'><strong>enim</strong></span> <span class='ocrx_word' id='word_1_710' title='bbox 1720 4916 1981 4956; x_wconf 89' lang='lat' dir='ltr'><strong>manuum</strong></span> <span class='ocrx_word' id='word_1_711' title='bbox 2004 4911 2059 4957; x_wconf 91' lang='lat' dir='ltr'><strong>et</strong></span> <span class='ocrx_word' id='word_1_712' title='bbox 2081 4919 2175 4974; x_wconf 89' lang='lat' dir='ltr'><strong>pe-</strong></span> 
     </span>
    </p>
   </div>
   <div class='ocr_carea' id='block_1_95' title="bbox 603 4984 2177 5051">
    <p class='ocr_par' dir='ltr' id='par_1_95' title="bbox 603 4984 2177 5051">
     <span class='ocr_line' id='line_1_95' title="bbox 603 4984 2177 5051; baseline 0.007 -12"><span class='ocrx_word' id='word_1_713' title='bbox 603 4984 735 5039; x_wconf 88' lang='lat' dir='ltr'><strong>dum</strong></span> <span class='ocrx_word' id='word_1_714' title='bbox 758 4984 810 5039; x_wconf 93' lang='lat' dir='ltr'><strong>in</strong></span> <span class='ocrx_word' id='word_1_715' title='bbox 835 4987 1067 5042; x_wconf 89' lang='lat' dir='ltr'><strong>solidum</strong></span> <span class='ocrx_word' id='word_1_716' title='bbox 1099 4987 1364 5043; x_wconf 87' lang='lat' dir='ltr'><strong>abierant.</strong></span> <span class='ocrx_word' id='word_1_717' title='bbox 1411 4985 1548 5043; x_wconf 80' lang='lat' dir='ltr'><strong>Nam</strong></span> <span class='ocrx_word' id='word_1_718' title='bbox 1589 4990 1638 5044; x_wconf 89' lang='lat' dir='ltr'><strong>si</strong></span> <span class='ocrx_word' id='word_1_719' title='bbox 1680 4988 1855 5047; x_wconf 88' lang='lat' dir='ltr'><strong>forma</strong></span> <span class='ocrx_word' id='word_1_720' title='bbox 1896 5001 1952 5047; x_wconf 88' lang='lat' dir='ltr'><strong>et</strong></span> <span class='ocrx_word' id='word_1_721' title='bbox 1989 4996 2177 5051; x_wconf 86' lang='lat' dir='ltr'><strong>oculo-</strong></span> 
     </span>
    </p>
   </div>
   <div class='ocr_carea' id='block_1_96' title="bbox 603 5077 2175 5153">
    <p class='ocr_par' dir='ltr' id='par_1_96' title="bbox 603 5077 2175 5153">
     <span class='ocr_line' id='line_1_96' title="bbox 603 5077 2175 5153; baseline 0.007 -22"><span class='ocrx_word' id='word_1_722' title='bbox 603 5092 729 5131; x_wconf 91' lang='lat' dir='ltr'><strong>rum</strong></span> <span class='ocrx_word' id='word_1_723' title='bbox 764 5077 970 5133; x_wconf 90' lang='lat' dir='ltr'><strong>orbitas</strong></span> <span class='ocrx_word' id='word_1_724' title='bbox 995 5079 1265 5149; x_wconf 89' lang='lat' dir='ltr'><strong>perierant</strong></span> <span class='ocrx_word' id='word_1_725' title='bbox 1290 5121 1306 5145; x_wconf 93' lang='lat'><strong>,</strong></span> <span class='ocrx_word' id='word_1_726' title='bbox 1346 5094 1496 5136; x_wconf 88' lang='lat' dir='ltr'><strong>mors</strong></span> <span class='ocrx_word' id='word_1_727' title='bbox 1539 5082 1721 5151; x_wconf 88' lang='lat' dir='ltr'><strong>potius</strong></span> <span class='ocrx_word' id='word_1_728' title='bbox 1749 5099 1915 5153; x_wconf 91' lang='lat' dir='ltr'><strong>quam</strong></span> <span class='ocrx_word' id='word_1_729' title='bbox 1944 5085 2054 5140; x_wconf 86' lang='lat' dir='ltr'><strong>vita</strong></span> <span class='ocrx_word' id='word_1_730' title='bbox 2092 5087 2175 5144; x_wconf 90' lang='lat' dir='ltr'><strong>in-</strong></span> 
     </span>
    </p>
   </div>
   <div class='ocr_carea' id='block_1_97' title="bbox 607 5165 2174 5251">
    <p class='ocr_par' dir='ltr' id='par_1_97' title="bbox 607 5165 2174 5251">
     <span class='ocr_line' id='line_1_97' title="bbox 607 5165 2174 5251; baseline 0.009 -31"><span class='ocrx_word' id='word_1_731' title='bbox 607 5165 815 5229; x_wconf 86' lang='lat' dir='ltr'><strong>stabat,</strong></span> <span class='ocrx_word' id='word_1_732' title='bbox 858 5175 913 5220; x_wconf 90' lang='lat' dir='ltr'><strong>et</strong></span> <span class='ocrx_word' id='word_1_733' title='bbox 938 5168 1004 5222; x_wconf 91' lang='lat' dir='ltr'><strong>de</strong></span> <span class='ocrx_word' id='word_1_734' title='bbox 1030 5168 1204 5225; x_wconf 88' lang='lat' dir='ltr'><strong>salute</strong></span> <span class='ocrx_word' id='word_1_735' title='bbox 1248 5186 1359 5226; x_wconf 91' lang='lat' dir='ltr'><strong>non</strong></span> <span class='ocrx_word' id='word_1_736' title='bbox 1386 5171 1729 5241; x_wconf 87' lang='lat' dir='ltr'><strong>desperabat.</strong></span> <span class='ocrx_word' id='word_1_737' title='bbox 1772 5173 2005 5246; x_wconf 85' lang='lat' dir='ltr'><strong>Dignum</strong></span> <span class='ocrx_word' id='word_1_738' title='bbox 2045 5194 2174 5251; x_wconf 86' lang='lat' dir='ltr'><strong>ergo</strong></span> 
     </span>
    </p>
   </div>
   <div class='ocr_carea' id='block_1_98' title="bbox 608 5255 2177 5322">
    <p class='ocr_par' dir='ltr' id='par_1_98' title="bbox 608 5255 2177 5322">
     <span class='ocr_line' id='line_1_98' title="bbox 608 5255 2177 5322; baseline 0.009 -13"><span class='ocrx_word' id='word_1_739' title='bbox 608 5255 714 5311; x_wconf 87' lang='lat' dir='ltr'><strong>fuit</strong></span> <span class='ocrx_word' id='word_1_740' title='bbox 740 5263 801 5308; x_wconf 87' lang='lat' dir='ltr'><strong>ut</strong></span> <span class='ocrx_word' id='word_1_741' title='bbox 833 5257 1209 5315; x_wconf 79' lang='lat' dir='ltr'><strong>sanctissimus</strong></span> <span class='ocrx_word' id='word_1_742' title='bbox 1243 5261 1532 5319; x_wconf 72' lang='lat' dir='ltr'><strong>Anselmns</strong></span> <span class='ocrx_word' id='word_1_743' title='bbox 1570 5264 1701 5319; x_wconf 88' lang='lat' dir='ltr'><strong>huic</strong></span> <span class='ocrx_word' id='word_1_744' title='bbox 1741 5266 1932 5321; x_wconf 86' lang='lat' dir='ltr'><strong>salutis</strong></span> <span class='ocrx_word' id='word_1_745' title='bbox 1972 5269 2177 5322; x_wconf 74' lang='lat' dir='ltr'><strong>tribue-</strong></span> 
     </span>
    </p>
   </div>
   <div class='ocr_carea' id='block_1_99' title="bbox 2274 4529 3846 4602">
    <p class='ocr_par' dir='ltr' id='par_1_99' title="bbox 2274 4529 3846 4602">
     <span class='ocr_line' id='line_1_99' title="bbox 2274 4529 3846 4602; baseline 0.002 -17"><span class='ocrx_word' id='word_1_746' title='bbox 2274 4529 2441 4586; x_wconf 87' lang='lat' dir='ltr'><strong>surdo</strong></span> <span class='ocrx_word' id='word_1_747' title='bbox 2467 4537 2523 4584; x_wconf 91' lang='lat' dir='ltr'><strong>et</strong></span> <span class='ocrx_word' id='word_1_748' title='bbox 2557 4538 2731 4597; x_wconf 92' lang='lat' dir='ltr'><strong>muto,</strong></span> <span class='ocrx_word' id='word_1_749' title='bbox 2767 4530 2931 4600; x_wconf 87' lang='lat' dir='ltr'><strong>paulo</strong></span> <span class='ocrx_word' id='word_1_750' title='bbox 2956 4539 3081 4601; x_wconf 90' lang='lat' dir='ltr'><strong>post</strong></span> <span class='ocrx_word' id='word_1_751' title='bbox 3104 4530 3488 4602; x_wconf 85' lang='lat' dir='ltr'><strong>migrationem</strong></span> <span class='ocrx_word' id='word_1_752' title='bbox 3515 4534 3846 4591; x_wconf 74' lang='lat' dir='ltr'><strong>sanctissimi</strong></span> 
     </span>
    </p>
   </div>
   <div class='ocr_carea' id='block_1_100' title="bbox 2273 4622 3848 4693">
    <p class='ocr_par' dir='ltr' id='par_1_100' title="bbox 2273 4622 3848 4693">
     <span class='ocr_line' id='line_1_100' title="bbox 2273 4622 3848 4693; baseline 0.002 -17"><span class='ocrx_word' id='word_1_753' title='bbox 2273 4622 2518 4678; x_wconf 80' lang='lat' dir='ltr'><strong>Anselmi</strong></span> <span class='ocrx_word' id='word_1_754' title='bbox 2556 4622 2678 4693; x_wconf 89' lang='lat' dir='ltr'><strong>ejus</strong></span> <span class='ocrx_word' id='word_1_755' title='bbox 2712 4623 2943 4690; x_wconf 87' lang='lat' dir='ltr'><strong>meritis,</strong></span> <span class='ocrx_word' id='word_1_756' title='bbox 2981 4623 3139 4679; x_wconf 90' lang='lat' dir='ltr'><strong>nobis</strong></span> <span class='ocrx_word' id='word_1_757' title='bbox 3179 4626 3577 4693; x_wconf 84' lang='lat' dir='ltr'><strong>nescientibus,</strong></span> <span class='ocrx_word' id='word_1_758' title='bbox 3625 4627 3848 4683; x_wconf 80' lang='lat' dir='ltr'><strong>reddidit</strong></span> 
     </span>
    </p>
   </div>
   <div class='ocr_carea' id='block_1_101' title="bbox 2274 4712 3847 4773">
    <p class='ocr_par' dir='ltr' id='par_1_101' title="bbox 2274 4712 3847 4773">
     <span class='ocr_line' id='line_1_101' title="bbox 2274 4712 3847 4773; baseline 0.003 -5"><span class='ocrx_word' id='word_1_759' title='bbox 2274 4713 2541 4769; x_wconf 90' lang='lat' dir='ltr'><strong>auditum.</strong></span> <span class='ocrx_word' id='word_1_760' title='bbox 2592 4712 2731 4769; x_wconf 83' lang='lat' dir='ltr'><strong>Huic</strong></span> <span class='ocrx_word' id='word_1_761' title='bbox 2774 4729 2905 4770; x_wconf 91' lang='lat' dir='ltr'><strong>vero</strong></span> <span class='ocrx_word' id='word_1_762' title='bbox 2942 4715 3181 4770; x_wconf 88' lang='lat' dir='ltr'><strong>secundo</strong></span> <span class='ocrx_word' id='word_1_763' title='bbox 3220 4716 3309 4771; x_wconf 90' lang='lat' dir='ltr'><strong>die</strong></span> <span class='ocrx_word' id='word_1_764' title='bbox 3350 4717 3618 4773; x_wconf 85' lang='lat' dir='ltr'><strong>intrantis</strong></span> <span class='ocrx_word' id='word_1_765' title='bbox 3652 4718 3847 4772; x_wconf 80' lang='lat' dir='ltr'><strong>mensis</strong></span> 
     </span>
    </p>
   </div>
   <div class='ocr_carea' id='block_1_102' title="bbox 2274 4805 3845 4881">
    <p class='ocr_par' dir='ltr' id='par_1_102' title="bbox 2274 4805 3845 4881">
     <span class='ocr_line' id='line_1_102' title="bbox 2274 4805 3845 4881; baseline 0.003 -21"><span class='ocrx_word' id='word_1_766' title='bbox 2274 4805 2443 4873; x_wconf 85' lang='lat' dir='ltr'><strong>Junii,</strong></span> <span class='ocrx_word' id='word_1_767' title='bbox 2474 4807 2619 4862; x_wconf 89' lang='lat' dir='ltr'><strong>circa</strong></span> <span class='ocrx_word' id='word_1_768' title='bbox 2664 4823 2885 4875; x_wconf 89' lang='lat' dir='ltr'><strong>nonam,</strong></span> <span class='ocrx_word' id='word_1_769' title='bbox 2932 4808 3053 4878; x_wconf 89' lang='lat' dir='ltr'><strong>ejus</strong></span> <span class='ocrx_word' id='word_1_770' title='bbox 3089 4809 3309 4881; x_wconf 65' lang='lat' dir='ltr'><strong>lingula:</strong></span> <span class='ocrx_word' id='word_1_771' title='bbox 3348 4809 3515 4865; x_wconf 85' lang='lat' dir='ltr'><strong>solvit</strong></span> <span class='ocrx_word' id='word_1_772' title='bbox 3548 4811 3845 4875; x_wconf 81' lang='lat' dir='ltr'><strong>vinculum,</strong></span> 
     </span>
    </p>
   </div>
   <div class='ocr_carea' id='block_1_103' title="bbox 2271 4898 3833 4971">
    <p class='ocr_par' dir='ltr' id='par_1_103' title="bbox 2271 4898 3833 4971">
     <span class='ocr_line' id='line_1_103' title="bbox 2271 4898 3833 4971; baseline 0.001 -18"><span class='ocrx_word' id='word_1_773' title='bbox 2271 4898 2429 4969; x_wconf 86' lang='lat' dir='ltr'><strong>juxta</strong></span> <span class='ocrx_word' id='word_1_774' title='bbox 2472 4898 2605 4954; x_wconf 88' lang='lat' dir='ltr'><strong>illud</strong></span> <span class='ocrx_word' id='word_1_775' title='bbox 2645 4899 2792 4969; x_wconf 89' lang='lat' dir='ltr'><strong>quod</strong></span> <span class='ocrx_word' id='word_1_776' title='bbox 2843 4899 2900 4953; x_wconf 90' lang='lat' dir='ltr'><strong>in</strong></span> <span class='ocrx_word' id='word_1_777' title='bbox 2942 4898 3231 4971; x_wconf 85' lang='lat' dir='ltr'><strong>Evangelio</strong></span> <span class='ocrx_word' id='word_1_778' title='bbox 3272 4900 3463 4971; x_wconf 81' lang='lat' dir='ltr'><strong>legitur</strong></span> <span class='ocrx_word' id='word_1_779' title='bbox 3508 4919 3524 4955; x_wconf 92' lang='lat'><strong>:</strong></span> <span class='ocrx_word' id='word_1_780' title='bbox 3562 4901 3710 4956; x_wconf 76' lang='lat' dir='ltr'><strong>Bm</strong></span> <span class='ocrx_word' id='word_1_781' title='bbox 3741 4917 3833 4954; x_wconf 70' lang='lat' dir='ltr'><strong>Gll-</strong></span> 
     </span>
    </p>
   </div>
   <div class='ocr_carea' id='block_1_104' title="bbox 2276 4991 3846 5065">
    <p class='ocr_par' dir='ltr' id='par_1_104' title="bbox 2276 4991 3846 5065">
     <span class='ocr_line' id='line_1_104' title="bbox 2276 4991 3846 5065; baseline 0.002 -20"><span class='ocrx_word' id='word_1_782' title='bbox 2276 4992 2367 5046; x_wconf 82' lang='lat' dir='ltr'><strong>m’a</strong></span> <span class='ocrx_word' id='word_1_783' title='bbox 2427 4991 2601 5062; x_wconf 81' lang='lat' dir='ltr'><strong>fecit;</strong></span> <span class='ocrx_word' id='word_1_784' title='bbox 2661 4993 2849 5047; x_wconf 73' lang='lat' dir='ltr'><strong>surdos</strong></span> <span class='ocrx_word' id='word_1_785' title='bbox 2920 4993 3048 5062; x_wconf 78' lang='lat' dir='ltr'><strong>fecit</strong></span> <span class='ocrx_word' id='word_1_786' title='bbox 3110 4994 3297 5048; x_wconf 75' lang='lat' dir='ltr'><strong>audire</strong></span> <span class='ocrx_word' id='word_1_787' title='bbox 3355 5001 3410 5049; x_wconf 80' lang='lat' dir='ltr'><strong>et</strong></span> <span class='ocrx_word' id='word_1_788' title='bbox 3476 5004 3661 5050; x_wconf 69' lang='lat' dir='ltr'><strong>suam</strong></span> <span class='ocrx_word' id='word_1_789' title='bbox 3715 4995 3846 5065; x_wconf 68' lang='lat' dir='ltr'><strong>loqui</strong></span> 
     </span>
    </p>
   </div>
   <div class='ocr_carea' id='block_1_105' title="bbox 2277 5083 2644 5155">
    <p class='ocr_par' dir='ltr' id='par_1_105' title="bbox 2277 5083 2644 5155">
     <span class='ocr_line' id='line_1_105' title="bbox 2277 5083 2644 5155; baseline 0.005 -17"><span class='ocrx_word' id='word_1_790' title='bbox 2277 5083 2473 5155; x_wconf 79' lang='lat' dir='ltr'><strong>(Marc.</strong></span> <span class='ocrx_word' id='word_1_791' title='bbox 2500 5085 2644 5154; x_wconf 65' lang='grc' dir='ltr'><strong>ω).</strong></span> 
     </span>
    </p>
   </div>
   <div class='ocr_carea' id='block_1_106' title="bbox 2347 5175 3846 5249">
    <p class='ocr_par' dir='ltr' id='par_1_106' title="bbox 2347 5175 3846 5249">
     <span class='ocr_line' id='line_1_106' title="bbox 2347 5175 3846 5249; baseline 0.003 -20"><span class='ocrx_word' id='word_1_792' title='bbox 2347 5175 2498 5246; x_wconf 75' lang='grc'><strong>(490)</strong></span> <span class='ocrx_word' id='word_1_793' title='bbox 2532 5176 2692 5231; x_wconf 82' lang='lat' dir='ltr'><strong>Aliud</strong></span> <span class='ocrx_word' id='word_1_794' title='bbox 2738 5190 2956 5247; x_wconf 87' lang='lat' dir='ltr'><strong>quoque</strong></span> <span class='ocrx_word' id='word_1_795' title='bbox 3003 5178 3347 5245; x_wconf 87' lang='lat' dir='ltr'><strong>miraculum,</strong></span> <span class='ocrx_word' id='word_1_796' title='bbox 3379 5179 3530 5249; x_wconf 91' lang='lat' dir='ltr'><strong>quod</strong></span> <span class='ocrx_word' id='word_1_797' title='bbox 3578 5178 3846 5235; x_wconf 86' lang='lat' dir='ltr'><strong>eonfratre</strong></span> 
     </span>
    </p>
   </div>
   <div class='ocr_carea' id='block_1_107' title="bbox 2283 5268 3844 5320">
    <p class='ocr_par' dir='ltr' id='par_1_107' title="bbox 2283 5268 3844 5320">
     <span class='ocr_line' id='line_1_107' title="bbox 2283 5268 3844 5320; baseline -0.009 0"><span class='ocrx_word' id='word_1_798' title='bbox 2283 5268 2439 5320; x_wconf 77' lang='lat' dir='ltr'><strong>Vitali</strong></span> <span class='ocrx_word' id='word_1_799' title='bbox 2466 5268 2764 5318; x_wconf 67' lang='lat' dir='ltr'><strong>Brixiengis</strong></span> <span class='ocrx_word' id='word_1_800' title='bbox 2795 5270 3049 5316; x_wconf 67' lang='lat' dir='ltr'><strong>Ernloeim</strong></span> <span class='ocrx_word' id='word_1_801' title='bbox 3076 5272 3387 5312; x_wconf 72' lang='lat' dir='ltr'><strong>nmchvtm-n</strong></span> <span class='ocrx_word' id='word_1_802' title='bbox 3451 5273 3729 5310; x_wconf 65' lang='grc' dir='ltr'><strong>ηιίσξω-</strong></span> <span class='ocrx_word' id='word_1_803' title='bbox 3767 5272 3844 5306; x_wconf 66' lang='grc' dir='ltr'><strong>σε-</strong></span> 
     </span>
    </p>
   </div>
  </div>
