3984 5380
185 239 288 295 ἒ)τό

1088 212 1360 273 ΔΡΡΕΝΙ).
1404 211 1490 264 Ill.
1529 240 1591 250 -ο
1637 206 2068 263 ΜΟΧΕΜΙΞΝΤΑ
2107 199 2560 261 ΟΒΕΟΟΒΙΛΝΑ

3347 200 3451 256 ⁸³34

189 350 330 403 Villa
362 391 375 409 ,
402 359 493 399 cui
516 350 713 394 nomen
741 342 826 388 est
852 331 1100 394 Murana,
1126 342 1248 399 qum
1274 342 1304 380 a
1333 325 1552 381 civitate
1579 322 1774 377 Brixiae
1804 327 1849 381 Α
1875 321 2038 375 rebus
2073 318 2321 389 probata,
2367 315 2527 371 fidem
2569 314 2690 384 ejus
2733 312 3045 371 testimcnio
3092 311 3450 367 adhibendam

187 406 402 509 septeni
436 428 710 486 milliariis
738 425 905 482 distat
932 467 946 491 ,
980 423 1176 478 mulier
1214 429 1334 475 erat
1370 418 1621 490 quaedam
1645 459 1660 484 ,
1708 417 1772 472 fl-
1874 407 2247 463 indubitanter
2270 406 2628 461 demonstrat.

190 528 326 581 liam
351 514 586 586 habens;
620 520 820 590 linguae
840 516 1022 572 officio
1068 524 1124 570 et
1166 512 1365 584 pedum
1393 511 1468 566 ita
1504 511 1771 581 privatam

190 615 363 690 quod,
393 613 502 668 nisi
534 613 644 666 alio
677 610 951 667 deferente
976 650 990 675 ,
1026 606 1211 677 aliquo
1254 604 1418 661 modo
1461 602 1773 658 nullatenus

190 723 420 779 surgere
452 706 687 772 valebat;
729 719 873 775 quae,
905 718 1029 759 cum
1057 716 1119 756 ex
1153 714 1305 754 more
1338 705 1582 768 portaret
1621 703 1774 751 extra

189 799 420 853 domum
448 802 788 853 contractam
824 796 1011 863 ﬁliam,
1050 793 1209 848 taedio
1240 789 1539 862 quotidiani
1572 789 1776 845 laboris

191 892 505 962 suspirans,
552 892 762 962 inquit:
796 911 814 943 ‹
844 888 1095 944 Piissime
1120 886 1285 953 Deus,
1305 901 1401 957 per
1428 885 1621 940 merita
1650 900 1777 939 san-

192 984 432 1039 ctissimi
461 983 792 1039 confessoris
820 983 899 1038 tui
926 980 1168 1037 Anselmi
1194 1024 1209 1048 ,
1236 978 1492 1034 misertus
1517 993 1651 1034 mea:
1675 979 1775 1032 tri-

191 1077 518 1144 bulationis,
550 1085 647 1132 aut
682 1076 937 1132 miseram
972 1075 1114 1130 banc
1144 1080 1527 1145 praemortuam
1557 1071 1778 1127 sanitati

191 1173 428 1227 restitue
447 1213 464 1237 ,
508 1180 607 1227 aut
632 1186 752 1226 eam
780 1170 847 1226 de
876 1168 1129 1241 praesenti
1153 1167 1265 1222 vita
1294 1165 1589 1222 auferendo
1616 1181 1701 1221 me
1746 1182 1778 1221 a

191 1272 348 1317 tanto
369 1262 563 1317 labore
621 1277 769 1329 erue,
811 1260 1054 1330 alioquin
1098 1259 1188 1315 hic
1228 1272 1350 1313 eam
1377 1258 1477 1313 tibi
1505 1257 1774 1327 relinquo.

190 1352 301 1409 Fac
323 1353 476 1425 quod
507 1354 706 1425 placet,
748 1353 876 1424 quia
897 1353 1109 1407 nullum
1130 1367 1230 1422 pro
1252 1366 1315 1406 ea
1337 1351 1578 1406 laborem
1605 1350 1780 1420 patiar

192 1446 480 1516 abinceps.
517 1466 535 1498 ι
568 1446 690 1513 Quo
718 1446 885 1513 dicto,
946 1462 1074 1500 mox
1102 1445 1254 1511 abiit,
1286 1443 1395 1499 lilia
1416 1444 1694 1510 destituta,
1722 1452 1781 1498 ut

195 1540 355 1595 dixit.
388 1539 605 1596 Modico
635 1548 817 1595 autem
862 1539 1005 1594 facto
1052 1538 1311 1609 temporis
1340 1536 1640 1602 intervallo,
1683 1537 1781 1592 do-

197 1646 352 1685 mum
376 1646 654 1698 remeans,
692 1646 860 1701 quam
901 1630 1249 1686 sanctissimo
1272 1629 1529 1683 Ansclmo
1556 1629 1782 1698 relique-

195 1734 285 1780 rat
315 1726 524 1780 invenit
549 1740 761 1781 sanam.
810 1723 877 1779 Et
903 1739 1023 1779 eam
1049 1740 1171 1796 qua:
1204 1724 1367 1795 paulo
1412 1732 1538 1777 ante
1583 1723 1779 1794 lingnze

195 1814 380 1885 ligatae
402 1812 582 1870 fuerat
606 1812 815 1871 audivit
835 1815 1079 1887 expedite
1100 1815 1402 1885 exprimere
1424 1813 1607 1881 verba;
1635 1814 1779 1885 quod

196 1906 406 1963 factum
430 1909 627 1963 mulier
646 1909 925 1965 admirans
946 1917 999 1964 et
1019 1909 1282 1980 gaudens,
1306 1907 1538 1963 Domino
1565 1918 1780 1963 sancto-

198 2017 309 2071 que
349 2002 566 2071 pnesuli
601 2002 831 2058 reddidit
871 2001 1061 2059 laudes
1107 2017 1208 2074 pro
1254 2001 1378 2058 filia:
1424 2011 1637 2074 recepta
1692 2018 1781 2058 sa-

204 2093 395 2147 nitate.

270 2209 596 2283 Presbytero
645 2228 864 2285 quoque
912 2212 1111 2270 Ottone
1157 2213 1444 2270 laudabilis
1491 2214 1614 2271 vitae
1662 2214 1780 2272 viro

199 2309 481 2369 narrante,
506 2301 710 2374 quibus
747 2314 802 2361 et
839 2305 1300 2362 Cremonensibus
1344 2306 1555 2363 civibus
1595 2315 1782 2362 conte-

200 2392 476 2451 stantibus
496 2436 513 2462 ,
560 2394 710 2451 aliud
736 2398 961 2470 cognovi
1009 2397 1333 2457 miraculum
1376 2399 1520 2470 quod
1565 2398 1780 2455 silentio

200 2485 431 2544 minime
450 2496 533 2543 est
553 2490 1012 2559 praetereundum.
1036 2489 1283 2557 Quadam
1304 2491 1390 2547 die
1409 2492 1779 2563 equitantibus

202 2587 361 2635 extra
398 2580 675 2638 civitatem
716 2583 927 2654 aliquot
966 2581 1419 2641 Cremonensium
1443 2625 1459 2650 ,
1498 2593 1781 2654 cmperunt

200 2670 359 2725 vario
379 2687 632 2729 sermone
653 2673 796 2729 inter
815 2690 874 2731 se
896 2673 1097 2730 referre
1117 2674 1363 2744 quedam
1392 2675 1779 2731 miraculorum

201 2777 333 2832 qua:
356 2761 622 2821 Dominus
664 2774 923 2835 operatur
966 2765 1180 2823 meritis
1213 2766 1544 2822 sanctissimi
1568 2764 1781 2823 confes-

204 2867 351 2909 soris
392 2854 662 2911 Anselmi.
705 2855 954 2928 Cumque
996 2856 1067 2913 ad
1116 2856 1349 2912 invicem
1383 2856 1499 2912 haec
1538 2856 1782 2912 revolve-

205 2955 350 3013 rent,
379 2949 603 3018 quidam
624 2964 840 3018 eorum,
864 2957 925 3004 ut
953 2948 1155 3005 mentis
1175 2957 1294 3006 erat
1322 2949 1561 3020 perﬁdae,
1586 2964 1781 3021 expro-

204 3039 419 3096 brando
436 3042 910 3115 eis-interrogabat
933 3059 1005 3099 an
1029 3043 1345 3114 hujusmodi
1373 3045 1639 3101 vanitates
1659 3059 1781 3101 cre-

205 3132 527 3201 derentﬁ'el
574 3137 723 3207 quod
766 3135 909 3192 Deus
945 3152 1043 3206 per
1076 3151 1202 3192 eum
1239 3136 1502 3193 miracula
1533 3137 1784 3194 ostende-

1812 1676 1853 1731 B

1942 518 2199 573 Arialdus
2249 516 2584 573 sanctissimi
2631 514 2970 572 confessoris
3003 514 3245 572 Anselmi
3286 512 3457 571 frater

1873 608 2166 681 quamdam
2178 608 2662 680 habebatquinque
2673 623 2942 664 annorum
2968 606 3157 675 ﬁliam,
3181 623 3346 678 quam
3371 605 3424 663 fe
3444 637 3455 646 -

1875 702 2055 758 brium
2103 701 2191 757 vis
2240 700 2523 773 fatigabat;
2562 709 2618 756 et
2647 700 2873 771 insuper
2902 716 2969 756 ex
2998 700 3170 771 ipsius
3199 700 3459 756 auriculae

1875 791 2144 848 foramine
2188 799 2365 864 gutta,
2415 808 2581 863 quam
2624 792 2835 859 dicunt,
2859 786 3116 848 'fistulam
3141 802 3455 864 generante,

1876 882 2107 954 putredo
2156 882 2407 954 quaedam
2440 882 2662 939 assidue
2703 884 2957 956 guttatim
2997 883 3278 950 stillabat;
3335 897 3460 953 quas

1875 974 2041 1029 etiam
2098 973 2605 1045 approximantibus
2649 974 2754 1030 sibi
2803 973 3087 1030 fastidium
3140 974 3454 1047 generabat.
3566 976 3569 977 ⁷

1877 1064 2156 1121 Praedicta
2194 1064 2388 1136 puellae
2426 1079 2681 1136 parentes
2706 1065 2977 1135 particula
2995 1081 3161 1137 quam
3188 1066 3460 1122 habebant

1877 1156 1946 1213 de
1986 1157 2134 1229 ligno
2162 1159 2320 1214 navis
2348 1158 2460 1214 lota
2517 1157 2700 1229 (cujus
2726 1158 3054 1214 miraculum
3081 1159 3336 1230 superius
3374 1168 3460 1215 est

1878 1250 2282 1321 pranotatum),
2317 1264 2517 1321 aquam
2546 1249 2845 1305 ablutionis
2888 1266 3003 1307 suae
3029 1251 3156 1307 tiliae
3186 1251 3459 1306 dederunt

1878 1340 2084 1408 bibere,
2126 1340 2443 1396 invocantes
2475 1339 2885 1397 sanctissimum
2912 1338 3286 1395 confessorem
3311 1341 3459 1410 nepti

1880 1447 1993 1487 sine
2017 1431 2326 1498 subvenire,
2354 1446 2462 1501 qua
2497 1431 2716 1496 hausta,
2749 1430 2972 1501 praefata
3016 1430 3194 1500 puella
3230 1436 3461 1500 utraque

1881 1520 2200 1577 inﬁmitate
2234 1537 2362 1578 mox
2389 1530 2477 1577 est
2500 1521 2748 1576 liberata.

1952 1633 2108 1703 Rem,
2138 1649 2302 1704 quam
2336 1634 2828 1705 impraesentiarum
2858 1647 3075 1701 enarro,
3102 1633 3207 1689 sub
3241 1631 3304 1687 D.
3342 1631 3459 1687 Ma-

1879 1726 2061 1781 tbildaa
2112 1725 2408 1780 comitissze
2455 1724 2769 1780 narratione
2813 1724 2976 1780 didici
3036 1734 3091 1780 et
3121 1724 3459 1780 testimonio.

1877 1817 2047 1890 Cujus
2090 1817 2424 1874 attestationi
2460 1818 2830 1874 indubitanter
2886 1816 3216 1873 credendum
3255 1831 3461 1888 cogno-

1878 1911 2058 1966 vimus
2090 1925 2153 1966 ει
2186 1910 2360 1981 ipsius
2390 1910 2616 1981 probata
2639 1910 2746 1981 fide
2775 1917 2832 1965 et
2875 1909 3148 1981 religiosis
3181 1909 3457 1974 moribus;

1877 2002 2023 2072 quod
2048 2002 2209 2056 etiam
2257 2001 2393 2055 mihi
2437 2001 2641 2071 pariter
2668 2001 2927 2069 innotuit,
2962 2009 3240 2057 asserente
3269 2001 3459 2055 eadem

1878 2092 2053 2163 puella
2075 2092 2164 2148 cui
2188 2092 2292 2147 hoc
2313 2090 2757 2163 contigitzNocte
2776 2091 3013 2162 quadam
3039 2100 3260 2163 repente
3282 2090 3458 2156 dolor,

1879 2192 1939 2239 ut
1966 2200 2125 2254 saepe,
2151 2183 2406 2254 puellam,
2429 2181 2767 2239 Athelasiam
2793 2184 3033 2251 nomine,
3072 2182 3277 2238 Amnis
3309 2196 3462 2236 mar-

1879 2276 2093 2331 chionis
2132 2275 2300 2329 tiliam
2326 2274 2653 2330 existentem
2686 2274 2743 2328 in
2764 2273 3035 2345 praedicta
3081 2272 3320 2329 domina:
3366 2284 3463 2326 ca-

1880 2382 2050 2435 mera,
2074 2362 2127 2422 in
2150 2375 2305 2437 parte
2328 2366 2538 2424 ventris
2589 2366 2790 2422 acriter
2810 2375 3074 2438 torquens
3095 2380 3327 2437 magnos
3374 2379 3465 2420 co-

1879 2460 2037 2531 gebat
2057 2459 2188 2514 dare
2209 2459 2497 2516 clamores.
2550 2458 2929 2531 lnterrogante
2974 2467 3157 2513 autem
3203 2458 3463 2530 praedicta

1878 2552 2099 2608 domina
2126 2550 2257 2622 quid
2278 2559 2482 2622 ageret,
2507 2565 2834 2622 responsum
2881 2560 2965 2606 est
2995 2564 3116 2605 eam
3149 2547 3206 2605 S.
3264 2549 3462 2605 Ansel—

1878 2658 2029 2697 mum
2053 2640 2364 2712 frequenter
2384 2641 2489 2697 sibi
2511 2642 2567 2696 in
2596 2642 2861 2697 auxilium
2888 2641 3161 2696 invocare.
3192 2638 3461 2712 Cumque,

1878 2749 1946 2789 ex
1969 2740 2237 2803 praecepto
2265 2731 2438 2803 ipsius
2472 2732 2731 2800 dominae,
2754 2732 3009 2803 pulvinar
3029 2732 3085 2786 in
3106 2746 3218 2803 quo
3243 2731 3301 2787 S.
3325 2747 3463 2802 pre-

1880 2825 1967 2881 sul
1996 2823 2150 2880 vivus
2173 2824 2366 2880 solitus
2386 2833 2505 2879 erat
2537 2824 2726 2879 sedere
2766 2824 2846 2878 illi
2899 2824 3040 2894 parti
3085 2824 3351 2894 corporis,
3402 2825 3459 2879 in

1879 2932 1987 2989 qua
2015 2916 2171 2971 dolor
2189 2916 2526 2983 imminebat,
2576 2913 2787 2987 fuisse;
2812 2915 3152 2985 impositum,
3187 2929 3315 2970 mox
3344 2914 3459 2972 cla-

1809 3014 1849 3072 C
1881 3009 2054 3065 mavit
2088 3009 2268 3080 puella
2290 3008 2440 3063 omni
2461 3007 2648 3063 dolore
2684 3021 2742 3063 se
2761 3006 3069 3063 liberatam.

1956 3120 2082 3177 Viro
2107 3122 2365 3193 quodam,
2396 3120 2717 3178 Constantio
2740 3121 2981 3190 nomine,
3015 3128 3313 3189 asserente,
3343 3110 3459 3177 rem

205 3232 311 3291 rei;
334 3224 534 3295 quibus
550 3227 1005 3299 respondentibus
1027 3228 1216 3298 procul
1237 3228 1403 3285 dubio
1429 3229 1577 3285 hunc
1601 3228 1783 3284 fama-
1883 3210 2112 3285 cognovi
2171 3227 2430 3284 praeterea
2487 3212 2766 3269 memoriae
2817 3213 3323 3269 commendandam.
3356 3211 3466 3268 Su--

205 3314 324 3371 lum
355 3315 453 3373 Dei
476 3334 599 3376 esse
623 3330 874 3376 sanctum
898 3328 953 3376 et
976 3321 1164 3378 multis
1199 3321 1588 3379 miraculorum
1614 3321 1786 3395 signis

205 3409 589 3481 clariﬁcatum,
613 3414 791 3485 inquit
816 3414 907 3470 ille
939 3415 1178 3485 perfidus
1203 3434 1215 3470 :
1237 3435 1255 3468 ι
1288 3415 1347 3471 Si
1370 3424 1473 3483 est,
1498 3425 1559 3472 ut
1579 3416 1782 3482 dicitis,

207 3512 437 3560 sanctus
461 3507 547 3561 vel
570 3506 618 3562 si
642 3507 806 3562 alicui
830 3507 1063 3563 reddidit
1091 3524 1362 3580 gressum,
1390 3525 1538 3566 nunc
1565 3519 1784 3566 contra-

206 3595 306 3651 hat
334 3597 393 3652 in
420 3614 534 3668 quo
572 3599 733 3657 sedeo
763 3615 987 3665 equum.
1025 3619 1044 3652 ι
1070 3599 1268 3672 Sicque
1292 3599 1490 3658 factum
1517 3609 1618 3658 est.
1649 3600 1785 3656 Nam

209 3689 495 3756 paululum
522 3707 867 3764 progressus,
902 3707 1032 3748 mox
1066 3701 1383 3749 contractus
1416 3694 1567 3749 stetit
1595 3693 1685 3749 cui
1709 3693 1789 3749 in.

208 3780 426 3836 sidebet
467 3799 663 3855 equus,
709 3796 872 3858 atque
900 3787 1190 3858 praedictus
1252 3786 1418 3843 homo
1476 3787 1789 3843 inﬁmitate

209 3883 521 3941 pmventus
543 3877 638 3931 diu
672 3878 939 3933 laboravit
960 3919 976 3945 ,
1005 3877 1179 3934 donec
1202 3877 1272 3934 ad
1311 3886 1561 3934 sanctum
1590 3894 1788 3950 corpus

209 3967 532 4038 suppliciter
556 3970 635 4027 ire
657 3971 965 4027 destinavit.

281 4102 441 4168 Quod
485 4109 649 4159 etiam
678 4115 850 4162 matre
892 4123 1011 4162 mea
1057 4107 1124 4162 de
1170 4122 1229 4163 se
1268 4115 1525 4161 narrante
1561 4106 1790 4179 cognovi

211 4212 322 4249 non
345 4206 433 4251 est
461 4198 779 4253 tradendum
802 4199 1080 4255 oblivioni.
1113 4199 1209 4255 Die
1229 4198 1465 4270 quadam
1492 4199 1671 4254 subito
1694 4215 1788 4255 su-

211 4288 535 4355 perveniens
562 4298 738 4360 gutta,
787 4291 861 4345 ita
905 4292 1067 4347 unius
1109 4291 1253 4346 oculi
1295 4290 1480 4346 lumen
1526 4290 1791 4361 sanguine

213 4378 492 4446 cooperuit
511 4380 662 4450 quod
685 4388 831 4436 recto
855 4382 972 4437 visu
1000 4391 1200 4436 terram
1228 4380 1393 4437 etiam
1417 4390 1662 4452 spectare
1682 4395 1790 4435 non

212 4467 401 4523 valuit.
435 4467 676 4542 Urgente
702 4471 883 4541 itaque
908 4488 1027 4527 eam
1058 4473 1203 4527 oculi
1231 4473 1436 4539 dolore,
1460 4471 1705 4543 confugit
1722 4472 1790 4526 ad

216 4558 275 4614 ὃ.
309 4561 641 4619 confessoris
672 4564 962 4631 tumulum,
990 4566 1307 4635 suppliciter
1344 4565 1428 4621 bis
1472 4566 1653 4621 verbis
1693 4580 1791 4635 po-

215 4649 420 4706 stulans
448 4667 551 4706 suo
572 4651 750 4707 dolori
778 4653 1082 4709 subsidium
1106 4674 1119 4708 :
1146 4675 1163 4705 ι
1194 4654 1547 4711 Sanctissime
1575 4653 1789 4711 confes-

215 4754 347 4807 sor,
377 4741 651 4797 salubrem
698 4742 834 4796 milii
881 4742 1068 4799 confer
1114 4745 1457 4799 medicinam.
1491 4744 1625 4800 Nam
1666 4746 1787 4800 nul-

214 4830 352 4898 lum,
383 4833 487 4887 nisi
529 4842 601 4900 te,
633 4850 877 4905 quaeram
909 4837 1199 4891 medicum.
1246 4836 1327 4892 Tu
1354 4837 1498 4892 cnim
1528 4852 1662 4892 mcze
1702 4838 1788 4891 in-

212 4922 459 4977 ﬁrmitati
486 4924 706 4981 salubre
734 4925 880 4982 vales
901 4925 1151 4983 conferre
1174 4926 1495 4982 subsidium.
1531 4946 1551 4978 ι
1570 4926 1788 4981 Confri-

212 5022 341 5068 cato
375 5014 556 5085 itaque
600 5016 762 5072 oculo
808 5016 874 5071 ad
923 5017 1177 5088 lapidem,
1225 5032 1335 5088 quo
1380 5018 1578 5089 tegitur
1613 5019 1790 5073 sancti

212 5104 462 5174 corporis
486 5121 627 5175 arca,
660 5123 791 5163 cum
821 5116 1084 5164 remearet
1105 5108 1346 5177 domum,
1375 5109 1501 5165 huic
1531 5123 1632 5180 ego
1669 5125 1791 5166 sum

211 5197 395 5264 testis,
422 5213 547 5252 mox
570 5201 732 5257 noxia
766 5207 915 5270 gutta
940 5200 1190 5257 recessit.

284 5327 564 5352 O-l-s:---
622 5330 903 5352 --,-DH-.,,2,
942 5333 1126 5352 ur-.,s--
1181 5331 1353 5352 l-,,s,
1436 5333 1477 5352 ρ-
1535 5330 1736 5352 n--s-,-

1825 4350 1867 4404 Ι)

1881 3303 2203 3377 perveniens
2241 3304 2532 3362 infirmitas
2582 3305 2678 3361 uni
2728 3320 2920 3377 puero,
2952 3305 3234 3377 cujusdam
3276 3306 3469 3366 militis

1883 3396 2123 3453 scutario
2143 3396 2200 3450 in
2227 3404 2440 3453 tantum
2464 3411 2654 3453 vocem
2677 3396 3038 3453 suﬂ'ocaverat
3069 3398 3215 3469 quod
3254 3398 3326 3454 ab
3366 3399 3470 3453 ali~

1883 3489 2204 3560 quantulum
2229 3504 2260 3543 a
2296 3504 2355 3544 se
2385 3488 2612 3545 remotis
2631 3487 2724 3543 vix
2749 3488 2928 3544 audiri
2950 3497 3166 3560 poterat
3190 3507 3203 3543 :
3243 3498 3299 3545 et
3335 3489 3468 3561 quia

1884 3579 2166 3636 dominum
2219 3596 2382 3636 suum
2422 3581 2661 3637 clamore
2712 3580 3024 3659 interclusas
3082 3579 3232 3638 vocis
3271 3594 3469 3637 vocare

1886 3686 1996 3727 non
2018 3680 2252 3743 poterat,
2319 3670 2555 3728 habebat
2600 3687 2796 3741 cornu,
2853 3672 3010 3744 cujus
3035 3674 3241 3741 sonitu,
3274 3672 3329 3728 in
3357 3687 3468 3744 quo

1885 3773 2031 3820 esset
2051 3764 2192 3830 loco,
2220 3763 2325 3838 sibi
2362 3764 2639 3820 innuebat.
2670 3762 2772 3821 llic
2796 3764 2985 3837 itaque
3009 3780 3134 3820 cum
3174 3765 3467 3835 pnenomi-

1887 3864 2017 3911 nato
2048 3854 2373 3911 Constantio
2404 3855 2470 3911 ad
2522 3856 2579 3911 S.
2615 3856 2951 3914 confessoris
2974 3857 3268 3924 tumulum,
3301 3857 3470 3912 suffo-

1887 3953 2023 4001 eatae
2044 3945 2195 4001 vocis
2228 3945 2420 4000 devote
2443 3960 2677 4015 poscens
2696 3947 3019 4015 remedium,
3045 3947 3123 4001 ita
3152 3947 3469 4017 sospitatem

1889 4033 2116 4102 adeptus
2135 4040 2220 4088 est
2242 4033 2395 4090 vocis
2422 4034 2570 4103 quod
2603 4050 2751 4090 nunc
2780 4035 2922 4091 valet
2965 4035 3143 4091 audiri
3173 4051 3206 4090 a
3236 4037 3468 4091 multum

1889 4124 2053 4180 etiam
2089 4124 2334 4179 remotis.
2358 4121 2655 4181 Praedictus
2675 4121 3051 4193 Constantius,
3074 4126 3340 4196 completa
3369 4126 3467 4181 de-

1889 4222 2014 4269 vote
2042 4213 2308 4281 oratione,
2354 4212 2631 4283 pulverem
2674 4213 2743 4269 de
2796 4213 2972 4285 lapide
3037 4215 3273 4286 sepulcri
3294 4216 3469 4271 sancti

1891 4304 2222 4361 confessoris
2273 4318 2397 4359 cum
2422 4304 2726 4361 devotionis
2765 4314 3066 4362 reverentia
3112 4323 3319 4377 rasum,
3343 4317 3397 4364 et
3435 4323 3469 4363 a

1890 4395 2115 4453 custode
2143 4405 2452 4452 reverenter
2481 4406 2794 4466 susceptum
2842 4413 3028 4454 secum
3065 4399 3468 4471 detulit,'qucm

1890 4504 2046 4559 aquae
2095 4489 2340 4557 mistum,
2387 4489 2602 4545 cuidam
2633 4490 2848 4547 mulieri
2891 4490 2943 4545 vi
2965 4489 3200 4546 febrium
3237 4491 3465 4547 nimium

1889 4578 2177 4647 laboranti,
2208 4580 2457 4635 invocato
2481 4580 2685 4637 auxilio
2708 4583 3038 4639 sanctissimi
3072 4584 3340 4654 praesulis,
3399 4583 3468 4638 ad

1885 4672 2185 4742 potandum
2208 4672 2414 4728 tribuit.
2436 4671 2507 4727 Ut
2527 4681 2711 4729 autem
2734 4675 2927 4728 mulier
2941 4690 3097 4745 aqua:
3120 4682 3306 4744 potum
3329 4675 3463 4729 hau-

1890 4763 1979 4832 sit,
2005 4763 2188 4836 fugaia
2211 4765 2360 4820 omni
2387 4766 2640 4835 passione
2661 4765 2825 4822 febris
2845 4779 2973 4822 mox
2994 4767 3184 4822 evasit.

1962 4875 2060 4933 Vir
2076 4878 2295 4950 quidam
2325 4877 2632 4935 Mantuanae
2664 4877 2902 4934 civitatis
2936 4877 3092 4945 civis,
3134 4876 3290 4937 Oddo
3339 4877 3478 4935 Mar-

1891 4970 1992 5028 tini
2025 4969 2308 5028 Canevarii
2342 4970 2541 5037 dictus,
2565 4969 2704 5023 tanti
2735 4969 2942 5025 doloris
2978 4970 3280 5042 cogebatur
3302 4984 3480 5042 angu-

1890 5065 2020 5130 stia,
2060 5064 2207 5133 quod
2236 5062 2548 5133 frequenter
2568 5075 2680 5129 prae
2701 5061 2892 5118 dolore
2915 5069 3091 5117 totum
3112 5079 3318 5137 corpus
3348 5076 3483 5119 coo-

1888 5154 2201 5229 periebatur
2241 5150 2458 5210 sudoris
2484 5165 2646 5222 aqua.
2675 5148 2746 5207 Et
2781 5152 2912 5225 quia
2948 5153 3103 5209 nimii
3126 5156 3341 5217 doloris
3371 5164 3486 5209 tor-

1890 5247 2162 5321 quebatur
2185 5243 2462 5309 instantia,
2486 5241 2704 5298 dicebat
2724 5260 2785 5302 se
2806 5247 2911 5301 hac
2939 5246 3055 5303 sola
3091 5263 3260 5318 posse
3301 5243 3483 5306 sanari

2386 5333 2475 5352 ,ειη
