3984 5380
597 193 701 248 935

1573 186 1664 239 Χῖ)
1701 184 1930 241 OPERA
1971 184 2009 240 S
2047 184 2375 241 GR'rZCORll
2412 187 2848 245 APPENDiCES.
2944 260 2949 265 ι

3736 197 3836 249 956

596 307 769 376 ipsius
806 303 1010 374 pectori
1070 304 1174 359 fuit
1216 300 1617 372 superpositum
1646 342 1659 366 ,
1710 299 1888 355 sancti
1925 300 2174 370 przesulis
2205 304 2249 358 Α
2276 300 2390 356 lucc
2411 317 2498 358 res
2520 303 2653 357 mihi
2677 304 2877 373 pariter
2897 312 2949 358 et
2970 304 3155 362 multis
3177 305 3299 361 aliis
3323 307 3578 362 innotuit.
3608 306 3736 361 Erat
3760 310 3839 361 vir

598 400 851 454 invocato
880 396 1119 461 nomine,
1147 395 1329 449 statim
1353 392 1605 448 discessit
1629 391 1809 447 omnis
1834 391 2009 447 dolor.

667 490 948 546 Relatione
982 487 1248 547 Guidonis
1268 496 1322 542 et
1352 483 1543 541 Vitalis
1582 483 2178 554 Lucensis'episcopa-

596 590 685 635 tus
709 581 953 635 honestat
969 572 1094 633 vitie
1125 576 1447 649 presbyteri,
1484 583 1647 646 atque
1696 574 1901 645 pariter
1943 572 2048 629 sub
2098 581 2177 629 te-

596 670 854 725 stimonio
912 668 1217 722 Allucionis
1253 666 1488 722 Lucanae
1525 665 1763 722 civitatis
1799 664 1998 719 nobilis
2049 662 2171 729 viri,

593 775 730 826 rem,
757 775 921 830 quam
956 774 1142 826 narro,
1178 759 1430 831 cognovi,
1454 760 1549 830 qui
1582 768 1879 833 praesentes
1899 756 2176 833 interfue-

591 859 722 906 runt
752 851 879 906 huic
908 850 1194 906 miraculo.
1223 849 1318 904 Vir
1348 850 1572 921 quidam
1596 842 1819 904 manum
1837 848 1992 919 juxta
2043 848 2173 902 bra-

590 942 776 996 chium
802 950 1138 997 contractam
1190 942 1443 1008 habebat,
1473 942 1562 997 cui
1583 940 1826 1012 praedicti
1871 939 2172 1015 Allucionis

586 1033 760 1093 frater
781 1051 847 1091 ex
877 1036 1076 1106 pietate
1104 1036 1162 1090 in
1189 1036 1353 1091 domo
1373 1050 1473 1090 sua
1505 1034 1815 1089 necessaria
1840 1032 2004 1104 longo
2030 1040 2171 1087 tem-

586 1144 721 1200 pore
742 1129 1091 1186 ministravit.
1117 1126 1332 1185 Prazfati
1359 1144 1488 1184 vero
1507 1126 1827 1200 presbyteri,
1866 1136 2031 1198 atque
2069 1142 2170 1196 pa-

584 1222 721 1278 riter
740 1222 857 1292 jam
881 1221 1198 1277 nominatus
1225 1222 1439 1277 Allucio
1483 1220 1817 1277 conﬁdentes
1849 1219 2085 1276 maxime
2104 1220 2172 1276 de

583 1308 962 1367 misericordia
1007 1309 1341 1365 sanctissimi
1373 1309 1641 1380 prazsulis,
1694 1309 1969 1365 hominem
2003 1325 2169 1365 manu

504 1397 521 1415 ⁸
576 1406 950 1467 contractum,
976 1400 1045 1455 ad
1076 1400 1372 1470 quamdam
1394 1401 1736 1457 deduxerunt
1772 1386 2083 1468 ecclesiam,
2112 1402 2168 1457 in

581 1505 690 1559 qua
716 1490 1009 1560 pra‘dictus
1033 1491 1210 1547 Guido
1238 1493 1519 1564 presbyter
1537 1493 1786 1563 quaedam
1832 1494 2008 1548 sancti
2031 1509 2169 1564 prte-

581 1582 717 1636 sulis
748 1595 847 1652 pro
871 1582 1175 1637 reverentia
1203 1598 1266 1639 ac
1300 1583 1508 1639 honore
1528 1584 1852 1639 condiderat
1871 1585 2164 1640 vestimen-

581 1682 652 1728 ta.
682 1672 976 1730 Orantibus
1006 1676 1190 1746 itaque
1216 1676 1322 1731 illis
1344 1676 1675 1731 unanimiter
1699 1684 1862 1747 atque
1881 1678 2162 1747 postulan-

577 1764 724 1820 tibus
759 1766 1051 1821 devotione
1096 1766 1287 1833 multa,
1311 1774 1371 1820 ut
1401 1765 1564 1831 Deus,
1603 1767 1669 1821 ad
1697 1765 2082 1822 confutandam
2109 1777 2164 1823 et

575 1858 941 1926 superandam
977 1856 1123 1913 Petri
1150 1858 1389 1914 hzeretici
1423 1868 1478 1913 et
1500 1860 1768 1916 invasoris
1798 1860 2031 1915 Lucana:
2054 1860 2161 1916 Ec-

574 1948 753 2003 clesiae
775 1949 1095 2020 nequitiam,
1129 1949 1184 2004 in
1215 1950 1319 2004 hoc
1351 1950 1571 2005 homine
1601 1951 1901 2007 declararet
1926 1953 2159 2008 sanctis-

574 2038 698 2093 simi
750 2039 1022 2111 pontiﬁcis
1054 2027 1453 2096 admirabilem
1498 2028 1726 2112 gloriam
1754 2084 1768 2108 ,
1813 2053 2039 2100 sanatus
2077 2054 2160 2099 est

575 2131 739 2186 homo
763 2132 922 2202 cujus
947 2148 1142 2188 manus
1189 2141 1308 2188 erat
1352 2142 1650 2190 contracta.
1702 2133 1948 2191 Praxlicti
1976 2136 2160 2208 itaque

573 2224 883 2291 sacerdotes
905 2232 1216 2294 spectantes
1236 2233 1345 2279 tam
1380 2226 1628 2295 praeclari
1654 2225 1782 2282 facti
1805 2227 2066 2295 laatitiam,
2093 2245 2160 2285 ne

574 2313 793 2370 Domini
819 2317 1230 2371 occultarentur
1271 2318 1563 2388 magnalia,
1600 2335 1664 2373 ex
1715 2328 1984 2390 prteccpto
2025 2322 2157 2375 obe-

572 2406 790 2461 dientiaz
825 2416 1019 2462 sanato
1044 2407 1252 2462 homini
1269 2395 1556 2477 jusserunt
1594 2424 1802 2466 eievata
1842 2426 2004 2467 cruce
2027 2428 2156 2481 pro-

574 2512 762 2554 uerare
789 2498 844 2553 in
884 2497 1159 2555 Lucanam
1186 2500 1481 2567 civitatem,
1508 2511 1569 2556 ut
1593 2503 1917 2573 populorum
1963 2506 2155 2573 turba‘,

572 2599 879 2659 spectantes
903 2592 1051 2647 hunc
1077 2592 1295 2648 Domini
1323 2594 1695 2650 misericordia
1723 2594 2043 2653 mirabiliter
2070 2615 2157 2654 sa-

572 2694 726 2745 num,
748 2694 918 2751 quem
942 2681 1104 2751 paulo
1124 2672 1256 2737 ante
1293 2692 1559 2738 noverant
1582 2694 1943 2754 contractum,
1970 2688 2054 2743 vel
2078 2690 2158 2744 sic

572 2773 898 2829 omniterent
919 2775 1049 2844 quia
1072 2784 1320 2831 sanctum
1342 2776 1629 2847 praesulem
1659 2780 1962 2835 sanctitatis
1987 2781 2155 2836 vitam

571 2867 953 2923 mendicantem
978 2868 1097 2924 sine
1119 2884 1286 2925 causa
1309 2870 1437 2926 sede
1457 2871 1677 2942 propria
1700 2875 2047 2944 expulerunt,
2074 2886 2153 2945 ut,

2276 391 2518 462 quidam,
2541 391 2723 449 Lanzo
2748 392 2919 449 Iudex
2955 395 3193 462 nomine,
3217 395 3639 451 Mediolanensis
3680 411 3837 465 gene-

2276 497 2356 549 re,
2384 480 2700 540 Tarvisinus
2725 485 3078 554 habitatione,
3117 502 3277 557 quem
3322 485 3467 559 [qui]
3503 487 3643 541 ﬁcus
3682 487 3834 558 agri-

2276 572 2463 627 tudine
2482 574 2829 631 vehementer
2865 579 3071 633 virente
3106 587 3161 633 et
3184 588 3349 649 guttae
3394 579 3591 634 morbo
3611 581 3840 649 graviter

2273 678 2399 718 eum
2422 664 2475 718 in
2501 665 2728 735 pedibus
2748 665 2974 735 ferente,
2991 678 3047 723 et
3068 685 3257 740 gressu
3287 668 3468 724 fuerat
3501 668 3762 739 privatus,
3788 679 3840 723 et

2273 753 2491 823 requies
2522 754 2699 809 somni
2728 757 2943 826 penitus
2976 759 3081 813 sibi
3115 759 3261 814 nulla
3287 759 3539 814 dabatur.
3592 758 3661 813 Et
3694 759 3836 829 quia,

2271 845 2484 901 viribus
2508 845 2621 916 jam
2651 847 3057 918 deﬁcientibus,
3088 851 3143 905 in
3166 852 3307 907 lecto
3341 853 3431 906 vix
3475 868 3536 907 se
3576 852 3839 906 resolvere

2272 938 2504 1004 valebat,
2536 938 2811 997 funiculus
2834 957 2997 1013 supra
3018 944 3216 1000 lectum
3243 943 3421 999 fuerat
3440 943 3664 1016 ligatus,
3688 944 3838 1012 cujus

2271 1026 2543 1098 adjutorio
2584 1030 2910 1085 semutabat
2936 1032 2990 1086 in
3019 1033 3297 1103 quodlibet
3346 1034 3511 1088 latus.
3565 1031 3663 1086 Die
3684 1031 3839 1102 igitur

2270 1120 2525 1190 quadam,
2550 1122 2741 1180 tractis
2763 1124 3013 1194 suspiriis
3041 1133 3096 1179 et
3116 1124 3354 1195 profusis
3380 1125 3661 1195 laerymis,
3684 1124 3840 1191 coepit

2271 1227 2428 1268 orare
2440 1213 2526 1270 bis
2537 1215 2735 1271 verbis:
2749 1236 2766 1267 ι
2777 1215 3497 1283 Deus,meritisS.Anselmi,
3511 1215 3672 1284 cujus
3682 1214 3838 1269 audio

2270 1305 2641 1361 admirabilem
2663 1307 2913 1378 gloriam,
2939 1308 3164 1364 ostende
3187 1308 3241 1362 in
3269 1323 3358 1363 me
3390 1306 3559 1362 etiam
3583 1314 3695 1361 tua:
3729 1306 3834 1359 vir-

2270 1396 2403 1451 tutis
2426 1397 2789 1454 clemcntiam.
2818 1398 3016 1454 Sancte
3045 1397 3350 1463 confessor,
3384 1394 3835 1453 mementofami-

2269 1484 2519 1541 liar‘tatis
2538 1502 2661 1556 quae
2686 1503 2788 1543 nos
2810 1488 2865 1543 in
2892 1488 3096 1544 scholis
3117 1488 3297 1544 socios
3323 1487 3607 1557 iunxerat;
3634 1486 3836 1555 prosint

2268 1576 2423 1640 mihi,
2457 1576 2700 1647 piissime
2722 1579 2938 1648 praisul,
2963 1593 3084 1649 qua:
3132 1592 3371 1649 persmpe
3417 1576 3621 1632 miscui
3664 1583 3833 1630 tectm

2263 1665 2514 1721 amicitia:
2535 1668 2696 1722 verba
2719 1686 2733 1736 ;
2762 1669 2830 1724 ad
2857 1668 3222 1724 venerandum
3252 1677 3407 1723 tuum
3430 1667 3709 1721 tumulum
3742 1681 3831 1722 ve-

2263 1757 2430 1824 niam,
2449 1758 2496 1813 si
2517 1769 2743 1829 prasstas
2765 1760 3016 1817 sanitatis
3030 1761 3292 1819 laetitiam.
3319 1779 3338 1813 ι
3356 1760 3494 1815 Tota
3520 1769 3833 1830 itaquepm-

2263 1851 2407 1905 xima
2438 1861 2617 1919 nocte,
2652 1868 2851 1924 sopore
2872 1856 3049 1909 somni
3083 1863 3353 1924 arreptus,
3404 1854 3618 1924 quievit
3668 1866 3833 1922 usque

2260 1943 2316 1998 in
2348 1945 2667 2001 crastinum.
2705 1944 2871 2000 Facto
2905 1954 3087 2001 autem
3116 1960 3295 2012 mane,
3346 1946 3594 2000 sentiens
3636 1960 3696 1999 se.
3726 1945 3830 2013 jan

2252 2030 2658 2103 convalescere,
2694 2052 2822 2091 mox
2848 2038 3071 2107 ineoepit
3102 2037 3436 2093 conﬁdenter
3494 2037 3598 2101 ire,
3655 2037 3831 2105 sicque

2261 2128 2435 2183 sancti
2467 2129 2714 2198 praesulis
2739 2127 3112 2185 misericordia
3142 2130 3426 2196 liberatus,
3457 2143 3610 2183 nunc
3646 2130 3832 2200 gaudet

2260 2233 2319 2273 se
2345 2221 2548 2289 optime
2583 2220 2926 2289 sospitatum.

2329 2312 2593 2369 Praaterea
2629 2309 2944 2371 adolescens
2968 2316 3188 2386 quidam
3253 2314 3474 2371 auditus
3523 2324 3582 2370 et
3646 2306 3828 2386 lingua

2259 2403 2437 2459 oﬂicio
2462 2421 2492 2459 a
2530 2407 2815 2462 nativitate
2843 2407 3088 2476 privatus
3116 2405 3312 2474 fuerat,
3336 2408 3431 2477 qui
3479 2405 3607 2477 plus
3632 2422 3827 2461 meus:-

2258 2496 2361 2552 bus
2389 2497 2605 2554 duobus
2657 2497 2942 2553 nobiscum
2992 2498 3286 2555 demorans
3324 2513 3439 2555 suae
3499 2499 3832 2553 inﬁrmitatis

2259 2600 2461 2645 certam
2497 2590 2727 2646 nobiset
2754 2588 2939 2645 multis
2980 2590 3102 2647 aliis
3135 2591 3360 2646 dederat
3400 2592 3671 2645 notitiam.
3738 2590 3834 2646 llic

2257 2689 2450 2752 quater
2471 2682 2526 2737 in
2551 2681 2757 2738 somnis
2782 2682 2916 2737 vidit
2935 2682 3039 2737 sibi
3076 2683 3293 2754 roganti
3335 2691 3583 2738 sanctum
3636 2683 3830 2752 ponti-

2256 2773 2433 2840 ficem,
2456 2781 2510 2828 et
2529 2789 2689 2829 aures
2707 2773 2861 2844 juxta
2884 2778 3131 2829 sanctum
3156 2775 3424 2829 tumulum
3462 2773 3569 2828 sibi
3608 2775 3833 2844 aperiri,

2246 2872 2311 2919 et
2329 2866 2605 2920 vinculum
2639 2867 2839 2937 lingua:
2856 2866 3062 2936 pariter
3081 2866 3323 2921 dissolvi.
3376 2864 3627 2920 Veniens
3652 2867 3828 2937 igitur,

574 2960 662 3029 qni
685 2960 865 3015 verbis
888 2959 1063 3031 ipsius
1092 2956 1387 3018 nolue'runt
1415 2965 1656 3032 credere,
1695 2967 1777 3021 vel
1800 2975 1909 3023 tam
1936 2970 2154 3025 eviden-
2181 2986 2223 3042 ρ
2253 2969 2318 3016 ιιι
2351 2961 2529 3016 fuerat
2557 2962 2931 3031 Ρναὲωοηίῑυε.
2970 2962 3037 3016 ad
3074 2970 3319 3018 samum
3344 2963 3829 3032 corruamus“:

571 3050 716 3106 sibus
745 3051 1003 3122 operibus
1029 3052 1329 3107 crederent.
1375 3052 1481 3109 Sed
1512 3052 1705 3111 Petrus
1732 3056 2039 3127 haereticus,
2062 3060 2154 3131 qui

562 3136 733 3191 “etiam
758 3136 983 3191 mittens
1003 3151 1228 3191 manum
1264 3137 1321 3192 in
1348 3138 1619 3194 christum
1664 3138 1901 3209 Domini,
1931 3158 2038 3198 non
2086 3146 2157 3199 ti—

567 3228 709 3283 muit
741 3230 1072 3297 praesumere
1099 3238 1348 3285 sanctum
1377 3231 1686 3300 pontiﬁcem
1711 3233 1778 3288 de
1811 3236 2031 3306 propria
2058 3252 2156 3292 ex-

570 3318 771 3382 pellere
792 3317 939 3383 sede,
972 3326 1027 3373 et
1057 3318 1163 3373 sibi
1184 3334 1305 3373 eam
1352 3319 1584 3376 nefande
1627 3323 1857 3393 eripere,
1904 3326 2158 3382 indurato

571 3407 732 3462 corde
762 3408 892 3462 visis
934 3409 1105 3479 signis
1135 3418 1189 3463 et
1223 3412 1502 3482 prodigiis,
1536 3412 1713 3469 adhuc
1748 3427 2056 3484 perseverat
2103 3416 2154 3473 in

554 3496 944 3553 incredulitate
969 3514 1082 3554 suae
1105 3501 1378 3571 nequitize.
1425 3502 1793 3560 Ccnsiderans
1813 3506 2046 3578 denique
2069 3508 2157 3563 ille

566 3584 968 3641 nefandus‘hoc
1013 3588 1082 3642 ad
1131 3589 1509 3646 confusionem
1541 3597 1595 3648 et
1633 3594 2019 3652 detrimentum
2071 3602 2152 3654 sui

569 3676 839 3742 evenisse,
864 3680 1094 3734 tentavit
1115 3689 1367 3736 sanatum
1390 3682 1666 3739 hominem
1694 3685 1747 3740 in
1793 3690 2038 3745 custodia
2062 3707 2153 3745 rc-

569 3769 808 3836 trudere,
835 3770 1025 3826 volens
1049 3772 1215 3841 hujus
1236 3773 1313 3829 rei
1339 3775 1555 3846 signum
1592 3778 1686 3832 tali
1722 3780 1943 3849 perfidia
1971 3784 2154 3836 occul-

570 3862 707 3915 tare.
736 3860 1016 3932 Sed,-quia
1066 3866 1276 3918 verbum
1326 3863 1729 3938 Dei‘nunquam
1755 3880 1831 3924 est
1874 3872 2153 3943 alligatum

572 3950 661 4023 {II
698 3950 832 4006 Tim.
875 3954 960 4023 ir),
988 3953 1187 4010 timens
1238 3957 1498 4026 pupulum
1554 3960 1613 4013 in
1658 3975 1716 4015 se
1751 3962 1852 4017 hac
1892 3964 1959 4017 de
1986 3979 2151 4018 causa

575 4040 922 4108 concitatum,
950 4042 1216 4099 confusus
1241 4045 1488 4114 permisit
1531 4048 1680 4104 abire
1733 4066 1893 4120 quem
1922 4053 2153 4107 habebat

568 4132 868 4190 reclusum.

641 4228 757 4283 Sub
799 4230 1114 4287 testimonio
1165 4232 1480 4288 e‘rumdem
1533 4236 1773 4292 virorum
1803 4237 2045 4308 ’pariter,
2098 4251 2150 4296 et

2257 3061 2312 3108 et
2331 3061 2519 3124 pectus
2544 3054 2798 3121 tundens,
2829 3068 2929 3124 pro
2962 3053 3192 3119 viribus,
3216 3051 3554 3108 sanctissimi
3588 3052 3830 3123 prasulis

2257 3144 2450 3199 devote
2474 3145 2735 3215 poscebat
2756 3144 3094 3215 praesidium.
3138 3144 3360 3215 Aliquot
3408 3145 3600 3214 itaque
3647 3144 3829 3199 didm

2257 3236 2517 3291 insistens
2537 3237 2900 3303 orationibus,
2937 3245 2993 3292 et
3013 3236 3232 3291 auditus
3257 3244 3595 3291 consecutus
3618 3244 3703 3290 est
3743 3236 3829 3289 la-

2234 3326 2432 3381 titiam
2460 3335 2515 3381 et
2549 3327 2805 3382 distincte
2823 3329 3081 3398 loquendi
3109 3329 3327 3397 plenam
3341 3326 3829 3398 eﬁicaciammuod

2238 3427 2551 3487 praesentes
2602 3419 2835 3475 vidimus
2858 3428 2913 3474 et
2944 3419 3066 3475 fere
3083 3426 3314 3474 cunctus
3352 3419 3596 3489 populus
3638 3426 3831 3473 nostra

2256 3509 2427 3564 urbis.

2324 3600 2591 3657 Praeterea
2612 3600 2808 3656 mulier
2839 3602 3088 3672 quaedam
3112 3602 3217 3659 fuit
3238 3603 3402 3673 longo
3430 3602 3831 3673 temporehoc

2255 3692 2485 3762 privata,
2509 3706 2695 3762 quam,
2718 3694 3006 3748 accedente
3039 3701 3209 3763 gutta,
3264 3693 3333 3749 ad
3385 3700 3608 3763 tempus
3651 3696 3829 3747 tantus

2253 3786 2410 3840 dolor
2438 3786 2633 3856 capitis
2662 3787 2911 3851 vexabat,
2940 3794 3001 3840 ut
3042 3786 3254 3841 furiosa
3277 3800 3389 3856 prae
3412 3785 3671 3857 angustia
3704 3798 3827 3855 pro-

2254 3878 2370 3947 pria
2400 3879 2617 3934 roderet
2645 3879 2908 3933 membra.
2935 3875 3058 3935 Haac
3088 3878 3277 3950 utique
3299 3878 3522 3932 hortatu
3544 3885 3601 3932 et
3622 3877 3827 3947 adjuto-

2252 3969 2336 4024 rio
2360 3966 2617 4039 Opizonis
2643 3969 2710 4025 de
2738 3968 2990 4039 Gonzaga
3021 3969 3088 4023 ad
3136 3968 3309 4024 sancti
3354 3966 3693 4024 confessoris
3737 3967 3826 4022 de-

2252 4060 2412 4115 ducta
2440 4060 2729 4126 tumulum,
2760 4068 2815 4113 et
2843 4066 3008 4130 gutta:
3038 4060 3298 4114 liberatur
3319 4059 3597 4130 angustia,
3631 4059 3826 4113 ethicis

2226 4148 2457 4218 pariter
2476 4156 2767 4203 consecuta
2795 4157 2878 4203 est
2898 4148 3159 4205 lzetitiam.
3203 4146 3374 4218 Cujus
3422 4150 3713 4219 prazterita:
3745 4150 3823 4201 in-

2252 4240 2523 4295 ﬁrmitatis
2556 4239 2846 4309 prtedictus
2882 4238 3051 4310 Opizo
3085 4240 3238 4295 adest
3288 4240 3467 4304 testis,
3501 4240 3598 4309 qui
3640 4254 3824 4310 corpo-

560 4323 718 4377 ‘iliud
744 4323 977 4393 cognovi
1001 4325 1328 4379 miraculum
1350 4325 1578 4382 miriﬁce
1601 4329 1930 4385 mirandum.
1961 4330 2151 4387 Homi-
2184 4337 2227 4390 D
2252 4332 2330 4387 ris
2363 4332 2618 4387 alimenta
2649 4347 2716 4387 cx
2759 4332 2958 4402 pietate
3002 4332 3095 4387 diu
3142 4332 3245 4387 sibi
3288 4332 3519 4402 praebuit
3560 4332 3619 4386 in
3670 4334 3825 4388 domo

573 4417 734 4471 uibus
755 4415 882 4482 loci,
910 4417 999 4470 cui
1034 4432 1233 4470 nomen
1264 4428 1347 4472 est
1375 4416 1787 4487 Castellonium,
1812 4422 1904 4477 diu
1941 4424 2155 4494 alteque

570 4503 797 4577 puteum
848 4506 1201 4572 fodientibus,
1246 4523 1440 4563 venam
1469 4523 1624 4580 aqua:
1670 4513 1817 4567 nulla
1847 4524 1980 4581 arte,
2006 4517 2155 4571 nullo

574 4599 794 4669 ingenio
816 4599 1055 4669 reperire
1080 4609 1350 4669 poterant.
1376 4600 1620 4673 Cumque
1650 4605 1761 4675 jam
1785 4607 1947 4678 longo
1971 4609 2155 4664 labore

573 4688 807 4760 fatigati,
830 4691 897 4745 de
923 4705 1080 4761 aqua:
1100 4691 1413 4747 inventione
1436 4692 1808 4764 desperantes,
1824 4700 1968 4754 inani
1992 4716 2155 4771 Opere

577 4781 773 4834 vellent
795 4781 1043 4846 deﬁcere,
1068 4789 1351 4851 eruperunt
1391 4798 1450 4838 se
1483 4785 1765 4842 adhortari
1804 4790 2044 4846 dicentes
2085 4792 2150 4846 ad

577 4866 812 4921 invicem
850 4887 863 4921 :
909 4888 927 4920 ε
959 4868 1221 4926 lustantia
1251 4872 1559 4928 orationum
1594 4884 1649 4930 et
1688 4878 2150 4951 eleemosynarbm

502 4948 514 4961 “
577 4957 867 5031 largitione
886 4959 1241 5029 deprecemur
1260 4964 1595 5019 unanimiter.
1614 4948 1938 5036 Dominum,
1956 4980 2017 5026 ut
2040 4988 2153 5028 me-

576 5047 700 5102 ritis
733 5048 1065 5103 sanctissimi
1089 5053 1350 5120 praesulis
1397 5054 1642 5111 Anselmi
1696 5058 1855 5113 nobis
1894 5064 2156 5118 concedat

579 5149 783 5206 aquam
802 5137 1060 5205 reperire,
1080 5156 1181 5210 pro
1202 5160 1317 5214 qua
1361 5146 1684 5204 invenienda
1705 5150 1797 5205 diu
1823 5150 2023 5207 frustra
2078 5154 2157 5208 in-

581 5228 957 5286 sudavimus.»
972 5231 1319 5294 Facientibus
1340 5240 1524 5311 itaque
1544 5243 1657 5299 illis
1687 5243 2154 5316 elecmosynarum

582 5320 906 5376 charitatem
941 5325 1284 5380 pauperibus.
1311 5329 1492 5380 subito
1506 5334 1722 5380 advenit
1746 5348 1883 5380 nuer
1900 5335 2158 5380 nuntians

2256 4439 2374 4480 sua.

2324 4509 2383 4563 ln
2405 4510 2608 4579 pnedio
2641 4509 3042 4566 Canonicorum
3085 4510 3227 4565 beati
3268 4509 3435 4576 Petri,
3484 4510 3545 4563 in
3578 4508 3827 4573 loeo,cui

2255 4618 2455 4657 nomen
2483 4614 2567 4657 est
2599 4604 2724 4657 villa
2748 4602 2932 4658 Sancti
2958 4603 3255 4667 Laurentii,
3276 4603 3473 4659 mulier
3484 4602 3665 4657 fuerat
3688 4617 3828 4672 qum-

2254 4697 2402 4762 dam,
2430 4696 2517 4751 cui
2541 4712 2708 4751 nasus
2729 4694 3063 4751 borribiliter
3086 4696 3440 4761 intumuerat,
3476 4702 3535 4750 et
3566 4694 3719 4750 calor
3758 4695 3828 4746 in-

2255 4790 2527 4844 trinsecus
2548 4804 2714 4844 urens
2733 4788 2943 4845 saniem
2964 4788 3263 4844 emittebat.
3301 4785 3428 4841 Haec
3458 4786 3662 4841 devote
3706 4800 3823 4839 sau-

2258 4888 2406 4935 ctum
2430 4880 2729 4949 deposcens
2752 4866 3056 4949 praesulem,
3083 4887 3378 4935 consecuta
3425 4888 3513 4934 est
3559 4878 3824 4934 desidera-

2256 4980 2367 5025 tam
2403 4972 2653 5026 salutem.

2328 5061 2481 5129 Item,
2503 5063 2722 5132 quidam
2743 5077 2878 5133 puer
2897 5064 2962 5119 de
2994 5061 3239 5120 Sacciula
3262 5060 3462 5134 gaudio
3482 5060 3626 5118 lucis
3653 5064 3826 5134 priva-

2259 5162 2349 5209 tus
2376 5152 2573 5216 fuerat,
2597 5156 2691 5225 qui
2713 5157 2928 5212 rediens
2953 5172 2983 5211 a
3013 5156 3279 5211 Cremona
3297 5156 3364 5210 ad
3388 5157 3567 5211 sancti
3590 5156 3827 5226 prasulis

2253 5244 2549 5301 festinabat
2564 5248 2827 5313 tumbam,
2860 5264 2892 5302 a
2917 5263 3024 5319 qua
3046 5248 3233 5318 paucis
3252 5247 3449 5302 diebus
3483 5249 3824 5303 discesserat.

2259 5335 2562 5380 Prom:an
2594 5338 2776 5380 itgmm
2790 5340 3036 5380 eilipnlm-
3058 5340 3122 5380 ml
3148 5340 3593 5380 cannis-nmmum
3613 5354 3809 5380 mnu
