3984 5380
173 187 281 241 ηδ’]

1074 182 1352 237 ᾹΡΡΕΝΙ).
1395 181 1481 237 III.
1526 215 1589 223 -—
1632 180 2063 237 IIONUMENTA
2103 186 2568 246 GIlEGORIANA.

3345 206 3450 260 978

174 300 497 374 suppliciter
522 308 584 356 ut
610 298 974 356 calamitatem
1007 306 1214 353 tantam
1253 298 1571 369 dignaretur
1613 298 1753 369 sspi-
1788 300 1833 354 Α
1860 300 2113 367 praedicta
2144 305 2323 358 oratio
2357 305 2596 375 scripta,
2632 306 2809 364 oculis
2854 309 3204 384 superposuit
3246 326 3301 371 et
3345 316 3469 373 ab;

172 410 318 449 cere.
352 392 561 448 Taliter
583 392 750 463 igitur
773 390 953 446 oranti
981 389 1036 444 in
1063 390 1171 455 via,
1194 389 1325 444 dum
1348 387 1620 457 veniebat,
1666 404 1764 443 oc-

170 487 348 543 currit
365 487 694 543 desiderata
723 485 864 541 lucis
891 486 1119 542 medela.

242 577 467 634 Pariter
486 578 711 651 quidam
743 578 812 633 de
833 578 1151 650 episcopatu
1188 577 1497 644 'I'arvisino,
1559 578 1765 634 lumina

169 668 238 723 ad
259 668 548 739 proprium
586 683 745 723 usum
772 667 956 722 laxare
977 667 1256 737 nequibat.
1306 666 1405 723 llic
1433 683 1652 739 quoque
1671 684 1766 724 vc-

170 761 333 817 niats
353 761 423 816 ad
449 759 824 816 venerandum
854 760 1147 823 tumulum,
1185 761 1389 831 recepit
1404 769 1604 832 optatae
1625 761 1765 817 lucis

174 855 462 927 puditum.

238 949 427 1004 Puella
453 948 703 1018 quaedam
727 947 933 1019 pariter
955 945 1137 1001 fuerat
1168 946 1224 1000 in
1257 945 1419 1012 villa,
1456 945 1545 1002 cui
1571 946 1764 1017 vulga-

170 1042 251 1097 ris
281 1057 420 1097 usus
454 1040 653 1096 indidit
695 1055 892 1095 nomen
943 1037 1207 1105 Mairana,
1261 1054 1294 1094 a
1328 1038 1547 1094 civitate
1581 1037 1764 1093 Brixia

169 1151 282 1189 non
316 1134 555 1188 multum
591 1141 820 1188 remota.
850 1130 989 1186 Huic
1017 1131 1290 1202 etlingure
1332 1146 1468 1186 usus
1501 1131 1764 1186 interclu-

168 1241 269 1281 sus
317 1223 521 1289 fuerat,
549 1231 607 1277 et
654 1222 864 1291 aliquot
890 1222 1285 1289 membrorum,
1308 1230 1506 1292 praeter
1539 1237 1764 1277 manum

166 1317 444 1381 dextram,
486 1330 593 1371 suo
627 1313 806 1369 cilicio
849 1312 1003 1385 fungi
1039 1314 1318 1383 nequibat.
1350 1313 1503 1369 lianc
1535 1313 1766 1369 misera-

166 1406 520 1471 bilis'rnater,
556 1404 889 1461 seminecem
934 1413 1219 1474 spectans,
1243 1405 1437 1459 devota
1464 1405 1680 1460 devovit
1706 1420 1766 1461 se

165 1512 290 1553 eam
308 1495 622 1552 delaturam
640 1494 707 1550 ad
740 1494 1074 1551 sanctissimi
1098 1493 1435 1551 confessoris
1456 1495 1780 1551 misericon'

162 1588 341 1655 diam,
373 1587 535 1659 quasi
579 1586 753 1642 altera
802 1586 1115 1642 Chanamea
1158 1586 1378 1658 (Matth.
1408 1589 1498 1656 xv)
1521 1602 1623 1657 pro
1653 1587 1761 1642 lilia

166 1690 448 1753 rogatum.
463 1679 631 1735 Juxta
648 1679 814 1750 igitur
837 1680 924 1735 sui
947 1679 1061 1735 voti
1089 1679 1530 1750 promissionem,
1564 1695 1763 1750 paren-

164 1772 315 1827 tibus
341 1785 466 1826 eam
490 1770 885 1838 deferentibus,
916 1771 1094 1841 puella
1125 1771 1185 1825 in
1223 1772 1310 1826 via
1354 1781 1409 1826 et
1453 1756 1653 1843 lingua:
1675 1789 1761 1828 re-

158 1863 311 1933 cepit
332 1862 598 1930 cllidum,
623 1870 680 1918 et
704 1863 953 1919 omnium
974 1862 1347 1918 membrorum
1371 1877 1531 1918 usum
1551 1881 1566 1929 ;
1590 1878 1758 1934 quam

159 1957 319 2025 juxta
361 1963 616 2012 sanetum
645 1955 955 2027 sepulcrum
986 1955 1193 2027 gratias
1224 1954 1429 2011 referre
1472 1955 1585 2011 Deo
1617 1957 1758 2012 vidi-

164 2065 311 2116 mus,
354 2056 410 2105 et
456 2048 635 2120 ipsius
663 2057 874 2119 patrem
915 2048 1083 2119 hujus
1129 2048 1210 2104 rei
1251 2048 1472 2103 dantem
1514 2048 1759 2103 testimo-

166 2156 341 2194 tuum.

234 2230 710 2288 Convenientibus
761 2232 951 2289 multis
984 2230 1056 2287 ad
1111 2239 1361 2286 sanctum
1417 2245 1618 2300 corpus
1660 2245 1761 2300 pro

162 2325 509 2395 impetranda
528 2341 645 2382 suto
676 2325 1014 2381 inﬁrmitatis
1033 2324 1265 2390 medela,
1295 2324 1521 2393 quidam
1539 2337 1761 2393 quoque

163 2419 378 2475 deloco
415 2419 659 2490 Cat-pum
728 2421 971 2487 nomine,
1044 2420 1186 2476 ultra
1251 2418 1499 2475 Athesim
1553 2420 1756 2490 posito,

162 2513 349 2581 portui
370 2512 440 2568 de
466 2512 719 2583 Lignano
737 2514 989 2585 proximo
1012 2513 1350 2569 adveniebat.
1378 2512 1504 2579 Qui,
1534 2528 1759 2567 manum

162 2605 376 2661 habens
399 2613 741 2661 contractam
775 2615 830 2661 et
850 2606 1136 2661 brachium
1156 2606 1409 2662 ariditate
1437 2605 1756 2670 invalidum,

160 2698 219 2751 in
246 2697 370 2767 ipso
396 2696 595 2754 itinere
621 2697 823 2767 recepit
854 2697 1047 2753 salutis
1076 2697 1419 2751 beneficium.

220 2786 368 2843 .Item
403 2787 766 2860 cognovimus
794 2803 907 2843 rem
934 2790 1197 2843 memoria
1222 2787 1441 2857 dignam
1462 2827 1478 2852 ,
1501 2792 1760 2841 narrante

161 2878 313 2934 dese
360 2878 480 2948 ipsa
544 2876 610 2931 D.
648 2876 904 2932 Mathilda
934 2876 1233 2933 venerabili
1258 2876 1568 2943 comitissa,
1598 2875 1759 2945 cujus

157 2968 482 3025 testimonio
516 2966 683 3022 fidem
710 2964 838 3022 facit
866 2976 919 3022 et
954 2967 1088 3021 fides
1121 2967 1243 3037 ejus
1271 2966 1677 3037 probatissima,
1702 2974 1758 3022 et

163 3058 272 3113 vita
298 3058 508 3127 pariter
537 3056 802 3127 religione
823 3057 1001 3127 plena.
1029 3023 1350 3127 Prtescripta
1372 3057 1594 3113 domina
1617 3023 1758 3112 mul-
1787 3023 1827 3080 Ο

164 3151 235 3208 tis
275 3151 469 3208 diebus
492 3149 746 3207 febribus
776 3151 1103 3221 pernimium
1128 3150 1490 3216 laborarent,
1522 3159 1574 3204 et
1608 3150 1757 3218 capi—

158 3244 235 3300 tis
253 3243 412 3299 dolor
443 3242 744 3299 vehemens
769 3242 943 3314 ipsam
978 3241 1316 3314 fatigaverat.
1349 3238 1487 3296 Cum
1516 3254 1642 3295 vero
1669 3240 1757 3295 die

162 3334 401 3404 quadam
438 3348 509 3389 e1
540 3347 698 3388 more
717 3333 1016 3390 missarum
1053 3332 1336 3387 solemniis
1368 3331 1607 3397 adesset,
1633 3330 1756 3386 eni-

165 3437 307 3493 tens,
335 3427 469 3483 dum
489 3428 774 3499 legebatur
794 3427 1169 3498 Evangelium,
1205 3435 1385 3481 erecta
1417 3440 1539 3482 esse
1574 3426 1627 3479 in
1659 3440 1755 3496 pe-

156 3517 346 3586 dibus,
371 3516 594 3590 fatigata
617 3518 951 3585 infirmitate,
978 3533 1107 3573 mox
1135 3517 1351 3574 decidit.
1376 3516 1576 3572 Aderat
1604 3530 1753 3582 vero,

164 3607 318 3678 juxta
344 3623 427 3674 se,
463 3608 538 3662 ob
564 3608 929 3663 reverentiam
961 3608 1018 3661 in
1073 3606 1281 3676 capella
1310 3606 1552 3675 episcopi
1578 3606 1756 3676 lignea

160 3698 357 3754 tabula
375 3699 579 3769 posita,
614 3698 670 3753 in
694 3714 824 3770 qua,
848 3699 1102 3754 exhalato
1124 3697 1321 3768 spiritu
1354 3704 1607 3753 sanctum
1632 3711 1757 3751 cor-

159 3805 268 3858 pus
307 3790 379 3845 ad
410 3789 624 3846 funeris
659 3790 948 3861 exsequias
973 3791 1147 3846 lotum
1179 3788 1375 3844 fuerat.
1431 3787 1757 3859 Suppliciter

164 3879 335 3948 igitur
382 3879 689 3950 deposcens
735 3881 907 3935 sancti
939 3880 1041 3934 viri
1084 3879 1418 3950 praesidium,
1457 3894 1521 3933 ac
1544 3893 1640 3948 per
1675 3887 1757 3931 ta-

167 3971 352 4025 bulam
384 3973 704 4042 praedictam
730 3973 1003 4029 deducens
1024 3970 1281 4038 frontem,
1342 3972 1486 4027 illico
1529 3972 1755 4026 liberata

160 4070 250 4117 est
271 4063 471 4132 capitis
493 4064 704 4119 dolore.

233 4154 359 4210 Non
400 4157 594 4212 multis
630 4168 757 4227 post
797 4158 990 4215 diebus
1029 4159 1343 4224 transactis,
1375 4173 1486 4213 non
1528 4157 1756 4212 modicae

166 4244 371 4299 scabiei
420 4243 679 4300 fractura:
723 4246 894 4315 ipsius
934 4246 1172 4302 dominre
1215 4262 1412 4303 manus
1457 4255 1512 4301 ct
1556 4261 1756 4315 corpus

1868 391 2083 459 stersit;
2115 401 2172 448 et
2194 394 2450 468 deinceps
2475 407 2689 468 recepta
2715 400 2854 456 lucis
2883 404 3152 474 claritate,
3180 416 3241 463 ut
3275 408 3447 479 prius,

1866 492 2024 540 nocte
2045 494 2103 540 et
2133 486 2221 542 die
2260 503 2371 543 non
2405 500 2625 560 cxpavrt
2656 492 2877 549 lectioni
2914 495 3182 554 insistere.
3216 498 3451 557 Everar-

1864 576 1971 633 dus
2010 578 2255 648 quidam,
2280 580 2617 653 Francigent
2663 601 2880 655 genere,
2912 589 3108 645 ordine
3145 593 3452 665 presbyter,

1866 669 2153 727 nobiscum
2185 675 2539 744 superaderat
2567 695 2580 731 :
2624 678 2712 733 cui
2750 682 2944 737 ambos
2974 682 3216 739 minores
3249 686 3451 761 digitos

1865 760 2031 816 unius
2090 777 2287 820 manus
2349 773 2498 836 gutta
2552 769 2736 825 subito
2801 774 3192 842 superveniens
3242 760 3450 847 rigidos

1865 851 2193 921 reddiderat,
2228 863 2283 910 et
2310 865 2521 927 partem
2566 860 2732 930 palmi
2763 863 2997 933 pariter,
3040 873 3095 919 et
3131 866 3448 936 juncturam

1865 958 1973 1012 qua
2004 960 2204 1003 manus
2249 948 2478 1004 brachio
2525 952 2761 1008 nudatur
2798 956 2937 1010 adeo
2967 957 3274 1026 arripuerat
3303 972 3431 1029 quoi

1865 1034 1932 1088 ad
1967 1036 2173 1093 nullius
2222 1038 2379 1095 cilicii
2432 1056 2595 1098 usum
2636 1058 2757 1099 cam
2793 1045 3067 1102 inflectere
3101 1048 3333 1105 valebat.
3382 1047 3454 1105 Et

1863 1125 1992 1194 quia
2029 1128 2199 1184 totius
2232 1130 2443 1188 brachii
2479 1133 2625 1190 vires
2654 1135 2819 1191 etiam
2850 1137 3180 1207 defecerant,
3215 1142 3453 1215 corrigia

1865 1216 1920 1270 in
1976 1218 2119 1275 collo
2163 1219 2328 1292 ligata
2385 1239 2716 1295 suspensum
2756 1227 3043 1286 brachium
3086 1234 3450 1290 sustenmbat.

1864 1305 2170 1366 Prandente
2204 1328 2271 1367 eo
2290 1330 2419 1369 cum
2447 1315 2620 1385 ipsius
2651 1320 2942 1388 censoriis,
2964 1322 3183 1378 advenit
3203 1326 3454 1393 quaedam

1864 1404 2218 1472 paupercula,
2241 1421 2310 1459 ex
2337 1407 2603 1463 ebaritate
2628 1409 2685 1465 S.
2710 1409 2954 1469 Auselmi
2988 1421 3182 1483 petens
3212 1415 3316 1472 sibi
3332 1416 3471 1473 dari"

1864 1490 2267 1566 cleemosynam
2295 1516 2307 1551 :
2332 1499 2439 1569 qui,
2459 1498 2693 1557 fraetum
2717 1518 2912 1573 panem
2939 1521 3105 1561 manu
3129 1523 3230 1563 sua
3264 1509 3471 1579 φωτὶ-ν’

1865 1597 2000 1653 gens
2020 1601 2144 1641 mox
2172 1597 2397 1645 sanatus
2418 1599 2504 1645 est
2526 1607 2558 1647 a
2587 1594 2841 1663 praedicta
2874 1596 3212 1654 inﬁrmitate.

1934 1674 2091 1743 Quod
2121 1679 2613 1749 impraesentiarum
2662 1701 2889 1740 narrare
2924 1688 3218 1755 contendo,
3260 1690 3469 1746 nullus-

1863 1781 2120 1835 perversa
2154 1778 2336 1826 mente
2362 1770 2629 1828 Iictitium‘
2646 1775 2730 1829 vel
2764 1774 3076 1832 fabulosum
3118 1780 3452 1837 contendere

1861 1867 2178 1927 praetimet.
2222 1859 2402 1917 Testis
2454 1864 2612 1921 adest
2657 1866 2824 1936 hujus
2856 1869 2936 1924 rei
2971 1868 3116 1925 idem
3151 1870 3290 1942 ipse,
3328 1874 3473 1945 qui;-

1860 1948 2158 2007 confractis
2179 1966 2291 2007 non
2318 1954 2552 2012 modicis
2573 1956 2802 2025 catenis,
2831 1961 3085 2029 praesidio
3110 1964 3447 2021 sanctissimi

1860 2037 2196 2095 confessoris
2227 2040 2474 2099 Anselmi
2506 2045 2827 2103 mirabiliter
2846 2057 2931 2105 est
2965 2050 3231 2109 liberatus
3263 2055 3452 2122 dean-

1861 2134 2041 2204 gustia
2093 2136 2351 2191 carceris.
2405 2136 2795 2196 Contestantur
2839 2143 3043 2213 pariter
3074 2155 3283 2203 catena:
3314 2162 3483 2203 eoum

1862 2225 2050 2283 fractae.
2094 2230 2460 2299 praesentibus
2503 2234 2819 2305 episcopis;
2849 2237 3199 2295 audientibus
3230 2243 3450 2312 populis

1862 2319 2177 2387 praedicavit
2217 2329 2275 2376 et
2312 2322 2573 2392 praedicat
2611 2340 2727 2381 sure
2765 2327 3041 2397 captionis
3078 2329 3475 2395 miserabilem-

1859 2428 2160 2469 aerumnam
2210 2422 2265 2469 et
2297 2415 2640 2474 liberationis
2671 2419 3074 2488 praedicandam
3106 2421 3372 2479 laetitiam.

1929 2498 2239 2569 Crescente,
2278 2505 2423 2559 sicut
2452 2506 2655 2577 ubique
2684 2517 2951 2564 terrarum
2986 2519 3181 2568 notum
3210 2521 3315 2581 est,
3342 2531 3441 2573 va-

1858 2594 1982 2649 lida:
2037 2596 2438 2664 persecutionis
2499 2605 2821 2668 tempestate
2871 2601 3134 2659 adversus
3189 2614 3473 2662 sanctum.

1862 2686 2184 2755 Gregorium
2227 2683 2340 2752 VII,
2388 2686 2614 2757 dignum
2642 2686 2904 2746 [tentante
2930 2690 3187 2751 Ecclesia:
3212 2690 3439 2765 abesto»

1859 2773 2048 2839 licum,
2080 2790 2182 2847 pro
2211 2774 2455 2829 veritatis
2479 2785 2535 2831 ct
2568 2776 2795 2845 justitiaa
2825 2780 3231 2849 praedicatione,
3274 2792 3446 2855 atque

1859 2863 2064 2934 pariter
2120 2871 2309 2919 contra
2370 2865 2540 2922 totius
2589 2865 2823 2924 Romani
2877 2868 3092 2941 imperii
3142 2873 3446 2931 catholicos

1860 2953 2331 3013 Christianissima
2361 2957 2643 3014 comitissa
2668 2959 2893 3015 domina
2922 2960 3184 3019 Mathilda
3217 2979 3319 3034 pro
3343 2964 3450 3023 Ee-

1860 3049 2044 3107 elcsire
2075 3048 2395 3107 defensione
2449 3051 2581 3107 totis
2626 3051 2905 3109 insudavit
2935 3054 3166 3112 viribus.
3204 3051 3447 3115 Uberttta

1860 3138 2163 3209 Arditionis
2208 3140 2375 3209 ﬁlius,
2428 3150 2495 3211 et
2535 3142 2807 3212 praedicta:
2848 3144 3085 3203 dominre
3127 3147 3448 3216 capitaneus

1860 3245 2024 3296 unus,
2069 3238 2131 3285 ut
2166 3230 2222 3285 in
2261 3231 2367 3287 hac
2403 3233 2815 3303 perturbatione
2842 3234 2910 3291 de
2947 3234 3064 3305 ejus
3097 3236 3356 3296 fidelitate
3389 3247 3449 3294 et

1858 3321 2083 3399 servitio
2124 3322 2494 3380 indubitanter
2527 3324 2645 3395 ipsa
2674 3326 2897 3383 domina
2940 3327 3257 3396 conﬁderet,
3302 3329 3446 3386 inter

1858 3414 2064 3487 multas
2090 3414 2229 3473 alias
2258 3414 2536 3474 fidelitatis
2568 3418 3034 3487 promissionnes,
3075 3435 3290 3489 omnes,
3321 3422 3448 3492 quia

1859 3505 1964 3561 bus
1995 3522 2220 3562 suarum
2246 3508 2459 3564 arcium
2493 3510 2804 3566 custodiam
2841 3511 3216 3578 commiserat,
3251 3511 3448 3582 jurare

1856 3598 2124 3667 compulit
2165 3597 2513 3657 fortitudines
2563 3600 2797 3668 arcium,
2842 3617 2995 3673 quas
3038 3602 3445 3669 custodiebant,

1858 3704 2020 3758 supra
2046 3690 2337 3747 nominatae
2361 3692 2597 3750 domina:
2620 3695 2879 3763 potestati
2913 3696 3099 3753 liberte
3123 3696 3442 3763 tradituros,

1853 3796 1923 3834 ac
1966 3781 2223 3852 deinceps
2268 3784 2323 3838 in
2367 3783 2609 3854 ejusdem
2641 3786 2903 3843 ﬁdelitate
2930 3802 3355 3857 permansuros,
3390 3789 3440 3844 si

1857 3870 1996 3926 idem
2042 3871 2278 3928 Ubertus
2312 3875 2517 3943 aliquid
2548 3876 2840 3931 intrdeliter
2869 3879 3134 3934 adversus
3176 3894 3298 3933 eam
3341 3880 3444 3935 dos

1857 3963 2060 4019 minam
2094 3963 2318 4029 faceret,
2357 3965 2443 4019 vel
2460 3965 2741 4035 quidpiam
2765 3967 3042 4022 malitiose
3075 3975 3356 4023 tractaret.

1929 4052 2077 4119 Post,
2101 4064 2263 4127 capto
2289 4053 2493 4111 liberto
2519 4057 2591 4111 ob
2616 4072 2729 4112 suae
2750 4056 3085 4114 infidelitatis
3109 4057 3408 4129 nequitiam
3425 4098 3444 4125 ,

1855 4142 2108 4202 homines
2139 4146 2288 4203 illius
2325 4155 2515 4202 centra
2540 4146 2844 4217 juramonti
2870 4149 3197 4219 sponsiones
3228 4165 3339 4205 non
3377 4151 3447 4205 ti-

1858 4249 2128 4313 muerunt~
2144 4241 2408 4312 quidquid
2440 4241 2706 4312 injuriose
2726 4251 2979 4316 poterant
2998 4259 3159 4314 agere
3183 4243 3446 4299 adversus

158 4343 343 4389 totum
368 4334 485 4390 fere
518 4336 837 4392 immaniter
860 4338 1216 4407 repleverant.
1259 4336 1399 4393 Cum
1430 4348 1611 4392 autem
1646 4352 1755 4408 pra)
1788 4373 1832 4427 Β
1857 4332 2108 4420 eamdem.
2135 4333 2435 4389 dominam.

162 4428 425 4483 manibus
469 4428 702 4485 haberet
743 4430 1106 4500 episcopalem
1148 4431 1435 4496 annulum,
1479 4445 1592 4501 quo
1655 4429 1753 4484 Dei

164 4521 413 4591 pantifex
441 4524 705 4578 utebatur
726 4524 780 4578 in
806 4526 1098 4581 missarum
1131 4526 1606 4591 eelebratienibus,
1636 4541 1751 4581 coe-

163 4611 249 4682 pit
278 4628 470 4669 secum
499 4613 756 4670 conterre
787 4617 932 4685 quod
967 4618 1161 4672 merita
1191 4618 1325 4672 tanti
1352 4617 1599 4688 prrcsulis
1622 4632 1750 4687 pes-

169 4712 294 4759 seut
321 4704 428 4760 sibi
458 4705 789 4772 subvenire,
837 4708 905 4765 ad
945 4715 1155 4763 tactum
1185 4708 1349 4763 etiam
1397 4707 1585 4762 annuli
1623 4723 1749 4763 cum

166 4808 280 4863 quo
306 4794 424 4865 ipse
454 4795 790 4866 quamplura
830 4797 1100 4852 sacrihcia
1147 4795 1262 4852 Deo
1300 4799 1527 4864 obtulit,
1568 4797 1756 4868 sicque

170 4884 348 4953 ipsum
391 4888 663 4942 annulum
720 4883 975 4942 fracturis
1023 4901 1417 4957 superponens,
1462 4888 1532 4943 ab
1576 4902 1641 4942 ea
1671 4888 1759 4942 die

172 4986 357 5033 sanata
388 4986 475 5035 est
501 4979 623 5050 ipsa
654 4979 713 5033 in
735 4978 1063 5034 valetudine.

239 5066 436 5126 Paucis
459 5081 588 5141 post
611 5070 815 5127 diebus
834 5071 1124 5141 praeteritis
1145 5070 1377 5141 prtefata:
1396 5074 1757 5131 Christianis-

177 5158 326 5219 biuue
350 5163 591 5220 dominae
615 5162 776 5219 acies
808 5163 959 5219 visus
995 5165 1133 5220 adeo
1162 5164 1522 5225 interturbata
1560 5164 1757 5233 fuerat,

174 5254 321 5321 qud
338 5256 595 5313 de'noete
628 5253 858 5311 loetian
880 5268 951 5311 ex
972 5258 1126 5311 more
1141 5292 1145 5296 -
1161 5260 1544 5326 operamvdare
1565 5255 1757 5313 formi-

178 5343 333 5380 dnh!
403 5345 553 5380 Ιηιιιιι
600 5344 900 5380 maintain-nm
939 5360 1069 5380 vam
1117 5340 1399 5380 iniam-shy
1431 5352 1652 5380 annnnln
1696 5362 1755 5380 ηιι

1930 4426 2011 4483 Ex
2044 4416 2285 4500 quorum
2305 4440 2537 4485 numero
2558 4427 2783 4499 quidam
2810 4426 3175 4494 Lanfrancus,
3189 4424 3271 4489 de
3291 4420 3445 4482 Piola

1860 4509 2101 4589 nomine,
2136 4517 2316 4574 olﬁcio
2346 4518 2525 4585 miles,
2554 4518 2683 4588 quia
2717 4519 2965 4590 ipsorum
2992 4515 3468 4588 perversitatibus'

1860 4608 2127 4663 inhaerere
2165 4609 2461 4674 renuebat,
2493 4607 2710 4664 insidiis
2745 4617 2802 4665 et
2828 4604 3216 4663 traditionibus
3242 4605 3316 4662 ab
3339 4603 3453 4659 eis-

1859 4699 1985 4755 dem
2007 4709 2221 4771 captus,
2264 4710 2320 4757 et
2340 4717 2372 4756 a
2414 4709 2657 4772 tempore
2684 4699 2919 4772 Augusti
2949 4712 3124 4770 usque
3155 4698 3228 4754 ad
3269 4704 3450 4755 octav.

1859 4789 1983 4859 Kal.
2008 4790 2180 4863 April.
2219 4793 2361 4851 duro
2397 4806 2618 4850 carcere
2647 4798 2734 4848 est
2756 4788 2985 4848 allectus
3003 4798 3058 4847 et
3076 4802 3191 4844 non
3224 4785 3460 4847 modicis

1862 4886 2074 4944 catenis
2093 4887 2373 4949 astrictus.
2404 4886 2574 4943 Iidem
2598 4899 2824 4956 quoque
2850 4881 3111 4943 malitiosi
3138 4880 3469 4959 cegitabant

1862 4978 2143 5050 quomodo
2181 4986 2409 5055 possent
2438 4976 2490 5032 ei
2518 4975 2691 5035 vitam
2718 4976 2953 5048 eripere,
2983 4989 3085 5030 nec
3123 4979 3324 5033 tamen
3368 4982 3471 5023 vo-

1863 5070 2047 5126 lebant
2077 5072 2340 5145 cognosci
2372 5080 2565 5124 eorum
2605 5067 2827 5137 ingenio
2870 5066 2976 5123 hoc
3017 5065 3241 5131 factum
3277 5066 3471 5125 fuisse.

1863 5167 2228 5235 Cumquetot
2267 5158 2537 5233 angustiis
2577 5158 2842 5214 astrictus
2867 5159 3041 5215 solam
3079 5169 3336 5219 mortem
3377 5164 3478 5208 ex-

1857 5246 2151 5332 spectaret,
2176 5252 2253 5313 in
2286 5249 2473 5333 vigilia
2527 5247 2705 5315 sancti
2750 5249 3026 5325 pontiﬁcis
3081 5246 3347 5308 Assam
3392 5254 3485 5296 aro

1862 5354 2015 5380 .mmn
2045 5358 2248 5380 cnmnn
2273 5345 2451 5380 ινίιητη
2479 5335 2582 5380 eihi
2621 5340 3142 5380 pereant-ticahnum
3170 5333 3484 5380 nmttlcm
