3984 5380
483 127 588 180 9:59

1393 189 1396 192 ρ
1464 123 1556 176 .m
1593 122 1822 178 OP£RA
1957 107 2286 182 unseen“
2323 125 2765 184 APPENDICES.

3646 135 3745 192 9&0

487 243 677 308 8.911118.
718 255 884 312 quam
923 249 1066 310 apte.
1103 253 1265 308 quam
1296 237 1503 294 “min
1534 238 1734 294 δυννὶνί
1767 240 2068 306 multatics,
2099 245 2144 300 Α
2171 230 2343 308 mum,
2375 250 2435 298 ut
2459 243 2562 299 sibi
2582 252 2637 298 et
2662 245 2876 300 miserat
2901 245 3028 302 filias
3049 243 3218 303 ferret
3236 247 3578 318 subsidium;
3599 265 3742 314 mox,

489 333 773 390 sevitium
792 348 990 388 meum
1017 341 1070 386 te
1097 331 1234 386 bene
1263 339 1741 386 remuneraturum
1772 331 2070 400 promisisti

489 407 628 484 mihi
652 419 910 498 persazpe.
937 423 1076 480 Ecce
1097 439 1372 480 aerumnas
1401 441 1552 480 meas
1587 424 1824 494 respice,
1845 432 1918 492 et,
1942 425 2071 496 quia

489 521 659 588 vales,
703 517 1006 575 subsidium
1033 515 1184 572 affer.
1219 515 1287 572 Et
1315 516 1578 587 quoniam
1603 531 1950 587 nequaquam
1976 518 2072 573 de-

491 621 680 683 ceptus
721 627 800 678 es,
838 609 1234 681 promissiones
1265 616 1388 664 tuas
1421 625 1569 664 nunc
1611 609 1866 678 adimple.
1913 607 2069 664 Nun-

491 719 653 775 quam
681 701 1095 760 convenientius
1137 701 1273 756 mihi
1308 717 1476 772 quam
1509 716 1657 757 nunc
1707 701 1936 772 potuisti
1983 717 2071 757 re—

489 779 722 866 pendere
763 793 870 850 mei
926 793 1135 850 servitii
1163 809 1411 860 munus;
1455 793 1654 850 saltem
1690 793 1938 850 ecclesiae
1985 810 2072 850 me

489 887 735 953 restitue,
762 901 924 956 quam
954 887 1161 942 intrare
1187 901 1276 941 me
1301 885 1610 956 prohibent.
1637 885 1720 942 Ad
1747 901 1909 957 quem
1935 886 2070 956 piis-

488 980 664 1050 simus
700 978 797 1034 Dei
834 977 1100 1049 pontifex,
1142 978 1321 1050 inquit
1350 997 1362 1033 :
1391 977 1470 1034 Ne
1493 979 1717 1046 timeas;
1747 976 1992 1035 ecclesiae
2019 987 2072 1033 te

485 1097 589 1152 ego
629 1083 934 1138 restituam.
987 1079 1110 1136 Mox
1159 1079 1334 1138 visum
1397 1088 1482 1136 est
1529 1080 1632 1136 sibi
1678 1079 1733 1135 in
1783 1079 2072 1136 ecclesiam

486 1175 780 1242 quamdam
825 1189 884 1228 se
914 1173 984 1228 ab
1009 1188 1076 1228 eo
1106 1173 1336 1236 deduci,
1374 1181 1429 1227 et
1463 1173 1668 1243 signari
1705 1182 1760 1228 et
1799 1172 2067 1229 benedici.

487 1265 590 1321 Cui
618 1282 788 1340 mox:
835 1265 990 1323 Ecce.
1017 1266 1264 1322 ecclesiae
1309 1266 1594 1321 restitutus
1641 1281 1701 1321 es
1729 1307 1743 1331 ,
1794 1265 1950 1321 dixit.
1988 1265 2071 1321 Ad

487 1371 650 1428 quem
673 1359 836 1414 homo
859 1358 946 1413 ille
973 1378 984 1412 :
1013 1357 1096 1413 Me
1121 1359 1413 1425 redditum,
1449 1357 1646 1428 inquit,
1669 1359 1918 1415 ecclesia:
1936 1359 2072 1415 satis

487 1449 729 1519 gaudeo;
776 1451 872 1508 sed
907 1451 1086 1506 adhuc
1133 1451 1398 1506 auxilium
1451 1458 1626 1518 tuum,
1677 1451 1918 1516 domine,
1969 1451 2072 1506 im-

486 1542 659 1612 ploro.
711 1541 883 1609 Quem
935 1551 1158 1598 sanctus
1189 1541 1432 1613 pontifex
1483 1543 1570 1614 pie
1611 1543 1925 1609 consolans,
1951 1543 2067 1598 ait:

484 1629 570 1690 Ab
596 1633 758 1689 hodie
795 1643 992 1690 octavo
1024 1634 1112 1689 die
1145 1642 1200 1690 et
1233 1635 1471 1690 cultrum
1511 1649 1695 1690 meum
1728 1634 1822 1690 tibi
1857 1634 2068 1690 mittam

485 1731 539 1779 et
559 1725 930 1782 necessarium
941 1725 1212 1782 auxilium
1231 1727 1539 1797 impendam
1548 1767 1561 1780 .
1578 1725 1766 1796 Itaque
1778 1726 1866 1781 die
1878 1736 2074 1782 octavo

485 1827 828 1886 occurrente,
867 1818 1015 1874 venit
1043 1819 1110 1874 ad
1159 1834 1287 1876 eum
1321 1819 1544 1890 quidam
1581 1818 1803 1889 Reginae
1835 1818 2072 1874 civitatis

485 1917 612 1966 ante
654 1910 988 1984 incognitus,
1047 1911 1422 1968 acutissimam
1457 1911 1648 1965 limam
1691 1909 1942 1965 deferens
1979 1926 2069 1968 se-

485 2017 631 2078 cum.
667 2001 787 2070 Qua
808 2004 956 2071 data,
989 2003 1302 2060 videntibus
1329 2002 1544 2058 cunctis
1569 2017 1671 2058 nec
1691 2002 2072 2058 contradicen—

485 2094 632 2151 tibus
666 2095 761 2166 qui
791 2096 1020 2153 aderant
1049 2095 1389 2162 custodibus,
1437 2095 1728 2167 compedes
1763 2102 2070 2150 etcatenas

485 2187 706 2244 rescidit
729 2189 1004 2245 velociter.
1051 2189 1344 2245 Dubitante
1381 2203 1510 2244 vero
1536 2203 1604 2243 eo
1625 2201 1726 2257 pro
1749 2187 2070 2243 custodibus

485 2281 656 2347 exire,
691 2282 876 2338 subito
899 2283 1284 2340 sanctissimus
1323 2280 1608 2338 confessor
1633 2279 1871 2345 advenit,
1907 2287 2093 2350 atque‘

483 2371 602 2428 visa
627 2382 714 2430 est
751 2373 814 2428 1).
853 2374 1108 2430 Mathilda
1151 2373 1464 2438 advenisse,
1514 2371 1864 2427 multitudine
1894 2369 2070 2426 homi—

486 2481 616 2522 num
642 2467 1048 2538 subsequente;
1081 2466 1169 2522 cui
1193 2481 1319 2522 cum
1341 2465 1587 2522 diceret:
1612 2463 1754 2531 Quid
1785 2471 2070 2534 exspectas

481 2558 669 2615 exne?
709 2575 780 2615 ne
810 2559 1059 2626 differas;
1100 2574 1264 2630 surge
1289 2557 1654 2625 conﬁdenter;
1685 2557 1941 2624 surrexit,
1982 2556 2068 2612 vi-

444 2695 448 2698 .
482 2652 740 2708 dentibus
765 2653 1106 2720 custodibus,
1134 2661 1190 2708 et
1215 2651 1383 2708 exivit
1413 2652 1634 2708 illaesus.

520 2744 848 2803 'Priesentis
887 2746 1222 2802 narrationis
1251 2745 1578 2801 miraculum
1612 2752 1696 2800 est
1723 2743 1883 2802 nobis
1920 2744 2068 2802 noti-

485 2836 708 2892 ﬁcatum
736 2838 840 2894 sub
863 2838 1164 2893 multorum
1200 2837 1504 2905 audientia,
1550 2846 1811 2893 narrante
1850 2845 1907 2893 et
1935 2833 2093 2894 con-'

2171 332 2402 404 piissimi
2435 337 2683 406 praesulis
2715 337 2968 394 invocato
2997 340 3248 408 nomine,
3277 342 3468 398 rabida
3513 343 3610 399 illa
3639 343 3744 402 fera

2171 425 2242 480 ab
2304 441 2398 482 ore
2452 428 2683 498 projccit
2757 431 2990 501 puellam
3017 473 3032 498 ,
3089 447 3200 488 non
3265 435 3476 492 audens
3532 446 3750 508 tangere

2170 525 2224 572 et
2244 533 2276 573 a
2307 519 2464 589 longe
2491 520 2830 591 prospiciens
2857 537 3004 578 eam.
3047 523 3218 580 Mater
3249 541 3384 582 vero
3399 528 3595 595 anxia,
3619 544 3747 585 con-

2171 611 2274 666 lisa
2329 617 2512 666 tamen
2567 611 2635 667 de
2687 613 3019 669 sanctissimi
3078 615 3418 674 confessoris
3485 621 3749 687 subsidio,

2173 699 2448 758 festinavit
2473 703 2542 758 ad
2583 704 2946 774 adjuvandam
2978 705 3166 762 filiam.
3210 707 3386 776 Quam
3420 727 3550 766 cum
3581 713 3748 768 dedu-

2169 807 2336 865 ceret,
2385 801 2547 870 lupus
2601 803 2936 873 sequebatur
2969 814 3274 876 utramque.
3329 807 3520 865 Sancti
3574 811 3751 882 itaque

2171 893 2420 961 praisulis
2456 893 2746 949 clamitans
2783 910 2926 965 saepe
2967 896 3307 965 subsidium,
3362 901 3588 956 tandem
3629 900 3750 957 fene

2173 981 2318 1040 illius
2345 983 2518 1040 fames
2543 993 2629 1040 est
2669 983 2963 1053 refrenata,
2995 996 3052 1044 et
3080 996 3313 1059 utraque
3345 989 3554 1046 femina
3589 991 3662 1047 ab
3690 993 3752 1048 il-

2173 1073 2280 1130 lius
2307 1075 2585 1132 morsibus
2605 1075 2854 1130 liberata.

2241 1163 2400 1232 Quod
2449 1176 2744 1236 praesentes
2796 1168 3064 1236 vidimus,
3129 1187 3482 1243 nequaqua
3539 1174 3755 1231 silentio

2172 1259 2608 1326 praetereundum
2640 1259 2918 1316 duximus.
2963 1259 3158 1318 Mulier
3199 1265 3452 1334 quaedam
3505 1269 3752 1324 cruribus

2173 1349 2278 1404 sub
2305 1364 2362 1404 se
2393 1351 2616 1407 retortis
2647 1360 2950 1428 contracta,
2978 1355 3232 1411 manibus
3255 1363 3313 1412 et
3335 1359 3564 1414 natibus
3585 1368 3752 1416 totum

2171 1457 2372 1514 corpus
2397 1445 2664 1514 gestabat.
2693 1444 2820 1504 Haec
2847 1447 2941 1502 diu
2969 1447 3144 1503 sancti
3167 1449 3450 1520 pontiﬁcis
3472 1453 3753 1522 postulans

2172 1533 2506 1602 praesidium,
2555 1545 2734 1590 erecta
2781 1545 2866 1592 est
2913 1537 2982 1592 ad
3029 1539 3402 1594 venerandum
3451 1543 3748 1610 tumulum;

2171 1639 2337 1694 quam
2377 1631 2510 1684 ante
2559 1625 2920 1700 eleemosynis
2964 1638 3327 1687 sustentatam
3371 1635 3651 1702 novimus,
3697 1645 3752 1691 et

2171 1721 2486 1791 compluma
2499 1733 2566 1776 ex
2589 1721 2794 1778 nostris
2814 1722 3045 1779 civibus.

2244 1811 2492 1870 Praesens
2511 1811 2692 1868 adhuc
2711 1821 2795 1868 est
2817 1814 3100 1870 nobiscum
3123 1817 3267 1873 illius
3295 1819 3747 1892 archipresbyter;

2170 1904 2238 1960 de
2277 1903 2542 1960 Columio
2583 1903 2826 1961 Ubaldus
2859 1907 3102 1974 nomine,
3149 1909 3244 1980 qui
3278 1911 3490 1978 retulit,
3527 1921 3586 1967 et
3617 1928 3752 1984 sat-pe

2170 1999 2536 2071 interrogatus
2581 2000 2768 2056 itidem
2811 2001 2980 2058 refert
3025 2002 3192 2074 hujus
3230 2005 3312 2060 rei
3357 2007 3748 2063 narrationem.

2170 2089 2269 2147 llic
2303 2107 2429 2148 cum
2458 2091 2513 2146 in
2549 2101 2738 2148 nostra
2763 2092 2985 2150 civitate
3013 2095 3149 2150 artis
3181 2098 3562 2166 grammatica:
3595 2113 3752 2154 vaca-

2169 2185 2262 2240 bat
2287 2183 2490 2252 studio,
2515 2185 2722 2240 nullam
2755 2186 3121 2254 devotionem,
3153 2188 3362 2244 nullam
3390 2191 3754 2246 reverentiam

2171 2286 2361 2334 sancto
2395 2277 2702 2337 confessori
2729 2278 3014 2347 exhibens,
3049 2281 3198 2336 illius
3243 2283 3456 2338 sanctis
3499 2283 3756 2339 detrahe-

2168 2369 2262 2432 bat
2284 2370 2600 2426 virtutibus.
2649 2369 2746 2426 Die
2779 2387 2911 2427 vero
2942 2372 3181 2442 quadam
3210 2373 3520 2430 vehementi
3565 2376 3757 2446 capitis

2169 2461 2358 2517 dolore
2381 2473 2652 2532 arreptus,
2678 2479 2744 2520 ac
2767 2463 2998 2520 credens
3017 2481 3077 2521 se
3102 2481 3204 2536 pro
3225 2465 3414 2522 dolore
3444 2469 3558 2539 jam
3589 2468 3756 2522 morti

2167 2555 2500 2624 proximum,
2553 2555 2846 2614 invocabat
2900 2559 3075 2614 sancti
3129 2559 3408 2630 pontificis
3456 2561 3756 2628 auxilium,

2168 2649 2493 2717 promittens
2535 2649 2596 2706 se
2627 2651 2914 2706 liberatum
2966 2639 3162 2707 deinde
3196 2650 3314 2708 fore
3359 2653 3650 2708 credulum
3703 2663 3759 2709 et

2166 2741 2287 2812 ejus
2321 2743 2588 2798 virtutum
2618 2743 3038 2814 praedicaturum
3079 2744 3341 2816 gloriam,
3395 2747 3544 2800 sicut
3590 2747 3661 2802 de
3692 2761 3758 2801 eo

2168 2841 2294 2890 ante
2322 2847 2576 2905 perverse
2610 2836 2828 2892 locutus
2853 2835 3049 2892 fuerat.
3079 2835 3360 2910 Fatigatus
3385 2838 3576 2908 itaque
3601 2849 3760 2894 nocte

483 2933 720 2986 testante
749 2929 940 2986 eadem
991 2931 1081 2986 cui
1131 2931 1237 2986 hoc
1287 2931 1516 3003 contigit
1557 2929 1780 2986 femina.
1833 2930 2136 3014 .1Estatis'c
2170 2935 2302 2993 tota,
2339 2927 2485 2984 circa
2538 2927 2793 2984 matutini
2843 2930 3102 3000 temporis
3148 2929 3342 2997 horas,
3397 2930 3508 2985 leni
3561 2943 3758 3001 sopore

483 3027 729 3092 tempore
773 3033 949 3090 nuper
983 3021 1289 3091 praeteritae,
1335 3021 1585 3092 quaedam
1617 3017 1819 3076 femina
1862 3021 1930 3077 de
1975 3021 2070 3076 Ri-

483 3113 628 3184 palta
655 3115 724 3170 ad
751 3113 996 3169 laborem
1041 3112 1417 3170 mendicarum
1458 3115 1514 3168 in
1553 3129 1789 3192 campos.
1815 3130 1883 3170 ex
1916 3101 2082 3170 more

485 3206 715 3272 exierat,
743 3221 901 3262 suam
925 3221 1113 3263 secum
1143 3207 1350 3262 ducens
1371 3206 1630 3272 ﬁliolam;
1673 3221 1739 3261 co
1767 3221 1899 3262 vero
1932 3204 2094 3262 tem-'

484 3311 617 3366 pore
667 3313 919 3368 .uperum
955 3298 1128 3368 pestis
1171 3299 1307 3354 adeo
1339 3298 1644 3353 increverat
1666 3297 1814 3368 quod
1845 3297 2008 3352 etiam
2037 3315 2068 3354 a

479 3397 779 3460 conspectu
823 3397 1112 3460 parentum
1160 3404 1363 3460 pueros
1407 3405 1598 3458 rapere
1643 3403 1752 3444 non
1805 3388 2092 3446 formida--

484 3481 637 3534 bant.
682 3479 959 3550 Cumque,
1005 3489 1066 3535 ut
1101 3481 1238 3548 dixi,
1267 3481 1322 3536 in
1361 3480 1568 3550 campis
1595 3480 1874 3547 existeret,
1905 3481 2068 3551 lupus

485 3579 708 3642 repente
741 3573 910 3628 tiliam
949 3572 1054 3628 sibi
1081 3571 1372 3643 subripuit.
1405 3571 1478 3626 Ut
1506 3579 1687 3627 autem
1714 3571 1915 3627 misera
1951 3573 2098 3626 ωτι-³

485 3671 572 3718 ter
596 3662 920 3720 dilaniatam’
955 3679 986 3718 a
1025 3663 1138 3720 fera
1160 3663 1436 3734 deportari
1472 3663 1607 3718 vidit
1636 3663 1826 3730 ﬁliam,
1867 3660 2066 3733 quibus

483 3753 700 3810 valebat
741 3755 970 3812 vacibus
1019 3755 1428 3812 sanctissimum
1457 3755 1838 3826 interpellabat
1875 3753 2069 3810 Anscl-

2171 3027 2476 3091 correptus,
2509 3019 2566 3076 in
2603 3021 2831 3076 sommis
2874 3023 3011 3078 vidit
3056 3031 3307 3078 sanctum
3353 3021 3452 3077 Dei
3490 3023 3754 3078 famulum

2171 3112 2334 3182 capiti
2381 3127 2605 3167 manum
2651 3113 2951 3184 imponere,
2989 3122 3043 3169 et
3090 3129 3150 3170 se
3184 3103 3513 3170 benedicere
3558 3124 3758 3171 sancta

2170 3204 2352 3258 crucis
2394 3195 2694 3274 signaculo.
2740 3203 2860 3272 Qua
2903 3205 3114 3260 visione
3156 3206 3460 3276 praeterita,
3496 3207 3756 3278 evigilans

2169 3295 2422 3364 cognovit
2447 3311 2506 3351 se
2533 3296 2824 3352 liberatum
2848 3297 3001 3353 illius
3029 3296 3235 3352 deloris
3269 3298 3546 3354 molestia.

2239 3385 2299 3440 ln
2323 3387 2411 3442 die
2433 3386 2789 3443 Ascensionis
2831 3403 3006 3458 nuper
3046 3389 3354 3458 praeteritm,
3386 3391 3643 3460 quaedam
3680 3391 3733 3446 fe

2171 3477 2339 3540 mina,
2369 3478 2436 3533 de
2469 3462 2612 3534 Godi
2642 3477 2892 3534 Ricbilda
2928 3480 3170 3548 nomine,
3204 3483 3594 3552 compluribus
3608 3491 3752 3550 nota,

2171 3586 2267 3640 per
2305 3572 2576 3642 integrum
2613 3585 2816 3626 artuum
2863 3581 2919 3626 et
2961 3587 3028 3628 eo
3079 3573 3334 3644 amplius,
3373 3588 3650 3648 quantum
3678 3585 3757 3629 est

2169 3663 2240 3718 ab
2267 3661 2658 3733 Epiphania....
2704 3673 2896 3718 cetera
2925 3665 2980 3719 in
3014 3682 3111 3719 ms.
3149 3667 3330 3720 codice
3361 3667 3736 3721 desiderantur

2368 3752 2522 3809 Finis
2556 3753 2689 3809 Viue
2721 3754 3028 3810 S.Auselmi
3049 3755 3278 3826 episcopi
3299 3755 3584 3812 Lucensis.

485 3920 3750 3948 Μ

891 4029 896 4034 '
973 4036 1365 4168 VITA
1423 4034 2312 4166 COMITISS/E
2371 4026 3254 4168 MATHILDIS

1097 4249 1374 4308 DUOBUS
1409 4251 1636 4340 LIBBIS
1669 4253 1716 4307 Α
1747 4250 2142 4309 DOMNIZOZE
2178 4251 2638 4310 PRESBYTERO
2674 4216 3130 4314 CONSCRIPTA.

1393 4387 1720 4450 Eximinm
1745 4408 1894 4450 sane
1917 4389 2321 4477 antiquitatis
2350 4400 2808 4454 monumentum
2821 4413 2842 4461 ,-

483 4535 559 4600 ln
596 4519 726 4614 quo
759 4531 840 4616 de
867 4529 1300 4628 Gregorii
1322 4507 1642 4628 pontificis
1677 4531 1958 4628 ‘max‘im‘i.
1989 4513 2233 4628 insigni
2279 4532 2612 4597 sanctitate
2653 4542 2714 4598 et
2762 4551 3016 4628 morum
3061 4537 3436 4606 innocentia
3467 4588 3485 4616 ,
3543 4546 3753 4628 deque

1195 4608 1450 4672 Urbano
1485 4609 1546 4702 Il
1577 4608 1638 4672 et
1677 4609 1964 4673 Paschali
1993 4611 2051 4673 ll
2075 4608 2276 4674 lector
2303 4629 2430 4674 non
2459 4629 2657 4691 pauca
2688 4613 2988 4694 reperiet.

863 4753 1046 4817 Nunc
1064 4754 1346 4833 primum
1373 4753 1534 4816 bono
1564 4718 1933 4818 orthodoxa:
1962 4751 2258 4816 Ecclesiae
2288 4771 2367 4814 ea:
2401 4755 2669 4818 tenebris
2694 4757 2760 4818 in
2791 4755 2984 4818 iurem
3007 4761 3357 4841 profertur.

2019 4907 2222 4923 —

1858 5029 2332 5143 LECTORI.

560 5191 970 5265 Illustrissimus
1008 5195 1297 5265 cardinalis
1319 5161 1586 5256 Baroiiius
1619 5210 1748 5256 tom.
1875 5209 1930 5256 et
1952 5200 2050 5256 ΧΗ
2074 5201 2368 5256 Annalium
2389 5216 2620 5258 suorum

2662 5217 2804 5273 saepe
2827 5203 2959 5259 citat
2976 5204 3266 5262 eLrecitat
3290 5221 3493 5264 versus
3525 5208 3748 5265 Donni—

491 5261 1217 5361 ξοηίὶἒῖεὲδὲζξξξζξιᾙιδ
1253 5267 1524 5353 Μαιηίὲάίξ
1553 5261 1868 5361 οοξῐιξξὶεξξὲ.
1890 5271 2072 5361 πρήξει
2095 5273 2364 5361 au‘ctoris‘
2379 5272 2662 5361 desiderio
2703 5261 3050 5361 nanciscepdi
3075 5261 3147 5331 et
3165 5261 3487 5358 publicandi

489 5328 728 5380 ,Ιειρηῐιιῖς
751 5328 1040 5380 Grét'serus
1077 5328 1298 5380 Romam
1329 5341 1544 5380 unrincii
1575 5342 1638 5380 ml
1681 5339 1727 5380 Ω·
1787 5339 1830 5380 D
1888 5328 2073 5380 ῐῖοτῖδίιη

2176 5341 2290 5380 inm
2339 5338 2590 5380 Alhnl‘llm
2633 5343 2906 5380 cnniolntie
2959 5341 3078 5380 rnatu
3108 5328 3487 5380 «globata-sin:
3511 5328 3606 5380 ,έν-ιε
