3984 5380
193 205 297 261 9H

1099 202 1380 259 APPEND.
1419 202 1508 258 III.
1546 232 1619 243 ---
1655 202 2089 261 MONUIIENTA
2125 202 2594 260 GREGORIANA.

3380 208 3485 264 9η

272 320 439 389 ρυοά
462 320 509 378 si
533 321 623 378 cui
648 335 841 378 versus
861 320 1218 378 Domnisonis
1242 320 1580 378 horridiores
1610 337 1676 378 ac
1706 322 2032 379 incultiores
2055 322 2330 389 videntur,
2354 324 2403 379 is
2428 323 2741 379 meminerit
2774 323 2862 378 hic
2880 338 3000 378 non
3029 322 3217 391 verba,
3241 323 3338 380 sed
3367 338 3485 380 rem

192 408 293 449 seu
320 392 840 466 materiamquzeri.
873 391 1012 466 _l_ll_u_d
1033 392 1198 466 etiam
1230 392 1287 446 in
1323 400 1561 466 mentem
1586 402 1823 466 revocet,
1854 409 1922 466 ne
1948 407 2060 466 uno
2091 393 2316 463 quidem
2338 395 2450 463 pilo
2473 392 2840 466 elegantiores
2858 409 2982 466 esse
3009 409 3203 466 versus
3223 396 3485 466 anonyml

193 472 443 519 auctoris
479 464 554 517 De
585 461 695 545 vita
726 462 910 545 Caroli
933 462 1165 546 ᾃίειεηὶ.Ἀ
1182 477 1348 546 quem
1395 462 1737 546 ﬁcineccius'
1760 463 2055 546 evulgavit,
2099 461 2517 546 nequenversus

2613 464 2820 519 oswitze
2858 463 2933 518 De
2963 464 3130 532 gestis
3172 463 3482 532 Oddouum,

309 549 377 588 ue
404 549 600 590 versus
630 534 960 605 inuomiuati
985 530 1374 605 versiﬁcatoris
1405 532 1481 605 De
1518 533 1660 588 bello
1691 530 1913 589 Henrici
1938 530 2006 586 IV
2039 530 2236 605 contra
2281 531 2558 599 Saxones;
2594 550 2735 605 quos
2765 543 2949 590 tamen
2966 530 3169 605 Iustus
3200 530 3487 593 Reuberus

196 603 459 674 indignos
488 620 599 659 non
620 605 838 659 censuit
868 604 1072 674 quibus
1117 605 1257 659 inter
1281 604 1572 659 historicos
1600 605 1699 659 abs
1722 620 1781 660 se
1808 606 1985 659 editos
2009 604 2304 659 stationem
2330 603 2656 674 assignaret.
2684 603 2828 671 Quin
2857 615 2913 660 et
2946 604 3259 661 Calvinistaa
3290 605 3489 662 Guldie

199 684 364 747 uasto
399 676 674 747 posterior
700 690 821 731 esse
848 676 984 730 satis
1004 674 1208 744 politus
1238 674 1528 747 visus‘est,
1566 690 1732 747 quem
1771 691 1897 729 cum
1938 674 2155 747 caeteris
2192 674 2571 747 schismaticis
2596 676 2915 747 auctoribus
2958 679 3013 731 in
3058 691 3157 731 sua
3190 675 3489 747 Farragine

196 740 469 816 Gregorio
495 743 585 797 VII
613 745 842 815 ejusque
864 740 1358 816 propugnatoribus
1385 740 1666 813 objicer'et.
1695 743 1968 816 Prmtereo
1990 744 2130 800 alios
2154 745 2226 800 ab
2258 744 2393 815 ipsis
2433 747 2788 801 novatoribus
2811 747 2865 800 in
2893 746 3070 816 lucem
3096 740 3396 813 extractos:
3430 746 3490 800 iu

238 813 439 870 uorum
470 813 768 884 conspectu
792 813 900 870 non
928 813 1013 869 est
1045 813 1193 883 quod
1220 814 1510 884 erubescat
1552 823 1739 870 noster
1779 815 2065 880 Domnizo,
2093 824 2155 869 ut
2179 813 2391 870 taceam
2430 817 2603 872 libros
2634 817 2877 872 Abbonis
2902 814 2977 870 De
3022 816 3309 872 obsidione
3334 816 3492 872 urbis

238 830 439 870 uorum
470 830 768 884 conspecru
792 831 900 870 non
928 830 1013 869 est
1045 830 1193 883 quoa
1220 830 1510 869 erunescat
1552 830 1739 870 noster
1779 830 2065 880 uommzo,
2093 830 2155 869 ut
2179 830 2391 870 taceam
2434 830 2603 872 unros
2634 830 2877 872 ADDOIIIS
2903 830 2977 870 ue
3022 830 3309 872 onsuuone
3334 830 3489 872 urnis

200 830 556 968 ἓξςξδίςηδίε.
582 895 636 940 et
656 886 827 968 libros
866 884 1203 968 I’hilippidos
1240 899 1272 939 a
1316 882 1617 968 Guillermo
1643 887 1710 940 de
1750 884 1956 968 Nangis
1973 886 2345 968 conscriptos,
2355 903 2513 968 gnos
2534 887 2895 968 clarissimus
2923 885 3119 941 Petrus
3142 885 3389 968 Pithoeus
3420 901 3489 943 ex

203 954 664 1012 bibliothecarum
699 956 923 1012 latebris
943 954 1126 1011 eruit:
1161 970 1301 1025 quos
1316 955 1551 1025 ‘sectarii
1588 954 1931 1025 legunt_sine
1970 954 2219 1011 fastidiof
2242 957 2322 1011 Ad
2355 954 2744 1013 Dbmnizonem
2770 959 2956 1014 statim
2985 957 3349 1023 nauseabunt,
3377 971 3489 1012 non

203 1026 281 1099 ob,
304 1026 545 1099 indolata
577 1027 843 1099 carmina,
875 1027 968 1081 sed
1009 1026 1139 1099 quia
1166 1022 1274 1099 pro
1301 1022 1565 1099 Gregorio
1602 1024 1716 1090 VII,
1754 1023 1985 1099 Urbano
2016 1025 2058 1078 II
2098 1036 2152 1082 et
2178 1026 2428 1084 Paschali
2468 1027 2512 1082 II
2548 1029 2899 1099 pontiﬁcibus
2929 1028 3185 1084 maximis
3220 1022 3491 1099 adversus

204 1097 592 1153 schismaticos
623 1096 803 1161 stetit;
828 1112 1063 1167 quorum
1092 1096 1633 1167 dolos,imposturas
1657 1105 1712 1151 et
1752 1097 2155 1167 improbitatem
2195 1098 2334 1152 vivis
2362 1114 2495 1154 sane
2529 1096 2805 1154 coloribus
2834 1100 2890 1153 in
2930 1100 3035 1154 hoc
3065 1115 3165 1154 suo
3200 1098 3490 1167 opereide-

202 1167 399 1294 mugit,
424 1177 487 1224 ut
509 1169 738 1238 proinde
761 1166 962 1222 mirum
989 1183 1098 1222 non
1140 1167 1212 1221 sit
1245 1166 1293 1222 si
1325 1167 1580 1222 hzeretico
1602 1175 1660 1222 et
1682 1166 2037 1223 schismatico
2066 1168 2248 1238 palato
2281 1169 2584 1240 displiceat.
2612 1168 2818 1225 Verum
2847 1185 2996 1224 nunc
3026 1166 3322 1225 reddamus
3355 1166 3490 1224 Iide-

229 1238 239 1247 ’
352 1239 542 1294 omnia
572 1254 699 1294 uuae
718 1239 774 1293 in
798 1239 1113 1294 anoaranbo
1136 1236 1385 1293 Romano
1418 1238 1742 1294 reperimus.
1968 1258 1971 1261 ν

352 1236 542 1295 omnia
572 1254 699 1310 quas
718 1239 774 1293 in
798 1239 1113 1310 apograpbo
1136 1236 1385 1293 Romano
1418 1238 1742 1308 reperimus.

582 1352 973 1421 (Numerium
1003 1350 1228 1423 [Script.
1267 1349 1412 1416 Ital.,
1443 1351 1530 1424 V],
1566 1361 1624 1406 ut
1648 1352 1767 1423 jam
1791 1369 1826 1406 η

1904 1353 2111 1419 mimus,
2143 1355 2428 1424 sequimur.
2461 1353 2670 1409 Epiron
2692 1352 3100 1424 Pnaomout.)

850 1492 3478 1532 Ψ

192 1496 1956 1536 Mm

434 1692 538 1791 IN
611 1690 1118 1794 DONIZONIS
1175 1690 1509 1791 POEMA
1583 1692 1712 1789 DE
1784 1690 2019 1807 VITA
2093 1690 2628 1792 COMI'I‘ISSIE
2704 1691 3260 1792 MATHILDIS

1476 1919 2232 2038 ΡΒΑΞΕΑΤΙΟ

859 2168 1443 2265 LUDOVICI
1523 2162 2035 2293 ANTONII
2111 2166 2844 2261 MURATORII.
2910 2302 2915 2305 _

276 2520 440 2577 Anno
469 2518 692 2575 Christo
742 2517 898 2584 l046,
942 2534 1008 2573 ex
1060 2517 1341 2573 Bouifacio
1375 2517 1513 2573 duce
1546 2524 1600 2572 et
1645 2531 1796 2570 mar-
1825 2517 1873 2574 Α
1899 2524 2055 2572 vente
2094 2517 2213 2573 hac
2255 2519 2503 2588 scripsit,
2537 2530 2593 2576 et
2636 2538 2822 2579 rerum
2870 2542 3077 2597 gnarus
3118 2543 3243 2587 esse
3274 2532 3505 2602 potuit,-

200 2613 406 2669 cbione
432 2612 667 2677 Tusciae,
696 2620 858 2682 atque
880 2627 944 2666 ex
973 2611 1216 2666 Beatrice
1239 2610 1644 2681 Letharingira,
1670 2619 1798 2665 nata

204 2714 291 2761 est
331 2705 534 2778 inclyta
574 2704 829 2776 princeps
872 2702 1151 2758 comitissa
1187 2700 1493 2767 Mathildis;
1527 2714 1672 2754 anno
1694 2716 1795 2754 au-

206 2806 317 2853 tem
356 2797 498 2852 IIIS
536 2812 567 2851 c
610 2795 749 2850 vivis
798 2794 1051 2859 sublata;
1090 2792 1293 2848 femina
1324 2808 1451 2846 cum
1492 2790 1657 2845 animi
1694 2790 1797 2843 vir-

206 2889 438 2953 tutibus,
488 2888 619 2942 tum
642 2887 805 2942 rebus
846 2886 1012 2957 gestis
1045 2901 1109 2941 ac
1143 2883 1498 2955 amplitudine
1528 2883 1795 2937 ditionnm

206 2980 587 3045 celeberrima,
631 2989 794 3055 atque
838 2978 1003 3034 Italia:
1038 2995 1102 3034 ac
1131 2977 1232 3033 aevi
1271 2978 1358 3033 sui
1392 2976 1796 3031 nobilissimum

207 3070 397 3125 decus.
426 3067 560 3140 Ejus
591 3070 757 3125 vitam
793 3086 859 3126 ex
888 3067 1139 3141 professo
1172 3068 1368 3124 litteris
1400 3067 1799 3139 consignarunt

208 3160 540 3219 Benedictus
584 3161 893 3227 Luchinus,
944 3160 1263 3218 Dominicus
1308 3160 1587 3226 Mellinus,
1647 3158 1796 3215 Felix

207 3256 580 3324 Contelorius,
609 3266 664 3312 et
704 3255 882 3311 Julius
922 3255 988 3311 clc
1019 3254 1212 3311 Putco.
1244 3255 1314 3310 At
1351 3255 1623 3327 praecipue
1654 3254 1797 3309 hanc

211 3344 471 3404 historiae
498 3357 709 3419 partem
754 3356 1092 3403 exornarunt
1134 3347 1237 3401 viri
1278 3348 1409 3412 duo,
1454 3362 1562 3401 non
1614 3346 1796 3402 minus

209 3440 519 3496 eruditione
559 3457 723 3511 quam
761 3439 970 3509 judicio
996 3440 1224 3495 subacto
1265 3437 1576 3504 clarissimi,
1601 3453 1796 3507 nempe

210 3532 540 3590 Frauciscus
576 3532 746 3588 Maria
786 3532 1176 3595 Florentinius,
1210 3533 1267 3586 in
1306 3530 1674 3588 Monumentis
1702 3547 1796 3586 co-

209 3628 437 3683 mitissa:
461 3626 738 3682 Mathildis
770 3626 949 3681 italice
974 3626 1214 3695 scriptis,
1238 3635 1292 3681 et
1316 3624 1639 3680 Benedictus
1660 3624 1795 3680 Bac-

208 3719 428 3776 cbinius
450 3718 639 3775 Sancti
658 3719 807 3776 Petri
842 3719 1165 3774 Mutinensis
1189 3719 1360 3774 abbas
1380 3718 1589 3774 ordinis
1612 3716 1796 3773 Cassi-

210 3812 417 3878 nensis,
442 3812 499 3866 in
521 3810 761 3868 Historia
779 3810 965 3866 Italica
988 3808 1308 3865 monasterii
1328 3807 1792 3864 Padolironensis.

210 3902 453 3974 Singulis
476 3911 659 3957 tamen
677 3902 828 3957 hisce
851 3901 1210 3971 scriptoribus
1224 3899 1398 3954 facem
1410 3899 1666 3970 praetulit,
1684 3898 1797 3953 imo

207 3993 467 4066 pleraque
499 4009 567 4049 ex
602 3993 769 4065 gestis
796 3992 1095 4051 comitissae’
1132 3990 1407 4047 Mathildis
1435 3989 1801 4061 suppeditavit

206 4103 351 4143 unus
392 4086 626 4153 Donizo,
659 4087 754 4158 qui
788 4095 844 4142 et
869 4100 1112 4158 praesens
1148 4083 1305 4150 vidit,
1330 4090 1386 4138 et
1427 4082 1678 4138 versibus
1709 4097 1801 4136 ex-

208 4180 687 4252 pressitprzeclara
710 4174 1024 4236 fortissimae
1046 4178 1190 4233 illius
1212 4176 1457 4232 mulieris
1474 4184 1615 4233 acta.
1640 4174 1801 4230 Certe

208 4271 315 4330 nisi
330 4282 572 4343 tempus,
590 4272 668 4326 uti
682 4278 763 4326 tot
777 4270 935 4336 alios,
957 4270 1102 4323 hunc
1118 4268 1283 4323 etiam
1303 4266 1461 4321 nobis
1476 4266 1798 4336 scriptorem

208 4367 520 4439 eripuisset,
554 4364 806 4419 mutilam
832 4363 1017 4417 minus
1070 4377 1136 4415 ac
1169 4373 1280 4414 non
1325 4358 1539 4413 levibus
1561 4356 1801 4413 tenebris
1829 4356 1836 4366 ’

208 4461 443 4516 obsitam
468 4457 800 4513 haberemus
818 4454 1114 4519 Mathildis,
1138 4452 1368 4523 ejusque
1389 4450 1799 4523 progenitorlun

209 4551 531 4616 Historiam;
573 4547 1010 4620 progenitorum,
1059 4545 1306 4615 inquam,
1349 4559 1476 4612 nam
1516 4550 1575 4597 et
1603 4543 1672 4597 ab
1715 4542 1802 4597 his

210 4662 363 4705 suam
394 4645 487 4700 ille
524 4642 900 4717 narrationem
924 4639 1227 4703 exorditur,
1247 4644 1302 4691 et
1322 4636 1389 4691 de
1424 4637 1493 4691 iis
1514 4636 1685 4689 multa
1710 4635 1804 4689 ha-

210 4740 315 4805 bet,
337 4754 465 4809 quae
486 4736 618 4807 alibi
645 4734 853 4789 frustra
882 4732 1357 4801 conquirerentur.
1390 4727 1530 4783 Rudi
1555 4743 1687 4782 sane
1715 4737 1802 4782 at-

203 4846 311 4902 que
336 4827 713 4906 incomposito
739 4826 905 4896 stylo,
932 4833 988 4879 ct
1016 4823 1168 4894 poesi
1194 4821 1343 4877 omni
1376 4820 1592 4891 poetico
1619 4820 1804 4875 colare
1826 4870 1829 4873 ἰ

206 4924 469 4979 destituta
521 4936 636 4975 rem
686 4918 778 4972 ille
825 4931 982 4972 suam
1026 4914 1252 4986 peregit,
1303 4921 1364 4967 ut
1403 4911 1595 4983 procul
1635 4911 1803 4967 dubio

206 5015 505 5071 barbarum
542 5012 873 5080 scriptorem
915 5023 979 5064 ac
1008 5007 1245 5064 ferreum
1280 5005 1545 5060 continuo
1573 5002 1800 5059 clames.

211 5106 407 5164 Verum
453 5104 605 5177 quod
644 5103 727 5157 illi
779 5100 1105 5170 inelegantia
1146 5097 1272 5168 styli
1306 5098 1498 5161 defuit,
1554 5095 1806 5151 veritatis

208 5215 360 5254 amor
389 5207 448 5254 et
474 5197 729 5267 quadam
765 5192 1095 5247 sinceritatis
1127 5190 1304 5259 imago
1341 5191 1472 5244 satis
1508 5186 1800 5254 supplevit.

208 5292 427 5348 Accedit
479 5289 628 5359 quod
680 5300 878 5342 eorum
919 5300 1041 5353 qua:
1086 5280 1253 5338 refert
1293 5278 1570 5337 Matliildis
1639 5286 1803 5336 :etate

1828 5376 1829 5380 η
1910 5337 2133 5380 nrnlnv'n
2184 5354 2246 5380 ρτ
2272 5336 2437 5380 .rniu:
2470 5332 2790 5380 initialihtm
2828 5338 3019 5380 tium-ie

1901 2610 2099 2679 quippe
2117 2611 2404 2680 proximus
2423 2623 2478 2668 et
2498 2615 2703 2670 charus
2720 2616 2986 2675 Mathildi.
3012 2620 3313 2679 Canusium
3336 2641 3503 2693 vero,"

1900 2701 2015 2756 sive
2044 2703 2343 2771 Canosam,
2364 2721 2560 2776 nempe
2584 2706 2950 2769 fortissimum
2986 2727 3052 2768 ac
3071 2713 3489 2772 celeberrimum

1901 2791 2032 2847 illud
2057 2792 2340 2865 Regiensis
2365 2798 2482 2868 agri
2513 2803 2962 2871 castrum,,quod
2985 2803 3214 2860 charum
3244 2821 3361 2876 pm
3396 2823 3490 2864 re-

1900 2884 2064 2955 liquis
2085 2902 2211 2941 cum
2234 2888 2351 2958 ipsa
2377 2892 2659 2948 comitissa
2697 2901 2814 2950 tum
2836 2895 2988 2951 illius
3008 2898 3251 2968 majores
3270 2900 3490 2958 habue-

1900 2987 2049 3044 runt,
2076 2978 2282 3034 Donizo
2303 2990 2491 3036 noster
2514 2984 2715 3055 ubique
2742 2996 3031 3054 memorat,
3054 2988 3259 3061 ubique
3280 2992 3489 3059 laudat,

1900 3068 2011 3122 imo
2041 3077 2096 3123 et
2130 3069 2362 3139 loquens
2399 3073 2558 3127 nobis
2584 3076 2832 3144 exhibet;
2862 3079 2939 3133 ibi
2957 3080 3106 3135 enim
3138 3080 3349 3138 Donizo
3372 3083 3489 3153 jam

1897 3176 1989 3230 per
2021 3162 2250 3233 quinque
2283 3161 2458 3217 lustra
2496 3164 2791 3235 habitarat,
2831 3184 2960 3225 cum
2994 3170 3113 3227 haec
3148 3175 3492 3232 contexenda

1900 3252 2152 3321 sumpsit.

1968 3341 2170 3398 Poema
2200 3353 2384 3399 autem
2426 3362 2613 3414 suum,
2650 3348 2865 3406 vivente
2890 3350 3008 3421 ipsa
3036 3353 3316 3422 Mathildc,
3355 3369 3495 3413 eo»

1899 3444 2148 3492 texuerat
2188 3434 2418 3505 Donizo,
2456 3439 2617 3510 eique
2653 3441 2838 3497 dicare
2874 3452 3176 3513 statuerat;
3205 3462 3333 3503 cum
3364 3463 3494 3505 ecce

1898 3544 2050 3584 mors
2071 3528 2378 3598 piissimam
2420 3531 2723 3603 principem
2758 3550 2790 3591 e
2815 3536 2954 3591 vivis
2982 3538 3179 3595 aufert.
3206 3538 3353 3596 Hinc
3387 3541 3511 3599 ade.

1899 3621 2075 3677 ditum
2098 3638 2129 3676 a
2148 3633 2309 3692 poeta
2332 3633 2681 3694 postremum
2702 3636 2867 3697 caput
2893 3628 3060 3700 Operi
3086 3631 3273 3687 suodc
3290 3632 3493 3703 insigni

1898 3714 2045 3767 obitu
2098 3718 2453 3772 memoranda:
2493 3720 2783 3775 comitium
2830 3720 3115 3778 Malitildis
3141 3764 3163 3789 ,
3197 3732 3493 3794 postquam

1899 3804 2099 3859 librum
2138 3805 2321 3876 ipsum
2364 3809 2714 3867 concluserat
2740 3812 2920 3882 capite
2950 3816 3298 3883 precedenti,
3329 3818 3492 3887 cujus

1899 3905 1983 3951 est
2006 3897 2197 3952 titulus
2227 3917 2240 3952 :
2275 3899 2428 3965 Quod
2453 3918 2578 3971 erga
2601 3902 2700 3956 Dei
2731 3903 2958 3970 cultum,
2982 3913 3087 3960 etc.
3114 3904 3176 3959 In
3197 3906 3305 3961 hoc
3322 3906 3492 3977 igitur

1900 3990 2202 4058 penultimo
2234 3992 2412 4062 capite
2460 3993 2630 4063 (quod
2676 3996 2836 4064 pauci
2883 3994 3117 4052 fortasse
3162 3987 3491 4067 hucusque

1901 4079 2425 4153 animadverterunt)
2450 4086 2722 4153 expressit
2744 4084 2953 4142 Donizo
2973 4104 3070 4158 per
3096 4088 3488 4153 acrosticbum,

1901 4172 2007 4228 hoc
2026 4182 2110 4230 est
2129 4173 2324 4230 litteris
2345 4173 2646 4229 initialibus
2663 4191 2923 4233 versuum
2946 4192 3143 4233 nomen
3158 4191 3232 4232 ac
3243 4175 3491 4232 cilicium

1902 4279 2085 4330 suum,
2121 4264 2209 4320 his
2246 4265 2411 4319 etiam
2444 4266 2623 4320 verbis
2662 4266 2924 4339 lectorem
2965 4268 3033 4323 de
3070 4268 3174 4322 hoc
3210 4268 3331 4337 ipso
3360 4282 3489 4323 mo-

1903 4369 2039 4409 nens
2069 4373 2081 4407 ζ

1907 4488 2147 4560 Ofﬁcium
2175 4491 2383 4545 ἀπείπας
2414 4480 2658 4546 nostrum
2691 4501 2859 4547 metra
2889 4508 3074 4547 nomen
3102 4502 3154 4547 et
3180 4494 3305 4549 ista.

1904 4628 1981 4685 Ita
2006 4646 2065 4685 sc
2088 4630 2254 4685 habet
2280 4631 2624 4687 acrostichus
2652 4629 2741 4685 ille
2769 4651 2781 4687 ε

1905 4712 2187 4813 Presbyter
2214 4743 2353 4798 hunc
2381 4743 2576 4797 librum
2602 4743 2777 4811 ﬁncit,
2806 4743 3195 4811 monachusque
3216 4742 3444 4797 Douizo.

1910 4877 2007 4933 Ubi
2030 4878 2183 4948 ﬁncit
2220 4879 2360 4934 idem
2385 4887 2468 4933 est
2502 4893 2566 4933 ac
2590 4877 2778 4948 ﬁnxit,
2808 4895 2931 4936 cum
2954 4864 3153 4930 nomen
3179 4876 3382 4931 Christi
3406 4889 3501 4943 per

1906 4969 2368 5025 abbreviationem
2408 4965 2547 5021 XPI
2586 4968 2930 5039 scripsisset.
2981 4965 3157 5020 Simul
3208 4978 3393 5023 autem
3436 4962 3533 5020 ex'

1905 5059 1989 5115 his
2031 5060 2299 5131 intelligas
2342 5075 2511 5131 quare
2545 5057 2887 5120 Donizoncm
2920 5074 3019 5132 ego
3070 5061 3341 5128 appellare
3384 5072 3506 5110 ma-

1905 5152 2021 5218 lim,
2043 5168 2209 5223 quam
2234 5153 2634 5214 Dumuizonem',
2673 5162 2741 5207 ut
2784 5153 2977 5227 reliqui
3004 5148 3229 5209 faciunt.
3263 5152 3510 5205 Alterum

1834 5228 1873 5283 (ἶ
1906 5261 2126 5316 quoque
2169 5244 2541 5301 acrosdchum
2584 5242 2759 5303 nobis
2812 5245 3029 5319 reliquit
3067 5244 3155 5298 hic
3186 5246 3421 5314 scriptor
3456 5236 3514 5291 in

3056 5333 3423 5380 rnnﬁnimtluf
