3984 5380
3644 351 3743 404 Sii

461 352 587 421 91:3?
1385 377 1393 387 -
1449 356 1541 413 an
1576 353 1805 410 orem
1846 352 1903 411 s.
1945 338 2276 410 caucomi
2313 341 2757 407 APPENDiCES.

466 480 541 534 ΕΤ
571 470 846 550 ροςῑνὲηἱο
888 489 1052 532 YCI‘SU
1079 458 1283 531 (18.1100
1324 471 1451 527 lllSi!
1484 470 1723 524 monitos
1762 483 1865 523 nos
1893 468 2138 526 ἚὌῘΙΞῘῙἈ
2166 487 2345 541 adhuc
2398 492 2751 540 monumenta
2801 491 3086 539 testantur,
3144 482 3449 554 Utrumque
3506 482 3743 538 (go-dicem

467 571 716 627 seribens

472 681 652 752 ipsius
681 682 736 737 hi
763 696 938 736 versus
969 680 1101 733 dant
1134 694 1343 746 nomen,
1375 677 1608 749 dantque
1630 685 1929 748 parentant.

474 794 579 851 Sed
613 803 675 851 ut
695 795 913 850 redeam
945 794 1014 849 ad
1040 792 1413 849 acrostichum
1451 791 1713 862 priorem,
1759 805 1856 861 per
1882 789 2063 858 ipsum

472 889 762 945 edoeemur
787 885 1121 940 Donizonem
1154 900 1262 939 non
1286 884 1466 939 solum
1495 882 1858 948 sacerdotem,
1891 880 2063 935 fuisse

475 980 569 1035 sed
606 986 663 1035 et
702 978 1054 1034 monachum.
1100 977 1158 1054 in
1183 977 1465 1033 Canusino
1501 976 1837 1056 monasterio
1873 975 2065 1048 procul

473 1070 643 1128 dubio
666 1071 716 1127 is
738 1069 893 1137 vixit,
919 1069 1071 1141 quod
1090 1085 1157 1125 ex
1179 1069 1302 1140 ejus
1323 1067 1553 1138 epistola
1577 1067 1910 1123 dedieatoria
1934 1066 2067 1123 satis

476 1163 672 1220 elucet.
704 1161 769 1217 Et
808 1162 1029 1233 quidem
1064 1177 1131 1217 eo
1166 1169 1306 1217 teste
1345 1160 1440 1215 lib.
1487 1176 1525 1226 ι,
1563 1175 1684 1231 cap.
1720 1159 1786 1213 17
1811 1159 2068 1215 novimus

477 1253 872 1310 Fraxinorense
915 1254 1297 1308 monasterium
1334 1253 1389 1307 in
1433 1253 1715 1308 montibus
1749 1251 2069 1327 Mutinensi-

479 1347 583 1402 bus
604 1347 674 1402 ab
713 1347 832 1417 ipsa
863 1345 1121 1401 Mathilde
1154 1345 1386 1416 ejusque
1416 1354 1590 1400 matre
1626 1343 1872 1400 Bcatriee
1900 1343 2070 1401 fuisse

481 1439 832 1505 aediﬁcatum,
880 1454 945 1494 ac
988 1447 1249 1509 pratterea
1302 1436 1657 1504 Canusinam,
1706 1438 1832 1493 data
1876 1453 2072 1507 nempe

482 1529 769 1586 monachis
811 1530 1073 1597 ecclesia,
1137 1546 1303 1600 quam
1353 1540 1513 1584 antea
1562 1546 1705 1585 unus
1750 1530 2072 1600 praepositus

483 1638 609 1677 cum
643 1638 717 1676 xu
746 1622 962 1678 clericis
984 1622 1099 1677 sive
1121 1621 1404 1677 canonicis
1436 1621 1851 1677 administrabat
1878 1640 1889 1676 :

700 1736 984 1791 Canusina:
1010 1751 1212 1806 quoque
1237 1745 1438 1790 sancta:

486 1826 744 1883 Ecclesia:
768 1843 955 1882 nomen
981 1834 1334 1895 mutarerunt,
1358 1837 1407 1883 et
1436 1828 1703 1883 honorem.

488 1918 555 1973 In
586 1919 796 1987 melius,
825 1920 1028 1974 dudum
1056 1922 1142 1974 cui
1176 1921 1490 1991 prtepo‘situs
1515 1937 1670 1987 unus,

492 2010 629 2066 Usus
658 2028 776 2065 cum
799 2012 955 2067 cleris
984 2029 1087 2067 non
1121 2013 1224 2067 nisi
1256 2021 1465 2067 tantum
1491 2012 1749 2067 duodenis

488 2102 762 2158 Deservire
786 2103 1019 2174 quidem.
1051 2102 1210 2158 Nunc
1232 2103 1396 2158 abbas
1422 2105 1580 2158 servit
1610 2103 1802 2157 ibidem

489 2196 623 2248 Cum
650 2195 920 2250 monachis
949 2194 1161 2251 Christo
1192 2195 1379 2250 multis
1406 2194 1792 2266 famulantibus
1819 2193 1932 2248 illo.

490 2308 677 2380 Itaque
704 2308 759 2363 in
789 2309 883 2363 illo
914 2309 1034 2381 ipso
1064 2309 1420 2374 monasterio,
1457 2307 1562 2363 sub
1588 2309 1764 2362 sancti
1804 2305 2079 2361 Benedicti

490 2402 711 2472 regula,
753 2401 1020 2456 militasse
1074 2399 1412 2455 Donizonem
1455 2399 1806 2455 statuendum
1854 2398 2081 2451 omnino

491 2501 592 2547 est.
630 2490 689 2547 ld
722 2493 870 2562 quod
909 2492 1253 2547 clarissimus
1293 2490 1659 2555 Mabiilonius,
1690 2489 1743 2543 in
1781 2488 2082 2543 Annalibus

492 2582 884 2649 Benedictinis,
917 2583 984 2638 ad
1020 2598 1152 2637 ann.
1204 2583 1363 2649 1115,
1407 2582 1636 2637 minime
1673 2581 1935 2648 advertit;
1972 2581 2084 2635 imo

494 2676 775 2731 certesiam
806 2676 992 2730 Sancti
1029 2676 1255 2730 Ca’sarii
1298 2676 1354 2729 in
1395 2689 1528 2745 agro
1570 2673 1861 2728 Mutinensi
1899 2674 2082 2739 sitam,

495 2776 554 2829 ct
588 2766 867 2823 Mathildis
891 2777 1135 2838 tempore
1162 2783 1193 2822 a
1227 2766 1510 2822 canonicis
1546 2766 1890 2837 regularibus
1912 2765 2087 2820 admi-

496 2860 809 2927 nistratam,
854 2860 1102 2915 confudit
1142 2875 1267 2915 cum
1301 2858 1573 2914 Canusina
1614 2857 2086 2913 Benedictinorum

498 2953 837 3007 monasterio
867 2951 924 3005 in
961 2949 1218 3022 Begiensi
1256 2951 1384 3018 sito,
1413 2950 1680 3016 scribens,
1718 2950 1889 3004 multa
1919 2949 2087 3004 bene-

494 3044 618 3099 ﬁcia
646 3059 679 3098 a
715 3042 973 3099 Mathilde
1016 3043 1269 3099 Bonden'r
1298 3050 1598 3115 aegrotante
1636 3041 1928 3112 postremis
1963 3041 2091 3096 vitae

497 3151 611 3197 sua:
645 3136 840 3192 diebus
862 3136 1095 3191 ecclesia:
1130 3134 1317 3190 Sancti
1345 3134 1570 3189 Cwsarii
1602 3137 1972 3188 canonicorum
2005 3149 2088 3187 re-
2118 3168 2159 3225 Ο

497 3229 768 3298 galarium
795 3227 937 3299 apud
962 3227 1231 3283 Canosam
1251 3226 1423 3283 fuisse
1445 3227 1655 3283 collata.

570 3321 743 3378 Douiz
782 3323 869 3378 nis
897 3322 1034 3377 liber
1071 3322 1308 3392 primum
1353 3321 1532 3377 editus
1567 3320 1671 3375 fuit
1705 3336 1733 3374 a
1768 3318 2090 3375 Sebastiano

502 3412 830 3485 Tegnagelio
878 3413 1299 3469 bibliothecario
1338 3412 1620 3479 Caesareo,
1666 3412 1781 3468 sive
1816 3428 1845 3466 a
1886 3410 2090 3466 Jacobo

502 3504 798 3569 Gretserio,
831 3519 945 3559 soc.
978 3503 1131 3570 Jesu,
1170 3503 1508 3575 lngolstadii,
1542 3518 1670 3557 ann.
1699 3502 1905 3559 Christi
1932 3503 2090 3571 1612,

504 3595 649 3649 inter
683 3593 868 3648 Vetera
895 3604 1237 3649 monumenta
1264 3605 1449 3649 contra
1476 3595 1843 3648 schismaticos
1874 3595 1944 3650 ab
1973 3595 2091 3665 ipso

504 3687 751 3743 collecta.
803 3686 889 3742 Ad
918 3702 1039 3741 eam
1077 3682 1373 3742 editionem
1423 3702 1561 3742 usus
1593 3695 1678 3741 est
1698 3684 2094 3757 Teugnagelius

508 3780 822 3851 apographo
860 3779 927 3835 ad
961 3794 1020 3834 se
1054 3778 1222 3833 Roma
1250 3779 1441 3833 misso.
1470 3777 1608 3832 Tum
1647 3777 1987 3833 clarissimus
2012 3779 2098 3833 vir

504 3868 833 3927 Godelridus
863 3868 1198 3925 .Guilielmus
1243 3868 1547 3924 Leibnitius
1582 3869 1637 3923 in
1682 3868 1885 3941 insigni
1920 3867 2097 3939 Opere

504 3958 765 4031 Scriptor.
810 3960 1090 4015 Brunsvic.
1120 3959 1440 4028 illustrant,
1470 3969 1603 4016 tom.
1639 3958 1680 4028 Ι,
1705 3975 1827 4031 pag.
1863 3958 1988 4027 629,
2019 3959 2099 4014 al-

505 4061 681 4109 teram
710 4053 952 4124 ejusdem
982 4053 1256 4123 poematis
1273 4053 1590 4122 editionem,
1621 4068 1767 4108 anno
1798 4051 1955 4122 1707,
1995 4067 2097 4109 no-

506 4144 594 4201 bis
634 4146 801 4211 dedit,
852 4145 1198 4215 prandenti-
1223 4161 1357 4201 sane
1402 4146 1850 4218 accuratiorem;
1876 4157 2001 4200 nam
2043 4155 2097 4200 ct

505 4237 923 4309 antiquissimus
982 4238 1154 4293 codex
1197 4236 1481 4293 Romanus
1523 4239 1654 4293 olim
1693 4229 1874 4292 Sirleti
1914 4239 2095 4293 cardi-

504 4331 649 4385 nalis
691 4345 819 4386 cum
858 4331 1006 4386 edito
1049 4329 1280 4387 collatus
1315 4330 1621 4387 subsidium
1652 4329 1827 4386 eidem
1864 4329 2004 4396 tulit,
2043 4340 2097 4385 et

506 4421 784 4479 Vaticana:
805 4423 1150 4479 bibliotheca
1183 4433 1372 4479 custos
1407 4423 1744 4496 Zaccagnius
1763 4436 1903 4478 nova
1924 4422 2096 4478 colla-

506 4516 656 4571 tione
690 4515 869 4585 ipsum
892 4515 1055 4585 iuvit.
1084 4513 1330 4569 Prodibit
1352 4530 1499 4570 nunc
1524 4514 1743 4581 iterum,
1774 4528 1939 4585 opera
1964 4528 2095 4585 quo-
2128 4534 2170 4588 ε)

508 4622 615 4677 que
632 4620 777 4675 mea,
802 4607 932 4662 illud
957 4607 1098 4662 idem
1118 4604 1416 4661 Donizonis
1441 4620 1664 4677 poema;
1691 4614 1874 4678 atque,
1906 4617 1966 4663 ut
1989 4608 2091 4663 ell-

510 4699 713 4754 matius
727 4707 788 4753 et
815 4698 1088 4768 comptius
1103 4697 1347 4768 prodeat,
1363 4711 1465 4767 ego
1482 4698 1648 4752 etiam
1670 4710 1856 4753 curam
1875 4714 2092 4755 omnem

511 4792 697 4858 attuli;
716 4804 826 4846 nec
856 4790 1038 4849 inutili
1060 4789 1295 4847 fortasse
1331 4790 1513 4846 studio
1543 4800 1707 4862 atque
1726 4792 1931 4849 labore.
1958 4790 2092 4848 Nam

512 4894 566 4937 cl
593 4884 944 4940 doctissimus
973 4883 1035 4939 P.
1064 4882 1411 4958 Bacchinius,
1446 4898 1642 4955 magna
1676 4883 1979 4940 lit-terarum
2006 4886 2095 4957 ja-

514 4984 689 5028 ctura.
710 4991 856 5028 anne
892 4975 1051 5028 εῖξε.
1082 4975 1243 5028 nobis
1273 4991 1305 5028 a
1331 4983 1507 5028 morte
1528 4983 1768 5028 ereptus.
1796 4974 2095 5028 Donizonis

2163 593 2288 633 cum
2323 576 2487 633 editis
2527 577 2761 642 contuli;
2788 586 2843 631 et
2874 580 3022 631 nunc
3048 574 3179 647 quid
3210 575 3265 630 in
3287 574 3549 646 Regiensi
3580 574 3743 647 potis-

2165 668 2365 723 simum
2393 667 2777 724 observatione
2814 667 3040 739 dignum
3080 670 3464 740 compercrim,
3495 666 3749 724 monendi

2166 766 2293 813 sunt
2322 758 2573 813 lectores.

2236 849 2315 904 Ex
2345 850 2726 906 characterum
2769 851 2949 907 forma
2991 852 3125 906 mihi
3160 852 3315 906 visus
3348 859 3435 905 cst
3458 850 3632 905 codex
3667 850 3749 907 iiie

2167 943 2403 1013 scriptus
2455 952 2580 998 ante
2640 944 3069 1016 quadringentos
3124 958 3318 998 annos.
3379 941 3752 998 Occurrcbaat

2167 1033 2343 1105 primo
2369 1034 2557 1106 ﬁgura:
2584 1032 2861 1091 Mathildis
2890 1042 2944 1091 et
2966 1032 3286 1102 Donizonis,
3320 1033 3499 1089 eidem
3524 1033 3753 1089 offeren-

2171 1128 2239 1183 tis
2260 1128 2463 1183 librum
2498 1144 2623 1184 cum
2660 1128 2768 1183 hoc
2802 1144 2964 1184 versu
2994 1147 3005 1182 :

2174 1240 2453 1297 Mathildis
2477 1241 2675 1311 lucens,
2703 1258 2908 1314 precor,
2930 1241 3026 1296 hoc
3051 1258 3175 1312 cape
3197 1240 3358 1295 chara
3388 1240 3669 1296 volumen-

2175 1352 2419 1413 Similem
2461 1354 2712 1426 efﬁgiem,
2761 1354 2936 1410 minio
2977 1355 3203 1425 pictam,
3250 1362 3305 1409 et
3345 1369 3410 1411 ex
3462 1352 3758 1408 Donizonis

2172 1443 2348 1516 Opere
2382 1461 2487 1501 ms.
2520 1460 2858 1516 expressam,
2894 1445 2949 1500 in
2977 1461 3054 1502 res
3090 1445 3253 1501 incidi
3282 1444 3412 1501 fecit
3442 1444 3760 1499 Dominicus

2174 1533 2445 1603 Mellinus,
2493 1544 2548 1590 et
2587 1551 2782 1592 rursus
2824 1533 3173 1591 Mabillonius
3223 1535 3278 1589 in
3326 1534 3530 1589 Annal.
3588 1532 3758 1589 Bene—

2175 1626 2388 1694 dictin.,
2421 1628 2487 1683 ad
2527 1644 2655 1683 ann.
2706 1629 2864 1683 lll5.
2914 1626 3133 1694 Verum,
3179 1627 3227 1683 si
3258 1628 3392 1698 quid
3436 1629 3617 1698 sapio,
3652 1628 3763 1683 haec

2176 1718 2331 1772 nihili
2361 1717 2609 1775 facienda
2635 1727 2783 1786 sunt,
2810 1719 3010 1790 quippe
3032 1718 3196 1774 unico
3220 1719 3649 1774 amanuensium
3672 1727 3764 1773 ant

2110 1818 2153 1873 Β
2180 1810 2449 1881 pictOrum
2494 1811 2713 1883 ingenio
2747 1812 2927 1869 serius
2960 1811 3284 1884 excogitata,
3318 1809 3374 1869 et
3405 1810 3548 1867 nihil
3583 1812 3763 1881 expri-

2178 1905 2379 1959 mentia
2414 1920 2729 1976 germanam
2754 1904 3029 1961 Mathildis
3052 1905 3364 1976 imaginem.
3398 1903 3581 1971 Quam
3604 1904 3764 1960 etiam

2178 1998 2497 2068 opinionem
2537 1997 2674 2053 mihi
2719 1998 2884 2056 altius
2926 1998 3201 2069 persuasit
3242 1996 3548 2053 Donizonis
3598 1996 3767 2068 ipsius

2177 2086 2402 2163 eiligics,
2432 2107 2555 2163 quae
2574 2092 2775 2149 laicum
2806 2090 3060 2157 fortasse,
3090 2100 3237 2147 certe
3265 2107 3552 2162 nunquam
3575 2105 3767 2145 mona-

2179 2184 2347 2237 chum
2376 2184 2615 2250 exhibet,
2647 2184 2828 2254 qualis
2863 2184 2980 2256 ipse
3015 2182 3138 2238 fuit.
3174 2182 3235 2238 in
3273 2182 3537 2255 Regiensi
3564 2182 3768 2249 codice,

2181 2291 2302 2346 cap.
2336 2277 2391 2343 2,
2423 2278 2839 2349 conspiciuntur
2861 2278 3050 2350 figurae
3075 2279 3221 2349 regis
3248 2278 3468 2344 stantis,
3499 2293 3569 2334 ac
3597 2275 3771 2346 porri-

2183 2370 2361 2441 gentis
2394 2386 2561 2425 unam
2591 2364 2873 2441 capsulam
2907 2371 3246 2443 presbytero,
3277 2371 3335 2427 in
3363 2386 3479 2441 qua
3508 2369 3775 2440 scriptum

2183 2469 2271 2519 est
2296 2481 2309 2517 :
2343 2460 2547 2533 Corpus
2574 2472 2775 2519 sancta
2801 2462 3047 2530 Corome;
3071 2465 3182 2520 duo
3208 2464 3393 2520 clerici
3424 2472 3620 2519 tenent
3646 2464 3777 2519 al»

2184 2571 2303 2610 ram
2339 2556 2642 2625 capsulam,
2676 2556 2770 2611 ubi
2811 2557 3074 2627 scriptum
3094 2557 3335 2629 legitur:
3366 2555 3578 2628 Corpus
3605 2556 3777 2612 sancti

2198 2644 2447 2700 Victoris.
2473 2645 2630 2701 Astat
2656 2647 2771 2718 regi
2798 2648 2927 2702 Atto
2953 2648 3143 2705 militis
3187 2649 3376 2705 habitu
3412 2663 3545 2705 cum
3565 2662 3696 2705 ense
3722 2655 3782 2703 ct

2188 2739 2425 2810 eaputio.
2459 2737 2632 2810 Supra
2665 2741 2863 2812 legitur
2890 2760 2904 2795 :
3345 2766 3348 2770 ι

2190 2853 2424 2924 Corpora:
2453 2864 2759 2910 sanctorum
2796 2871 2888 2910 rex
2910 2856 3098 2910 Attoni
3127 2855 3283 2911 dedit.
3302 2855 3513 2912 horum.

2194 2964 2509 3038 Sequuntur
2545 2968 2664 3026 alia:
2690 2968 2878 3040 ﬁgura:
2916 2985 3041 3025 cum
3064 2969 3169 3025 hoc
3191 2985 3355 3025 versu
3383 2988 3397 3022 :

2196 3075 2430 3133 Membra
2455 3088 2597 3134 secat
2621 3082 2792 3134 sancti
2823 3078 3165 3151 Godefridus,
3195 3080 3332 3135 dans
3360 3098 3423 3136 ea
3455 3083 3633 3151 patri.

2192 3189 2332 3246 Ante
2355 3207 2476 3262 cap.
2514 3191 2570 3261 8,
2598 3193 2840 3251 occurrit
2872 3193 3076 3266 eﬁigies
3110 3192 3379 3251 Bonifacii
3434 3195 3547 3250 hoc
3574 3196 3779 3250 sociata

2203 3282 2469 3339 versiculo
2489 3304 2502 3340 :

2197 3396 2266 3451 Te
2293 3398 2520 3452 redimat
2549 3397 2738 3455 Sother
2766 3399 3019 3471 Bonifaci
3047 3401 3283 3456 marchio
3311 3401 3555 3472 duxque,

2192 3509 2331 3562 Ante
2370 3524 2489 3579 cap.
2540 3509 2625 3576 10,
2672 3509 2936 3569 Bcatricis
2975 3512 3179 3585 elﬁgies
3212 3512 3464 3582 habetur,
3497 3513 3781 3585 supposito

2194 3599 2298 3654 hoc
2324 3615 2484 3655 versu
2512 3618 2523 3653 :

2194 3709 2293 3765 Det
2315 3710 2455 3766 Deus
2483 3713 2539 3765 in
2560 3712 2724 3768 claris
2751 3716 2976 3769 cameris
3011 3726 3059 3771 te
3092 3726 3257 3787 stare,
3283 3718 3528 3774 Beatriz.

2194 3821 2592 3893 Pncponuntur
2619 3825 2785 3895 capiti
2811 3826 2863 3893 1,
2888 3826 2987 3881 lib.
3027 3844 3086 3894 ιι,
3119 3827 3322 3900 efﬁgies
3346 3828 3782 3900 Matbildis,1iu-

2194 3913 2353 3984 genis
2376 3914 2591 3971 abbatis
2613 3914 3013 3986 Cluniaeensis,
3040 3928 3094 3974 et
3115 3918 3335 3976 Henrici
3353 3922 3501 3994 regis
3530 3924 3589 3979 in
3611 3939 3781 3996 genus

2196 4006 2605 4075 procumbentis
2641 4018 2766 4067 ante
2804 4009 2981 4082 ipsam
3009 4011 3343 4081 Matbildcm,
3371 4029 3500 4070 cum
3529 4016 3636 4073 hac
3673 4018 3782 4086 cpi-

2197 4100 2403 4171 graphe
2428 4123 2441 4155 ;

2197 4232 2311 4287 Rea:
2333 4243 2482 4305 rogat
2518 4234 2783 4304 abbatem,
2818 4235 3126 4294 Mathildim
3149 4238 3414 4311 supplicat
3439 4249 3619 4312 atque.

2200 4344 2440 4401 Tandem
2470 4347 2536 4403 ad
2567 4349 2773 4405 calcem
2798 4349 2922 4404 libri
2947 4352 3065 4407 haec
3099 4352 3168 4407 ab
3208 4355 3535 4410 amanuensi
3580 4356 3786 4429 adjecta

2200 4439 2457 4511 leguntur
2484 4459 2498 4494 :

2269 4571 2478 4643 Lector,
2508 4592 2689 4632 amore
2708 4577 2810 4635 Dei
2831 4594 2972 4650 sape
2991 4590 3248 4636 memento
3270 4587 3392 4639 mei.

2202 4664 2386 4720 Finito
2414 4666 2571 4735 libro,
2598 4670 2862 4739 referatur
2892 4673 3069 4743 gratia
3100 4671 3330 4729 Christo.

2188 4755 2467 4823 Scriptor:
2489 4759 2614 4814 libri
2636 4761 2861 4816 donetur
2887 4765 3067 4835 gratia
3091 4762 3321 4833 Christi,

2206 4850 2442 4908 Nomine”
2460 4854 2551 4924 qui
2574 4853 2776 4908 dicitur
2798 4854 3087 4912 Zanelinus
3119 4867 3274 4929 atque
3296 4870 3520 4915 uocatur

2204 4944 2244 4997 Α
2275 4946 2415 4999 satis
2441 4947 2664 5014 cunctis,
2695 4948 3021 5017 parentibus,
3052 4951 3170 5020 ejus
3190 4953 3398 5019 amicis,
