3984 5380
225 287 336 345 Βίδ

1142 287 1429 345 AH’END.
1470 288 1557 344 Ill.
1597 320 1667 331 —
1695 288 2130 349 ΙΩΝΗΜΕΝΤΑ
2170 291 2634 351 ΕΙΚΕΕΟΜΛΝΑ.

3389 303 3496 363 εις

225 403 478 460 nondum
502 400 736 460 fuerant.
769 403 850 461 Ad
871 405 986 461 haec
1014 405 1307 461 nonnullas
1330 406 1600 463 variantes
1626 406 1814 463 lectio-
1843 409 1889 466 Α
1913 406 2088 477 cipem
2125 406 2299 475 illum,
2327 408 2460 465 dum
2489 408 2764 465 venationi
2794 424 3017 479 operam
3042 410 3197 470 daret
3228 413 3284 469 in
3323 433 3424 487 par
3446 419 3493 473 i-

226 514 328 553 nes
358 497 488 553 inde
516 498 786 568 exc‘erpsi,
826 514 951 567 quae
988 498 1163 555 lucem
1193 498 1435 570 aliquam
1476 502 1815 559 subobscure

226 589 485 660 scriptori
512 588 759 645 aﬂ‘emnt.

298 679 541 737 Editioni
561 690 743 736 autem
770 697 885 736 sua:
905 679 1209 738 Leibnitius
1235 683 1474 740 subdidit
1494 700 1559 743 ex
1580 684 1813 743 Lucensi

222 774 415 831 codice
461 773 595 831 olim
643 773 939 831 clarissimi
977 775 1081 830 viri
1128 775 1410 835 Francisci
1451 777 1635 835 Mariae
1681 778 1811 836 Flo-

224 869 447 927 rentinii
485 870 714 926 alteram
752 868 1031 926 Matlcildis
1078 869 1254 926 Vitam
1296 889 1453 943 prosa
1485 883 1808 942 contextam,

222 978 393 1033 quam
416 971 472 1017 et
505 962 641 1021 mihi
671 963 903 1019 retinere
930 963 1136 1035 placuit
1168 964 1223 1019 in
1248 965 1351 1021 hac
1378 975 1587 1033 nostra,
1609 967 1810 1039 quippe

221 1072 349 1126 quae
385 1072 497 1112 non
522 1057 732 1115 inutilis
768 1058 884 1115 visa
906 1069 993 1115 est
1023 1061 1090 1115 ad
1114 1060 1330 1117 facilius
1351 1063 1670 1133 capiendam
1709 1066 1810 1120 ali-

220 1162 336 1216 quo
369 1145 426 1201 in
459 1146 582 1202 loco
623 1146 916 1205 Donizonis
961 1158 1218 1207 mentem.
1256 1150 1444 1223 Neque
1476 1154 1625 1210 enim
1660 1156 1808 1211 aliud

222 1238 339 1294 haec
370 1237 490 1295 Vita
533 1248 637 1306 est,
673 1256 839 1311 quam
884 1242 1062 1312 ipsum
1091 1242 1389 1299 Donizonis
1420 1260 1613 1315 poema
1651 1263 1805 1303 com-

219 1333 482 1401 pendiose
501 1349 666 1405 prosa
696 1335 944 1391 oratione
966 1351 1306 1407 expressum.
1339 1336 1457 1394 Non
1484 1340 1805 1396 dissimilem

231 1425 429 1495 Vitam,
462 1429 535 1483 ah
560 1429 670 1484 alio
696 1437 879 1485 tamen
911 1432 1197 1501 scriptore,
1233 1433 1574 1505 diversisque
1600 1436 1803 1501 verbis,

217 1518 464 1587 ejusdem
493 1519 789 1577 Donizonis
820 1532 1065 1593 poemate
1087 1522 1339 1581 similiter
1362 1526 1626 1594 breviato,
1653 1543 1805 1583 com-

216 1610 476 1680 positam,
505 1612 671 1669 habet
690 1614 944 1671 landatus
964 1615 1136 1672 codex
1160 1615 1466 1689 Regiensis.
1497 1616 1648 1675 Hanc
1669 1620 1800 1675 mihi

215 1701 501 1773 descripsi,
543 1704 639 1760 sed
664 1704 721 1760 in
753 1706 1030 1777 publicum
1065 1708 1258 1765 eﬂerre
1293 1710 1510 1768 animus
1540 1726 1649 1766 non
1676 1709 1801 1786 fuit,

214 1806 286 1848 ne
307 1794 581 1864 superflua
622 1812 799 1852 merce
822 1799 1068 1854 chartam
1096 1815 1402 1867 onerarem,
1439 1810 1601 1872 atque
1626 1803 1796 1859 lecto-

213 1900 322 1942 res.
354 1886 628 1945 Cteterum
666 1889 789 1947 Vita
826 1893 942 1949 htec
979 1910 1084 1949 ms.
1132 1909 1217 1951 me
1247 1895 1450 1963 docuit,
1491 1897 1796 1955 altercatio-

213 1994 331 2032 nem
364 1979 507 2035 inter
542 1980 809 2037 Cancrum
841 1993 892 2038 et
936 1983 1236 2053 Mantuam,
1268 2003 1434 2059 quam
1475 2006 1621 2047 nunc
1674 1993 1795 2062 plu—

212 2069 368 2128 ribus
396 2073 650 2131 versibus
677 2085 915 2144 auctam,
945 2084 1005 2132 ut
1043 2094 1208 2149 supra
1246 2079 1420 2148 innui,
1454 2083 1596 2155 typis
1629 2084 1791 2149 dabo,

211 2176 323 2218 non
357 2179 479 2222 esse
526 2167 900 2224 collocandam
942 2168 1036 2226 lib.
1093 2187 1132 2237 ι,
1166 2187 1286 2242 cap.
1329 2171 1359 2225 7
1398 2183 1494 2229 aut
1531 2175 1595 2245 8,
1637 2185 1695 2231 ut
1738 2178 1791 2232 in

207 2254 392 2321 editis,
421 2257 515 2313 sed
541 2258 764 2329 quidem
787 2268 914 2317 ante
933 2277 1055 2332 cap.
1094 2263 1162 2317 l7
1194 2265 1439 2336 ejusdem
1463 2267 1612 2335 libri;
1645 2269 1792 2339 quod

206 2355 265 2401 et
299 2347 417 2417 ipsa
442 2363 631 2404 rerum
657 2351 830 2407 series
855 2352 1151 2422 indicabat,
1179 2371 1302 2411 cum
1329 2356 1401 2412 ibi
1423 2356 1490 2413 de
1514 2357 1794 2417 Bonifacio

207 2440 347 2496 duce
365 2441 482 2511 jam
525 2453 744 2501 mortuo
780 2456 991 2518 agatur.
1027 2448 1095 2503 Et
1128 2450 1360 2506 fortasse
1399 2453 1600 2508 excidit
1634 2470 1701 2511 eo
1736 2456 1791 2513 in

206 2532 329 2587 loco
354 2532 557 2603 aliquis
586 2535 884 2595 Donizonis
917 2556 1110 2597 versus
1135 2556 1165 2595 e
1194 2557 1350 2609 mss.,
1382 2545 1583 2616 quippe
1610 2547 1665 2602 in
1698 2564 1793 2609 ea-

204 2623 328 2680 dem
354 2624 480 2681 Vita
505 2628 623 2683 haec
644 2629 939 2701 leguntur:
983 2652 1001 2684 ι
1033 2633 1135 2700 Qui
1165 2634 1521 2708 (Bonifacius)
1554 2638 1683 2693 dum
1713 2640 1791 2695 ire

205 2718 366 2773 vellet
389 2719 532 2774 ultra
559 2736 730 2787 mare,
754 2732 809 2778 et
831 2734 1077 2793 parasset
1104 2742 1271 2781 naves
1285 2727 1440 2797 juxta
1462 2738 1789 2800 prmeeptum

203 2809 334 2864 dicti
373 2810 562 2867 domni
602 2812 834 2879 abbatis,
888 2825 1157 2881 mortuus,
1204 2825 1260 2871 et
1302 2817 1550 2888 sepultus
1594 2818 1697 2875 fuit
1734 2822 1788 2876 in

204 2899 423 2956 civitate
457 2900 693 2960 Mantua:
729 2904 872 2960 inter
897 2905 1158 2962 Sanctum
1185 2906 1431 2975 Petrum,
1462 2917 1517 2965 et
1536 2908 1787 2977 Paulum,

201 2999 257 3045 et
278 2992 512 3048 ecclesia
545 2995 618 3049 ibi
648 2996 913 3053 aediﬁcata
936 2998 1040 3055 fuit
1072 3000 1127 3053 in
1149 3001 1416 3056 honorem
1437 3001 1703 3072 ejusdem,
1733 3012 1792 3060 ut

202 3100 363 3140 sacra
389 3073 647 3148 mysteria
674 3104 774 3158 pro
798 3105 864 3145 eo
893 3091 1101 3146 lierent.
1132 3090 1199 3146 Et
1233 3092 1472 3148 maxima
1509 3094 1789 3151 altercatio
1818 3125 1858 3181 α

204 3177 349 3231 inter
400 3176 679 3235 Mantuam
730 3191 785 3237 et
812 3180 1085 3238 Canosam
1126 3192 1244 3239 orla
1269 3193 1370 3241 est.
1406 3184 1541 3240 Nam
1571 3184 1786 3243 Canusa

201 3269 418 3324 dicebat
436 3271 588 3341 quod
620 3271 850 3328 debebat
884 3275 1083 3331 habere
1112 3291 1314 3347 corpus
1344 3277 1474 3334 dicti
1502 3278 1785 3345 Bonifacii,

203 3377 327 3418 cum
367 3364 598 3422 haberet
637 3366 904 3437 majores;
937 3367 1158 3426 Mantua
1189 3386 1318 3425 vero
1349 3386 1408 3425 se
1444 3372 1787 3439 defendebat,

200 3454 333 3526 quia
356 3456 533 3527 major
560 3467 699 3515 erat.
731 3477 751 3510 ι
779 3458 838 3513 lu
863 3458 1159 3525 Donizonis
1190 3470 1440 3531 poemate
1476 3463 1611 3518 nihil
1644 3479 1789 3519 nunc

202 3543 269 3599 de
288 3546 520 3603 ecclesia
553 3548 663 3614 illa,
685 3548 778 3604 ubi
802 3551 1049 3620 sepultus
1070 3550 1174 3606 fuit
1206 3551 1481 3610 Matbildis
1505 3563 1658 3624 pater
1676 3556 1787 3611 dux

202 3631 537 3692 Bonifacius.
582 3637 996 3694 Altercationem
1049 3657 1180 3712 ergo
1232 3643 1383 3700 illam
1427 3660 1529 3701 suo
1567 3645 1689 3702 loco
1730 3646 1789 3702 in

202 3730 455 3795 pmsenti
486 3730 727 3787 editione
750 3734 1055 3789 restituam.

270 3815 329 3872 In
353 3818 460 3874 line
492 3836 625 3875 vero
651 3822 814 3893 hujus
854 3822 991 3879 Vita:
1029 3824 1259 3881 habetur
1312 3826 1557 3883 narratio
1592 3827 1788 3885 mortis

201 3906 467 3966 Bonifacii
516 3911 785 3983 ejusdem,
828 3916 988 3986 cujus
1026 3916 1243 3971 initium
1293 3926 1418 3973 est:
1451 3920 1570 3975 «Ad
1601 3935 1787 3975 veram

201 4008 383 4054 autem
416 3999 715 4058 Historiam
750 4004 950 4060 dicitur
984 4006 1052 4061 de
1097 4016 1272 4062 morte
1307 4006 1471 4062 Bonif
1502 4007 1571 4063 cii
1615 4010 1788 4079 patris

200 4092 519 4160 comitissaz,
550 4094 694 4164 quod
718 4096 851 4150 dum
897 4097 1011 4166 ipse
1053 4097 1370 4154 offendisset
1401 4099 1696 4170 quemdam
1718 4101 1786 4156 de

199 4182 545 4255 Campiteilo,
582 4187 803 4245 nomine
845 4185 1162 4258 Scarpetam
1200 4190 1270 4245 de
1297 4190 1638 4259 Canevariis,
1670 4191 1789 4263 ipse

202 4275 464 4349 Scarpeta
509 4279 717 4349 accepit
773 4295 965 4336 arcum
1013 4289 1069 4337 et
1118 4283 1346 4355 sagittas
1392 4284 1681 4353 toxicatas,
1730 4293 1787 4341 et

196 4366 328 4423 dum
367 4368 485 4439 ipse
538 4371 784 4428 marchio
827 4371 1142 4429 Bonifacius
1186 4374 1385 4430 ivisset-
1421 4384 1675 4432 venatum
1726 4378 1785 4433 in

1916 497 2011 552 bus
2040 496 2225 553 Sancti
2252 499 2474 555 Martini
2501 500 2567 556 de
2578 500 2776 557 Arzt’no
2807 504 3139 574 episcopatus
3159 506 3493 576 Cremonc,a

1913 589 2150 659 quodam
2181 589 2439 661 Scarpeta
2464 592 2532 647 de
2571 590 2888 649 Canevariis
2916 595 3214 665 proditoris
3248 600 3490 657 occisum

1915 676 2104 734 fuisse.
2132 677 2413 749 Ejusmodi
2436 682 2805 739 narrationem
2831 693 3090 756 tanquam
3122 685 3372 745 fabellam
3395 707 3492 746 ex-

1912 770 2083 840 plodit
2112 770 2453 830 clarissimus
2495 774 2828 833 Baccbinius
2858 778 2914 832 in
2944 777 3082 835 Hist.
3128 791 3363 837 monast.
3390 782 3491 839 Pa—

1910 864 2171 933 doliron.,
2198 882 2321 938 pag.
2354 867 2443 923 48.
2479 866 2591 940 Ego
2611 885 2764 938 vero,
2791 868 3089 927 Hermanni
3131 871 3409 929 Contracti
3438 883 3491 928 et

1910 957 2176 1027 Arnnlphi
2186 955 2603 1018 Mediolanensis
2614 962 2925 1018 testimonio
2935 962 3126 1032 fretus,
3139 979 3248 1020 non
3263 965 3489 1021 omnino

1910 1050 2212 1119 negandam
2239 1049 2403 1107 fidem
2433 1052 2704 1122 ejusmodi
2734 1055 3035 1111 narrationi
3070 1070 3229 1124 reor;
3272 1065 3489 1113 constat

1907 1141 2053 1196 enim
2093 1140 2435 1200 Bonifacium
2461 1161 2528 1201 ex
2574 1146 2787 1204 insidiis
2810 1163 2843 1203 a
2879 1147 3250 1219 proditoribus
3271 1148 3326 1204 in
3353 1149 3486 1203 silva

1908 1233 2309 1307 interemptum.
2326 1237 2571 1294 Alterum
2591 1255 2810 1311 quoque
2828 1252 3264 1311 monumentum,
3280 1244 3347 1300 de
3362 1242 3486 1299 fun-

1906 1324 2125 1382 datione
2169 1328 2414 1386 ecclesia:
2439 1338 2494 1386 et
2528 1332 2844 1388 monasterii
2872 1332 3054 1390 Sancti
3079 1335 3308 1393 Andrem
3330 1334 3385 1391 in
3408 1336 3485 1393 ci-

1906 1417 2073 1473 vitate
2092 1417 2407 1487 Mantuana,
2431 1422 2683 1480 subditur
2712 1425 2767 1479 in
2808 1425 2998 1482 eadem
3027 1426 3145 1482 Vita
3179 1444 3308 1496 ms.,
3337 1430 3484 1501 quod

1907 1508 1986 1563 uti
2014 1509 2239 1566 minime
2262 1514 2721 1583 contemnendum
2746 1515 2855 1571 huc
2885 1515 3087 1576 inferre
3107 1519 3293 1587 statui,
3321 1520 3483 1576 lecto-

1906 1616 2138 1671 rumque
2167 1602 2375 1673 judicio
2409 1605 2699 1664 dimittere.
2745 1607 2824 1665 ita
2871 1626 3002 1666 vero
3042 1627 3102 1668 se
3147 1612 3341 1669 habet:
3372 1613 3480 1669 «Dr

1906 1688 2150 1748 Bcatrice
2190 1694 2259 1750 ad
2287 1711 2472 1752 veram
2522 1698 2806 1755 historiam
2849 1701 3052 1757 dicitur
3093 1704 3241 1773 quod
3295 1704 3483 1762 habuit

1842 1766 1881 1820 η
1908 1779 2283 1853 Damicellum,
2329 1788 2548 1844 nomine
2581 1789 2963 1860 Adcibertum;
2998 1766 3482 1866 qui-Damicellus,

1900 1874 2043 1931 sicut
2086 1876 2316 1936 Domino
2356 1882 2579 1953 placuit,
2637 1886 2815 1946 fatus
2846 1898 2933 1945 est
2976 1904 3176 1958 caecus,
3212 1900 3266 1948 et
3299 1893 3486 1951 amisit

1898 1965 2101 2033 visum,
2139 1979 2196 2024 et
2231 1971 2399 2027 vitam
2441 1975 2768 2047 condignam
2817 1978 3054 2037 faciebat
3072 1982 3394 2053 jejunando,
3416 1994 3486 2042 et

1897 2058 2192 2129 vigilando,
2214 2071 2271 2118 et
2306 2067 2683 2134 paenitentiam
2714 2086 2969 2143 magnam
2994 2072 3265 2131 faciendo.
3294 2075 3361 2131 Et
3387 2076 3482 2132 ubi

1895 2160 1980 2207 est
2029 2154 2194 2210 modo
2230 2156 2460 2214 ecclesia
2499 2159 2558 2215 S.
2594 2160 2824 2219 Andreae
2882 2165 2938 2219 in
2975 2163 3195 2223 civitate
3224 2166 3480 2235 Mantum,-

1898 2252 2019 2300 erat
2050 2245 2317 2318 hospitale
2343 2264 2547 2307 novum
2579 2260 2635 2308 et
2666 2268 2919 2323 parvum,
2948 2258 3019 2313 ad
3040 2273 3241 2315 nomen
3278 2258 3341 2316 Β.
3367 2259 3457 2316 An

1894 2337 2041 2395 circa:
2067 2341 2302 2411 apostoli
2337 2341 2563 2401 factum.
2602 2345 2706 2402 Cui
2736 2346 3029 2406 Adelberto
3055 2359 3300 2423 tempore
3322 2353 3482 2411 dictae

1894 2430 2159 2491 Beatricis
2193 2436 2451 2506 apparuit
2481 2438 2550 2495 de
2598 2449 2760 2497 nocte
2791 2441 2848 2499 in
2874 2444 3085 2501 somnis
3126 2443 3184 2502 δι
3207 2446 3482 2516 Andreas;

1893 2523 2082 2583 dicens
2108 2525 2193 2582 :0
2218 2527 2525 2596 Adclherte,
2560 2533 2696 2589 vade
2718 2533 2787 2591 ad
2823 2536 3184 2606 comitissam,
3210 2549 3271 2594 et
3301 2540 3397 2597 dic-
3426 2541 3481 2595 ei

1893 2618 2039 2688 quod
2071 2634 2174 2690 ego
2192 2619 2310 2676 dixi
2345 2620 2442 2678 tibi
2488 2631 2548 2678 ut
2575 2621 2781 2680 faceret
2827 2624 2939 2683 fodi
2977 2627 3035 2682 in
3066 2629 3164 2684 tali
3208 2628 3351 2696 loco,
3380 2632 3479 2701 qui

1892 2719 2011 2767 erat
2037 2726 2206 2782 prope
2248 2713 2563 2783 ecclesiam,
2610 2716 2703 2772 ubi
2750 2726 2869 2772 erat
2906 2734 3106 2789 corpus
3149 2719 3212 2775 B.
3242 2718 3479 2789 Longini

1894 2803 2172 2875 martyris,
2202 2805 2299 2875 qui
2341 2806 2529 2862 lancea
2578 2819 2928 2877 percusserat
2959 2812 3105 2869 latus
3151 2811 3388 2878 Domini,
3420 2824 3481 2869 es

1893 2894 2018 2951 inde
2042 2896 2377 2954 exhauserat
2394 2899 2720 2970 sanguinem
2742 2909 2797 2956 et
2819 2917 3043 2972 aquam,
3071 2912 3127 2959 et
3155 2904 3235 2960 ibi
3256 2904 3445 2961 induo
3460 2933 3477 2947 ο

1895 2986 1999 3043 bus
2029 2988 2176 3044 vasis
2208 2989 2489 3047 remndita
2516 2999 2647 3047 sunt
2685 2992 2963 3062 praedicta,
2994 2994 3206 3051 scilicet
3251 2997 3476 3067 sanguis

1892 3086 1948 3132 et
1992 3094 2135 3148 aqua
2180 3095 2306 3150 quas
2356 3080 2630 3137 ﬂuxerunt
2662 3084 2730 3140 de
2782 3100 3010 3155 corpore
3063 3085 3194 3142 Jesu
3239 3086 3477 3154 Christi;

1890 3171 2037 3241 quod
2070 3180 2124 3227 et
2160 3172 2309 3227 fecit.
2358 3172 2513 3231 Dicta
2545 3190 2679 3232 vero
2716 3176 2973 3233 ducatrix
3027 3179 3144 3235 sive
3195 3179 3481 3237 comitissn

1890 3263 2027 3321 dixit
2052 3283 2067 3318 :
2089 3264 2397 3332 Adelberte,
2424 3267 2473 3322 si
2506 3268 2613 3323 hoc
2657 3284 2852 3325 verum
2894 3286 3004 3327 non
3038 3273 3165 3340 erit,
3202 3271 3396 3329 faciam
3424 3283 3477 3328 te

1891 3354 2119 3426 flagellis
2163 3356 2330 3424 caedi;
2362 3366 2417 3413 et
2459 3358 2761 3430 flagellatus
2787 3360 2894 3418 fuit
2920 3363 3103 3421 dictus
3129 3363 3477 3421 Adelbertusa

1889 3443 1907 3497 Ι
1914 3452 2091 3503 terum
2110 3434 2352 3505 secundo
2372 3451 2624 3519 apparuit
2638 3450 2699 3507 Β.
2720 3453 2973 3510 Andreas
2992 3454 3140 3511 dicto
3160 3454 3473 3522 Adelberto.

1888 3538 2077 3596 dicens
2134 3540 2187 3595 ei
2232 3549 2293 3596 ut
2335 3542 2675 3612 praedixerat.
2712 3543 2820 3612 Qui
2858 3546 3183 3604 Adelbertus
3209 3547 3348 3604 dixit
3372 3548 3478 3604 hoc

1889 3632 2203 3699 comitisstc,
2236 3642 2289 3689 et
2318 3649 2429 3691 non
2470 3634 2753 3693 inventum
2798 3646 2904 3705 est,
2929 3647 2987 3694 et
3023 3638 3324 3711 llagellatus
3352 3649 3473 3697 est.

1887 3721 2087 3779 iterum
2133 3725 2297 3782 tertio
2336 3727 2590 3798 apparuit
2617 3728 2812 3787 beatus
2853 3729 3126 3797 Andreas,
3155 3730 3477 3791 confortans

1887 3829 2013 3871 eum
2053 3816 2199 3884 quod
2227 3817 2411 3875 adhuc
2439 3820 2692 3876 suaderet
2721 3821 3018 3877 comitissa‘.
3046 3823 3195 3892 quod
3239 3822 3357 3879 fodi
3388 3824 3485 3880 fat

1888 3916 2053 3972 ceret,
2086 3908 2234 3976 quod
2274 3918 2330 3963 et
2377 3908 2506 3965 fecit
2540 3912 2867 3968 conditione
2904 3914 3181 3983 praedicta.
3230 3914 3481 3972 Tandem

1887 3998 2248 4065 praesentibus
2279 4000 2530 4068 pluribus
2548 4002 2823 4072 episcopis
2843 4003 3100 4060 inventus
3121 4004 3225 4061 fuit
3246 4008 3475 4077 anguis

1884 4096 1940 4144 et
1972 4104 2115 4158 aqua
2161 4105 2286 4159 qum
2304 4089 2576 4147 liuseratit
2599 4093 2669 4148 de
2695 4107 2927 4162 corpore
2944 4093 3171 4159 Christi,
3192 4104 3249 4151 et
3269 4111 3477 4167 corpus

1886 4180 1947 4235 Β.
1986 4179 2241 4252 Longini,
2289 4182 2439 4251 quod
2488 4197 2690 4252 corpus
2721 4183 3067 4243 reconditum
3112 4185 3217 4241 fuit
3247 4187 3303 4242 in
3342 4202 3483 4244 arca

1885 4272 2113 4341 pulchra
2145 4272 2202 4326 in
2224 4272 2371 4328 dicta
2395 4273 2647 4329 ecclesia.
2685 4273 2920 4346 Sanguis
2946 4291 3077 4335 vero
3096 4285 3151 4334 et
3175 4293 3317 4350 aqua
3339 4293 3484 4336 cum.

1883 4363 2120 4420 vasculis
2156 4364 2437 4421 recondita
2478 4363 2700 4420 fuerunt
2734 4365 2788 4420 in
2823 4366 3167 4426 confessione
3190 4371 3357 4429 dictae
3377 4387 3470 4429 ec-

199 4460 437 4530 quodam
461 4477 684 4519 nemore
711 4465 853 4519 ultra
873 4462 1053 4520 Olium
1079 4466 1134 4520 in
1157 4467 1404 4536 partibus
1428 4464 1615 4523 Sancti
1640 4466 1783 4523 Mar-

1894 4456 2083 4523 clesite,
2110 4465 2165 4512 et
2185 4457 2365 4511 adhuc
2392 4464 2542 4514 sunt.
2583 4455 2812 4529 Propter
2851 4459 2999 4530 quod
3042 4460 3188 4517 dicta
3214 4461 3467 4530 ecclesia,

198 4552 296 4606 ιιιιί
322 4552 392 4607 de
417 4552 641 4622 Arzino,
677 4556 1023 4627 episcopatus
1051 4556 1357 4626 Cremonae,
1389 4574 1419 4614 a
1445 4558 1593 4614 dicto
1619 4556 1784 4617 Scar-

198 4651 320 4712 pcta
366 4652 493 4715 post
537 4647 832 4716 quamdam
880 4663 1165 4720 quercum,
1198 4648 1312 4705 sive
1357 4650 1632 4719 roborem,
1663 4666 1786 4722 quae

198 4736 377 4792 adhuc
423 4737 627 4794 dicitur
657 4738 731 4794 ibi
761 4747 894 4795 tunc
928 4740 1119 4809 fuisse,
1149 4757 1275 4798 cum
1317 4741 1433 4813 ipse
1485 4743 1643 4812 quasi
1690 4760 1786 4814 per

197 4827 487 4895 quemdam
519 4830 881 4888 monticulum
926 4833 1261 4900 ascenderet,
1305 4849 1430 4888 cum
1482 4833 1676 4906 sagitta
1730 4843 1787 4889 et

198 4932 325 4973 arcu
353 4930 480 4989 post
498 4918 702 4976 dictam
733 4936 997 4991 quercum
1030 4923 1302 4993 percussit
1320 4924 1604 4979 dominum
1631 4941 1780 4980 mar—

196 5006 469 5076 chionem,
501 5017 657 5066 stans
689 5025 814 5066 cum
851 5027 961 5068 uno
984 5018 1124 5084 genu
1155 5012 1296 5069 flexo
1328 5014 1384 5069 in
1411 5021 1577 5081 terra,
1606 5024 1663 5070 et
1696 5015 1781 5072 fa-

198 5100 342 5157 ciens
361 5102 551 5173 plures
570 5119 800 5174 passus;
824 5113 881 5161 et
902 5106 1100 5162 ibidem
1130 5107 1309 5163 adhuc
1322 5114 1588 5179 apparent
1611 5110 1780 5165 vesti-

196 5194 277 5263 gia
307 5203 364 5249 et
391 5194 600 5266 pedicat
648 5195 705 5251 in
736 5196 857 5251 loco
883 5198 1157 5266 praedicto,
1191 5197 1263 5252 ab
1298 5214 1367 5255 eo
1400 5196 1549 5267 quod
1577 5198 1780 5256 dicitur

193 5284 332 5352 quod
348 5300 636 5355 nunquam
662 5283 738 5338 ibi
761 5294 1015 5341 nascatur
1028 5287 1195 5343 herba
1214 5303 1229 5354 ;
1249 5295 1321 5355 ct,
1347 5288 1394 5345 si
1420 5287 1777 5347 destruantur

1885 4562 2009 4619 quae
2040 4548 2192 4617 prius
2236 4545 2415 4603 fuerat
2447 4548 2716 4618 hospitale
2750 4566 3003 4620 parvum,
3044 4550 3187 4606 facta
3228 4561 3313 4609 est
3345 4568 3468 4609 mo-

1886 4638 2184 4694 nasterium
2210 4654 2468 4710 magnum
2515 4648 2570 4695 et
2605 4640 2806 4709 nobile,
2838 4652 2893 4698 et
2921 4644 3116 4700 ibidem
3143 4644 3312 4701 abbas
3340 4660 3470 4700 cum

1887 4729 2172 4788 monachis
2218 4739 2501 4788 cantantes
2560 4731 2776 4789 divinas
2822 4745 3232 4807 nocturnasque
3281 4736 3473 4793 laudes

1885 4831 2059 4892 stant;
2095 4832 2150 4879 et
2199 4824 2344 4879 dicta
2387 4825 2619 4880 ecclesia
2654 4826 2796 4881 facta
2841 4827 2962 4894 fuit,
2996 4828 3141 4884 sicut
3172 4831 3334 4887 modo
3363 4838 3471 4894 est,

1889 4933 2107 4989 magna,
2133 4927 2187 4972 et
2216 4916 2465 4987 pulchra,
2486 4925 2538 4972 et
2566 4916 2696 4982 lata,
2720 4926 2777 4972 et
2799 4919 2984 4976 dotata
3014 4918 3119 4977 fuit
3147 4937 3244 4995 per
3269 4923 3477 4980 dictam

1887 5012 2212 5081 Bcatricem,
2245 5020 2302 5068 et
2343 5027 2441 5082 per
2482 5009 2785 5068 Mathildim
2832 5012 2955 5085 ejus
2983 5015 3175 5088 filiam,
3202 5018 3366 5093 quasi
3407 5016 3478 5072 de

1886 5103 2148 5161 omnibus
2191 5118 2314 5173 quae
2356 5101 2523 5157 habet
2549 5102 2693 5158 inter
2718 5101 2930 5163 Padum
2976 5115 3033 5164 et
3066 5106 3295 5179 Lacum,
3326 5121 3383 5165 et
3409 5108 3495 5162 de'

1885 5200 1997 5247 tota
2034 5195 2190 5251 curia
2216 5190 2539 5246 Fornicane.
2574 5188 2656 5246 0b
2683 5208 2918 5263 quorum
2951 5202 3317 5259 reverentiam
3353 5194 3478 5252 inll-

1884 5283 2013 5338 niue
2079 5285 2352 5349 nationes,
2408 5290 2520 5341 tam
2565 5280 3110 5347 Ultramontanorum
3144 5308 3311 5367 quam
3344 5286 3493 5357 Ala—7,
