3984 5380
507 330 618 388 9ιῖ

1482 325 1572 381 ᾹΙ)
1607 324 1836 382 OPERA
1875 326 1932 381 S.
1969 325 2298 384 GHEGORII
2334 327 2774 388 APPENDICES.

3659 329 3768 392 988

514 459 688 516 usque
715 445 784 504 ad
821 444 966 501 diem
985 442 1156 507 Iovis,
1193 442 1319 497 licet
1335 454 1440 512 per
1464 440 1765 496 Romanam
1787 439 2084 498 Ecclesiam
2115 457 2160 514 Α
2187 446 2428 516 illudque
2471 447 2740 516 integrum
2790 445 2844 500 in
2899 459 3060 500 suum
3085 441 3308 500 .librum
3343 441 3636 507 derivavit,
3667 446 3762 500 sed

513 535 664 592 nulla
735 536 916 608 vigilia
967 534 1084 591 sive
1137 533 1406 605 jejunium
1461 533 1552 587 fiat
1601 534 1742 588 inter
1793 542 2086 605 utrumque

511 627 742 686 Pascha.

591 741 609 772 s
651 713 777 776 Haec
837 728 924 776 est
981 719 1287 775 recordatio
1354 719 1692 774 marchionis
1751 717 2081 786 Theodaldi;

511 813 729 884 quando
758 813 922 880 obiit,
961 814 1218 869 currebat
1244 812 1401 880 1017,
1425 813 1616 868 indict.
1644 829 1696 866 ν.

585 923 604 954 ι
641 902 772 960 Item
834 902 1148 960 Bonifacius
1185 905 1432 960 marchio
1485 904 1620 959 vixit
1670 912 1794 974 post
1852 913 2083 960 mortem

505 992 802 1051 Theodaldi
817 997 988 1066 patris
1009 997 1130 1067 ejus
1159 997 1229 1052 45
1253 997 1434 1065 annis;
1453 1004 1508 1052 et
1531 996 1750 1067 quando
1776 997 1930 1062 obiit,
1956 1012 2086 1051 cur-

505 1086 660 1142 rebat
691 1087 853 1156 1052,
889 1089 1077 1144 indict.
1101 1106 1156 1145 v.
1296 1084 1300 1088 ⁷

509 1217 516 1226 .
581 1201 606 1233 σ
637 1181 770 1238 Item
806 1184 1086 1241 comitissa
1107 1182 1382 1240 M‘athildis
1408 1183 1544 1240 vixit
1563 1192 1687 1256 post
1711 1191 1940 1238 mortem
1975 1183 2085 1237 Bo-

506 1273 692 1330 nifacii
738 1277 1075 1333 marcbianis
1121 1277 1294 1348 patris
1341 1277 1462 1348 ejus
1507 1277 1581 1332 65
1629 1277 1808 1332 annis.
1854 1275 2085 1344 Quando

504 1365 666 1434 obiit,
692 1369 950 1424 currebat
976 1369 1133 1436 1115,
1172 1369 1360 1425 indict.
1388 1370 1550 1424 xui.)

541 1465 548 1470 '
572 1457 780 1516 Praeter
801 1461 918 1516 haec
947 1461 1008 1516 in
1041 1463 1255 1518 duobus
1279 1462 1560 1518 codicibus
1597 1478 1704 1518 ms.
1744 1462 2086 1519 bibliothecae

504 1549 753 1609 Estensis
789 1553 913 1610 duae
947 1543 1067 1610 aiiae
1092 1553 1366 1612 Matbildis
1401 1554 1539 1610 Vita:
1571 1556 1863 1624 habentur,
1900 1572 2086 1628 eaeque

504 1644 692 1702 Itidem
717 1661 784 1701 ex
809 1645 1084 1702 Donizone
1103 1648 1349 1703 breviato
1380 1648 1642 1704 deductis.
1675 1647 1861 1704 Prima
1890 1649 2086 1705 inscri-

502 1739 677 1796 bitur:
695 1740 940 1796 Historia
965 1743 1201 1796 omnium
1232 1739 1487 1795 nobilium
1510 1750 1560 1794 et
1585 1749 1991 1808 antecesserunt,
2021 1742 2086 1796 de

501 1825 726 1902 quorum
767 1833 1019 1903 prosapia
1055 1831 1160 1902 fuit
1208 1831 1479 1886 comitissa
1517 1829 1816 1899 Mathildis,
1842 1839 1946 1886 etc.
1980 1831 2086 1887 Ca-
2118 1824 2161 1878 Β

503 1925 630 1996 pitis
660 1926 821 1998 primi
850 1928 960 1982 tale
981 1935 1066 1983 est
1097 1927 1383 1982 exordium
1414 1945 1426 1980 :
1455 1925 1640 1982 Comes
1675 1926 1978 1998 Sigefredus
2001 1944 2084 1982 ee-

503 2016 582 2070 uit
614 2017 679 2072 de
705 2018 960 2072 comitatu
991 2017 1302 2072 Lucensium
1329 2018 1385 2071 in
1405 2019 1712 2089 episcopatu
1738 2018 1936 2090 Regina
1963 2035 2084 2072 cum

503 2109 671 2164 tribus
725 2109 874 2181 ﬁliis,
921 2117 1026 2166 etc.
1074 2109 1133 2164 In
1165 2110 1336 2165 altero
1384 2110 1573 2166 codice
1615 2109 1815 2181 legitur
1844 2128 1857 2164 :
1885 2107 2085 2180 Incipit

505 2200 748 2257 Historia
797 2211 998 2258 sancire
1040 2203 1308 2258 memoriae
1358 2189 1648 2257 duc'atricis
1690 2209 1739 2258 et
1801 2203 2085 2258 comitissw

504 2289 805 2362 Hathildis,
831 2305 882 2351 et
916 2285 1152 2351 omnium
1191 2311 1409 2351 suorum
1450 2298 1914 2368 prwdecessorum.
1943 2296 2084 2352 Tum

504 2387 674 2444 minio
695 2389 1002 2459 conscripta
1023 2389 1140 2446 haec
1157 2397 1289 2444 nota
1312 2389 1544 2444 habetur
1567 2409 1579 2444 :
1603 2373 1746 2444 Nota
1763 2389 1904 2461 quod
1921 2391 2084 2444 istam

502 2476 774 2549 legendam
807 2481 1024 2550 scripsit
1057 2479 1273 2551 quidam
1314 2467 1600 2535 monachus
1633 2481 1698 2534 de
1745 2479 1954 2536 Canosa
1977 2497 2086 2535 me-

503 2573 668 2638 triee;
693 2573 832 2628 unde
853 2573 1179 2629 considerari
1201 2590 1398 2639 versus,
1415 2581 1466 2628 et
1485 2574 1674 2628 seriem
1695 2573 1810 2643 ejus
1829 2571 2088 2629 Historia:

502 2667 680 2737 accepi
709 2667 950 2732 breviter,
977 2667 1224 2720 resecatis
1245 2665 1430 2720 multis
1449 2665 1749 2736 superﬂuis.
1778 2663 1846 2718 In
1869 2665 2084 2736 prologo

501 2774 598 2813 suo
621 2759 702 2812 sic
733 2759 992 2830 procedit.
1021 2758 1207 2813 Primo
1229 2749 1384 2826 dicit,
1407 2747 1552 2830 quod.
1571 2767 1712 2824 acta,
1735 2766 1786 2812 et
1807 2765 1952 2828 gesta
1985 2757 2085 2812 In-

500 2851 806 2919 stianorum,
841 2860 948 2907 etc.
995 2849 1073 2906 Ibi
1103 2865 1234 2906 vero
1283 2851 1338 2906 in
1385 2851 1490 2905 ne
1518 2851 1774 2920 leguntur
1808 2849 1932 2905 duae
1955 2865 2084 2905 ora-

501 2942 701 3010 tiones,
751 2958 891 3014 quas
919 2943 1230 3014 composuit
1277 2942 1592 2997 venerabilis
1619 2944 1841 2998 antistes
1869 2952 2089 2998 sanctus

501 3034 780 3090 Anselmus
815 3035 887 3089 ad
930 3033 1344 3090 consolationem
1377 3033 1607 3088 domina-
1648 3035 1932 3089 conmissa:
1963 3033 2084 3088 Ma-

503 3127 706 3183 thildis.
735 3125 923 3199 Neque
949 3127 1387 3198 pratereundum
1416 3127 1648 3193 videtur,
1675 3126 1946 3198 jam-ante
1973 3127 2082 3181 duo

502 3221 701 3277 saecula
724 3219 1020 3276 Historiam
1036 3219 1099 3274 de
1125 3220 1277 3274 rebus
1303 3220 1461 3291 gestis
1487 3219 1772 3275 comitissa:
1809 3219 2086 3274 Mathildis

499 3312 715 3382 ejusque
754 3311 1020 3382 majorum
1057 3309 1256 3366 Latino
1275 3312 1438 3384 stylo,
1465 3325 1641 3381 eoque
1670 3310 1921 3382 eleganti,
1957 3327 2090 3368 con-

502 3411 706 3458 textam
738 3403 910 3458 fuisse
936 3419 969 3458 a
992 3403 1240 3473 Baptista
1266 3402 1492 3456 Panetio
1518 3401 1854 3460 Ferrariensi
1879 3419 2090 3460 carme-

502 3491 620 3558 lita,
637 3494 731 3564 qui
765 3493 985 3550 circiter
1018 3509 1219 3548 annum
1246 3493 1452 3550 Christi
1485 3494 1623 3550 M90
1643 3494 1850 3562 floruit,
1876 3503 1929 3550 et
1955 3495 2089 3550 Fer-

504 3584 806 3640 rariensem
841 3599 1062 3656 quoque
1099 3583 1395 3641 Historiam
1442 3587 1677 3657 posteris
1709 3588 2084 3658 pollicebatur.

504 3673 550 3728 E
571 3691 679 3731 ms.
707 3675 914 3742 codice,
941 3692 1103 3746 quem
1126 3675 1316 3733 Patres
1349 3693 1463 3733 soc.
1495 3675 1632 3736 Iesu
1666 3678 1876 3749 collegii
1920 3677 2086 3732 Muti-

503 3764 692 3821 nensis
718 3773 957 3832 servant,
984 3764 1164 3822 Vitam
1188 3767 1331 3822 banc
1350 3766 1746 3841 descripseram
1779 3783 1900 3840 ego,
1923 3777 2086 3840 atque

503 3853 664 3910 edere
690 3855 1011 3912 meditabar.
1038 3856 1289 3913 Abstiuui
1310 3866 1517 3926 tamen,
1541 3859 1736 3916 timore
1763 3861 1983 3927 ductus,
2017 3876 2086 3916 ne

503 3952 634 4016 post
659 3944 934 4002 Mathildis
957 3947 1252 4004 Historiam
1280 3965 1310 4004 a
1335 3951 1731 4007 recentioribus
1757 3949 2084 4008 accuratiori

503 4051 638 4092 sane
689 4039 871 4095 studio
923 4039 1316 4104 elucubratam,
1361 4042 1476 4096 haec
1525 4050 1619 4096 aut
1666 4041 1937 4112 superﬂua
1991 4050 2086 4096 aut

503 4147 700 4188 manca
737 4131 1030 4188 videretur.
1069 4133 1338 4189 Caeterum
1383 4119 1660 4201 Panetius,
1693 4134 1788 4206 qui
1819 4135 1874 4188 in
1908 4133 2086 4190 fi-onte

501 4223 628 4279 libri
657 4222 1056 4280 elimatissimus
1085 4225 1392 4292 historicus,
1440 4237 1490 4280 et
1529 4229 1758 4298 scriptor
1786 4228 2084 4283 luculentus

501 4317 826 4388 appellatur,
839 4318 944 4372 sub
957 4319 1132 4374 oculis
1154 4319 1345 4374 habuit
1357 4328 1412 4374 et
1425 4320 1541 4390 ipse
1553 4319 1850 4378 Donizonis
1867 4338 2084 4392 poema,

505 4479 814 4500 ἡ..

2185 539 2354 593 tacito
2390 539 2608 592 nomine
2633 536 2935 606 scriptoris,
2971 551 3067 606 per
3089 550 3250 606 quem
3279 543 3497 588 tantum
3520 533 3766 604 profece-

2187 639 2290 686 rat.
2316 631 2472 698 Quod
2495 630 2770 687 silcutium
2793 644 2975 702 nemo,
3001 636 3060 684 ut
3083 629 3342 694 arbitror,
3377 627 3628 682 laudabit
3670 637 3764 682 aut

2187 725 2342 790 feret,
2367 725 2443 780 uti
2469 740 2646 795 neque
2666 725 2882 780 illorum
2915 724 3030 794 qui,
3049 723 3246 778 vetusti
3272 722 3511 792 alicujus
3535 721 3768 791 scripto-

2187 817 2264 874 ris
2286 817 2504 874 scriniis
2527 816 2796 888 expilatis,
2821 825 3133 888 sperarunt,
3157 831 3224 870 eo
3249 814 3557 885 deperdito,
3584 814 3698 868 imo
3713 822 3768 868 et

2185 926 2281 981 per
2305 925 2576 967 summam
2603 911 3004 981 improbitatem
3032 927 3064 966 e
3092 909 3270 965 medio
3295 909 3538 977 sublato,
3577 923 3677 964 sua
3711 908 3766 962 in

2186 1012 2466 1074 posterum
2493 1002 2652 1058 unice
2689 1003 2914 1073 legenda
2943 1011 3000 1058 ct
3015 1002 3408 1074 conquirenda.

2256 1095 2325 1150 Et
2358 1097 2474 1152 hinc
2507 1096 2728 1166 quidem
2756 1095 2922 1150 habui
2969 1110 3093 1165 qua:
3115 1094 3184 1149 de
3213 1093 3498 1148 Donizone
3539 1092 3771 1162 ejusque

2186 1195 2435 1259 poemate
2476 1195 2897 1243 commentarer.
2929 1187 3010 1241 An
3036 1186 3143 1242 alia
3164 1186 3254 1240 ille
3271 1185 3436 1240 nobis
3455 1199 3527 1239 ex
3551 1183 3768 1254 ingenio

2186 1297 2288 1341 suo
2319 1281 2618 1352 reliquerit,
2652 1279 3064 1350 percontabitur
3095 1279 3288 1334 lector.
3326 1277 3444 1348 Ego
3478 1293 3658 1332 unum
3683 1277 3766 1331 in-

2185 1371 2398 1426 dicabo.
2453 1368 2512 1424 ln
2563 1370 2784 1425 laudato
2831 1369 3020 1424 codice
3073 1384 3180 1424 ms.
3237 1367 3494 1438 Regiensi
3541 1366 3771 1421 habetur

2183 1466 2346 1521 etiam
2373 1463 2664 1520 Enarratio
2703 1462 2917 1518 Genesis
2960 1462 3290 1518 hexametris
3321 1469 3377 1516 et
3413 1459 3769 1531 pentamettis.

2185 1553 2434 1610 versibus
2455 1554 2524 1609 ab
2545 1553 2665 1624 ipso
2677 1552 2957 1608 Donizone
2978 1552 3304 1623 composita,
3327 1551 3492 1622 cujus
3511 1550 3594 1605 rei
3621 1549 3772 1604 testis

2183 1653 2268 1700 est
2294 1659 2486 1698 versus
2521 1643 2622 1698 iste
2645 1642 2699 1697 in
2733 1641 2910 1697 fronte
2933 1641 3145 1712 positus
3169 1661 3184 1696 :

2257 1734 2388 1790 Hec
2417 1731 2631 1789 Genesis
2680 1733 2830 1804 ﬁctio
2872 1733 3013 1804 (lego
3046 1732 3226 1802 ﬁnxit)
3275 1737 3770 1874 gratutelrbm

2543 1853 2550 1860 .
2863 1852 2868 1861 .
3519 1815 3770 1861 tuonszo.

2256 1899 2330 1954 Ita
2359 1913 2491 1954 vero
2518 1897 2800 1953 exorditur
2817 1917 2840 1952 :.

2330 2012 2662 2082 Principium
2687 2028 2863 2066 rerum
2883 2011 3081 2066 struxit
3111 2009 3390 2082 Sapientia
3412 2007 3630 2082 eminus.

2396 2077 2658 2136 Priinitus
2688 2099 2839 2136 omne
2861 2082 3030 2137 solum
3056 2077 3292 2135 condidit
3313 2087 3475 2150 atque
3493 2077 3708 2148 polus.

2327 2153 2488 2208 Senos
2519 2170 2709 2224 perque
2737 2153 2848 2207 dies
2879 2151 3457 2224 licecornatmaxime,
3477 2151 3662 2203 dicens
3687 2167 3701 2202 :

2397 2221 2558 2278 Astra
2579 2221 2770 2278 micent
2792 2224 2970 2294 plura,
2992 2221 3121 2276 luna
3145 2223 3218 2275 sit
3247 2229 3397 2274 astra
3428 2221 3648 2291 fugatis,
3664 2226 3764 2273 etc.

2252 2314 2572 2383 Completur
2595 2322 2769 2368 totum
2791 2311 2942 2384 Opus
2969 2311 3220 2366 versibus
3247 2309 3374 2375 368,
3391 2323 3536 2380 quos
3561 2307 3765 2363 descri-

2184 2407 2312 2462 bere.
2340 2407 2556 2462 animus
2602 2423 2709 2462 non
2755 2403 2879 2474 fuit,
2905 2406 3041 2461 nihil
3064 2405 3208 2461 enim
3243 2403 3602 2468 exhibebant,
3628 2399 3766 2473 quod

2185 2499 2374 2553 oculos
2415 2481 2680 2552 lectorum
2722 2496 2940 2552 allicere
2980 2511 3221 2566 unquam
3267 2494 3466 2566 possit.
3530 2492 3594 2547 In
3626 2491 3775 2546 calce

2189 2589 2558 2644 Enarrationis
2588 2589 2844 2660 leguntur
2867 2589 2924 2644 hi
2947 2603 3140 2644 versus
3165 2608 3178 2642 :

2331 2681 2459 2754 [iam
2489 2683 2665 2754 pinxit
2695 2690 2865 2736 certus
2894 2681 3144 2737 Lucensis
3183 2682 3355 2754 pictor
3387 2678 3642 2754 Libertus.

2331 2752 2465 2824 Ecce
2491 2752 2594 2824 Dei
2621 2769 2842 2824 magnus
2872 2753 3090 2824 miseros
3119 2753 3210 2824 qui
3234 2752 3461 2824 protegit
3485 2764 3694 2820 agnos;

2327 2822 2496 2878 Sacra
2534 2823 2630 2878 Dei
2651 2822 2839 2878 dextra
2863 2822 3074 2879 benedic
3108 2822 3200 2878 nos
3233 2822 3378 2878 intus
3407 2829 3458 2876 et
3492 2829 3672 2878 extra.

2327 2893 2516 2965 Panda
2548 2893 2738 2965 Petrus
2763 2904 2968 2965 portas,
2989 2902 3094 2950 etc.

2331 2963 2595 3036 Scriptori
2631 2961 3086 3020 fibri'tribuantur
3115 2964 3303 3036 gratia:
3326 2961 3559 3018 Christi.

2257 3077 2316 3132 In
2370 3077 2616 3148 margine
2665 3085 2848 3132 autem
2907 3077 3130 3144 codicis,
3189 3075 3280 3132 ubi
3333 3083 3599 3131 narratur
3627 3087 3775 3128 mors

2113 3184 2154 3240 ε
2189 3170 2450 3226 Beatricis
2479 3171 2712 3226 ducissae
2749 3172 2864 3228 haec
2892 3171 3225 3226 adnotantur
3244 3169 3313 3226 de
3339 3169 3462 3240 ejus
3487 3167 3772 3238 sepulcro:

2409 3263 2602 3318 Versus
2635 3263 2824 3317 tumuli
2852 3264 2996 3334 apud
3022 3263 3200 3334 Pisas.

2329 3333 2593 3404 Quamvis,
2621 3331 2896 3404 peccatriai
2926 3351 3042 3387 sum
3072 3333 3266 3388 damna
3303 3342 3490 3387 vocata
3529 3331 3767 3404 Beatrix.

2325 3403 2394 3475 In
2425 3403 2630 3458 tumulo
2661 3406 2844 3469 missa,
2885 3420 3190 3475 quanquam
3235 3403 3430 3474 fuerim
3477 3403 3769 3475 consitis“.

2327 3473 2561 3540 Quilibet
2579 3490 2702 3546 ergo
2723 3484 2875 3546 pater
2896 3473 3072 3530 noster
3091 3475 3176 3529 det
3201 3491 3296 3545 pro
3321 3491 3438 3529 mea
3464 3474 3645 3528 anima
3667 3481 3770 3526 ter.

2257 3588 2338 3644 Tu
2395 3589 2516 3644 ride
2563 3588 2984 3656 Florentinium,
3037 3589 3130 3644 lib.
3190 3605 3251 3656 ιι,
3303 3604 3430 3660 pag.
3487 3588 3584 3644 161
3637 3586 3777 3643 Vite

2187 3679 2482 3738 Mathildis.

2257 3772 2336 3828 Ex
2364 3773 2626 3843 subjectis
2652 3772 2909 3828 Leibnitii
2933 3772 3158 3840 notnlis,
3181 3787 3320 3843 quias
3349 3771 3578 3837 retinui,
3601 3769 3780 3826 facem

2185 3865 2456 3920 interdum
2478 3859 2723 3935 accipiet
2748 3865 2920 3919 lector
2953 3864 3096 3918 inter
3119 3864 3372 3920 tenebras
3399 3881 3430 3918 a
3453 3873 3615 3934 poeta
3637 3863 3772 3918 ollu-

2186 3973 2296 4012 sas.
2323 3957 2382 4012 In
2410 3973 2536 4012 eum
2565 3957 2727 4012 linem
2757 3971 2910 4012 meas
2944 3965 2999 4011 et
3018 3973 3119 4028 ego
3143 3956 3324 4011 addidi
3359 3956 3560 4011 breves
3589 3968 3767 4010 notas.

2187 4049 2289 4116 Qui
2320 4063 2450 4104 vero
2499 4049 2652 4119 plura
2706 4057 2876 4120 optet,
2919 4057 3250 4104 memoratas
3277 4047 3570 4104 Matbildis-
3602 4047 3770 4113 Vitas,

2189 4147 2352 4209 atque
2387 4139 2816 4204 ecclesiasticam
2853 4136 3148 4195 Historiam
3173 4139 3452 4206 consulat,
3482 4139 3577 4194 ubi
3606 4139 3776 4195 multa

2187 4232 2367 4288 iusius
2415 4241 2668 4288 enarrata
2720 4234 2976 4300 inveniet,
3023 4251 3146 4306 quae
3185 4234 3276 4290 hic
3335 4235 3569 4292 minime
3623 4251 3774 4306 repe-

2190 4322 2350 4377 tenda
2384 4323 2596 4378 censui.
3505 4338 3518 4347 ·

1492 4581 2092 4706 LEIBNITII
2149 4615 2775 4710 MONITUM.

2047 4802 2387 4816 m

572 4922 869 5004 Matbildis,
887 4903 1004 5004 lilia
1017 4927 1290 5004 Equilacii
1315 4927 1470 5004 ducis
1494 4935 1554 5004 et
1587 4927 1922 5004 marchionis
1967 4927 2080 5004 Tu-
2114 4934 2159 4988 D
2183 4945 2402 5004 crevere
2417 4918 2812 5004 hereditatem,
2835 4949 3001 5004 quam
3026 4942 3186 4990 antea
3208 4932 3484 4992 Henricus
3511 4935 3557 4991 ν
3576 4937 3770 4994 Lollia—

393 5023 404 5028 -
502 5008 652 5050 aetat.
671 5002 726 5048 et
739 4993 999 5050 E‘eatricis
1017 4996 1294 5050 Friderico
1315 4997 1680 5050 Letherinuim
1695 4997 2084 5050 Mossellanirm

2184 5000 2250 5048 rii
2305 5009 2619 5048 nntnmnenr
2641 5003 2742 5046 uihi
2769 5000 3059 5044 unciis-name
3099 5004 3323 5042 cum"...
3372 5007 3469 5040 ηκε
3501 5023 3564 5040 ..ι
3584 5009 3767 5040 λη...
