3984 5380
161 377 257 433 9"!

164 489 362 546 A'Zstus
383 494 501 543 erat
527 484 747 557 quippe,
780 481 872 537 sed
906 497 1013 535 non
1040 480 1188 535 stetit
1212 478 1440 549 impiger
1474 476 1608 543 iste;

163 579 409 633 Alterius
444 576 594 631 venit
618 574 747 629 dum
779 572 1014 642 denique
1044 579 1196 627 sexta
1216 568 1345 635 diei,

165 668 438 740 Reginam
479 665 717 733 claram,
766 670 1039 733 sumptam
1085 661 1249 717 simu.
1287 659 1407 731 ejus
1456 665 1510 713 et
1554 658 1754 712 Abram

1481 752 1502 826 [
1535 752 1682 825 (555)

166 851 289 904 Alta
318 849 569 905 Canossa
590 856 757 913 tenet,
781 845 867 901 vel
892 861 986 900 eas
1012 860 1070 900 se
1090 842 1278 899 laudat
1302 842 1524 898 habere.

163 940 294 996 limo
321 955 462 995 nova
484 939 625 994 clam
656 936 909 1003 Romam,
928 952 1055 992 mox
1079 948 1232 1007 papae
1255 935 1460 1006 dirigit,
1478 949 1643 989 orans

164 1035 348 1104 Atque
369 1040 563 1105 petens
598 1033 778 1102 ipsum
814 1045 925 1101 quo
955 1029 1247 1085 consilium
1287 1028 1392 1083 sibi
1424 1027 1647 1097 dignum

164 1123 247 1179 Ex
272 1125 379 1179 hac
411 1138 468 1179 re
499 1130 738 1193 praestet,
769 1122 899 1177 dare
930 1121 1175 1191 reginam
1200 1119 1327 1190 quia
1350 1118 1513 1171 vellet

164 1215 355 1270 Ottoni
381 1214 517 1285 regi,
545 1214 631 1269 cui
656 1228 787 1284 gens
810 1211 1160 1265 Alemannica
1186 1207 1335 1281 (554)
1357 1207 1559 1273 servit;

167 1307 475 1379 Scripsit‘ei
504 1322 712 1377 magna!
741 1305 1024 1376 probitatis
1045 1320 1185 1375 papa
1205 1301 1447 1358 Joannes
1476 1302 1647 1373 (555),

163 1398 301 1465 Qua:
337 1397 506 1469 gessit
541 1396 789 1462 laudans,
823 1402 948 1465 agat
976 1393 1102 1459 hoc,
1129 1402 1191 1448 ut
1210 1393 1329 1448 vult
1357 1398 1412 1447 et
1440 1392 1677 1462 adoptat.

163 1489 405 1544 Nuntius
435 1481 651 1544 Atton‘ts
673 1495 796 1557 post
828 1487 946 1541 lucc
968 1484 1231 1541 conduxit
1256 1484 1311 1539 in
1342 1484 1456 1539 oris

167 1582 401 1637 Veronae
432 1587 637 1652 regem,
674 1594 799 1635 cum
820 1592 986 1649 parva
1019 1576 1253 1648 denique
1277 1585 1455 1648 gente.

163 1674 247 1730 Ad
276 1672 427 1745 quod
453 1686 552 1727 rex
574 1669 700 1727 Otto
718 1671 886 1737 venit,
914 1669 1019 1726 sibi
1045 1684 1172 1725 cum
1197 1669 1319 1724 tulit
1348 1668 1497 1741 (556)
1534 1669 1679 1735 Atto,

166 1764 437 1836 Reginam
468 1763 779 1834 duxitqua‘.
806 1762 917 1834 regi
949 1770 1078 1817 tunc
1106 1777 1327 1832 quoque
1356 1761 1542 1833 nupsit
1572 1779 1583 1813 :

163 1854 413 1925 Conjuge
443 1862 696 1925 suscepta
716 1852 855 1907 redit
878 1852 947 1907 ad
970 1852 1250 1923 propriam
1279 1854 1390 1908 cito
1423 1861 1644 1919 terram,

163 1945 355 1999 Attoni
385 1944 662 2014 spondens
687 1943 834 2014 quod
856 1943 925 1997 de
948 1956 1006 1998 se
1026 1941 1264 1996 maxima
1295 1951 1500 2012 posset.
1656 1936 1665 1941 ’

166 2036 282 2090 llex
306 2034 703 2108 Longobardus
724 2035 968 2089 nondum
997 2042 1327 2106 cognoverat
1353 2043 1510 2090 actus

164 2126 307 2183 Istos
341 2128 563 2198 reginae,
587 2141 762 2196 neque
786 2141 896 2198 quo
922 2124 1242 2198 confugerat
1270 2127 1413 2183 idem

166 2206 522 2288 Reppererat,
545 2217 720 2272 donec
740 2217 885 2289 quod
908 2232 1002 2272 rex
1031 2215 1135 2272 fuit
1157 2215 1283 2274 Otto
1314 2217 1542 2274 Veronae

165 2310 408 2376 Audivit,
445 2310 687 2377 tandem,
717 2310 865 2381 quod
894 2318 949 2365 ct
973 2310 1100 2365 Atto
1130 2308 1332 2368 fecerat
1354 2314 1494 2369 hanc
1522 2327 1635 2368 :em
1668 2330 1680 2366 :

169 2400 366 2463 Iratus,
402 2399 682 2467 frendens,
707 2400 1026 2456 coadunans
1054 2402 1200 2457 illico
1232 2411 1454 2475 gentes;

172 2491 331 2546 Venit
351 2493 679 2559 Canossam,
710 2502 864 2563 putat
895 2495 1043 2548 illam
1072 2493 1321 2568 frangere
1354 2504 1606 2552 cunctam
1643 2517 1656 2550 :

171 2584 303 2641 Sum
338 2595 516 2657 petra,
553 2603 664 2642 non
691 2589 922 2659 lignum,
955 2597 1140 2645 manet
1167 2588 1294 2645 Atto
1322 2590 1556 2663 desuper
1583 2591 1751 2661 intus,

173 2676 370 2731 Secum
404 2678 701 2747 prudentes
726 2679 978 2735 homines
1012 2688 1160 2749 sunt,
1192 2689 1247 2737 et
1271 2682 1576 2753 sapientes;

172 2768 285 2825 Rex
308 2768 623 2841 Berengeri,
649 2778 913 2841 quantum
937 2772 1040 2839 vis,
1064 2781 1285 2843 percute
1306 2775 1445 2829 telis.

170 2862 312 2918 Ante
353 2862 536 2934 perire
562 2871 736 2934 potes,
768 2879 934 2933 quam
968 2872 1215 2921 nostram
1247 2882 1502 2937 rumpere
1532 2868 1753 2935 molem,

170 2949 292 3006 Non
338 2952 521 3021 aries,
566 2952 743 3025 vulpis
783 2952 954 3026 (557),
994 2970 1173 3026 neque
1202 2956 1455 3011 machina
1500 2957 1756 3027 praevalet

700 3054 703 3055 ⁷
1506 3048 1529 3122 [
1560 3049 1686 3105 ullis

170 3138 377 3195 Ictibus
402 3139 635 3195 excelsis
658 3140 862 3196 nostris
883 3140 1191 3212 pertingere
1222 3143 1396 3197 tectis.

171 3229 505 3285 Confortans
540 3229 726 3285 hostes
760 3245 853 3284 rex
885 3244 971 3285 me
993 3231 1292 3286 circumdat
1317 3233 1371 3285 in
1399 3231 1606 3297 orbem,

176 3320 333 3392 Stepe
360 3329 551 3392 petens
579 3321 740 3386 bello,
766 3321 859 3391 qui
892 3336 987 3375 rex
1013 3322 1161 3376 stetit
1183 3322 1237 3375 in
1264 3319 1553 3376 Lavadello
1580 3321 1751 3392 (558),

173 3411 358 3469 Donec
390 3427 478 3468 me
511 3421 694 3468 teneat
721 3429 829 3468 non
852 3411 975 3468 inde
1001 3413 1252 3468 recedere
1281 3428 1527 3483 sperans.

175 3503 313 3560 Hinc
341 3520 510 3576 pr0pe
536 3505 742 3578 gignita
763 3521 928 3576 quam
951 3520 1110 3560 mons
1136 3504 1442 3561 Branciana
1464 3515 1657 3561 vocata
1682 3526 1699 3574 ;

176 3594 371 3651 Turris
401 3596 468 3650 de
494 3611 713 3651 summo
738 3596 1067 3653 descendere
1100 3612 1241 3669 sape
1261 3596 1519 3654 deorsum

175 3686 430 3760 Ceperat
450 3687 577 3744 Atto
605 3689 839 3759 loquens
860 3689 967 3757 his,
999 3689 1093 3760 qui
1117 3689 1334 3745 fuerant
1358 3691 1631 3747 meliores.

177 3778 293 3836 Hoc
316 3782 409 3836 ubi
438 3783 694 3853 cegnovit
716 3798 809 3837 rex
836 3782 987 3836 illum
1018 3783 1253 3853 pendere
1276 3783 1463 3853 ponit;

176 3871 409 3938 Quidam
437 3874 506 3929 de
528 3874 675 3929 notis
695 3874 797 3928 hoc
825 3874 1040 3928 eminus
1062 3875 1275 3928 nuntiat
1300 3875 1382 3928 ori

176 3966 411 4031 Attonis,
443 3966 689 4021 clamans
711 3974 766 4019 ut
802 3967 851 4020 ei
872 3966 939 4020 de
963 3975 1112 4020 turre
1132 3981 1230 4035 per
1261 3974 1467 4020 arctam

177 4056 296 4127 ipse
324 4057 689 4113 fenestrellam
724 4057 1069 4127 loqueretur;
1094 4057 1346 4128 protinus
1367 4066 1519 4111 extra

175 4191 360 4258 durat,
391 4200 444 4245 et
464 4190 685 4246 familia:
714 4190 881 4244 nobili
905 4190 968 4244 de
993 4189 1230 4244 Canossa
1257 4204 1558 4260 cognomen
1585 4188 1753 4254 dedit,

175 4267 301 4332 qua:
337 4261 411 4317 ibi
439 4271 563 4333 post
586 4261 926 4317 comitissam
964 4260 1276 4316 Matbildem
1317 4260 1595 4315 dominata
1632 4260 1752 4314 fuit.

175 4333 404 4545 Μῖὲξᾰὸ)
436 4403 582 4456 Abra
618 4401 819 4458 Graecis
847 4401 1065 4466 ancilla,
1091 4402 1433 4472 pedissequa.
1470 4399 1621 4455 Lam.

250 4473 382 4542 (554
422 4471 561 4545 λειω
600 4481 714 4545 ιιιηι
739 4488 869 4545 ergo
912 4473 1085 4545 (licet_
1104 4473 1305 4545 rarius)
1347 4472 1621 4545 Alemanni

250 4471 561 4545 (555)71am
600 4481 714 4545 tum
739 4488 869 4545 ergo
912 4471 1305 4545 (licet_'rarius)
1331 4471 1631 4545 Alemanni
1657 4487 1757 4542 pro

177 4540 485 4611 Germanis,
532 4552 593 4598 ut
642 4540 827 4598 etiam'
855 4540 999 4615 apud
1048 4540 1397 4599 Guilielnium
1461 4540 1755 4613 Appulum.
1793 4540 1837 4596 D

177 4615 329 4670 LEIB.

249 4684 401 4756 (555)
433 4681 748 4756 ,ἰοειιιλληἒ
796 4682 900 4756 Sed
942 4692 1073 4756 tunc
1122 4684 1343 4740 sedebat
1383 4683 1658 4754 Agapetus
1692 4682 1754 4751 ll,

176 4753 270 4827 qui
303 4753 430 4825 poet
468 4753 931 4827 nuptiasOttonis
971 4762 1025 4810 et
1046 4753 1573 4827 Adelheidisauhuc
1601 4756 1756 4823 vixit,

177 4823 666 4896 successoremque
690 4823 1172 4896 hahuitjoannem
1196 4824 1334 4879 Xlll.
1356 4824 1508 4879 Lam.

245 4896 398 4967 (556)
434 4894 771 4967 Εξιιιιιοδιιω
790 4905 854 4967 et
885 4894 1213 4950 Romanisca
1250 4896 1475 4953 historia
1507 4896 1751 4967 dignum.

177 4964 431 5091 Otttinein
458 4964 531 5020 Μ.
562 4966 704 5021 clam
734 4966 803 5020 ad
824 4965 1171 5022 Adelbeidem
1206 4967 1540 5023 liberandam
1570 4964 1755 5022 venis-

177 5053 250 5091 sc.
325 5053 436 5091 ειιι.

176 5053 250 5092 SC.
279 5053 436 5091 LEIB.

244 5106 304 5162 In
523 5104 761 5179 Padolir.
787 5146 803 5173 ,
855 5107 1276 5179 centulitLAgit
1317 5108 1406 5179 hic
1450 5105 1657 5179 Donizo
1692 5108 1761 5164 de

176 5178 380 5228 nuntiis
412 5177 691 5228 Adelaidis
712 5191 837 5228 cum
864 5176 1059 5228 Ottnna
1082 5175 1270 5228 Math
1301 5176 1606 5228 Germaniae
1634 5191 1763 5228 reae

1058 362 1341 420 APPEND.
1382 361 1469 416 111.
1507 392 1578 405 --
1614 350 2049 416 MONUMENTA
2088 359 2556 419 GllEGORlA‘NA.

1782 3196 1835 3255 Ο

3333 348 3439 415 isi

1785 480 1829 536 Α
1856 477 1981 532 Atto
2006 487 2169 548 caput
2198 478 2415 549 iactans
2439 474 2644 532 audivit
2670 470 2832 531 verba
2857 475 2917 531 bc
2928 472 3087 532 auda.

1858 568 2059 625 Ventre
2081 568 2279 625 famem
2303 578 2522 639 gestans
2548 584 2713 625 ursus
2741 582 3040 640 suspensus
3065 569 3133 625 ad
3153 585 3327 640 escas,

1856 659 2013 727 Quod
2046 660 2309 731 languore
2329 661 2495 727 dolet,
2525 662 2668 716 cervi
2699 663 2977 731 componit
3011 677 3198 719 amore
3232 664 3406 739 (559),

1857 750 2050 806 Yisitet
2073 752 2349 806 infirmum
2374 769 2587 821 cervus,
2613 753 2911 821 mandavit,
2938 762 3000 808 ut
3022 754 3222 826 ipsum.

1856 840 1956 897 lvit
1977 858 2193 910 cervus,
2222 843 2293 909 ei,
2326 843 2457 897 dum
2486 842 2803 913 loqueretur
2832 842 3005 915 (540),
3035 844 3264 900 adhaesit

1854 930 2132 987 Auricula:
2157 931 2323 999 cervi,
2354 931 2670 1001 discerpens
2695 932 2996 1003 unguibus,
3032 941 3086 989 et
3109 934 3191 989 sic

1859 1025 2145 1081 Dimittens
2178 1023 2380 1095 ipsum,
2407 1023 2605 1079 direxit
2633 1024 2812 1079 denuo
2831 1026 3086 1094 missum,

1857 1118 1928 1175 Ut
1954 1120 2139 1174 veniat
2160 1120 2448 1188 mandans,
2476 1121 2639 1190 dabo,
2663 1121 2710 1177 si
2742 1124 2960 1179 veneris
2983 1123 3078 1179 tibi
3104 1139 3323 1196 magna.

1854 1209 2062 1267 Cervus
2098 1212 2299 1277 oblitus
2328 1220 2465 1280 erat,
2491 1227 2614 1283 qua:
2644 1211 2772 1268 fecit
2800 1214 2972 1270 bestia
2999 1231 3139 1271 saeva

1854 1302 2100 1357 Accessit
2129 1303 2307 1372 juxta,
2338 1302 2508 1357 trahit
2530 1318 2770 1374 unguem
2795 1304 2973 1360 bellua
3001 1306 3169 1361 cruda

1855 1392 2136 1447 Abstrahit
2158 1393 2484 1459 auriculam,
2516 1409 2680 1464 quam
2703 1408 2865 1451 cervo
2897 1395 3131 1467 liquerat
3154 1413 3354 1469 unam;

1854 1484 1959 1551 Qui
1975 1485 2296 1554 deturpatus
2317 1485 2479 1540 rediit
2504 1486 2672 1541 miser
2705 1485 3029 1545 infatuatus.
3340 1468 3357 1477 γ’
3432 1468 3437 1477 ’

1856 1575 2031 1632 Ursus
2051 1591 2246 1631 amans
2274 1590 2517 1645 cervum,
2545 1577 2709 1632 mittit
2742 1578 2846 1634 sibi
2879 1579 3060 1634 denuo
3082 1580 3331 1647 verbum,
3434 1564 3439 1585 ³

1856 1666 1927 1722 Ut
1952 1677 2069 1723 tute
2090 1674 2279 1724 currat
2304 1710 2319 1736 ,
2348 1667 2477 1738 quia
2507 1668 2624 1723 vult
2654 1668 2757 1724 sibi
2783 1669 3020 1740 pandere
3053 1670 3258 1738 multa;

1855 1758 2057 1815 Amens
2084 1766 2138 1814 et
2168 1761 2366 1816 stultus
2396 1760 2633 1831 perrexit
2653 1775 2848 1816 εει·ιύε
2877 1760 2946 1816 ad
2982 1776 3194 1829 ursum,

1786 1847 1828 1902 Β
1854 1851 2079 1921 Aspicit,
2104 1850 2309 1906 arridet
2329 1852 2586 1919 venienti,
2611 1849 2756 1907 fatur
2785 1850 2948 1922 eique

1854 1943 2026 1999 Dente
2044 1951 2265 2016 repente
2298 1943 2487 2001 furens
2512 1947 2787 2017 captivum
2821 1946 3057 2003 dissecat
3077 1961 3257 2019 ungue
3284 1967 3296 2002 :
3406 1934 3409 1939 ’

1856 2036 1977 2092 Vita
2004 2038 2270 2109 privatus,
2291 2038 2443 2110 vulpi
2468 2039 2632 2095 datur
2656 2040 2781 2113 igne
2806 2042 3155 2110 cremandus,
3430 2036 3437 2053 ’

1855 2127 2047 2201 Vulpis
2075 2146 2201 2185 eum
2225 2139 2461 2199 torrens,
2485 2140 2613 2203 post
2639 2146 2772 2187 urso
2797 2132 2992 2188 detulit
3018 2149 3270 2199 omnem;

1854 2218 1964 2275 Cor
1986 2220 2229 2277 retinens
2258 2230 2492 2290 tantum,
2517 2224 2653 2279 sciat
2678 2239 2841 2279 ursus
2874 2223 3020 2280 illius
3044 2225 3193 2297 (5M)
3228 2233 3439 2296 astum;

1858 2310 2033 2368 Ursus
2057 2312 2266 2370 habens
2298 2330 2541 2383 carnem,
2569 2331 2666 2371 cor
2691 2316 2837 2371 cervi
2863 2317 3115 2387 quaeritat
3139 2327 3298 2387 ante;
3388 2314 3389 2321 “

1857 2404 2159 2475 Respondit
2178 2405 2377 2476 vulpis,
2397 2421 2494 2461 cor
2527 2421 2637 2461 non
2660 2406 2870 2475 habuit,
2908 2422 3084 2478 neque
3115 2406 3323 2477 sumpsi
3353 2423 3366 2457 :

1856 2496 2002 2552 Dixit
2032 2497 2082 2552 ei
2113 2512 2335 2554 rursum
2371 2516 2385 2552 :
2415 2497 2527 2553 Cor
2544 2514 2670 2554 mox
2706 2499 2851 2555 volo.
2890 2497 3082 2571 Vulpis
3117 2499 3185 2555 ad
3206 2514 3399 2554 ursum
3425 2514 3439 2553 :

1856 2586 1995 2642 Dum
2031 2588 2297 2659 quaesitus
2323 2587 2478 2643 adest
2510 2597 2612 2656 ter,
2642 2589 2804 2645 corde
2829 2604 3016 2645 carere
3039 2590 3323 2659 probatur.

1856 2678 1983 2736 ﬂzec
2008 2682 2107 2736 tibi
2131 2681 2204 2737 sit
2224 2682 2413 2749 chara,
2438 2698 2596 2737 meus
2627 2682 2774 2750 Atto,
2806 2682 2989 2738 fabula
3024 2682 3206 2753 plana.

1854 2769 1981 2824 Atto
2008 2784 2406 2842 recognoscens
2435 2787 2536 2826 cur
2562 2771 2667 2825 hoc
2687 2769 2975 2839 referebat,
3004 2771 3076 2825 ob
3111 2769 3215 2827 hoc
3241 2786 3300 2827 se
3416 2762 3443 2771 ”

1855 2860 2194 2918 Constrinxit
2224 2879 2473 2932 sursum,
2503 2879 2613 2919 non
2637 2862 2871 2933 amplius
2894 2862 3011 2933 ipse
3036 2863 3295 2919 deorsum

1856 2952 2165 3022 Descendit,
2185 2954 2361 3011 donec
2389 2970 2485 3009 rex
2522 2955 2726 3011 mansit
2749 2953 2817 3010 ad
2842 2954 3204 3009 obsidionem.

1856 3044 1971 3100 Rex
2004 3047 2231 3103 firmans
2260 3062 2502 3119 gressus,
2525 3062 2627 3102 nec
2650 3061 2759 3101 non
2792 3045 3065 3103 exercitus
3087 3045 3229 3117 ejus,
3411 3116 3414 3120 λ

1855 3134 2085 3209 Pergere
2116 3152 2229 3194 non
2258 3153 2514 3209 usquam,
2551 3140 2737 3210 capiar
2769 3136 2917 3213 (542)
2950 3139 3076 3209 nisi,
3110 3139 3310 3211 cogitat
3337 3155 3443 3194 un-—

3111 3228 3133 3304 [
3171 3247 3358 3302 quam.
3438 3302 3441 3309 ι

1855 3319 2013 3378 Circa
2045 3338 2134 3377 me
2159 3321 2316 3379 factis
2344 3338 2512 3379 semis
2538 3323 2701 3379 simul
2726 3333 2779 3380 et
2812 3325 2987 3382 tribus
3013 3326 3174 3381 annis
3211 3325 3383 3398 (545),

1855 3415 2109 3469 Attonem
2139 3414 2300 3469 taedet
2322 3423 2432 3469 tam
2459 3415 2678 3486 longam
2706 3415 2848 3473 ferre
2872 3418 3111 3489 quietem
3134 3436 3149 3487 ;
3442 3408 3447 3481 Ῐ

1859 3503 2050 3559 Stabat
2068 3504 2213 3559 enim
2237 3491 2486 3573 sursum,
2516 3504 2749 3562 faciebat
2774 3508 2851 3562 nil
2882 3508 2989 3563 nisi
3018 3508 3231 3575 ludum,

1856 3594 2025 3652 Nocte
2063 3594 2197 3653 foris
2234 3597 2465 3653 missum
2503 3598 2738 3669 pepulit,
2778 3600 3046 3656 mandans
3094 3599 3261 3656 breve
3301 3597 3440 3676 acri-.-

3120 3690 3368 3766 [pmm,

1856 3774 2040 3833 Ottoni
2068 3778 2203 3850 regi,
2229 3779 2475 3851 rogitans
2505 3788 2565 3836 ut
2593 3797 2702 3837 non
2733 3783 3061 3853 pedetentim
3442 3774 3447 3785 ’

1858 3865 1935 3921 De
1948 3882 2136 3938 pr0pe,
2164 3870 2392 3925 fidenter
2420 3871 2526 3927 sibi
2547 3872 2641 3928 sed
2675 3888 2995 3929 succurrere
3019 3883 3222 3942 tentet;

1857 3966 2307 4027 Commemoraus
2338 3972 2436 4039 illi,
2461 3974 2607 4043 quod
2632 3975 2840 4030 dudum
2863 3977 3157 4046 sponderat
3182 3977 3306 4048 ipsi.

1857 4066 1983 4124 Otto
2008 4070 2198 4128 videns
2225 4073 2453 4128 missum
2484 4074 2698 4129 laetatur
2723 4083 2807 4130 sat
2836 4092 3001 4146 super
3019 4074 3226 4147 ipsum;

1858 4209 2070 4281 tantum
2096 4201 2372 4281 Ditmarus
2401 4204 2495 4260 lib.
2525 4221 2565 4260 ιι
2604 4205 2811 4281 Chron.
2845 4207 3054 4281 aliquid
3084 4208 3248 4281 habet
3293 4208 3441 4281 quod

1859 4273 1929 4327 ab
1958 4272 2060 4328 hac
2090 4273 2405 4331 narratione
2436 4291 2544 4330 non
2572 4276 2805 4332 multum
2837 4272 3063 4334 abludit.
3100 4278 3245 4334 Mus.

1892 4412 1904 4424 θ
1931 4343 2080 4425 (557)
2133 4343 2338 4414 Vulpis,
2363 4347 2638 4425 machina,
2665 4348 2768 4403 sub
2819 4364 2928 4419 qua
2949 4350 3075 4405 tecti
3098 4350 3318 4417 milites,
3354 4360 3438 4416 ut,

1861 4415 1943 4468 sic
1966 4415 2166 4481 dicam,
2199 4426 2377 4471 caute.
2416 4415 2563 4471 Lam.

1934 4484 2084 4556 (558)
2122 4486 2257 4541 Cod.
2286 4495 2400 4542 ant.
2428 4486 2750 4543 Lavaclello.
2790 4488 2942 4545 LEIB.
3440 4536 3449 4543 .

1863 4555 2082 4679 LF('5359)
2121 4556 2279 4611 Cervi
2331 4558 2567 4613 habendi
2616 4574 2801 4617 amore
2861 4560 3019 4632 lingit
3059 4575 3118 4617 se
3158 4559 3441 4634 languere.

1909 4642 2013 4681 EIB.

2289 4694 2554 4773 Padolir.,
2588 4699 2678 4754 sed
2699 4700 2824 4755 dum
2847 4700 3165 4773 loqueretur.
3202 4699 3349 4757 Ilua.
3446 4734 3455 4745 ε

2120 4769 2255 4851 ρθάζ
2284 4766 2529 4851 Βρείςιιε,
2564 4786 2719 4826 ursus
2742 4781 2798 4826 ut
2821 4766 2990 4825 illius.
3017 4770 3161 4825 Mus.

2122 4838 2312 4909 Capiet
2334 4837 2456 4895 nisi.
2485 4839 2634 4896 Lam.
3454 4884 3457 4893 ς

1957 4844 2061 4892 542
2122 4844 2312 4909 Capiat
2334 4844 2456 4895 nisi.
2485 4844 2634 4896 Lam.
3454 4884 3455 4893 η

1934 4844 2081 5032 Ξῦιίὲ)
2121 4908 2257 4965 Cum
2282 4908 2576 4992 Dotharius
2594 4926 2691 4993 rex
2713 4909 3023 4993 ddelheidae
3043 4912 3277 4970 maritus
3297 4924 3455 4969 anno.

1974 5020 1988 5032 .
2069 4981 2314 5032 ovembrt
2350 4996 2536 5032 mense
2571 4981 2789 5032 obterit.
2820 4987 2876 5032 et
2899 4978 3026 5032 Otto
3061 4981 3132 5032 Μ.
3159 5001 3289 5032 ann.
3317 4983 3446 5032 95L

1862 4978 1997 5051 950,
2018 4978 2314 5051 Novembri
2350 4996 2536 5047 mense
2571 4981 2790 5050 obierit,
2820 4987 2876 5035 et
2899 4978 3026 5039 Otto
3061 4981 3133 5038 Μ.
3159 5001 3289 5041 ann.
3317 4983 3447 5051 951,

1863 5049 1948 5125 vel
1970 5049 2083 5125 952
2108 5050 2163 5125 in
2201 5050 2413 5125 Italiam.
2434 5067 2557 5125 cum
2586 5053 2826 5108 exercitu
2839 5054 3068 5125 veniens
3094 5049 3449 5114 Adelbeidem

1863 5120 1917 5174 in
1962 5118 2272 5200 Canusiana
2323 5120 2455 5200 arce
2500 5121 2784 5200 obsessam
2814 5122 3170 5200 _liberaverit,
3221 5129 3457 5200 ejusque

1863 5189 2119 5228 nnniunin
2151 5193 2220 5228 οἷο
2245 5190 2445 5228 mﬁinc
2500 5192 2672 5228 lvihuc
2701 5192 2857 5228 ηηηῦο
2893 5210 3018 5228 num
3042 5189 3268 5228 ηιξ-ηιξ,κυῖ
3297 5189 3447 5228 ,ιμὀς-
