3984 5380
179 337 293 394 965

182 454 336 507 Gens
380 451 679 505 Alemanna
711 450 903 505 dolens
929 450 1170 515 tremuit,
1203 449 1484 517 nimioque
1509 447 1706 501 timore
1807 448 1853 502 Α

181 542 318 595 Atto
338 543 484 595 levat
512 555 725 606 vocem,
754 539 1030 594 confortat
1055 539 1497 608 Teutonicosque
1525 556 1536 591 :

185 633 269 685 Ad
295 633 456 702 cujus
483 647 674 687 vocem
707 640 880 686 totum
918 647 1172 701 sprevere
1199 632 1469 685 timorem.

184 721 378 778 Partes
410 733 544 778 tunc
579 724 754 779 ambat
792 739 956 795 grave
989 724 1252 778 damnum
1289 723 1619 778 sustinuere.

131 828 138 834 ·
184 815 453 882 Quamvis
483 833 612 872 cum
647 817 870 883 damno,
899 832 1152 886 campum
1187 817 1361 870 tenuit
1395 825 1577 870 tamen
1607 815 1770 869 Atto:

185 907 303 963 Rex
335 910 529 978 procul
552 909 810 964 Albertus
833 909 1043 963 studuit
1079 909 1380 974 discedere,
1415 916 1598 962 certus

184 997 348 1066 Quod
370 1017 481 1055 non
516 1001 570 1055 in
605 1018 834 1073 regnum
865 1003 1234 1072 requiesceret
1265 1001 1520 1071 amplius,
1546 1001 1701 1053 exsul

183 1092 232 1145 Α
267 1108 440 1164 regno
471 1094 626 1164 (555)
662 1093 860 1160 factus,
893 1094 1244 1164 pertransivit
1268 1109 1418 1148 mare
1454 1109 1732 1164 magnum.

183 1183 538 1251 Partibuan
568 1186 775 1241 nostris
809 1201 919 1241 non
959 1187 1101 1240 ultra
1127 1186 1276 1241 venit
1299 1187 1388 1241 hic
1414 1187 1625 1253 hostis;

187 1275 247 1330 Si
280 1278 565 1334 dilexisset
587 1296 692 1346 me,
721 1281 801 1335 sic
823 1281 966 1335 male
998 1295 1108 1334 non
1140 1280 1230 1334 hic
1257 1281 1461 1337 abisset
1493 1282 1663 1353 (556).

183 1369 264 1423 Ex
287 1373 508 1441 propria
533 1382 691 1443 gente
718 1373 890 1445 (557),
918 1388 1028 1428 non
1066 1373 1297 1430 ulterius
1321 1375 1424 1429 sibi
1448 1391 1628 1446 regem

184 1462 549 1535 Longobarda
575 1467 707 1536 petit
725 1456 879 1537 gens,
910 1467 1214 1532 constituit,
1245 1483 1422 1538 neque
1446 1471 1661 1540 quaerit.

184 1555 344 1612 Tunc
394 1558 561 1613 etiam
597 1560 804 1614 mensis
833 1559 1044 1616 Madius
1070 1559 1297 1615 ﬂorebat
1331 1561 1385 1615 in
1413 1557 1597 1618 herbis

183 1648 333 1702 Anni
355 1652 619 1722 nongenti
641 1653 901 1722 quindeni
934 1651 1083 1723 (558)
1107 1660 1240 1708 tunc
1263 1670 1484 1726 quoque
1509 1654 1694 1711 Verbi.

183 1739 316 1795 Atto
338 1742 575 1798 cadaver
597 1744 806 1799 habens
848 1744 1112 1815 Litulphi,
1137 1746 1536 1818 viscera'plane

183 1831 338 1888 lllius
363 1836 602 1890 extraxit
630 1837 697 1891 de
726 1851 976 1907 corpore,
1013 1854 1178 1908 quem
1209 1855 1309 1895 sua
1334 1841 1547 1911 planxit

184 1924 355 1992 Gens,
379 1942 444 1981 ea
468 1935 603 1984 tunc
635 1929 845 1984 tumulo
873 1931 1058 2000 posuit
1089 1932 1432 2003 condigniter
1462 1950 1593 1989 uno.
1655 1947 1658 1952 '

187 2017 404 2074 Dicitur
431 2021 663 2077 ecclesia
699 2022 847 2094 (559)
875 2022 1111 2094 Prosper
1147 2027 1531 2084 sanctissimus
1554 2031 1663 2099 illa,

184 2107 244 2164 ln
267 2128 378 2182 qua
401 2113 716 2168 conduntur
746 2130 848 2170 nec
881 2131 990 2170 non
1015 2118 1168 2172 locus
1192 2117 1596 2188 Antonianum;
1657 2167 1660 2170 ί

184 2201 424 2274 Corpus,
449 2206 790 2262 aromatibus
815 2208 1094 2263 conditum
1111 2211 1310 2281 quippe
1324 2212 1562 2279 deintus,

183 2295 334 2351 Patri
361 2298 685 2357 confortans
708 2303 886 2372 ipsum
908 2303 1126 2371 direxit,
1151 2313 1206 2360 et
1235 2307 1466 2362 hortans
1494 2326 1506 2361 :

184 2386 263 2443 Ne
294 2389 528 2445 nimium
552 2393 799 2465 plangas,
830 2396 1035 2465 poteris
1063 2398 1193 2467 quia
1223 2399 1445 2454 vincere
1483 2416 1701 2470 magna,

187 2483 246 2537 Si
275 2485 496 2541 veneris
543 2489 750 2554 statim,
798 2487 1191 2560 Langobardos
1238 2494 1560 2563 superabis,

185 2575 409 2632 illorum
437 2577 576 2650 fugit
597 2582 860 2650 quoniam
885 2598 1013 2652 rex;
1041 2585 1087 2639 si
1120 2585 1284 2641 modo
1319 2588 1522 2654 curris,

185 2668 678 2742 Langobardorum
713 2691 942 2748 regnum
973 2678 1344 2734 dominaberis
1373 2681 1572 2736 horum

185 2761 312 2818 Otto
340 2766 408 2820 de
430 2777 560 2821 nato
583 2769 814 2832 nimium
844 2770 1037 2837 doluit,
1077 2774 1348 2828 tumulato

185 2853 330 2924 Ipso,
367 2857 657 2914 confestim
690 2863 893 2918 multos
930 2878 1022 2917 rex
1053 2863 1170 2934 ipse
1206 2866 1417 2920 revexit

183 2947 396 3004 Italiam
435 2968 643 3019 secum,
687 2971 850 3024 quem
886 2958 1107 3026 pacilice
1141 2959 1420 3028 petierunt

184 3041 383 3098 Cuncti
415 3042 729 3113 Lombardi,
758 3049 861 3103 sibi
892 3050 1084 3106 dantes
1114 3052 1311 3122 oppida
1343 3054 1533 3125 gratis,

184 3134 325 3191 Cum
359 3138 560 3206 quibus
584 3148 640 3194 et
674 3139 903 3197 Romam
929 3143 1084 3212 petiit
1105 3145 1370 3216 regnique
1399 3162 1661 3202 coronam

185 3225 232 3279 Δ
268 3243 410 3298 papa
435 3231 578 3299 cepit
603 3229 832 3287 feliciter
852 3233 1086 3305 indeque
1118 3237 1305 3292 crevit.

187 3316 505 3375 Muneribus
539 3324 754 3393 magnis
776 3323 1029 3380 Attonem
1061 3327 1201 3383 ditat
1229 3337 1286 3384 et
1320 3329 1466 3398 altis,

183 3409 286 3466 Cui
321 3415 584 3470 nonnullo
614 3416 762 3487 (560)
799 3418 1094 3474 comitatus
1129 3423 1361 3476 contulit
1392 3423 1557 3489 ultro,

183 3499 289 3558 Per
331 3518 492 3575 quem
523 3510 807 3577 regnabat,
840 3509 918 3562 nil
955 3511 1156 3565 mirum
1192 3512 1237 3566 si
1273 3514 1587 3582 peramabat

185 3668 269 3714 est
317 3674 572 3738 moerere.
628 3659 908 3738 Ditmarus
942 3664 1036 3738 lib_.
1097 3680 1155 3718 ιι.
1207 3663 1464 3737 Sigonius
1499 3667 1771 3738 suspicio-

185 3745 312 3806 nem
372 3731 942 3806 accideratae_mprtis
999 3731 1387 3806 Berengarium
1441 3731 1771 3794 sustinuisse

184 3799 436 3854 afﬁrmat.
489 3799 644 3856 Unus
695 3799 1043 3860 Widikindus
1091 3799 1424 3864 Dounizonis
1471 3811 1770 3865 narrationi

183 3867 370 3950 favere
403 3871 790 3950 viderinpossit‘
811 3875 904 3950 lib.
944 3893 1003 3929 Ill
1042 3876 1128 3950 his
1152 3878 1334 3932 verbis
1364 3897 1376 3931 :
1407 3877 1521 3950 Quo
1547 3878 1772 3950 (Ludol-

184 3941 317 4008 pho)
351 3953 534 4016 agente
566 3941 644 4013 (iii
677 3943 851 4016 Italia)
874 3963 1070 3999 annum
1094 3948 1201 4016 fere
1229 3957 1396 4001 totum
1426 3941 1562 4002 diem
1599 3961 1772 4004 extre-

184 4028 330 4089 mum
369 4011 520 4089 obiit,
567 4011 682 4089 toti
713 4011 1040 4070 Francorum
1072 4011 1292 4089 imperio
1336 4019 1628 4089 relinquens
1676 4037 1772 4074 suo

183 4081 396 4160 uulnere
429 4083 874 4160 vulnusdurum;
917 4089 1011 4160 sed
1046 4081 1235 4160 uulnus
1274 4089 1361 4143 hic
1406 4081 1506 4158 pro
1529 4091 1768 4160 jactura,

184 4153 430 4231 lusione,
466 4155 637 4224 accipi
670 4164 867 4225 potest,
903 4157 1009 4212 nisi
1037 4155 1178 4231 forte
1218 4153 1506 4231 legendum
1530 4153 1649 4214 ’δυο
1679 4153 1770 4231 fu;

183 4239 325 4276 nere.
375 4223 724 4282 Hermannus
763 4235 1079 4282 contractus
1107 4223 1334 4283 Canusii
1385 4231 1451 4284 ad
1495 4231 1642 4286 hunc
1677 4223 1767 4285 an.

182 4295 494 4372 commissa
536 4312 720 4372 pugna
778 4292 1396 4372 Ludotphum_vicisse,
1450 4303 1773 4372 cunctisque

183 4364 287 4442 sibi
320 4381 447 4442 e_u_m
477 4364 646 4442 Italiae
681 4383 849 4439 regno
871 4364 1202 4442 subjugatis,
1228 4364 1420 4442 eodem
1445 4387 1592 4442 anno
1626 4364 1771 4442 afud

183 4433 493 4489 Plumbiam
522 4433 816 4494 immaturo
846 4433 999 4495 obitu
1032 4433 1140 4495 vita
1173 4433 1493 4496 decessisse.
1522 4433 1674 4498 Lam:

1077 328 1363 384 APPEND.
1407 327 1492 384 Ill.
1531 358 1603 370 -—
1641 323 2072 381 NONUMENTA
2113 323 2578 381 GREGORIANA.

3357 328 3462 386 966

2487 440 2718 496 CAPL'T
2764 441 2828 497 ll.

1874 532 2052 602 Refert
2080 533 2316 616 Cormasa
2354 552 2585 588 amorem
2616 535 2827 589 Attonis
2851 552 3080 617 ergase,
3117 546 3166 590 et
3199 539 3459 617 quomodo

1945 605 2225 676 acquisivit
2249 623 2490 676 (corpora
2533 615 2829 675 martyrum
2877 605 3102 661 Victoris
3135 618 3182 661 et
3212 605 3459 676 Coronae,

1942 683 1993 726 et
2026 673 2082 727 S.
2119 675 2460 743 Apollonium
2487 673 2784 747 episcopum
2813 686 2863 729 et
2888 678 3257 747 confessorem.

1875 785 2154 842 Ditescens
2175 787 2303 842 Atto
2328 805 2449 844 mea
2473 790 2676 844 muenia
2708 790 2866 844 duxit
2890 790 2943 844 iu
2970 791 3165 856 altum,

1872 875 1976 931 Per
2011 893 2097 932 me
2124 877 2275 932 dives
2309 887 2447 944 erat,
2475 895 2572 933 sua
2606 895 2703 950 per
2736 896 2821 934 me
2848 889 3047 936 cuncta
3076 882 3313 948 tenebat,

1871 968 1950 1023 Ac
1977 967 2098 1023 ideo
2133 978 2354 1035 cuncta,
2392 971 2684 1026 veniebant
2710 988 2833 1042 qua:
2868 972 2974 1026 silzi
3000 973 3251 1042 pulchra,

1874 1057 2118 1124 Loricas,
2149 1060 2357 1126 hastas,
2394 1062 2632 1132 clypeos,
2680 1078 2840 1118 enscs
2873 1049 3278 1129 mihi'mandat,

1870 1148 2112 1204 Artubus
2141 1165 2208 1205 ex
2245 1152 2416 1206 sacris
2443 1153 2721 1208 decoravit
2743 1170 2849 1220 me,
2887 1155 3032 1210 velut
3065 1156 3233 1211 armis

1875 1239 1988 1295 Rex
2015 1242 2239 1311 quidam
2277 1243 2466 1310 donat,
2519 1243 2623 1299 sibi
2660 1243 3045 1316 V’ictorcmque
3093 1245 3239 1316 (561)
3285 1247 3456 1302 Coro-

3211 1336 3383 1409 [natm

1871 1421 2096 1479 Ptenam
2129 1425 2378 1492 cervicis,
2412 1443 2537 1482 nam
2571 1443 2670 1498 pro
2710 1429 3016 1483 diademate
3051 1429 3174 1484 (εαξιί

1874 1510 2145 1567 Sustinuit
2180 1515 2337 1569 miles
2376 1514 2563 1571 Victor
2594 1518 2977 1572 sanctissimus
3014 1518 3138 1584 iste,

1873 1602 2073 1660 Sancta
2107 1606 2209 1662 fuit
2245 1610 2354 1663 lota
2388 1626 2685 1680 secumque
2714 1627 2910 1666 cruore
2950 1611 3187 1665 Corona.

1871 1695 2034 1751 Duxit
2070 1697 2159 1752 hic
2191 1699 2292 1754 hos
2318 1701 2464 1765 Atto,
2491 1702 2692 1755 multos
2728 1703 2866 1756 alios
2888 1718 3108 1772 quoque
3140 1709 3382 1770 sanctos,

1805 1818 1847 1872 Β
1874 1783 2173 1856 Relliquias
2202 1787 2339 1843 alias
2374 1789 2521 1843 dedit
2550 1789 2626 1843 illi
2653 1789 2834 1844 Brixia
2871 1807 3101 1861 magna;

1877 1875 2012 1931 Nam
2049 1887 2232 1950 caput,
2277 1895 2342 1935 ac
2387 1880 2678 1937 humerum
2730 1883 2982 1938 dextrum
3031 1883 3340 1954 pariterque
3373 1883 3455 1939 la-

3152 1975 3385 2048 [certum

1877 2060 2052 2145 _Hujus
2083 2064 2355 2132 Apollonii
2391 2065 2539 2136 (562)
2567 2067 2918 2124 vehementer
2945 2070 3339 2126 bonoriﬂcandi

1876 2152 2042 2208 Olfert
2065 2158 2234 2226 gratis
2255 2157 2324 2212 ei.
2352 2156 2675 2212 Cotefredus
2695 2159 2986 2229 episcopus
3010 2159 3118 2230 egit

1879 2245 2010 2315 Hoc,
2039 2250 2166 2319 quia
2201 2251 2266 2305 de
2291 2250 2491 2304 lumbis
2517 2259 2635 2304 erat
2661 2261 2815 2306 ortus
2851 2253 3116 2322 principis
3148 2253 3333 2323 hujus;

1877 2337 1977 2393 llic
2002 2341 2201 2409 praesul
2231 2356 2445 2395 sacram
2478 2341 2741 2396 reseravit
2763 2344 3011 2411 corporis
3036 2359 3240 2410 arcam,

1876 2429 1953 2483 Ac
1983 2431 2158 2484 secuit
2191 2431 2455 2496 membra,
2485 2447 2650 2486 cruor
2673 2439 2728 2485 et
2758 2447 2885 2486 mox
2918 2433 3118 2502 prodiit
3139 2443 3307 2488 extra.

1877 2521 2030 2577 Unde
2057 2523 2235 2578 bonus
2257 2524 2508 2594 princeps
2539 2524 2694 2578 valde
2725 2525 2980 2593 miratus,
3013 2527 3189 2580 eidem

1874 2615 2149 2668 Continuo
2181 2623 2338 2669 terrae
2369 2615 2621 2685 prepriae,
2649 2616 3030 2687 decimamque
3065 2627 3300 2673 moneta:

1875 2703 2056 2769 Vovit,
2093 2712 2147 2758 et
2181 2704 2270 2758 hic
2294 2720 2479 2759 secum
2506 2719 2661 2758 sacra
2687 2705 2841 2759 duxit
2875 2706 3101 2775 pignora
3135 2707 3310 2762 hctus.

1874 2792 2004 2848 Post
2028 2795 2141 2848 lucc
2171 2795 2448 2849 excelsum
2476 2794 2683 2849 studuit
2713 2796 2814 2848 sibi
2840 2795 3042 2866 ﬁngere
3068 2798 3345 2867 templum,

1876 2883 2207 2954 Divinasque
2261 2885 2476 2938 scholas
2529 2883 2700 2954 (565),
2757 2893 3015 2938 canerent
3060 2901 3181 2954 qua:
3227 2886 3458 2942 dulciter

3198 2977 3388 3051 [horas

1875 3069 2042 3125 Nocte
2065 3071 2152 3124 die
2179 3070 2420 3136 Christo,
2459 3071 2651 3126 statuit
2677 3072 2760 3125 vir
2787 3072 3004 3142 opimus
3038 3072 3091 3126 in
3125 3073 3277 3143 ipso;

1799 3170 1841 3229 c
1874 3161 2090 3235 Organa
2119 3172 2428 3230 cantorum,
2461 3163 2745 3219 fabrefecit
2763 3165 2990 3220 vocibus
3024 3166 3242 3232 horum,

1875 3252 2015 3308 Cum
2052 3254 2252 3323 quibus
2277 3253 2331 3307 in
2365 3255 2569 3309 sanctis
2593 3254 2892 3324 jubilarent
2912 3257 3141 3313 vocibus
3168 3257 3310 3313 altis.

1875 3344 2208 3400 O‘rnamenta
2241 3346 2402 3411 bona,
2438 3345 2724 3400 rutilantes
2753 3355 2918 3415 atque
2942 3361 3176 3401 coronas

1877 3436 1952 3490 Ex
1981 3453 2117 3492 auro
2145 3438 2294 3493 claro
2320 3437 2484 3494 simul
2515 3445 2848 3508 argentoque
2880 3438 3108 3507 probato

1876 3526 2105 3595 Obtulit,
2145 3529 2228 3584 ha:
2255 3545 2383 3584 vero
2407 3545 2637 3586 numero
2669 3536 2790 3587 sum
2827 3528 2912 3588 bis
2943 3528 3207 3589 duodenm
3233 3526 3380 3602 (564)

1874 3665 2127 3739 Qunales
2147 3665 2214 3719 ad
2246 3681 2451 3739 annum
2489 3666 2593 3720 957
2620 3665 2868 3722 referunt
2897 3667 3128 3723 Liudolli
3171 3682 3371 3739 corpus
3403 3668 3457 3723 in

1874 3736 2226 3810 ger-maniam
2276 3737 2688 3810 transl_atum__a
2736 3739 3020 3792 venerabili
3048 3736 3459 3810 (archiepiscopo

1885 3806 2172 3878 Y'ilehelmo
2195 3806 2362 3878 fratre
2409 3806 2544 3875 ejus,
2589 3806 2880 3878 Moguntina
2915 3809 3056 3878 apud
3081 3806 3324 3863 sanctum
3357 3806 3458 3863 ΑἸ-

1874 3877 2070 3930 banum
2108 3876 2396 3949 honoriﬁce
2427 3876 2750 3949 tumulatum
2789 3876 2970 3949 fuisse.
3011 3878 3077 3933 Et
3118 3879 3334 3949 quidem
3377 3880 3460 3934 vi-

1874 3964 2028 4002 scera
2066 3955 2277 4000 tantum
2331 3947 2386 4000 in
2429 3947 2657 4018 ecclesia
2711 3947 2887 4003 sancti
2941 3947 3197 4018 Prosperi
3245 3951 3459 4004 tumulo

1873 4018 2095 4081 tradita,
2134 4032 2334 4086 corpus
2363 4032 2494 4070 vero
2519 4017 2586 4070 ad
2613 4026 2822 4086 patrem
2850 4019 2920 4072 ab
2960 4017 3156 4073 Atto’ne
3201 4021 3454 4085 missum,

1876 4097 2108 4142 testatur
2134 4085 2248 4142 inse
2272 4085 2496 4141 Donizo.
2539 4085 2682 4140 Mdu.

1947 4159 2094 4228 (560)
2133 4155 2266 4211 Cod.
2315 4155 2537 4228 chicn.
2583 4175 2594 4210 :
2636 4157 2736 4228 Cui
2773 4157 3070 4228 nonnullos.
3114 4157 3217 4224 Qui
3256 4156 3460 4212 fuerint

1875 4226 1963 4284 isti
1987 4226 2278 4298 comitatus
2302 4226 2485 4298 Attoni
2505 4226 2574 4297 (is
2599 4226 2762 4280 etiam
2791 4227 3102 4298 Adelberlus
3129 4230 3454 4298 appellatur)

1874 4301 1942 4354 ab
1987 4297 2194 4368 Ottoner
2225 4296 2956 4368 M,AuguStoicontributi,
3001 4296 3266 4353 indicabit
3296 4296 3458 4353 nobis

1874 4371 2063 4425 charta
2095 4367 2463 4442 a_Ba_cc_hinio
2499 4367 2858 4442 evulgata_iu
2888 4367 3168 4442 _A_ppend._
3191 4371 3276 4442 ad
3323 4369 3452 4442 hist.

1874 4437 2120 4494 monast.'
2144 4437 2585 4508 Padolironens.,
2611 4454 2732 4508 pag.
2764 4438 2818 4503 5,
2849 4437 3120 4492 ιώἱέιιιηο
3145 4439 3250 4492 967
3281 4439 3458 4494 nomi-

254 4505 411 4577 (555)
437 4508 1092 4590 _Anno‘9_57__Ludolphus
1135 4527 1166 4565 e
1205 4511 1344 4590 vivis
1377 4513 1624 4590 sublatus
1661 4523 1763 4570 est.
1802 4514 1846 4568 D
1873 4509 2324 4590 natumlegimus
2350 4505 2717 4590 {ldqlbertumj
2742 4509 2834 4590 qui
2859 4518 2916 4590 et.
2947 4508 3092 4590 Atto,
3129 4511 3312 4590 gratio
3356 4508 3458 4563 Dei

182 4573 373 4645 Neque
390 4573 587 4649 statim
613 4573 1146 4636 Adelbertus'ltalize
1173 4581 1450 4649 valedixit,
1485 4585 1579 4639 sed
1618 4601 1764 4639 anno

182 4654 402 4720 tantum
435 4647 544 4720 96}
575 4665 684 4720 quo
711 4649 837 4704 Otto
859 4650 927 4705 M.
963 4651 1018 4705 in
1048 4651 1254 4706 Italiam
1286 4647 1584 4708 descendit.
1619 4654 1766 4710 Con-

183 4718 433 4790 tinuatur
473 4717 786 4790 Regiuonis
827 4723 895 4776 ad
945 4737 1152 4776 annum
1203 4723 1311 4777 965
1358 4724 1582 4790 scribit,
1634 4733 1764 4781 tunc

183 4803 310 4864 eum
358 4789 414 4842 in
458 4787 742 4864 Corsicam
769 4806 827 4846 se
872 4791 1348 4864 recepisse._lllius
1388 4787 1579 4849 autem
1612 4805 1766 4864 pater

184 4856 549 4929 Berengarius
583 4878 680 4916 rex
716 4862 772 4914 in
813 4877 936 4918 arce
971 4856 1143 4918 sancti
1170 4862 1368 4919 Leonis
1396 4867 1586 4918 eodem
1612 4856 1764 4921 'tem-

184 4944 316 4999 pore
338 4946 370 4983 a
395 4930 797 4986 Germanorum
821 4935 1060 4988 exercitu
1088 4935 1454 4991 obsidebatur.
1486 4935 1627 4990 Mira.

254 5001 409 5068 (556)
448 5000 678 5057 Codices
704 5004 911 5057 nostri:
960 5004 1083 5058 Non
1108 5006 1230 5057 hinc
1255 5005 1486 5059 abiisset.
1515 5006 1560 5058 Μ
1571 5023 1655 5060 un.

255 5071 409 5141 (557)
451 5070 592 5144 Ergo
628 5073 838 5144 Donizo
872 5076 1090 5129 natione
1131 5075 1518 5144 Langobardos
1560 5079 1771 5144 putavit

187 5117 576 5212 Bereng’ariufn
615 5154 666 5198 et
701 5143 1046 5216 Aglelbertum
1077 5164 1088 5199 :
1126 5117 1279 5215 quodD
1297 5154 1474 5200 tamen
1500 5117 1770 5204 allirmare

1872 4598 2042 4635 comes
2073 4577 2428 4649 Mutinensis.
2452 4577 2566 4632 lmo
2593 4577 2762 4633 simul
2788 4578 3054 4649 Regiemis
3091 4577 3321 4634 civitatis
3347 4591 3455 4649 fo-

1873 4668 1979 4705 mes
2005 4651 2126 4716 fuit,
2161 4658 2297 4704 teste
2324 4648 2617 4718 diplomate
2639 4646 2884 4719 ejusdem
2909 4648 3121 4704 Ottonis
3164 4651 3306 4719 apud
3344 4646 3456 4719 L‘g-

1874 4723 2075 4776 bellum
2111 4721 2164 4774 in
2211 4720 2327 4774 Ital.
2366 4718 2677 4790 Sac.rtom.r
2715 4718 2778 4785 V,
2810 4736 2931 4790 pag.
2974 4719 3130 4774 1582.
3187 4718 3264 4775 Ibi
3310 4718 3456 4774 enim

1874 4737 2075 4776 ueuum
2111 4737 2164 4774 in
2211 4737 2327 4774 itan.
2366 4737 2489 4774 hac.
2532 4737 2666 4774 tom.
2724 4737 2778 4785 γ,
2810 4737 2875 4790 pa
2919 4761 2931 4773 .
2974 4737 3130 4774 Iooz.
3187 4737 3264 4775 1m
3310 4737 3456 4774 enim

1873 4809 2017 4846 anno
2041 4792 2145 4846 964
2172 4791 2375 4845 mentio
2403 4791 2460 4842 fit
2485 4789 2762 4844 Adalberti
2788 4737 2971 4859 iurgii
2997 4790 3204 4845 comitis
3241 4791 3461 4860 Regien-

1873 4865 1966 4929 sis,
2001 4864 2106 4916 sire
2151 4862 2470 4915 Mutinensis
2512 4861 2684 4930 ﬁdelis
2745 4863 2930 4914 nostri.
2976 4860 3146 4927 Adde,
3203 4863 3459 4916 Altonem

1874 4935 2022 5003 ipum
2049 4934 2103 4986 in
2127 4934 2334 4987 chartis
2357 4931 2660 5003 Theudaldi
2686 4932 2810 5003 _ejus
2829 5002 2837 5003 ί
2857 4931 2950 5003 lilii
2984 4931 3146 4984 titulo
3192 4931 3462 5003 mare/tio-

1876 5001 1957 5058 nis
1989 5004 2182 5079 donari
2226 5003 2367 5079 apud
2397 5001 3036 5079 eumdembaccliinium
3062 5017 3187 5079 pag.
3213 5003 3294 5079 _16
3339 5002 3462 5079 lau_-

1875 5077 2016 5131 datzc
2070 5069 2418 5143 Appendicis.
2448 5070 2607 5145 __Cum
2662 5069 2717 5124 in
2753 5072 2915 5126 nullis
2963 5069 3169 5145 chartis
3212 5074 3334 5145 ipso
3361 5069 3468 5145 _vi~

1875 5154 2033 5201 vente
2059 5140 2571 5213 conscriptisalitcr
2600 5155 2769 5208 quam
2795 5157 2959 5194 comes
2989 5140 3290 5211 appelletur
3321 5141 3468 5196 idem
