3984 5380
203 158 331 217 989

1108 162 1400 222 APPEND.
1436 163 1523 220 Ill.
1564 196 1634 207 -—
1671 164 2106 224 MONUSIENTA
2141 165 2607 229 bREGOBIANA.

3390 171 3496 229 970

215 224 578 343 llicrologum
600 272 802 327 librum
834 273 984 347 (572)
1006 274 1112 332 sibi
1146 278 1316 334 dictat
1350 278 1529 335 Guido
1552 280 1761 351 peritus
1842 286 1889 343 Α
1914 282 2064 351 Quos
2092 292 2351 354 superant
2380 283 2471 339 isti
2503 282 2757 340 bellando
2786 283 2996 342 duriter
3024 270 3190 357 ipsis;

214 360 484 429 Insicus,
495 372 551 417 et
560 357 883 431 monachus,
898 380 1118 451 necnon
1134 368 1399 425 heremita
1414 371 1680 439 beandus,
1696 381 1799 429 etc.

834 475 1065 533 CAPUT
1106 477 1191 535 Vl.

216 562 639 641 Quodnannufli
684 567 1017 641 marcltiones
1058 569 1445 641 Longobardia:
1489 575 1807 630 studuerunt

284 637 903 717 separarcﬂhonradum
933 637 1296 717 aBonifacio,
1314 652 1383 717 et
1405 645 1543 717 quod
1580 645 1807 717 Bonifa-

286 707 405 761 cius
423 706 583 779 idurit
610 724 827 762 uxorem
850 706 1177 765 comitissaiu
1209 706 1529 779 Richiid'am,
1549 725 1598 769 et
1615 716 1679 771 de
1695 706 1809 770 tita-

287 793 390 859 grto
413 776 567 859 bello,
595 779 735 849 quod
766 788 877 832 tota
877 781 1013 904 (fere.
1029 781 1402 865 Langobardia
1425 776 1549 868 fecit
1570 786 1810 840 cumBo-

288 848 511 904 mfacw.
546 858 597 902 et
664 847 873 904 Chonra
915 867 945 904 ο
993 869 1051 904 m
1103 852 1386 904 Carthalo.
1431 865 1809 904 curaturam

226 891 235 899 .
288 848 511 973 ἶρις-ἕο,
546 847 616 902 εἰ
644 847 945 973 bChonrado
993 852 1051 906 iu
1103 847 1386 922 Citriliolo,
1425 847 1523 927 qui
1545 865 1622 911 cst
1652 874 1809 925 prope

337 934 547 988 cginam
576 935 642 972 ur
676 936 777 974 em.

210 1006 299 1062 Ad
323 1008 495 1066 laicos
519 1007 719 1066 fratres
742 1011 927 1069 redeat
951 1014 1126 1085 stylns
1149 1014 1241 1072 hic
1276 1031 1441 1073 mono
1470 1018 1631 1089 plane

210 1096 441 1154 Illorum
465 1116 684 1157 summa
706 1100 965 1161 Canossa:
994 1121 1127 1161 cura
1150 1108 1440 1177 redundat,

210 1188 291 1246 Ut
326 1192 561 1262 genitor,
594 1194 679 1249 vel
701 1209 860 1262 avus,
888 1196 970 1252 sic
1001 1198 1153 1253 illam
1183 1214 1399 1271 semper
1424 1210 1698 1271 amarunt,

210 1280 375 1338 Pacis
404 1292 702 1353 amatores,
731 1284 903 1343 fortes
930 1297 1060 1343 sunt
1084 1297 1252 1360 utque
1275 1290 1492 1360 leones;

211 1372 282 1429 lli
306 1391 497 1445 pacem
520 1392 707 1433 veram
733 1395 858 1435 cum
884 1383 1246 1453 prosperitate
1277 1386 1557 1455 tenebant,

211 1465 484 1523 Invidiam
506 1485 730 1537 saevam,
765 1480 988 1542 propter
1011 1490 1154 1545 quos
1176 1475 1353 1547 major
1374 1477 1609 1535 habebat

214 1556 707 1631 Longobardorum
745 1563 1009 1619 comitum
1039 1581 1188 1636 pars,
1215 1582 1370 1624 more
1403 1569 1695 1626 malorum.

1910 373 1968 429 In
1995 374 2170 445 prima
2192 373 2372 430 fronte
2396 373 2712 430 Bonifacius
2735 375 2929 430 incutit
2951 377 3174 447 hostes;

1908 464 2063 523 Miles
2085 481 2212 521 eum
2236 466 2460 536 quidam
2490 467 2768 538 quaerebat
2795 482 2929 523 voce
2963 467 3155 536 ferina,

1909 555 2012 612 Cui
2032 555 2144 612 dux
2172 555 2403 627 insignis
2430 565 2593 628 caput
2612 558 2856 624 abstulit,
2883 559 3139 615 omnibus
3171 558 3278 617 illis

1908 643 2105 718 Ingens
2135 647 2401 702 successit
2420 646 2657 704 formido
2682 650 2900 718 mortis,
2925 660 2979 706 et
2999 650 3170 720 ensis,

1908 734 2059 803 Quos
2094 736 2252 792 caedit
2285 737 2446 792 dente
2480 737 2631 811 (578)
2654 740 2835 797 valido
2870 740 3185 800 Bonifacius
3216 759 3369 800 ense.

1909 827 2157 900 Cumque
2184 828 2444 902 fatigatus
2467 831 2634 889 nimis
2657 842 2821 901 esset,
2849 851 2959 891 non
2983 847 3271 909 superatus

1910 917 2086 977 Vertit
2110 936 2332 992 equum,
2356 924 2951 997 cunctis'gaudentibus
2976 930 3216 1003 undique
3244 930 3442 1000 turbis,

1909 1007 2161 1066 Deseruit
2182 1011 2385 1068 bellum
2417 1012 2694 1082 frendens,
2723 1016 2791 1072 ad
2819 1033 2983 1088 quem
3020 1022 3180 1091 quasi
3212 1037 3432 1094 cervus,

1909 1100 2235 1160 Chonradus
2261 1105 2463 1175 cultus,
2487 1122 2598 1179 quo
2621 1122 2730 1163 non
2761 1118 2844 1165 est
2868 1108 3063 1166 fortior
3098 1112 3261 1180 ullus,

1912 1191 2056 1250 Exiit
2080 1210 2145 1250 ex
2168 1195 2327 1265 lucis,
2355 1214 2480 1255 cum
2506 1200 2826 1271 quingentis
2846 1201 2962 1258 fere
2984 1205 3159 1260 scutis
3183 1222 3201 1260 :

1911 1284 2024 1339 Cur
2045 1285 2120 1341 ita
2146 1284 2315 1342 frater
2336 1288 2455 1346 abis
2484 1290 2725 1359 prudens
2755 1290 2854 1358 ait,
2886 1306 2921 1348 o
2952 1290 3238 1351 Bonifaci?

1913 1373 2081 1433 Sume
2116 1387 2239 1435 tuas
2269 1380 2434 1446 vires,
2469 1380 2682 1451 placeat
2709 1397 3035 1455 mecumque
3064 1384 3264 1450 redire,

1911 1466 2172 1525 Hostibus
2195 1471 2281 1528 his
2313 1487 2543 1544 campus
2574 1488 2686 1531 non
2717 1474 2898 1543 detur,
2926 1475 3023 1532 sed
3045 1477 3358 1551 redeamus.

1911 1555 2141 1616 Hortatu
2164 1563 2325 1635 cujus
2346 1561 2662 1620 Bonifacius
2697 1565 2845 1623 illico
2876 1566 3069 1635 fultus,

220 1649 362 1705 Nam
389 1651 639 1708 animum
665 1654 814 1724 (575)
837 1665 1036 1712 curant
1066 1674 1192 1714 cum
1245 1660 1611 1719 sollicitudine
1644 1665 1816 1720 multa

1933 1647 2143 1706 Vexillis
2168 1652 2337 1709 tensis
2364 1654 2523 1710 rediit
2550 1670 2669 1713 eum
2695 1655 2864 1713 fratre
2889 1658 3094 1717 recenti
3119 1678 3135 1715 :

212 1740 331 1799 llos
358 1744 504 1800 inmr
532 1743 732 1802 fratres
754 1744 1053 1804 fraternam
1084 1749 1280 1807 laedere
1311 1767 1501 1823 pacem
1520 1794 1536 1822 ,

220 1834 331 1891 Sed
352 1836 487 1893 dum
511 1835 815 1894 fraternum
842 1851 1124 1912 nequeunt
1150 1843 1354 1900 elidere
1376 1861 1602 1902 sensum

214 1921 301 1979 Ex
329 1924 465 1996 ipsis
491 1934 671 1982 ortam
705 1925 1001 1985 Chonrado
1028 1937 1158 1987 tunc
1197 1932 1331 1989 dare
1374 1950 1636 2005 sponsam

212 2013 549 2086 Promisere,
576 2018 743 2075 nimis
762 2019 983 2091 juvenis
1008 2023 1156 2093 quod
1178 2024 1410 2081 credidit
1437 2026 1568 2095 illis,

216 2106 409 2167 Servis
438 2110 722 2169 nonnullis
746 2114 999 2185 privatim
1028 2114 1265 2187 denique
1292 2119 1550 2190 sumptis,

167 2195 185 2211 '
214 2201 443 2276 lajoris
465 2204 655 2260 fratris
686 2205 805 2262 sine
839 2215 997 2275 nutu,
1033 2208 1212 2280 pergit
1238 2209 1420 2268 inanis

215 2294 298 2350 Ad
321 2296 555 2353 comites
580 2297 724 2365 illos,
760 2313 901 2368 quos
925 2297 1096 2366 visos,
1130 2302 1340 2373 respuit
1368 2302 1518 2371 illos,

215 2386 477 2445 Germani
505 2398 745 2446 mentem
770 2390 1025 2461 placavit,
1051 2408 1178 2448 mox
1214 2394 1571 2452 vehementer

217 2480 369 2539 Facti
392 2485 717 2551 concordes,
750 2482 966 2541 confusi
999 2493 1131 2540 sunt
1153 2486 1226 2542 ob
1248 2486 1303 2543 id
1334 2487 1555 2556 hostes;

216 2573 322 2642 Qui
347 2591 476 2632 cum
503 2575 822 2645 Chonrado,
860 2593 1071 2645 servos,
1096 2577 1274 2634 ierant
1299 2579 1519 2637 titulato
1549 2583 1722 2654 (574),

215 2666 457 2725 Omnino
482 2669 737 2741 princeps
756 2671 952 2729 doctus
980 2670 1296 2731 Bonifacius
1334 2675 1438 2732 iste

218 2758 587 2833 Ejecitlonge,
618 2761 859 2819 dominis
887 2763 1012 2820 aliis
1038 2764 1188 2821 dedit
1220 2781 1435 2822 omnes.

216 2844 465 2908 Μαι-οἱ)ίο
491 2851 799 2910 Richildam
835 2864 1167 2926 przetaxatus
1189 2857 1551 2927 comitissam,

215 2944 353 3012 Qua:
371 2944 665 3001 Giselberti
684 2946 752 3002 de
772 2947 1042 3019 sanguine
1069 2948 1334 3021 principis
1363 2958 1543 3007 exstat
1566 2950 1718 3023 (575)

220 3036 388 3093 Duxit
422 3038 478 3093 in
501 3053 753 3104 uxorem,
785 3037 965 3095 fuerat
990 3040 1119 3112 quia
1141 3042 1294 3099 dives
1328 3041 1577 3099 honore:

218 3126 347 3184 llaec
369 3143 596 3200 agapem
632 3124 862 3185 multam
895 3131 1111 3188 miseris
1131 3132 1297 3188 dabat
1321 3142 1487 3205 atque
1522 3135 1748 3200 tributa,

217 3215 346 3274 litae
366 3217 625 3274 deluncta
640 3218 786 3290 jacet
802 3220 922 3276 sine
943 3220 1377 3294 pignoribusque
1396 3222 1625 3296 Nogara:
1647 3225 1823 3299 (576).

218 3308 470 3382 Cumque
503 3310 673 3369 duces
700 3313 788 3369 isti
811 3314 1025 3369 cunctis
1047 3325 1234 3371 essent
1253 3314 1496 3373 inimicis

218 3401 436 3470 Fortes,
457 3412 512 3459 et
541 3404 778 3476 grandes
805 3405 955 3460 velut
976 3415 1164 3461 essent
1193 3409 1394 3480 quippe
1414 3408 1678 3482 gigantes,

221 3493 380 3551 Tunc
403 3496 643 3567 populus
665 3497 871 3553 multus
896 3497 1357 3571 inimicorumque
1392 3503 1682 3569 tumultus,

221 3585 303 3641 Ex
336 3603 512 3660 regno
546 3596 664 3644 toto
689 3604 991 3661 properans
1012 3589 1068 3645 in
1089 3589 1361 3649 Cuviliolo
1385 3594 1536 3667 (577)

221 3678 560 3750 Aggreditur
589 3688 828 3748 certans,
862 3681 998 3737 istos
1020 3681 1305 3740 devincere
1334 3692 1573 3753 tentans,

292 3814 450 3884 (572)
489 3813 697 3884 ῥηίδιον
724 3814 845 3884 ejus
867 3814 1043 3871 Guido
1065 3815 1372 3872 monachus
1402 3816 1833 3875 Benedictmus.,

223 3881 482 3951 Vossius,
506 3882 584 3939 De
608 3881 800 3940 scient.
842 3887 1132 3959 mathem“
1162 3902 1283 3959 cap.
1317 3887 1409 3954 2‘2,
1445 3904 1568 3959 pag.
1594 3886 1665 3944 95
1709 3905 1821 3945 non

221 3970 396 4009 unum
434 3963 596 4028 errat
625 3970 889 4028 errorem,
925 3955 1289 4028 Trithemium
1333 3955 1818 4028 nempe—secutus,

221 4039 351 4078 cum
380 4032 509 4078 eum
570 4024 825 4081 {latuisse
884 4027 1089 4082 scribat
1136 4043 1283 4082 anno
1338 4024 1495 4085 1076.
1550 4024 1821 4086 Przeterea

222 4094 559 4150 monachum
582 4094 976 4169 facitcmnobii
996 4099 1173 4169 sancti
1192 4097 1444 4154 Leufredi
1469 4100 1613 4169 apud
1636 4098 1823 4157 Ebroi-

221 4180 441 4235 censes,
470 4173 584 4219 tum
624 4164 682 4219 S.
723 4165 787 4220 ll.
820 4164 881 4220 E.
934 4168 1288 4235 eardinalem,
1345 4177 1399 4223 et
1432 4164 1541 4225 non
1588 4170 1756 4225 alium
1787 4188 1818 4228 a

221 4234 583 4321 Guitmunt‘lo,
602 4235 695 4321 qui
707 4237 1381 4321 AadversusnBerengarium
1399 4240 1819 4321 haeresiarcham

221 4307 465 4376 scripsit.
498 4304 936 4372 Vivebatautem
973 4308 1149 4363 Guido
1173 4304 1279 4364 iste
1310 4310 1613 4366 monachus
1662 4327 1819 4368 reve-

222 4391 307 4442 ra,
334 4372 397 4449 at
423 4377 625 4449 litteris
654 4377 939 4449 musicam
954 4388 1126 4436 artem
1164 4380 1459 4437 mandabat
1479 4397 1624 4437 anno
1662 4382 1819 4449 1022,
1850 4372 1900 4431 Ι)

221 4447 399 4520 patria
429 4447 713 4520 Aretinus,
741 4459 796 4503 et
830 4448 885 4520 in
916 4448 1283 4520 Pomposiano
1312 4452 1649 4508 monasterio
1680 4447 1821 4509 enué

222 4517 409 4593 tritus.
441 4517 576 4589 Ejus
596 4528 779 4575 autem
807 4519 945 4574 liber
970 4517 1098 4576 ante
1119 4522 1569 4593 quadringentos,
1600 4531 1661 4578 ut
1689 4524 1823 4579 mihi

221 4590 530 4655 videbatur,
563 4605 741 4645 annos
771 4605 936 4645 manu
968 4590 1247 4658 exaratus,
1291 4590 1605 4648 asservatur
1644 4595 1825 4650 adhuc

224 4661 277 4714 in
310 4660 515 4716 celebri
543 4661 877 4716 bibliotheca
892 4659 1253 4718 Ambrosiana
1285 4679 1409 4717 cum
1428 4664 1599 4719 hocce
1623 4665 1820 4719 titulo:

227 4730 553 4803 )iicrologus
581 4732 639 4786 id
669 4739 749 4788 est
774 4731 941 4786 brevis
959 4750 1128 4787 sermo
1157 4734 1221 4787 de
1246 4735 1471 4789 musica.
1505 4733 1826 4791 Prtecedunt

224 4801 280 4857 hi
309 4801 507 4859 versus
532 4821 548 4857 :

295 4960 541 5017 Gliscunt
562 4961 730 5017 corda
757 4960 887 5014 meis
912 4959 1186 5016 hominum
1217 4959 1426 5016 mollita
1461 4960 1751 5029 Cumanis,

296 5032 414 5088 Una
445 5033 579 5088 mihi
614 5033 787 5088 virtus
819 5045 1118 5088 numeratos
1144 5031 1367 5087 contulit
1389 5034 1569 5094 ictus;

297 5103 361 5159 In
392 5102 513 5159 caeli
543 5102 1090 5182 sum'rnagratissima
1121 5103 1364 5157 carmina
1400 5102 1586 5182 fundo,
1624 5171 1635 5182 .

298 5175 441 5230 bans
468 5174 613 5230 aula:
641 5171 851 5230 Christi
886 5188 1072 5229 munus
1098 5189 1220 5227 cum
1250 5188 1368 5228 voce
1400 5171 1652 5229 ininistri.

280 5246 495 5317 ,Qrdine
514 5261 596 5317 me
622 5242 802 5316 pinxi,
827 5242 998 5317 primo
1024 5244 1115 5317 qui
1138 5243 1550 5317 carmiuagﬁnzi.

291 5316 584 5380 Gymnasio
606 5309 793 5369 musas
817 5309 1017 5380 placuit
1033 5309 1283 5369 'revocarc
1303 5309 1528 5380 solatas,

1915 1738 2154 1797 Pristina
2186 1742 2328 1800 bella
2355 1756 2579 1815 novant,
2613 1747 2852 1806 inimicis
2885 1766 2966 1806 va':
3000 1766 3221 1823 quoque
3254 1752 3462 1808 donant
3484 1772 3503 1810 :
3537 1730 3544 1739 ”

1913 1830 2050 1887 Nam
2075 1834 2371 1905 perimunt,
2391 1839 2626 1917 caedunt,
2647 1856 2989 1915 campusque
3010 1859 3208 1901 cruore
3232 1846 3505 1917 repletur;

1913 1920 2280 1995 Cornipedum
2304 1943 2467 1985 crura
2488 1916 2627 1987 ﬁunt
2649 1932 2724 1988 ibi
2753 1935 3020 2005 sanguine
3051 1936 3241 2005 rubra,

1914 2008 2066 2078 Quos
2105 2014 2183 2069 illi
2204 2016 2458 2085 volvunt,
2503 2018 2742 2092 fugiunt,
2788 2023 3037 2080 tribuunt
3088 2026 3230 2081 male
3250 2026 3506 2096 dorsum;

1917 2103 2075 2192 Tunc
2101 2116 2312 2180 strages
2342 2112 2564 2181 grandis
2588 2112 2872 2169 hominum
2898 2114 3022 2182 fuit,
3049 2131 3190 2191 eque
3212 2119 3443 2175 caballis

1916 2198 2131 2259 Lancea
2155 2204 2300 2273 quo-J
2328 2204 2511 2276 longa,
2543 2206 2703 2276 quasi
2742 2207 2969 2264 brachia
3000 2210 3170 2278 mille,
3198 2210 3272 2266 sit
3299 2211 3503 2279 audax,

1915 2292 2078 2354 Estve
2108 2297 2376 2355 Bonifacii
2402 2300 2581 2356 visum
2615 2301 2832 2358 cunctis
2868 2302 3128 2372 inimicis,

1913 2386 2301 2460 Chonradique
2326 2400 2482 2462 spata
2506 2401 2726 2447 centum
2754 2394 2971 2451 cubitos
3000 2396 3165 2466 quasi
3197 2397 3328 2453 lata.

1914 2478 2020 2547 Qui
2053 2482 2244 2553 procul
2274 2484 2433 2554 ejecti
2456 2484 2547 2540 vix
2574 2485 2928 2558 hospitioque
2954 2488 3182 2554 reversi,

1918 2570 2150 2628 Lumina
2178 2582 2450 2631 vertentes
2470 2585 2595 2647 post
2617 2585 2831 2648 tergum
2862 2594 3005 2648 saepe
3038 2580 3317 2637 timentes.

1917 2658 2243 2719 Chonradus
2272 2663 2490 2732 ductor,
2518 2664 2834 2722 Bonifacius
2858 2666 3096 2739 inclytus
3119 2668 3286 2736 ultor,

1916 2750 2174 2809 Condunt
2202 2755 2415 2827 vaginis
2438 2749 2730 2815 mucrones
2757 2758 3026 2830 sanguine
3056 2760 3295 2827 tinctos,

1919 2838 2170 2914 Dumque
2194 2858 2357 2900 suum
2379 2846 2533 2917 ponit
2565 2846 2913 2914 Cbonradus,
2947 2847 3083 2907 flens
3114 2849 3233 2906 fero
3258 2852 3434 2920 vobis,

1918 2932 2162 2991 Candida
2190 2922 2381 3004 lorica,
2419 2939 2593 2995 cernit
2613 2941 2762 3012 quod
2789 2941 3057 3013 sanguine
3085 2942 3277 3013 stillat,

1925 3025 2062 3083 Ecce
2091 3029 2272 3085 sciens
2295 3030 2494 3087 vulnus
2525 3028 2752 3109 fratrem
2780 3032 3060 3090 confortat
3080 3035 3386 3104 alumnum,

1921 3117 2255 3193 lllorumque
2292 3121 2529 3199 phalanx
2558 3140 2814 3196 campum
2845 3126 3064 3198 collegit
3087 3136 3143 3183 et
3169 3145 3346 3195 arma.

1923 3208 2067 3267 Urbs
2097 3228 2317 3283 quoque
2343 3213 2550 3288 Regina
2573 3214 2867 3273 Chonrado
2886 3219 2983 3281 dat
3012 3219 3343 3281 medicinam
3416 3266 3419 3269 λ
3467 3270 3473 3281 α

1923 3301 2146 3361 Exstitit
2179 3306 2269 3360 hic
2301 3305 2485 3363 clarus
2514 3306 2672 3365 miles
2698 3316 2991 3380 postquam
3012 3308 3127 3365 fere
3153 3325 3349 3379 sanus,

1926 3392 2110 3467 Surgit
2137 3397 2395 3464 ludendo,
2418 3412 2608 3465 nonse
2628 3401 2879 3465 custodit
2901 3400 3133 3468 edendo,

1924 3478 2083 3543 Unde
2108 3489 2272 3544 nimis
2294 3491 2527 3546 multum
2554 3501 2891 3548 commotum
2925 3494 3108 3550 denuo
3138 3494 3339 3551 vulnus

1921 3580 2027 3637 Per
2048 3581 2232 3653 plures
2261 3598 2436 3641 annos
2470 3581 2628 3640 fratri
2652 3582 2811 3642 ﬂetus
2827 3585 2952 3641 tulit
2976 3585 3139 3653 altos,
3470 3644 3477 3651 ,

1920 3671 2057 3729 Nam
2077 3674 2297 3745 juvenis
2326 3675 2552 3745 pulcher
2586 3675 2652 3731 de
2675 3691 2905 3748 corpore
2934 3677 3135 3748 migrat
3158 3675 3213 3731 in
3239 3676 3407 3744 urbe;

1990 3802 2352 3859 Acrostichon
2378 3804 2502 3859 vide
2531 3804 2588 3858 in
2614 3803 2812 3861 litteris
2842 3804 3143 3861 initialibus
3178 3804 3378 3861 horum
3401 3822 3519 3861 ver-

1922 3889 2104 3945 suum,
2139 3889 2193 3935 et
2216 3874 2471 3945 quidem,
2505 3874 2800 3943 duplicem,
2847 3889 3041 3945 nempe
3068 3875 3268 3942 Guido,
3316 3875 3515 3932 Guido.

1922 3943 2114 4014 Incipit
2148 3953 2328 3999 autem
2357 3944 2615 4014 prologus
2648 3944 2774 3999 libri
2807 3963 2819 3999 :
2857 3943 3359 3999 Utnieetnaturaiis
3393 3962 3520 4001 con-

1919 4012 2150 4076 ditio,‘et
2176 4012 2391 4067 honoris
2420 4013 2671 4078 imitatio,
2701 4015 2993 4067 communis
3018 4014 3271 4068 utilitatis
3292 4015 3522 4078 diligen-

1923 4094 2026 4138 tem
2048 4085 2267 4155 faceret,
2298 4084 2427 4154 carpi
2448 4085 2587 4155 inter
2612 4085 2724 4138 alia
2768 4085 3039 4139 musicam.
3077 4085 3253 4154 pueris
3284 4084 3515 4148 tradere.

1920 4160 2025 4210 etc.
2052 4154 2212 4226 Alios
2242 4154 2318 4209 rei
2345 4154 2568 4211 musica:
2616 4155 2911 4225 scriptores
2955 4155 3337 4226 complectitur
3373 4156 3519 4213 idem

1921 4226 2113 4281 codex.
2146 4224 2289 4281 Men.
2730 4224 2745 4225 ⁷“
3084 4224 3099 4226 ⁷
3142 4274 3147 4277 ,

2018 4296 2146 4365 575)
2185 4296 2322 4351 Cod.
2352 4302 2465 4349 ant.
2506 4293 2697 4365 {Nam
2731 4295 2973 4349 nimium.
3008 4294 3159 4350 Lam.

2082 4363 2274 4423 cedice
2293 4381 2512 4438 quoque
2527 4363 2782 4439 Regicnsi
2798 4366 3031 4421 habetur
3056 4385 3069 4422 :
3105 4366 3247 4421 Nam
3270 4368 3516 4424 nimium.

1923 4438 2069 4494 Men.
2242 4490 2243 4493 η

1999 4506 2308 4580 (574)Ηο(5
2366 4516 2690 4580 estiservos
2738 4508 2882 4580 illos,
2932 4508 3027 4578 qui
3083 4522 3209 4563 eum
3258 4508 3523 4580 praedicta

1923 4577 2217 4635 Chonrado
2242 4580 2439 4652 ierant.
2470 4579 2550 4634 ita
2579 4589 2635 4635 et
2656 4577 2817 4634 “infra
2850 4577 3181 4646 prastaxntus
3231 4577 3332 4652 pro
3356 4588 3520 4635 antea

1927 4659 2280 4707 memoratus.
2312 4650 2455 4705 Men.

2000 4742 2148 4812 (575)
2180 4742 2323 4798 Cod.
2351 4751 2489 4806 ant.,
2517 4758 2625 4806 ean,
2664 4741 2715 4798 id
2738 4732 2826 4798 e’st
2850 4743 2960 4797 ait
3011 4741 3087 4797 Ls.
3113 4736 3164 4797 ἰ..

2001 4809 2198 4899 Codex.
2221 4813 2550 4899 Padol’irpn;
2565 4821 2619 4899 et
2637 4812 2772 4899 ipse;
2796 4822 2981 4899 aperte
3017 4813 3200 4899 habet,
3225 4809 3526 4899 cgita-{am

1933 4902 2051 4957 cap.
2090 4885 2145 4950 8,
2176 4901 2298 4956 pag.
2330 4884 2399 4939 55
2426 4880 2695 4953 Antiquit.
2730 4880 2917 4940 Esten.
2951 4882 3185 4954 ostendi,
3216 4883 3528 4941 Richildcm

1933 4959 2075 5014 hanc
2103 4955 2426 5009 comitissam
2455 4969 2563 5007 non
2593 4952 2883 5011 Giselberti
2933 4953 3149 5011 comitis
3176 4954 3527 5013 Lucembur-~

1930 5026 2134 5100 gensis,
2158 5025 2254 5100 sed
2276 5024 2507 5100 quidem
2534 5021 2822 5100 Giselberti
2844 5027 2907 5100 in
2942 5022 3093 5100 Italia
3129 5028 3338 5100 cernitis
3361 5022 3532 5100 Pala-

1932 5094 1993 5153 tii
2018 5094 2185 5169 filiam
2213 5094 2405 5169 fuisse,
2429 5101 2483 5149 et
2509 5107 2576 5146 ex
2599 5094 2817 5169 natione
2831 5096 3235 5167 Langobardica
3255 5096 3535 5167 originem

1930 5168 2179 5225 traxisse.
2216 5165 2360 5219 Men.

2004 5237 2152 5310 (5:19)
2186 5236 2250 5310 in
2277 5233 2476 5310 oppith
2506 5231 2847 5310 Vfronensis
2873 5235 3008 5310 agri.
3047 5235 3192 5296 Men.

2001 5298 2149 5380 (577)
2186 5298 2511 5380 Musaei
2532 5302 2720 5380 Esten.
2757 5308 2850 5369 ubi
2901 5298 3149 5380 Epitome
3202 5305 3551 5380 Donizonls.~
