3984 5380
536 294 657 366 ‘9‘7t

546 427 627 482 Ad
659 423 819 494 cujus
850 420 1015 478 funus
1041 418 1243 477 'l‘riuus
1272 420 1543 492 rogitatur
1566 429 1620 476 et
1656 418 1834 491 Unus,

547 515 621 573 Ut
648 517 751 574 sibi
782 523 1001 587 peccata
1028 514 1193 569 donet
1214 514 1567 585 requiemque
1594 514 1831 569 beatam.

549 608 726 680 Hujus
750 606 898 677 (579)
928 606 996 660 ad
1032 605 1322 676 exsequias
1349 614 1478 660 sunt
1508 606 1724 676 agmina
1752 612 1940 660 sancta
1968 605 2135 675 petita

548 700 830 769 Quatenus
864 699 921 752 in
951 696 1152 753 coelum
1178 705 1458 768 praestent,
1482 697 1633 769 quod,
1656 697 1737 753 eis
1764 697 2001 753 societur
2026 717 2040 753 :

549 791 870 849 Pontiﬁcum
896 801 1091 857 castus,
1117 806 1181 845 ex
1204 790 1356 844 omni
1381 797 1664 844 stemmate
1688 790 1868 846 clerus

542 882 734 940 Adfuit
757 882 827 938 ad
861 891 1072 937 tantum
1112 891 1241 938 tunc
1276 882 1535 936 athletam
1567 876 1970 937 tuniulandum.

539 966 807 1047 Egregius
835 973 1005 1030 frater
1030 989 1275 1041 sumens,
1306 971 1603 1044 fratrisque
1632 975 1862 1029 cadaver

541 1061 745 1123 Detulit
769 1067 838 1123 ad
860 1074 1038 1122 tutum
1066 1076 1305 1137 patrum,
1334 1072 1640 1120 matrumve
1666 1065 2002 1136 sepulcrum,

543 1158 765 1215 Scilicet
794 1159 863 1215 ad
894 1160 1152 1230 templum
1181 1156 1522 1213 Canusinum
1556 1157 1912 1212 reverendum
1940 1176 1953 1212 :

541 1251 845 1310 Innumerae
882 1261 1066 1323 gentes
1091 1264 1276 1305 secum
1301 1249 1367 1303 de
1394 1247 1560 1304 fratre
1582 1248 1830 1304 dolentes

450 1390 453 1393 γ
515 1345 907 1412 'Concurrunt,
933 1359 1095 1399 voces
1117 1342 1184 1398 de
1208 1341 1304 1397 tali
1333 1342 1572 1411 dantque
1597 1341 1821 1396 barone.

539 1438 639 1493 Ast
660 1436 753 1492 ubi
781 1437 1033 1492 conditus
1070 1435 1225 1491 miles
1250 1433 1353 1489 fuit
1388 1434 1489 1489 iste
1514 1433 1742 1504 peritus,

438 1516 442 1521 ’
520 1529 779 1601 :Spiritus
805 1545 835 1583 a
866 1526 1204 1599 pcenisliber
1228 1535 1393 1598 queat
1429 1535 1490 1581 ut
1513 1525 1630 1582 fore
1650 1525 1830 1592 tetris,

537 1621 715 1677 Donat
737 1620 1025 1692 Apollonio
1050 1627 1240 1676 sancto
1266 1619 1571 1675 Germanus
1598 1619 1653 1673 in
1683 1617 1777 1673 illo

538 1712 804 1783 Tempore
831 1711 1170 1768 fructiferam
1195 1720 1404 1767 curtem
1433 1709 1711 1783 Cagnaula
1740 1720 1988 1766 vocatam

533 1805 679 1861 Auni
707 1805 911 1861 terdeni
945 1813 1075 1860 tunc
1096 1803 1246 1859 verbi
1277 1803 1423 1859 mille
1449 1803 1647 1858 sereni.

1139 1894 1367 1951 CAPUT
1408 1893 1519 1949 ΥΠ.

647 1984 784 2051 Quot
806 1985 1135 2040 marchiones
1161 1984 1491 2056 sepultisuut
1526 1984 1668 2055 apud
1691 1984 2001 2040 Caucasum.

532 2075 721 2133 Laudo
757 2078 1003 2134 Cauossa
1034 2076 1224 2144 Deum,
1250 2077 1386 2133 mihi
1416 2076 1510 2147 qui
1534 2076 1807 2132 concessit
1844 2088 2124 2131 ammnum

533 2167 773 2240 Tempus
796 2170 1000 2225 habere
1036 2169 1195 2225 bonis
1219 2185 1347 2225 cum
1378 2169 1716 2240 principibus
1742 2167 2052 2238 generosis,

534 2260 686 2327 Quos
713 2261 879 2316 habui
908 2260 1061 2317 vivos
1090 2261 1279 2316 dulces
1306 2260 1559 2316 dominos
1591 2270 1646 2315 et
1671 2260 1898 2326 amicos,
1940 2290 1958 2305 ο

532 2348 833 2405 Defunctos
854 2359 1083 2407 cunctos
1112 2349 1289 2406 merui
1314 2351 1587 2405 tumulare
1621 2350 1908 2419 sepulcro;

530 2440 663 2497 lude
675 2457 828 2498 meus
840 2443 1110 2513 planctus,
1125 2442 1300 2509 dolor,
1313 2451 1367 2498 et
1376 2442 1521 2513 lacry
1529 2456 1630 2495 ma:
1642 2441 1951 2495 revelantur
1969 2438 2121 2510 (580)

530 2531 767 2589 Maxime
793 2518 1028 2590 natalem
1055 2535 1272 2591 celebro
1302 2534 1432 2589 dum
1462 2534 1655 2589 mortis
1681 2548 1902 2587 amarae.

529 2623 827 2681 Pontiﬁces
848 2626 1011 2681 ambo
1041 2625 1190 2698 (581)
1224 2634 1356 2681 sunt
1383 2641 1412 2680 a
1446 2633 1664 2695 patrum
1692 2623 1883 2695 procul
1906 2632 2083 2679 antro.

529 2713 677 2773 Mors
699 2715 1034 2789 lldegardam
1056 2719 1200 2789 rapit
1230 2719 1352 2775 idus
1382 2717 1545 2773 tertio
1589 2716 1759 2773 Sabat
1780 2716 1952 2787 (582).

528 2806 657 2863 ldus
678 2809 893 2865 Attonis
921 2809 1162 2864 animam
1196 2809 1396 2873 Februi
1420 2810 1543 2864 tulit
1569 2809 1721 2863 olim.

528 2899 656 2955 ldus
680 2907 881 2956 octavo
900 2899 1063 2956 Madii
1101 2902 1275 2973 (585),
1300 2901 1422 2968 ﬂeo,
1456 2901 1633 2957 condo
1655 2898 1974 2956 'l‘edaldum.

528 2990 656 3048 ldus
691 3001 747 3047 tu
776 2988 905 3048 Julii
938 2992 1295 3050 Chonradum
1326 2995 1489 3051 tertio
1518 2995 1707 3065 punis.

527 3082 849 3155 Rodulphus
876 3093 1054 3144 terras
1087 3087 1314 3155 dimisit,
1336 3095 1393 3143 et
1414 3095 1539 3143 ante
1563 3085 1837 3143 Kalendas

525 3174 759 3247 Augusti
786 3177 943 3234 denis
961 3179 1086 3234 'duo
1115 3179 1323 3249 junctis
1345 3179 1546 3252 quippe
1579 3178 1793 3234 diebus.

525 3263 695 3321 Binos
724 3274 851 3322 ante
883 3266 1000 3324 dies
1021 3267 1303 3340 Augustus
1325 3269 1558 3341 denique
1580 3268 1743 3325 ﬁnem

525 3354 702 3421 Quam
725 3367 961 3428 caperet,
997 3368 1142 3415 terra
1166 3360 1268 3417 fuit
1287 3370 1342 3417 et
1362 3363 1531 3433 proba
1553 3361 1751 3419 Guillia
1781 3362 1929 3433 (584)
1949 3370 2111 3418 tecta.

524 3443 641 3501 llos
660 3461 796 3502 saxo
822 3449 931 3503 texi
967 3465 1092 3505 cum
1129 3453 1273 3510 natis
1300 3463 1462 3523 atque
1489 3454 1705 3525 puellis,

525 3532 677 3601 Quos
710 3536 856 3595 Deus
885 3538 953 3594 ad
978 3542 1166 3597 caulas
1192 3544 1433 3613 paradisi
1462 3546 1628 3601 ducat
1654 3553 1708 3600 et
1736 3545 1925 3601 aulas:

522 3624 645 3681 Non
672 3628 841 3701 haedis
863 3631 1035 3700 misti,
1058 3634 1259 3689 sinceri
1289 3635 1400 3692 sint
1424 3637 1518 3692 sed
1542 3637 1720 3703 ovilis,

523 3716 735 3775 Pascua
751 3737 862 3792 quo
889 3721 1094 3781 Christi
1116 3736 1344 3797 pascant
1369 3728 1488 3784 sine
1512 3728 1619 3784 ﬁne
1648 3727 1887 3800 benigni.
1907 3728 2106 3786 Amen.

1111 3838 1340 3895 CAPUT
1380 3839 1515 3895 Vill.

496 3921 689 3993 -'Cujus
708 3934 951 3993 statura,
980 3938 1031 3983 et
1059 3930 1212 4000 cujus
1270 3932 1516 3987 ualitatis
1537 3934 1744 3988 exstitit
1766 3932 2104 4005 Bonifacius,

766 4006 816 4051 ct
849 4000 977 4058 quid
1005 4001 1066 4055 de
1089 4002 1201 4058 ipso
1229 3948 1437 4058 gibulla
1455 4004 1856 4058 nronhetizavit.

766 4006 816 4051 ct
849 4000 977 4070 quid
1005 4001 1066 4055 de
1089 4002 1201 4073 ipso
1229 4000 1437 4074 Sibylla
1453 4004 1856 4075 prophetizavit.

490 4084 683 4143 'Gesta
718 4088 983 4148 Bonifacii
1007 4095 1243 4166 populus
1267 4112 1464 4168 precor
1491 4097 1679 4153 audiat
1700 4097 1881 4154 omnis
1907 4117 1921 4152 :

772 4240 912 4320 Cod.
950 4244 1173 4320 Regicn.
1206 4247 1452 4320 :ACujus.
1487 4250 1639 4307 Lam.

614 4240 717 4295 579
777 4240 912 4298 Cod.
950 4244 1173 4318 Regicn.
1206 4268 1218 4303 :
1261 4247 1452 4320 Cujus.
1487 4250 1639 4307 Lam.

772 4312 829 4366 ln
866 4324 1027 4371 msto.
1070 4319 1189 4373 cod.
1226 4318 1498 4392 Regiensi,
1532 4322 1849 4377 relevantur.
1883 4321 2026 4377 Mun.

605 4380 735 4447 081)
784 4381 840 4437 Id
876 4395 960 4440 est
988 4387 1317 4445 -Gotcl‘ridus
1338 4393 1630 4449 enisconus
1676 4392 2000 4449 Brixiensis.

1538 302 1629 359 AD
1655 304 1889 362 OPERA
1929 305 1987 362 S.
2030 304 2357 363 GRECORII
2395 298 2837 363 APPENDlCES.
3720 312 3817 371 97%

2118 446 2149 451 ··
2171 428 2217 483 Δ
2311 421 2470 477 Clara
2498 422 2666 479 fuisse
2693 421 2827 477 scio’
2845 430 2993 495 gesta
3020 420 3308 479 Bonifacii.

2240 512 2503 585 Quisquis
2534 524 2681 570 amat
2708 515 2901 571 rutilos
2926 515 3158 572 retinere
3182 516 3436 574 decenter
3458 519 3719 590 honores,

2306 607 2475 665 Actus
2496 608 2615 678 ejus
2635 617 2800 675 amet,
2833 618 3029 664 noscat
3051 625 3147 664 eos
3172 610 3387 666 rutilos.
3650 623 3655 627 ’

2237 698 2459 770 Ingenio
2491 700 2664 771 viguit
2687 716 2852 755 sensu
2878 699 3073 755 similis
3095 699 3357 769 Danielis,

2307 789 2446 845 Dum
2481 807 2618 862 puer
2652 791 2771 862 ipse
2792 790 2914 858 fuit,
2939 792 3156 863 ingenio
3185 792 3375 865 viguit.

2235 877 2472 935 Pulcher
2501 889 2556 937 et
2580 881 2835 952 egregius
2865 881 3148 952 speciosus
3180 892 3409 954 eratque
3430 884 3687 953 decorus,

2305 967 2572 1026 Providus
2599 979 2658 1028 ut
2686 968 2912 1040 Joseph,
2937 972 3162 1041 pulcher
3182 982 3235 1028 et
3265 975 3536 1049 egregius.

2234 1058 2434 1117 Factus
2471 1072 2531 1141 ut
2556 1071 2640 1118 est
2664 1063 2902 1132 juvenis,
2934 1065 3135 1137 meruit
3166 1062 3521 1137 statuamque
3551 1066 3730 1127 Saulis

2302 1151 2567 1223 Prospere
2593 1162 2789 1209 cuncta
2814 1155 2971 1226 regit,
2998 1153 3176 1213 factus
3204 1166 3262 1211 ut
3284 1168 3367 1213 est
3383 1158 3626 1229 juvenis.

2232 1241 2291 1297 In
2323 1245 2512 1300 cuneis
2547 1246 2801 1316 equitans
2831 1246 3062 1301 humero
3101 1247 3233 1303 Saul
3260 1251 3485 1318 eminet,
3515 1252 3555 1322 i;
3573 1254 3649 1309 sis

2304 1332 2403 1391 Hic
2429 1352 2649 1406 quoque
2672 1337 2847 1407 major
2870 1346 2987 1393 erat
3018 1337 3073 1392 in
3101 1340 3292 1395 cuneis
3322 1343 3601 1412 equitans.

2232 1425 2451 1483 Viribus
2478 1425 2606 1483 acer
2623 1438 2743 1484 erat
2763 1428 2931 1485 Goliae
2965 1430 3111 1485 velut
3141 1431 3231 1487 ille
3253 1444 3591 1505 peremptor,

2301 1518 2405 1586 Qui
2440 1520 2621 1588 labiis,
2649 1522 2926 1589 manibus,
2954 1523 3168 1581 viribus
3199 1541 3324 1582 acer
3345 1536 3484 1581 erat.

2230 1609 2547 1667 Innumeras
2578 1612 2768 1667 habuit
2800 1614 3063 1683 sapientis
3087 1630 3220 1688 opes
3245 1615 3581 1684 Salomonis,

2297 1701 2433 1758 Nam
2451 1704 2640 1759 mundi
2661 1720 2889 1776 pompas
2908 1705 3226 1763 innumeras
3246 1709 3467 1773 habuit;

2158 1775 2205 1831 Β
2230 1790 2339 1849 Res
2374 1793 2477 1850 sibi
2502 1775 2827 1851 nulladecst
2854 1805 3034 1863 terrae,
3067 1797 3351 1870 pontique,
3377 1802 3623 1874 polique,

2300 1884 2370 1940 Se
2402 1886 2676 1957 sapienter
2699 1904 2885 1958 agens,
2916 1904 3005 1944 res
3032 1889 3135 1944 sibi
3167 1892 3315 1947 nulla
3338 1892 3520 1958 deest,

2226 1975 2433 2034 Nobilis
2466 1978 2554 2034 hic
2575 1979 2765 2035 didicit
2795 1980 2916 2050 plus
2935 1981 3147 2038 cunctis
3176 1984 3407 2055 dapsilis
3441 2003 3553 2042 ess.
3586 2007 3604 2056 ;

2298 2066 2506 2142 Largiri
2536 2070 2713 2127 valide
2738 2071 2938 2127 nobilis
2964 2072 3053 2129 hic
3076 2074 3283 2131 didicit.

2226 2159 2411 2217 Prisca
2440 2161 2642 2235 Sibylla
2667 2164 2834 2231 canit,
2872 2180 3056 2235 quem,
3084 2168 3173 2222 cui
3195 2170 3359 2225 modo
3376 2171 3591 2231 ,credite
3612 2175 3807 2242 cuncti,

2298 2253 2511 2322 Scribo,
2544 2257 2689 2326 quod
2719 2272 2786 2312 ex
2816 2257 2922 2312 isto
2945 2258 3124 2328 prisca
3151 2258 3355 2332 Sibylla
3377 2263 3551 2319 canit.

2227 2346 2359 2402 Esse
2390 2347 2432 2401 B
2456 2348 2785 2419 principium
2811 2349 2967 2407 ducis
3002 2351 3133 2407 insit
3169 2354 3320 2425 (585)
3346 2358 3600 2415 nominis
3632 2359 3805 2430 hujus,

2298 2436 2417 2493 Non
2443 2440 2655 2495 ratione
2680 2449 2830 2496 caret
2853 2457 2975 2497 esse
2996 2440 3039 2494 Β
3088 2445 3439 2516 principium.

2225 2528 2509 2600 Limpidus
2533 2540 2697 2602 atque
2729 2533 2909 2588 bonus
2933 2531 3072 2589 facie
3095 2533 3411 2594 Bonifacius
3436 2549 3641 2609 exstat,

2296 2618 2520 2676 Artibus
2553 2622 2702 2694 (586)
2738 2630 2793 2677 et
2821 2623 2983 2680 dictis
3010 2624 3269 2695 limpidus
3296 2637 3463 2699 atque
3486 2631 3688 2687 bonus.

2226 2710 2362 2768 Esse
2396 2712 2686 2783 prophetat
2718 2729 2843 2769 eum
2867 2714 3213 2785 locupletem,
3246 2719 3672 2793 paciﬁcumque,

2297 2802 2566 2858 Victorem
2591 2804 2793 2877 jugiter
2817 2821 2939 2861 esse
2962 2807 3254 2878 prophetat
3285 2825 3434 2865 eum.

2224 2893 2357 2961 Quae
2381 2896 2582 2952 mulier
2607 2897 2804 2952 cecinit
2834 2897 2902 2953 de
2925 2908 2998 2967 te,
3023 2899 3167 2956 bone
3196 2901 3328 2970 dux,
3355 2903 3622 2975 habuisti,

2296 2987 2435 3044 Vera
2458 2987 2631 3046 fuisse
2658 3006 2804 3058 reor,
2843 3006 2965 3062 qua:
2987 2992 3184 3047 mulier
3205 2995 3425 3050 cecinit.

2224 3079 2389 3136 Multa
2426 3082 2608 3139 locuta
2633 3080 2738 3139 fuit
2765 3086 2832 3140 de
2866 3083 3112 3152 Christo,
3144 3086 3490 3159 judicioque,

2290 3172 2534 3245 Fineque
2554 3176 2623 3231 de
2653 3176 2844 3230 mundi
2869 3176 3039 3231 multa
3068 3177 3253 3241 locuta
3273 3178 3408 3248 fuit;

2216 3262 2406 3319 Nobile
2429 3264 2745 3336 conjugium
2772 3266 2963 3320 tribuit
2986 3265 3152 3334 Deus,
3183 3278 3237 3323 et
3272 3270 3368 3325 tibi
3390 3271 3641 3343 dignum,

2286 3353 2478 3428 Magna
2502 3354 2721 3412 Beatrix
2751 3364 2836 3411 est
2860 3357 3041 3413 nobile
3067 3360 3408 3431 conjugium.

2216 3446 2396 3518 Stirpe
2417 3445 2519 3501 fuit
2542 3448 2724 3520 genita
2748 3449 2913 3519 regali
2945 3449 3094 3522 (587)
3127 3453 3355 3522 pulchra
3383 3453 3604 3512 Beatrix
3628 3457 3794 3529 (588),

2282 3542 2549 3613 Majorum
2584 3543 2773 3598 mundi
2803 3544 2973 3617 stirpe
2997 3542 3100 3599 fuit
3132 3546 3333 3616 genita.

2214 3629 2500 3702 Spleuduit
2532 3632 2648 3704 ipsa
2672 3632 2783 3688 Liae
2811 3635 3025 3703 procul,
3057 3643 3113 3690 et
3139 3634 3394 3693 Rachelis
3432 3638 3663 3707 honore,

2284 3721 2354 3777 Ut
2377 3722 2596 3793 sapiens
2623 3721 2791 3777 Saraa
2815 3724 3090 3794 splenduit
3125 3725 3243 3796 ipsa
3274 3729 3500 3797 procul;

2211 3810 2331 3866 Una
2360 3813 2533 3883 ﬁgura
2558 3811 2879 3880 Beatricem,
2919 3809 3262 3872 Bonifacium
3290 3817 3405 3884 dat,

2279 3903 2583 3959 Amborum
2609 3919 2815 3961 nomen
2833 3920 2943 3962 una
2980 3905 3156 3978 ﬁgura
3182 3906 3225 3960 Β
3253 3908 3367 3963 dat.

2210 3995 2349 4052 Sunt
2380 3996 2623 4052 bonitate
2642 4012 2822 4067 pares,
2851 3997 3180 4055 simulantur
3203 4000 3351 4072 (589)
3379 4002 3692 4071 nobilitate,

2214 4094 2217 4097 '
2275 4087 2624 4144 Conveniunt
2648 4088 2807 4157 bene,
2834 4089 2931 4160 qui
2957 4100 3088 4146 sunt
3122 4091 3368 4148 bonitate
3397 4109 3584 4164 pares.

2276 4244 2476 4301 Verum
2506 4245 2561 4300 hi
2600 4261 2793 4302 versus
2813 4247 3024 4306 nullum
3053 4265 3178 4305 cum
3201 4251 3659 4310 antecedentibus
3676 4271 3792 4313 sen-

2205 4331 2328 4395 sum
2358 4317 2644 4395 reddentes
2668 4317 3031 4395 transferendi
3051 4329 3208 4375 erant
3252 4320 3395 4395 infra
3426 4324 3496 4377 ad
3533 4340 3658 4395 cap.
3710 4327 3786 4381 l6.

611 4380 753 4463 3‘81‘)_
784 4381 840 4437 Id
876 4395 960 4463 est
988 4380 1630 4463 -Gotcl'_ridusvepiscopus
1676 4392 2000 4459 Brixiensis,
2048 4403 2104 4449 et
2205 4385 2342 4463 Tum
2366 4388 2456 4463 hjc
2476 4387 2699 4463 deerant
2721 4388 2850 4463 alii,
2880 4405 3021 4463 quos
3063 4392 3463 4463 uuucﬁupllleo
3484 4409 3553 4449 ex
3584 4380 3790 4452 δυοδιίς

515 4447 1424 4552 zysdgggsspisgopus“minus
1449 4447 1703 4518 ιιιιὶιιιιειιί
1725 4463 1782 4518 in
1809 4447 2103 4535 male?
2136 4497 2179 4552 ο
2204 4447 3792 4552 seriesseriesBassianus:Pelea:agitis?

494 4528 623 4589 "que
650 4522 912 4579 ecclesiis.
950 4522 1093 4582 Mu'n.

2205 4526 2498 4601 Canossaru
2525 4536 2573 4601 et
2597 4526 2898 4593 Mantuam,
2924 4540 3109 4600 utpote
3132 4547 3237 4601 non
3252 4526 3541 4601 pertinens
3560 4526 3630 4592 ad
3654 4538 3791 4594 hunc

484 4658 559 4679 HL
770 4592 1142 4679 ‘P‘ro‘Sabbato
1184 4600 1710 4679 script_um_vi_detur.
1740 4603 1811 4658 At
1856 4604 1983 4674 quis
2010 4606 2100 4679 hic
2204 4598 2407 4679 locum,
2452 4596 2608 4679 infra
2651 4608 2774 4679 post
2819 4590 3095 4662 narratam
3136 4590 3402 4657 Bonifacii
3456 4590 3788 4664 marefhio—nii

511 4658 665 4738 locus
695 4658 957 4734 Sabbato,
1003 4684 1128 4723 cum
1180 4658 1403 4728 mensis
1440 4658 1687 4729 facienda
1729 4683 1814 4730 est
1857 4658 2098 4733 mentio?

2225 4658 2435 4726 nortetn
2452 4658 2676 4738 legetur.
2703 4668 2845 4723 Iliun.

513 4728 658 4786 Mun.
943 4728 954 4734 ’
1532 4774 1535 4777 .

582 4802 920 4923 ίὲὃὲξδίῗέιῖξίέ
1149 4870 1347 4923 metu...
1370 4903 1383 4915 .
1423 4884 1565 4923 rm...-

610 4871 920 4953 [inl‘gpitpme
949 4889 1109 4953 m_s_ta_.
1149 4871 1384 4953 legitur:
1423 4884 1598 4939 Tertio
1636 4884 1769 4939 Idus
1795 4884 1923 4941 Jan.
1951 4885 2094 4943 Mra.

509 5010 799 5099 pet-anguium
824 5015 910 5069 die
939 5010 1386 5099 (antepenultimo
1415 5010 1764 5099 scribendum
1798 5010 1985 5099 erat)”
2004 5010 2093 5083 die

508 5080 778 5165 Auﬁfmﬁ‘
799 5080 1113 5165 ιξιεηι-ῂιιενῇἒ
1133 5095 1395 5165 e_t_pucllis
1423 5080 1862 5165 jaceutqiumuno
1902 5080 2090 5151 atauu—

388 5186 391 5189 -
472 5220 479 5238 η.
510 5150 1116 5238 mentall‘g‘stf‘dhucii}
1155 5150 1627 5238 lihtinensisagri
1672 5150 1952 5225 montibus
2000 5150 2093 5223 ca-

474 5219 728 5303 lstellu‘m
760 5220 990 5303 Guillia,
1020 5228 1110 5281 cui
1153 5219 2089 5295 fortasSisﬂillusptrishaec”femina

508 5290 914 5380 nomenpdedit.
1386 5290 1397 5292 ⁷
1442 5290 1665 5294 ”’ί⁷’”“’
1716 5290 1828 5295 ”’”

2276 4739 2425 4807 (585)
2466 4738 2763 4805 Fortassis,
2794 4740 2933 4807 inﬁt.
2965 4739 3107 4795 Mum.

2300 4810 2425 4881 581.5)
2465 4808 2655 4881 Mstus.
2685 4810 2809 4881 cod.
2838 4808 3087 4881 Regien.,
3124 4810 3364 4867 Actibus.
3392 4814 3544 4872 Mra.

2300 4812 2403 4861 585
2465 4812 2655 4863 Mstus.
2688 4812 2809 4863 cod.
2838 4812 3087 4881 Regien.,
3124 4812 3364 4867 Actibus.
3392 4814 3544 4872 Mcn.

2276 4812 2425 4947 (587)
2447 4877 2982 4959 .Deatricisnducissae
3002 4881 3221 4959 brevem
3252 4884 3502 4959 tabulam
3539 4889 3785 4959 genealo-

582 4889 642 4952 ιη
672 4889 920 5011 npttpme
949 4889 1109 4962 msta.
1151 4889 1384 4953 legitur:
1423 4889 1598 4939 Tertio
1636 4889 1769 4939 Idus
1795 4889 1923 4941 Jan.
1951 4889 2094 4943 Mra.

556 4936 712 5021 ’(ὃξνξ
774 4944 971 5021 Eadem
998 4948 1244 5019 Epitome
1273 4963 1434 5010 msta.
1466 4976 1481 5011 :
1516 4955 1584 5009 Et
1604 4957 1878 5011 comitissa
1913 4957 2094 5012 Guilia

2276 4889 2422 4947 (5:57)
2466 4889 2729 4934 Beatrims
2748 4889 2982 4939 dimissae
3002 4889 3221 4936 brevem
3252 4889 3488 4940 tabulam

2225 4947 2390 5021 gicanr
2410 4948 2531 5021 vide
2554 4965 2676 5020 pag.
2714 4950 2803 5015 64,
2831 4951 3097 5021 Antiquit.
3126 4950 3309 5007 Esten.
3339 4954 3488 5011 Mun.

2272 5018 2419 5094 (588)
2461 5017 2876 5094 Hadwidu,_ﬁlia
2901 5017 3117 5094 Henrici
3142 5022 3402 5094 Aucupis,
3431 5042 3599 5081 soror
3632 5027 3783 5084 Otto-

2199 5088 2285 5171 nis
2518 5090 2725 5159 peperit
2745 5089 3026 5171 Hugonem
3059 5087 3345 5171 (Capetum
3372 5087 3562 5171 vulgo)
3581 5114 3779 5171 regem,

2196 5166 2251 5231 et
2306 5158 2628 5231 Bea’tric’em,
2673 5176 2796 5231 qua:
2835 5158 3015 5231 'nupta
3058 5158 3334 5218 Friderico
3388 5158 3609 5222 Seniori
3643 5158 3778 5224 "duri

2197 5225 2642 5311 Moselianorum,
2664 5225 2873 5311 peperit
2915 5225 2969 5311 ei
2992 5231 3400 5311 Theodericum
3433 5237 3657 5311 ducem,
3684 5255 3780 5311 μιν

2199 5305 2336 5380 trem
2370 5298 2631 5380 Frideriei
2658 5298 2834 5380 ducis,
2880 5302 3041 5380 cujus
3093 5298 3776 5380 ﬁlia_fuit_b:ec_Beatrit-,

3102 5162 3334 5218 riderico
3388 5162 3609 5222 Seﬁidri
3643 5162 3779 5224 ‘duri
