3984 5380
205 409 449 466 Prtebuit
475 406 627 465 Italia
651 403 991 463 Bonifatium
1019 422 1371 479 generosum,

276 498 456 570 Atque
489 495 789 555 Beatricem
818 496 990 551 Gallia
1030 495 1136 551 fert
1159 495 1325 551 Italis.

202 588 347 645 Huic
378 588 546 644 veluti
576 588 779 644 mundo
801 586 881 643 sic
906 584 1069 643 ambo
1099 588 1329 642 beentur
1356 586 1574 658 olympo

273 679 454 736 Ambo
477 679 606 750 polo
628 679 852 734 rutileut
876 679 1008 733 huic
1027 677 1193 734 veluti
1216 677 1439 733 mundo.

825 786 1057 842 CAPUT
1093 786 1184 842 1X.

201 879 343 936 Cum
378 886 582 949 quanta
611 876 783 949 gloria
818 886 867 931 et
901 877 1095 932 honore
1126 877 1282 949 duxit
1315 876 1427 949 diu:
1465 883 1515 949 et
1549 873 1784 930 mam/tio

339 946 652 1019 Bonifacius
686 948 951 1002 illustrem
977 947 1301 1001 ducatricem
1332 946 1648 1000 Beatricem.

206 1042 307 1096 Det
346 1042 490 1097 Deus
521 1042 579 1096 in
603 1040 765 1095 claris
798 1041 1023 1095 cameris
1056 1041 1152 1094 tibi
1188 1049 1329 1093 stare
1364 1038 1583 1093 Beatrix
1612 1038 1782 1110 (590).

204 1133 503 1189 Hernicum
529 1147 752 1189 carmen
783 1132 946 1201 cupio
971 1146 1119 1187 nunc
1138 1138 1297 1187 ornet
1321 1139 1548 1185 ovanter

200 1225 372 1280 Facta
401 1224 558 1280 ducis
585 1223 764 1296 magni
802 1221 1069 1278 Bonifacii
1103 1222 1464 1279 memorandi.

198 1314 467 1370 P.imitus
488 1315 637 1370 hunc
669 1314 867 1378 noscit,
904 1320 1173 1383 quantum
1200 1313 1292 1378 sit,
1329 1311 1523 1377 Gallia,
1550 1311 1728 1380 fortis,

197 1402 344 1457 Cum
369 1413 554 1457 natam
582 1402 912 1458 rutili‘dueis
938 1402 1164 1472 expetiit
1192 1400 1437 1457 Federici
1470 1401 1640 1473 (591).

196 1491 450 1563 Conjuge
507 1508 636 1548 cum
705 1491 923 1562 propria
983 1490 1257 1546 Mathildis
1309 1492 1328 1559 (
1354 1491 1504 1562 592)
1552 1490 1787 1562 denique

1526 1581 1712 1655 [dicta.

196 1676 309 1730 Iste
340 1675 639 1731 Beatricem
661 1673 952 1731 chericus
973 1673 1141 1729 donat
1165 1672 1365 1728 habere

196 1766 344 1823 lluic
368 1766 685 1835 Bonifacio;
710 1766 804 1838 qui
833 1766 943 1821 dux
981 1780 1108 1820 cum
1133 1772 1381 1835 pergeret
1407 1761 1521 1829 illo,

196 1858 444 1915 Ornatus
471 1872 702 1929 magnos
732 1870 919 1911 secum
960 1855 1101 1921 tulit,
1130 1864 1294 1926 atque
1315 1854 1577 1919 caballos,

199 1950 321 2006 Sub
347 1949 581 2022 pedibus
601 1963 836 2021 quorum
860 1949 1144 2021 chalybem
1174 1964 1283 2004 non
1306 1963 1508 2020 ponere
1533 1948 1711 2003 solum

194 2040 470 2108 Iusserat,
494 2049 784 2110 argentum
809 2038 903 2095 sed
937 2053 1161 2109 ponere,
1192 2039 1265 2093 sit
1299 2037 1459 2109 quasi
1490 2036 1727 2105 ferrum;

180 2132 338 2188 Esse
365 2147 747 2204 repercussum
779 2130 993 2186 clavum
1014 2131 1187 2185 voluit
1206 2146 1427 2203 quoque
1456 2130 1667 2186 nullum

182 2221 281 2278 Bx
308 2223 412 2277 hoc
450 2228 513 2277 ut
534 2229 721 2292 gentes
749 2229 972 2292 possent
995 2220 1230 2291 reperire
1264 2220 1389 2291 quis
1421 2227 1586 2275 esset.

198 2313 541 2385 Coruipcdes
567 2320 817 2378 currunt,
858 2320 1143 2383 argentum
1175 2312 1305 2366 dum
1332 2311 1524 2377 resilit,
1548 2320 1679 2367 tunc

200 2405 494 2477 Colligitur
523 2404 751 2477 passim,
780 2404 985 2475 passim
1013 2405 1283 2474 reperitur
1318 2404 1371 2460 in
1395 2405 1541 2476 agris

201 2497 249 2550 A
271 2496 477 2566 pOpulo
512 2503 672 2549 terra:
699 2502 907 2549 “astans
928 2492 1074 2564 quod
1099 2492 1251 2549 dives
1281 2493 1371 2549 hic
1396 2507 1569 2561 esset;

203 2585 469 2658 Egregius
496 2586 751 2657 princeps
782 2594 913 2640 tunc
935 2584 1099 2657 gessit
1122 2584 1353 2656 plurima
1392 2584 1557 2658 digne

204 2677 339 2747 Quae
357 2678 650 2738 scribenda
676 2676 877 2744 forent,
903 2678 1079 2749 stylus
1099 2685 1284 2732 autem
1309 2678 1482 2733 currit
1503 2691 1691 2733 amore

205 2770 287 2827 Ad
312 2770 591 2827 dominam
634 2777 879 2826 nostram
923 2768 1102 2841 (595),
1145 2784 1310 2840 quam
1361 2770 1516 2824 valde
1561 2783 1782 2823 carmen

1434 2857 1682 2931 [adoptat
1695 2877 1710 2926 ;

208 2953 360 3009 Hanc
388 2969 628 3025 sponsus
651 2952 806 3018 ditat,
834 2952 1039 3008 ditatur
1056 2960 1111 3008 et
1141 2951 1257 3022 ipse
1286 2965 1383 3022 per
1407 2950 1604 3020 ipsam,
1716 3018 1721 3025 ι

209 3043 432 3109 Servos,
454 3043 707 3109 ancillas,
735 3044 804 3098 ab
829 3058 892 3097 ea
916 3050 1064 3099 tenet
1090 3041 1286 3113 Oppida
1318 3040 1490 3112 (594),
1526 3040 1711 3108 villas,

209 3135 385 3190 Gallia
408 3136 699 3191 nobiscum
720 3150 817 3205 per
840 3151 962 3189 eam
991 3133 1273 3190 dominum
1302 3132 1456 3187 timet
1481 3132 1667 3187 istum.

206 3224 345 3291 Quis
364 3225 621 3295 princeps
642 3222 830 3278 Gallus
853 3225 975 3293 plus
1010 3224 1118 3278 isto
1139 3223 1292 3278 dives
1312 3228 1368 3277 et
1398 3221 1542 3277 altus

206 3315 374 3371 italia:
399 3315 624 3387 regnat?
649 3313 765 3368 Sibi
791 3313 962 3369 Gallia
995 3314 1226 3385 plurima
1256 3320 1477 3384 prmth

210 3406 648 3478 Longobardiam
686 3406 963 3462 deducens
990 3407 1132 3461 hanc
1162 3405 1522 3461 comitissam.

210 3497 510 3554 Occurrere
545 3498 769 3569 quidem
815 3498 1064 3569 Ligures,
1091 3496 1402 3567 pariterque
1437 3494 1714 3563 Quirites;

208 3573 503 3645 Exsul-tant
530 3589 747 3660 inopes,
778 3587 1123 3660 congaudent
1151 3588 1388 3642 maxime
1412 3588 1584 3653 dites;

207 3680 311 3736 Per
334 3696 556 3736 menses
577 3689 766 3736 ternos
795 3680 931 3734 ﬁunt
953 3680 1222 3747 convivia,
1248 3695 1380 3735 vero
1776 3746 1781 3752 η

207 3770 327 3827 Non
353 3772 425 3825 ibi
453 3772 730 3843 pigmenta
754 3771 903 3841 (595)
941 3770 1220 3836 tritantur,
1258 3770 1351 3826 sed
1378 3771 1537 3845 quasi
1557 3770 1730 3843 spelta

149 3846 159 3852 ’
208 3862 289 3917 Ad
315 3878 541 3918 cursum
569 3862 803 3933 lymphae
828 3862 1270 3916 molendinantur
1306 3860 1537 3929 ibidem;

207 3952 435 4024 Gurgite
454 3953 521 4008 de
549 3952 695 4023 putei
722 3961 883 4023 potus
918 3952 1257 4023 trahiturque
1288 3951 1437 4023 lyaei:

210 4043 289 4099 Ex
316 4045 428 4099 alio
447 4054 613 4115 puteo
641 4043 902 4099 retinebat
928 4043 1077 4112 potio
1109 4058 1272 4108 vero;

212 4135 389 4191 Situla
419 4136 690 4207 pendebat
712 4150 779 4191 ex
809 4142 1102 4207 argentove
1124 4141 1313 4189 catena

282 4266 437 4408 (590)
471 4266 529 4321 1η
553 4267 678 4322 cod.
704 4265 952 4346 Regien.,
979 4275 1028 4320 te
1062 4276 1222 4320 stare.
1256 4264 1399 4320 Men.

284 4338 408 4406 (591
465 4335 635 4408 Ducis
660 4336 1024 4407 Lotharmgia:
1056 4336 1376 4407 superioris,

284 4333 437 4408 (591)
470 4335 635 4393 Ducis
660 4333 1024 4407 Lotlfaringia:
1056 4336 1376 4407 superioris,
1407 4349 1508 4391 seu
1542 4333 1793 4390 Mosella-

212 4423 431 4462 norum.
461 4407 612 4464 Lsm.

1776 4183 1793 4213 τ

1413 309 1501 368 Ill.
1541 341 1606 353 αο-
1644 306 2078 368 ΗΟΝΠΜΕΝΤΔ
2115 308 2580 371 GREGORIANA.

1818 408 1863 465 Α
1889 403 2028 459 Cum
2058 405 2260 475 quibus
2289 404 2544 463 hauritur
2569 400 2887 461 dulcissima
2917 400 3087 474 potio,
3118 401 3305 457 vinum
3332 422 3346 456 :

3349 306 3458 367 an

1890 490 2072 571 Obbas
2100 494 2184 550 vel
2209 495 2395 550 lances
2423 494 2491 549 ad
2513 509 2761 571 mensam
2792 491 2897 547 fert
2916 508 3113 563 equus,
3136 500 3300 563 atque

1884 568 2124 653 Argento
2147 585 2431 655 splendent
2458 599 2595 640 auro
2626 568 2846 655 quoque
2872 584 3094 639 vascula
3120 599 3359 651 mensae;

1884 676 2163 748 Tympana
2205 692 2332 732 cum
2376 676 2634 744 citharis,
2660 676 2953 747 stivisque,
2980 675 3221 747 lyrisque
3260 679 3461 733 sonant

3238 766 3379 840 Urio,

1880 857 1961 914 Ac
1980 858 2128 914 dedit
2150 856 2383 929 insignis
2405 855 2517 913 dux
2549 852 2771 929 praemia
2802 856 3040 915 maxima
3067 856 3253 912 nimis.

1883 944 1943 1005 ln
1970 948 2189 1021 Marego
2214 948 2363 1018 (596)
2388 947 2533 1004 facta
2562 959 2690 1005 sunt
2712 952 2827 1004 haec
2864 948 3112 1005 convivia
3136 964 3352 1020 magna.

1882 1039 2091 1096 Nobilis
2126 1049 2181 1096 et
2206 1039 2406 1111 coniux
2433 1055 2665 1110 puerum
2696 1040 2905 1111 peperit
2924 1039 3245 1097 Federicum
3263 1058 3276 1070 ·

1885 1130 2015 1205 Inde
2040 1131 2345 1188 Beatricem
2366 1149 2382 1199 ;
2407 1130 2721 1188 Matbildem
2746 1148 2876 1187 vero
2899 1131 3091 1188 deinde
3106 1172 3122 1198 ,

1885 1222 2019 1290 Quae
2052 1222 2250 1279 similis
2274 1224 2459 1291 matri,
2483 1223 2637 1279 color
2660 1223 2738 1278 illi
2777 1223 3014 1279 maxime
3032 1221 3228 1294 patris,

1886 1312 1967 1369 Ex
1997 1314 2122 1370 aliis
2145 1313 2248 1370 fari
2270 1314 2458 1387 pueris
2479 1314 2611 1369 dum
2643 1314 2819 1386 gestio
2847 1314 3050 1381 saltim,

1885 1407 2011 1463 Mox
2034 1408 2240 1465 nimius
2268 1409 2470 1464 crescit
2503 1408 2761 1483 gemitus,
2797 1408 2955 1465 dolor
2977 1424 3043 1463 ac
3058 1406 3366 1479 iuvenescit
3391 1419 3406 1461 :

1887 1496 2013 1554 Hzec
2033 1497 2368 1554 monimenta
2389 1493 2608 1569 patrum
2629 1498 2884 1554 retinebit
2906 1506 2967 1553 ut
2980 1498 3186 1570 optima
3222 1504 3463 1553 matrum

1886 1590 2065 1647 Patris
2088 1592 2286 1658 honor,
2311 1590 2592 1664 genitricis
2620 1606 2798 1658 amor,
2823 1590 2991 1647 decus
3012 1591 3128 1646 haec
3159 1589 3219 1646 lit
3246 1603 3461 1647 eorum.

1888 1681 2041 1739 Hanc
2074 1681 2451 1755 Longobardis
2471 1682 2619 1739 Deus
2648 1683 2770 1739 istis
2794 1683 3027 1739 contulit
3048 1682 3208 1737 annis
3232 1706 3246 1737 :

1817 1770 1860 1825 Β
1884 1772 2041 1829 Nunc
2058 1775 2386 1843 dimittatur,
2408 1783 2623 1830 tantum
2646 1775 2713 1830 de
2732 1783 2886 1845 patre
2914 1775 3225 1845 loquamur.

1885 1862 1993 1920 Ista
2023 1880 2125 1920 suo
2146 1862 2270 1920 felix
2299 1880 2426 1919 nam
2454 1873 2695 1936 tempore
2716 1878 2940 1919 carmen
2970 1862 3208 1917 habebit.

2494 2014 2726 2073 CAPUT
2763 2013 2831 2071 X.

1885 2127 2040 2200 Quod
2062 2144 2153 2200 rea:
2175 2127 2488 2183 Clronradus
2516 2128 2773 2184 Parmam
2803 2127 2984 2184 vicerit
3009 2126 3158 2200 (597)
3189 2128 3407 2199 adjutus
3426 2147 3465 2186 α

1955 2197 2256 2272 Bonifacio,
2285 2209 2336 2272 et
2367 2201 2507 2271 quod
2532 2200 2671 2272 idem
2700 2215 2812 2263 rex,
2850 2197 3089 2272 idemque
3118 2197 3352 2255 utare/rio
3365 2201 3463 2272 ju‘

1955 2279 2191 2324 ramento
2219 2269 2583 2340 {redemtionis
2620 2269 2814 2340 (juncti
2850 2272 3001 2342 sint).

1883 2403 2222 2475 Prmpetibus
2242 2404 2438 2475 palmis
2468 2404 2653 2460 redeat
2683 2403 2857 2477 stylus
2885 2403 3084 2460 addere
3119 2405 3350 2475 chartis,

1883 2494 2128 2563 Qualiter
2152 2495 2399 2568 Augusto
2420 2494 2736 2553 Bonifacius
2761 2496 2995 2569 inclytus
3022 2497 3167 2553 ultor

1760 2583 1767 2587 ⁷
1882 2586 2116 2655 Profuit,
2155 2578 2209 2643 et
2230 2604 2417 2644 secum
2447 2589 2649 2660 pepigit
2674 2590 3028 2645 memorabile
3066 2588 3265 2646 foedus.

1881 2679 2235 2752 Chrysopolis
2262 2679 2413 2751 (598)
2439 2679 2645 2735 dudum
2670 2680 2986 2736 Gmcorum
3020 2680 3222 2736 dicitur
3249 2698 3373 2747 usu,

1882 2770 2062 2826 Aurea
2089 2771 2193 2826 sub
2217 2771 2403 2841 lingua
2426 2778 2590 2825 sonat
2619 2770 2738 2826 haec
2764 2771 2897 2825 urbs
2927 2786 3049 2826 esse
3086 2769 3298 2837 Latina,

1885 2860 2103 2916 Scilicet
2124 2860 2255 2915 urbs
2278 2859 2497 2926 Parma,
2525 2876 2649 2930 quae
2674 2860 3030 2932 grammatica
3066 2868 3252 2915 manet
3272 2861 3404 2927 alta,

1883 2951 2040 3007 Artes
2061 2965 2126 3005 ac
2154 2957 2360 3020 septem
2390 2948 2633 3006 studiose
2655 2956 2783 3005 sunt
2817 2950 2891 3004 ibi
2922 2947 3074 3005 lecte
3109 2968 3121 3004 :

1884 3040 2121 3099 Caesaris
2146 3044 2261 3099 haac
2282 3042 2426 3099 vallo
2453 3043 2729 3100 Cltonradi
2761 3043 3003 3116 cingitur
3026 3054 3211 3110 arcto;

1812 3125 1854 3181 C
1888 3132 1959 3191 Ut
1987 3136 2235 3207 capiatur
2267 3136 2436 3204 enim,
2465 3137 2622 3206 jubet
2656 3138 2828 3209 ipsam
2866 3153 3104 3209 pungere
3135 3137 3258 3193 telis

1884 3227 2087 3296 Plebis,
2113 3243 2242 3284 mox
2271 3229 2441 3284 armis
2472 3228 2533 3284 lit
2563 3238 2773 3302 strages
2794 3246 2861 3286 ex
2886 3228 3222 3285 Alemannis.

1884 3320 2158 3379 Pacifieus
2178 3322 2403 3393 quidam
2435 3323 2620 3379 necuit
2641 3324 2727 3380 bis
2749 3333 2989 3395 quatuor
3012 3324 3114 3390 ira,

1884 3410 2098 3468 Proluit
2120 3413 2264 3468 unde
2293 3411 2450 3469 furor
2470 3428 2628 3485 mage
2648 3414 2900 3482 Cesaris,
2942 3414 3088 3471 illico
3114 3431 3275 3471 muro

1887 3502 2136 3575 Applicat
2164 3512 2406 3562 armatos
2429 3505 2707 3571 custodes,
2738 3521 2801 3561 ac
2825 3508 3088 3577 galeatos,

1888 3592 2111 3649 Mandat
2131 3594 2268 3653 hero
2303 3602 2494 3650 nostro
2522 3594 2805 3651 Bonifacio
2828 3597 2964 3653 bene
2995 3598 3159 3654 docto

1889 3685 2171 3767 Quatenus
2197 3694 2467 3752 accurrat,
2494 3685 2645 3757 juvet
2678 3688 2865 3743 urbem
2896 3687 3147 3761 frangere
3176 3690 3431 3759 stultam;

1889 3775 1995 3844 Qui
2015 3776 2196 3833 subito
2213 3777 2447 3848 sumptis
2463 3777 2709 3847 equitum
2730 3778 2972 3847 peditum
3000 3795 3220 3850 quoque
3247 3782 3470 3849 turmis,

1890 3865 2055 3924 Urbis
2080 3868 2149 3926 ad
2171 3870 2450 3926 excidium
2472 3869 2786 3939 preperavit
2806 3869 2954 3939 regis
2987 3870 3219 3927 amicus.

1891 3957 2012 4026 Quo
2033 3957 2154 4013 viso
2179 3958 2327 4014 cives
2360 3958 2656 4028 trepidant,
2672 3950 3053 4030 ‘reputantque
3078 3962 3288 4030 perire;

1890 4046 2114 4118 Absque
2147 4057 2338 4104 tenore
2358 4049 2523 4120 pedes
2550 4050 2751 4104 adeunt
2785 4065 2913 4105 mox
2943 4051 3108 4122 regis,
3142 4060 3198 4107 et
3229 4053 3373 4110 ardes

1889 4137 1970 4196 Ac
1988 4147 2176 4210 portas
2202 4139 2356 4196 urbis
2378 4148 2760 4196 reseraverunt
2780 4141 2884 4195 sibi
2912 4144 3113 4198 cuncti.

1893 4274 2053 4345 theca
2082 4269 2301 4345 Estensl
2322 4273 2415 4329 hic
2437 4272 2743 4329 audiendus
2770 4272 2884 4345 :rEt
2927 4292 3064 4342 eam,
3086 4260 3295 4345 inquit,
3322 4279 3471 4333 scili-

1896 4352 1982 4426 cet
2023 4342 2347 4426 Beatriccm,
2379 4360 2528 4426 cum.
2554 4360 2744 4426 magno
2785 4344 2986 4426 honore
3113 4342 3474 4426 episcopatum

1901 4413 2137 4497 Maugur:
2170 4411 2346 4495 durit,
2364 4422 2428 4497 _et
2450 4412 2528 4497 ibi
2565 4411 3022 4497 fecit'nuptia'sjn
3058 4411 3195 4484 loco,
3220 4411 3311 4472 ubi
3333 4418 3473 4472 dici-

473 4473 1674 4570 tur:Et:dissuaderi!sufﬂati:
1682 4474 1794 4570 :29-
1828 4478 1872 4532 υ
1899 4483 2234 4570 integrae
2437 4473 2632 4566 ιτηηιῖειι
2648 4473 2889 4570 Nemi“;
2903 4485 3075 4569 Mm.-

215 4546 301 4603 cis'
319 4546 448 4615 tilia,
475 4564 599 4619 quae
618 4546 829 4618 nupsit
844 4548 1131 4603 Frederico
1156 4546 1522 4619 Lotharingize
1537 4547 1792 4619 superio-

214 4620 293 4674 ris
317 4619 462 4674 duci.
493 4615 687 4691 'Atque
713 4615 848 4673 hinc
883 4619 938 4673 in
976 4634 1172 4691 magna
1209 4618 1493 4691 comitissa
1536 4615 1793 4673 Matbilde

214 4699 535 4744 renovatum
558 4688 697 4743 avia:
721 4698 980 4744 maternae
1010 4688 1208 4743 nomen
1242 4702 1340 4758 pro
1362 4688 1590 4758 antiquo
1618 4702 1793 4755 more,

217 4760 311 4829 qui
337 4761 515 4815 adhuc
538 4760 704 4830 viget.
734 4759 875 4813 Mus.

287 4830 440 4900 (593)
481 4826 703 4886 Scilicet
725 4830 793 4883 ad
823 4844 1075 4899 magnam
1099 4826 1434 4900 comitissam
1459 4826 1795 4900 Mathildem,

217 4897 547 5023 gie’qua’pra:
568 4899 787 4957 ueteris
810 4897 1077 4970 agendum
1121 4898 1227 4954 sibi
1265 4905 1531 4953 statuerat
1564 4897 1794 4955 Donizo.

274 4987 359 5023 cn.
978 5004 987 5013 .
1088 5016 1091 5019 ,

274 4987 359 5024 [τη.
978 5004 987 5013 ·
1088 5016 1091 5019 ς

288 5040 439 5113 (594)
495 5040 787 5113 Albericus
817 5038 1316 5113 _Tr_iumFonti_um
1388 5038 1693 5113 monachus
1740 5039 1798 5095 in

218 5108 500 5182 Chronico,
521 5112 668 5182 edito
694 5127 793 5182 per
817 5108 1143 5182 Leibnitium
1172 5109 1256 5182 ad.
1283 5125 1486 5165 annum
1513 5108 1802 5182 l07‘6‘haec

220 5180 426 5237 habet:
479 5168 767 5237 Mathildis
826 5180 1085 5235 marrhisa
1130 5168 1324 5232 terram
1375 5194 1525 5235 suam
1568 5177 1802 5235 viriliter

221 5253 373 5326 rexit,
393 5261 445 5306 et
470 5253 744 5326 algbatiant
768 5251 1147 5326 canonicorarn
1169 5251 1340 5326 sancti
1364 5249 1512 5326 Petri
1543 5247 1613 5326 ad
1640 5264 1801 5326 Inou-

1968 4554 2115 4628 (597)
2137 4553 2304 4628 βοᾷ.Δ
2334 4553 2582 4628 Regien.,
2610 4555 2754 4628 uicit.
2800 4554 2945 4628 Infra
2982 4564 3081 4627 pr'o
3111 4558 3474 4628 [redemtionis

1888 4624 2227 4696 juncti'sin},
2255 4624 2394 4696 idem
2423 4625 2593 4679 codex
2624 4625 2788 4681 habet
2808 4624 3050 4696 foederati
3078 4624 3219 4682 sunt.
3252 4629 3397 4684 Muri.

1924 4744 1927 4749 ,
1968 4693 2119 4769 (598)
2156 4693 2293 4769 Quin
2327 4693 3076 4769 Hieronymus_Albertutius
3109 4698 3343 4769 jnglibro
3400 4694 3478 4751 De

1901 4763 2128 4836 urbibus
2170 4763 2359 4836 Italiae,
2392 4763 2677 4836 gvetu'stam
2705 4763 3117 4836 inscriptionem
3158 4767 3261 4823 sibi
3300 4769 3476 4825 visam

1899 4834 2148 4901 dixisset,
2177 4834 2232 4888 in
2257 4850 2366 4901 qua
2391 4834 2587 4889 Parma
2609 4834 2718 4889 dici
2744 4832 3021 4891 videretur
3046 4853 3060 4892 :
3094 4837 3245 4892 Julia
3286 4840 3481 4894 cit-itas
3518 4832 3533 4849 ’

1901 4904 2257 4978 Chrysopolis,
2278 4904 2532 4978 Leander
2554 4904 2809 4978 Albertus
2837 4907 3054 4978 negavit
3090 4909 3232 4978 apud
3268 4918 3484 4966 veteres

1902 4974 2109 5032 nomen
2130 4974 2315 5039 Julia,
2339 4983 2435 5029 aut
2461 4975 2839 5044 Chrysopoleos
2872 4974 2939 5030 de
2970 4974 3168 5033 Parma
3211 4978 3478 5044 reperiri;
3504 4992 3508 4997 '
3548 4998 3552 5002 ’

1899 5046 2310 5115 inscriptionem
2336 5053 2518 5115 autem
2566 5045 2971 5112 supposititiam
3005 5063 3146 5104 esse.
3172 5048 3227 5104 Si
3255 5045 3488 5106 Domnio

1901 5113 2092 5172 zonem
2122 5124 2368 5171 nostrum
2400 5113 2641 5186 legisset,
2675 5117 2889 5185 aequius
2905 5115 3221 5186 judicasset.
3250 5120 3318 5175 Et
3362 5130 3486 5176 rem

1901 5186 2060 5243 hodie
2087 5194 2241 5241 extra
2289 5183 2997 5261 controversiam_'collocat
3036 5205 3344 5261 anonymus
3372 5188 3489 5243 Ra-

1897 5271 2106 5325 vennas
2127 5255 2464 5326 geOgraphus
2482 5267 2665 5324 nuper:
2684 5256 2887 5326 editus,
2911 5261 3053 5326 apud
3070 5255 3255 5326 quem,
3286 5262 3378 5317 lib.
3407 5271 3489 5325 tv,
