3984 5380
175 431 292 489 977

1079 426 1368 484 APPEND.
1399 423 1488 480 ιιι.
1528 457 1595 466 -
1630 404 2063 479 uoxuueura
2096 407 2562 481 caenosum.

3353 423 3487 481 θη.

177 540 302 597 Iloc
336 540 479 597 dans
504 550 833 613 praeceptum
858 582 873 610 ,
904 538 953 599 si
976 555 1243 612 nunc.per
1268 554 1395 594 eum
1419 544 1704 609 caperetur
1802 535 1847 593 A
1874 535 1955 591 Ad
1983 546 2194 608 segetes
2227 535 2412 603 ﬂavas,
2442 546 2498 592 et
2516 535 2672 607 equis
2694 534 2796 592 bas
2827 534 3026 592 ducere
3052 536 3320 609 ﬂagrant,

173 632 446 688 Castrum
467 647 579 687 non
604 632 740 686 ultra
766 638 1000 698 montes,
1026 638 1088 685 ut
1111 637 1358 702 pergeret
1382 628 1543 696 ultra,

175 723 481 799 Expeterct
500 724 680 795 plane,
698 716 958 781 'statimvc
996 731 1143 779 retro
1170 730 1459 778 remearet.

173 813 445 871 Castrum
468 816 788 886 praedictum
817 814 1128 887 Burgundia
1157 814 1366 884 plantat
1390 813 1642 885 iniquum

174 905 239 962 In
260 908 382 978 jus,
412 906 738 965 Castrenses
762 907 910 982 (608)
951 923 1076 963 cum
1109 922 1200 963 rex
1235 905 1340 962 fert
1376 906 1501 961 inde
1529 905 1776 968 clientes,

172 996 454 1071 Segnimis
475 1001 739 1068 exaltant,
766 1000 1049 1071 spatiendo
1070 1015 1167 1071 per
1188 1013 1319 1055 arva
1343 996 1485 1072 (609)
1507 999 1772 1054 relaxant.

172 1090 424 1164 Contigit
449 1094 630 1149 audiri
658 1093 803 1164 quod
829 1093 938 1149 dux
964 1091 1278 1149 Bonifacius
1298 1093 1427 1148 illuc

169 1182 321 1239 Cum
354 1183 726 1257 Longobardis
747 1184 983 1257 propriis
1004 1192 1321 1257 properaret
1345 1184 1399 1239 in
1424 1184 1613 1249 armis,

173 1270 258 1328 De
291 1273 499 1344 quibus
523 1274 817 1342 exsultant,
854 1275 983 1346 quia
1010 1275 1241 1331 credunt
1267 1274 1456 1330 tollere
1479 1283 1704 1331 cunctas

168 1361 391 1418 Causas
422 1364 645 1420 illorum
678 1364 828 1439 (610)
865 1384 878 1421 :
907 1374 1055 1423 vetat
1075 1373 1163 1422 ast
1198 1366 1302 1422 hoc
1332 1365 1512 1420 exitus
1542 1365 1740 1420 borum

172 1452 510 1525 Internaquc
537 1455 685 1528 (611)
716 1457 803 1512 die
821 1455 1079 1529 princeps
1102 1456 1335 1513 accessit
1364 1456 1561 1512 ibidem
1642 1483 1647 1491 -

170 1543 451 1617 Disposita
476 1547 636 1602 docte
662 1563 757 1618 per
785 1555 966 1617 partes
1000 1549 1200 1619 quippe
1222 1547 1446 1603 cohorte

166 1635 416 1693 Barbara
446 1654 582 1710 gens
609 1648 663 1694 et
686 1648 840 1695 atrox
862 1640 1115 1711 proprios
1144 1641 1251 1697 cito
1277 1639 1473 1694 muniit
1506 1649 1680 1708 artus,

167 1729 406 1801 Agmine
436 1738 652 1786 scutato
685 1731 875 1802 procul
908 1732 1069 1800 exiit,
1095 1741 1149 1788 et
1174 1731 1384 1804 galeato

166 1821 353 1892 Atque
377 1830 536 1893 putat
558 1832 774 1881 scutum
805 1824 1058 1880 bellando
1089 1822 1341 1896 frangere
1368 1824 1602 1892 durum;

167 1913 445 1970 Funditus
470 1915 581 1970 ulla
606 1916 841 1987 phalanx
867 1932 1117 1988 parmam
1144 1915 1554 1972 Bonifacianam

163 2004 465 2061 Praevaluit
487 2024 768 2080 nunquam
796 2007 1109 2081 dirumpere
1127 2050 1142 2077 ,
1168 2024 1269 2064 nec
1297 2008 1439 2064 valet
1468 1996 1731 2079 unquam,

167 2096 377 2153 Exorto
394 2097 561 2166 bello,
590 2113 725 2171 gens
753 2098 915 2155 effera
939 2100 1146 2155 caedere
1173 2098 1319 2156 ferro
1351 2118 1364 2155 :

165 2189 384 2245 Acriter
411 2190 663 2262 incmpit;
691 2190 799 2247 dux
828 2192 1012 2249 acrius
1037 2192 1276 2264 undique
1303 2191 1480 2260 caedit,

162 2281 544 2356 IInrtaturque
575 2299 706 2341 suos
730 2285 1021 2357 persistere
1047 2295 1270 2359 pectore
1291 2285 1451 2354 duro,

166 2374 442 2433 Cornibus
464 2383 631 2448 atque
665 2377 811 2435 tubis
844 2379 1073 2435 reboare
1102 2395 1200 2451 per
1224 2378 1393 2435 ardua
1421 2378 1631 2448 multis,

167 2465 356 2523 Donec
379 2476 531 2541 terga
559 2469 752 2526 darent
774 2472 993 2541 hostes;
1020 2472 1166 2527 intus
1188 2471 1528 2544 repedareut.

167 2557 295 2616 Ilaec
321 2561 417 2617 ubi
445 2561 592 2618 dicta
626 2563 772 2620 dedit
799 2572 1014 2636 gentem
1036 2573 1246 2620 terrore
1276 2564 1502 2636 replevit

167 2651 315 2709 Gens
333 2644 715 2725 Longobarda,
743 2656 1024 2728 tenuitque
1050 2656 1278 2712 viriliter
1306 2672 1478 2726 arma,

166 2739 236 2802 Et
255 2758 491 2802 sonuere
516 2745 697 2813 tubas,
722 2754 781 2809 et
803 2732 1030 2819 grandia
1070 2763 1275 2803 cornua
1295 2748 1475 2819 plura.

164 2834 316 2892 Gens
340 2837 545 2895 timens
572 2838 722 2911 (612)
748 2847 888 2895 tetra
911 2840 1072 2896 rediit
1094 2840 1331 2913 graviter
1350 2849 1654 2896 retrocessa
1672 2882 1687 2907 ,

167 2926 246 2982 Ac
268 2927 425 2999 petiit
451 2938 698 2986 castrum
730 2931 954 3003 cupiens
978 2947 1036 2989 se
1065 2933 1317 2989 claudere
1341 2941 1585 3000 tantum;

168 3016 289 3076 Hoc
324 3036 438 3077 non
461 3022 713 3093 permisit
737 3023 895 3080 velox
921 3023 1233 3081 Bonifacius
1262 3023 1355 3092 illi,

168 3109 469 3171 Sed-simul
496 3112 741 3184 intravit,
762 3114 961 3187 jaculis
989 3115 1284 3173 transfodit
1303 3114 1506 3171 amaris
1531 3137 1549 3173 ;

164 3201 444 3259 Continuo
459 3205 572 3278 regi
592 3214 833 3263 castrum
857 3208 1155 3277 mandavit,
1182 3208 1410 3264 inermis

172 3292 241 3350 Ut
264 3296 490 3353 veniens
515 3298 696 3367 tollat,
727 3299 963 3371 patriam
990 3300 1117 3371 quia
1147 3300 1326 3373 gliscit
1350 3309 1404 3355 et
1434 3309 1561 3371 opta

168 3385 290 3457 Ipse
315 3389 513 3460 suique
532 3406 712 3461 suam,
736 3392 1013 3449 nullamve
1034 3409 1247 3448 moram
1274 3393 1408 3451 dare
1435 3402 1653 3450 curant.

168 3478 295 3537 Ilaec
322 3497 465 3537 nova
488 3492 780 3541 noscentes
801 3500 896 3540 rex
919 3494 1083 3557 atque
1107 3486 1274 3542 duces
1298 3485 1635 3558 comitesque

169 3570 440 3641 Laudant,
463 3574 754 3644 mirantur,
790 3577 937 3648 quod
959 3587 1201 3633 castrum
1227 3578 1300 3635 sit
1323 3578 1433 3634 cito
1463 3587 1686 3650 captum
1707 3622 1724 3649 ,

170 3664 249 3720 Ad
269 3664 417 3737 quod
450 3667 750 3724 tollendum
776 3668 976 3725 direxit
1002 3684 1094 3725 rex
1129 3677 1186 3726 et
1208 3670 1517 3726 habendum
1534 3713 1550 3739 ,

170 3754 416 3812 Athletas
435 3757 652 3825 claros',
681 3758 789 3815 illis
808 3759 947 3816 duce
974 3760 1136 3815 dante
1156 3760 1327 3817 relato
1349 3761 1519 3835 (615).

169 3845 328 3901 Tunc
351 3844 702 3918 Longobardi
731 3864 856 3904 cum
879 3849 1125 3920 principe
1151 3850 1513 3921 magniﬁcati,

171 3935 251 3990 Ad
276 3936 482 4008 proprii
504 3936 634 3992 tecti
654 3938 897 4011 requiem
921 3938 1154 4009 rediere,
1182 3938 1374 3997 refecti

172 4027 249 4089 Ex
276 4029 474 4100 opibus
495 4031 710 4102 magnis
737 4032 970 4102 sumptis
997 4031 1197 4088 virtute
1222 4034 1307 4089 vel
1323 4034 1521 4102 armis,

168 4120 419 4192 Cumque
446 4121 588 4178 redit
608 4122 862 4194 princeps
894 4122 1065 4195 (6M),
1095 4124 1270 4181 victor
1295 4123 1564 4180 mirabilis
1593 4123 1759 4190 idem,

170 4211 411 4287 Contigit
442 4214 498 4269 in
538 4215 737 4272 castris
768 4215 917 4288 (615)
951 4216 1240 4287 cujusdam
1269 4224 1451 4273 castra
1491 4216 1641 4288 (616)
1674 4231 1763 4273 re-

1482 4307 1685 4381 irasci.

168 4396 391 4469 Campis
424 4398 680 4465 desertis,
710 4407 785 4466 et,
816 4407 877 4456 ut
901 4406 987 4457 est
1007 4414 1129 4457 mos
1154 4415 1380 4472 pergere
1407 4398 1613 4465 servis,

173 4488 248 4543 Ex
282 4491 470 4561 pueris
494 4490 655 4546 multi
687 4500 972 4566 coeperunt
991 4507 1215 4549 currere
1237 4491 1428 4551 furtim

238 4668 407 4741 (608)
429 4666 663 4741 Quando
683 4684 776 4725 rex
802 4684 930 4726 cum
954 4668 1070 4727 suis
1095 4668 1383 4738 militibus,
1407 4672 1521 4728 sive
1543 4666 1755 4726 vassal-

171 4739 236 4795 lis
250 4738 477 4795 recedit.
501 4738 654 4796 LEIB.

239 4810 315 4865 Ex
369 4812 512 4894 cod;
543 4809 801 4894 Begiensi
838 4812 958 4867 haec
999 4810 1076 4866 ita
1133 4810 1347 4894 corrige
1386 4829 1400 4866 :
1440 4808 1644 4894 Hujus
1668 4826 1762 4864 ca—

172 4891 413 4937 strenses.
444 4880 577 4955 AQui
623 4880 681 4955 in
728 4882 1054 4955 hoc__versn
1112 4880 1326 4936 clientis
1356 4880 1719 4955 _appellantur
1742 4922 1757 4947 ,

174 4960 293 5008 sunt
314 4952 590 5023 armigeri,
616 4952 735 5009 sive
768 4950 998 5023 milites;
1024 4965 1200 5023 eoque
1219 4950 1487 5023 vocabulo
1518 4950 1628 5023 prae
1651 4967 1761 5007 ca:-

171 5024 295 5080 teris
318 5023 408 5078 usi
430 5020 787 5093 suntantiqui
802 5023 1095 5093 Annalium
1115 5020 1485 5079 Genuensium
1507 5020 1760 5079 auctores

171 5093 223 5142 in
244 5095 349 5142 hnc.
373 5108 538 5142 amre
556 5091 867 5142 evrllriandi.
892 5091 1038 5142 Mum.

1876 624 2009 681 lude.
2034 626 2244 697 virique
2277 627 2383 683 loci
2420 628 2654 698 graviter
2688 624 2919 681 nimium
2953 640 3171 698 quoque
3200 626 3358 698 moti,

1877 716 2123 789 Arreptis
2138 720 2335 786 armis,
2360 731 2485 775 mox
2514 716 2909 790 armigerisque
2941 718 3167 773 caballis

1875 808 2131 867 Cervices
2161 810 2309 883 (617)
2338 811 2602 879 tundunt,
2626 819 2680 866 et
2702 825 2876 882 equos
2907 811 3011 866 sibi
3046 811 3284 867 tollunt:

1876 901 2156 975 Burgundi
2190 904 2335 959 bruti
2362 902 2609 959 fecerunt
2627 904 2733 961 hoc
2752 902 2914 975 quasi
2942 904 3123 972 stulti;

1877 993 2012 1081 Nam
2040 997 2148 1052 dux
2179 997 2350 1053 iratus
2373 997 2744 1064 vehementer,
2767 1005 2829 1052 nt
2847 997 3049 1053 assolet
3068 996 3233 1067 altus,

1876 1088 2153 1147 'l'erdcnas
2176 1091 2366 1147 hastas
2389 1088 2536 1163 (618)
2566 1090 2634 1146 ad
2655 1098 2897 1147 castrum
2918 1090 3143 1146 tendere
3166 1088 3390 1147 mandat
3409 1131 3427 1159 ,

1873 1181 2009 1249 Quae
2035 1182 2293 1255 populum
2324 1192 2581 1239 cunctum
2598 1181 2845 1239 facerent
2866 1195 3196 1255 consurgere
3217 1197 3489 1251 rursum,-

1873 1273 1954 1330 Ad
1977 1275 2156 1345 campi
2178 1290 2418 1348 pugnam
2447 1273 2698 1346 fugerent
2719 1274 2911 1344 procul
2933 1282 3097 1345 atque
3118 1282 3426 1340 recurrant,

1873 1364 2012 1422 Cum
2035 1365 2238 1435 fuerint
2256 1365 2412 1437 juxta
2442 1366 2747 1423 latitantem
2778 1365 3014 1438 denique
3038 1367 3254 1422 turbam
3286 1358 3458 1440 (619),

1871 1454 2146 1512 Noveritis
2164 1457 2386 1529 iussum
2408 1458 2566 1515 ducis
2602 1458 2765 1514 istius
2785 1472 2909 1513 esse
2946 1458 3283 1527 secundum;

1872 1546 2007 1604 Nam
2030 1549 2220 1620 procul
2254 1564 2287 1605 a
2317 1546 2495 1605 Castri
2521 1557 2648 1605 sunt
2666 1547 2924 1620 praesidio
2954 1547 3121 1604 simul
3146 1550 3252 1605 acti
3394 1610 3399 1613 _

1871 1638 2138 1698 lnsidiosa
2166 1641 2404 1712 phalanx
2433 1655 2465 1697 e
2489 1641 2678 1698 multis
2710 1641 2962 1713 partibus
2985 1641 3142 1697 alans
3170 1640 3346 1713 (620),

1868 1732 2189 1805 Allobroges
2220 1741 2449 1789 cunctos
2470 1733 2725 1789 manibus
2752 1741 2975 1788 tenuere
3003 1731 3250 1787 reclusos

1869 1823 2113 1882 Marchio
2138 1825 2401 1881 terribilis
2422 1825 2635 1881 cunctis
2654 1824 2975 1881 abscindere
3004 1823 3144 1879 dixit

1724 1907 1727 1910 ’
1796 1896 1843 1955 Β
1865 1915 2178 1986 Auriculas,
2208 1932 2395 1986 nasos,
2427 1926 2489 1973 ut
2504 1926 2656 1973 stent
2678 1932 2804 1974 eum
2830 1916 3036 1973 lumine
3059 1916 3244 1988 plano.

1867 2006 2127 2075 Quaedam
2162 2018 2411 2065 matrona
2447 2026 2546 2081 pro
2574 2018 2704 2067 nato
2738 2009 2941 2065 nobilis
2976 2017 3097 2065 orat

1864 2098 2097 2156 Parcere
2120 2101 2374 2174 dignetur
2395 2102 2528 2169 sibi,
2556 2110 2827 2175 quatenus
2855 2101 3082 2173 ipsaque
3107 2100 3335 2158 demum

1863 2194 2179 2267 Appensum
2212 2196 2433 2251 trutina:
2449 2194 2703 2268 juvenem
2728 2195 2994 2268 praeberet
3018 2194 3197 2251 eidem

1863 2286 2163 2361 Argentum
2199 2297 2433 2356 tantum,
2460 2297 2727 2361 quantum
2754 2288 3084 2361 pensaverit,
3112 2287 3325 2349 album.
3408 2278 3411 2283 ’

1862 2380 2022 2437 Absit
2040 2381 2127 2439 bis
2158 2380 2325 2450 fatur,
2350 2381 2577 2438 barbam
2613 2381 2912 2452 quatiendo
2945 2381 3215 2450 minatur,

1862 2471 2165 2530 Postcritas
2193 2481 2379 2531 vestra
2404 2473 2551 2542 volo,
2574 2488 2687 2544 quo
2720 2473 2859 2529 sciat
2893 2473 3008 2529 haec
3032 2472 3106 2528 ita
3136 2482 3323 2546 gesta,

1864 2564 2051 2622 Donec
2076 2567 2317 2623 mundus
2336 2566 2472 2634 erit,
2504 2564 2819 2622 Bonifacius
2851 2566 2943 2622 hic
2966 2566 3111 2639 quod
3134 2552 3407 2635 adha‘sit,“

1863 2657 2106 2727 Dicatur,
2132 2675 2360 2731 prorsus
2383 2675 2471 2716 me
2500 2674 2611 2714 non
2636 2658 2763 2715 licet
2784 2674 2907 2715 esse
2945 2668 3247 2715 retrorsum
3281 2657 3463 2731 (621)..

1862 2751 2055 2810 Incisa:
2079 2768 2243 2810 nares
2260 2794 2276 2821 ,
2296 2767 2369 2808 ac
2388 2766 2550 2807 aures
2572 2751 2776 2822 quippe
2802 2758 3001 2807 secatur

1863 2846 1994 2914 Illis,
2019 2855 2132 2903 tres
2157 2845 2331 2919 clypei
2356 2852 2486 2901 sunt
2505 2859 2572 2901 ex
2594 2843 2683 2899 his
2705 2843 2945 2914 undique
2974 2842 3148 2913 pleni,

1862 2938 2003 2994 Cum
2036 2953 2172 2994 sano
2196 2945 2398 2994 cuncto
2427 2943 2573 2992 metu
2598 2948 2864 3007 magnove
2900 2934 3183 3005 triumpho

1863 3031 1948 3087 Ad
1980 3029 2264 3102 proprium
2287 3038 2490 3085 tectum
2518 3026 2600 3083 sic
2628 3034 2713 3083 est
2751 3026 2862 3082 dux
2885 3025 2986 3082 istc
3008 3039 3309 3098 regressus.

2460 3136 2691 3196 CAPUT
2728 3135 2826 3191 XII

1788 3258 1832 3317 c
1864 3235 1942 3291 De
1963 3244 2110 3318 W0
2141 3234 2280 3318 σειοά
2317 3231 2554 3318 marem?
2571 3229 2932 3318 'Po-ifeeea
2949 3225 3457 3318 ετωξηξίξίίέἔεεε

1934 3308 2047 3362 rico
2078 3298 2190 3378 regi
2221 3304 2545 3378 secundatet
2569 3301 2635 3356 de
2666 3298 2856 3378 grandi
2897 3300 3035 3355 άοηο
3062 3298 3205 3371 quod
3234 3298 3457 3371 quidam

1934 3394 2115 3434 semis
2133 3370 2255 3447 'ejus
2285 3374 2429 3431 dedit
2449 3374 2617 3434 eidem
2649 3370 2778 3444 regi.

1934 3487 2205 3562 Hagniﬁci
2228 3486 2409 3543 vultus
2439 3484 2877 3557 rexrltaliamque
2916 3481 3194 3540 secundus
3228 3480 3378 3553 (622)

1867 3577 2029 3636 Venit
2055 3578 2324 3637 Henricus
2360 3580 2532 3654 (625),
2557 3580 2799 3651 sapiens,
2818 3578 3118 3650 jucundus,
3144 3577 3384 3649 opimus,

1864 3671 2248 3742 Mandavitque
2266 3670 2424 3744 (626)
2441 3685 2546 3727 sua
2566 3668 2852 3726 Bonifacio
2880 3683 3021 3726 nova
3050 3669 3242 3740 plura;

1866 3764 1935 3821 Et
1958 3765 2218 3837 quoniam
2256 3781 2442 3821 secum
2471 3764 2757 3820 laudatum
2780 3761 2943 3819 vellet
2957 3770 3207 3828 acetum,

1864 3856 1978 3912 Arx
2000 3856 2145 3929 quod
2169 3857 2436 3929 gestabat,
2469 3872 2592 3928 quae
2613 3857 2673 3911 lit
2703 3854 2948 3912 Canossa
2972 3862 3185 3922 vocata,

1863 3944 2102 4017 Imperat
2126 3946 2337 4017 argenti
2366 3954 2609 4017 vegetem
2643 3945 2824 4000 subito
2852 3942 3134 4010 fabricari,
3160 3936 3163 3939 ’

1863 4036 2031 4094 Binos
2053 4046 2217 4110 atque
2244 4037 2411 4093 boves
2431 4037 2543 4092 dux
2573 4044 3001 4106 carpentumque
3016 4036 3282 4107 jugumve

1863 4128 2002 4187 Cum
2033 4130 2208 4187 bobus
2226 4128 2365 4186 vivis
2392 4129 2509 4185 haec
2538 4127 2651 4201 regi
2680 4126 2925 4182 marcbio
2947 4127 3117 4183 misit.

1861 4222 2105 4279 Charum
2135 4237 2232 4278 rex
2257 4221 2464 4278 donum
2495 4219 2670 4276 tenuit
2704 4233 3075 4290 magnumque
3096 4217 3385 4283 decorumr

1862 4313 2028 4387 Regis
2051 4323 2185 4370 tune
2214 4313 2414 4383 hospes
2442 4318 2562 4367 erat
2587 4309 2719 4367 urbs
2744 4308 3020 4365 Placentia
3050 4307 3219 4385 forte,

1861 4407 2110 4463 Prudens
2144 4404 2335 4462 mirari
2372 4404 2555 4460 nullus
2591 4403 2658 4460 de
2683 4417 2910 4458 munere
2941 4402 3038 4457 tali

1862 4499 2031 4558 Debet
2064 4497 2210 4554 enim
2228 4540 2242 4567 ,
2269 4495 2489 4569 quando
2513 4493 2702 4551 scierit
2725 4493 2881 4551 ducis
2912 4493 3070 4550 istius
3098 4491 3295 4567 amplo

1862 4687 1998 4745 atra,
2051 4676 2105 4731 id
2149 4684 2234 4731 est
2279 4673 2465 4745 copias
2500 4671 2766 4730 Bonifacii
2807 4672 3033 4739 victum,
3097 4680 3153 4727 et
3190 4670 3474 4743 pabulum,

1863 4761 2202 4819 comparare.
2234 4745 2384 4819 Lam,

1938 4810 2019 4891 (61
2034 4817 2109 4891 7)-
2120 4816 2332 4891 forte“:
2357 4814 2594 4891 Cercius
2613 4816 2792 4886 pueris
2816 4813 3066 4880 tundunt,
3095 4819 3147 4867 et
3172 4827 3328 4883 equos
3348 4810 3467 4873 sibi,~

1868 4885 2214 4964 (idiest'illisj
2231 4886 2442 4964 tollunt.
2464 4885 2612 4964 ιω.
2695 4953 2719 4964 _
3408 4891 3421 4941 ζ

1941 4958 2066 5030 (618
2125 4953 2216 5013 Tri
2257 4960 2369 5016 inta
2399 4957 2666 5011 hastatos.
2695 4953 2844 5009 Lam.

1942 4958 2089 5102 (619)
2126 4976 2369 5102 Colfocat
2394 5026 2661 5102 populum
2687 5033 2844 5102 cupit

1942 5021 2089 5103 (619)
2126 5021 2369 5109 Collocat
2394 5026 2662 5109 popular};
2687 5033 2967 5109 cunctum,
2993 5038 3087 5109 seu
3105 5038 3323 5079 omnem
3337 5021 3456 5109 mi-

1867 5092 2015 5142 "nim
2054 5092 2214 5142 énmn
2254 5100 2307 5142 in
2350 5092 2584 5142 in'giiliie-
2618 5092 2865 5142 Triginta
2907 5094 3031 5142 illnc
3067 5108 3133 5142 ex
3179 5107 3358 5142 nugna
3398 5093 3477 5142 in.
