3984 5380
520 279 629 335 979

514 393 672 449 Dono
703 391 922 449 fulsisse
951 406 1167 447 servum
1200 389 1453 461 regisque
1476 388 1717 457 dedisse,

515 483 735 540 ilantua
757 499 881 540 cum
904 498 1082 554 regem
1099 524 1114 547 ,
1150 480 1463 552 pariterque
1487 480 1680 537 ducem
1714 480 1988 535 retineret.

516 575 673 634 Tunc
696 592 882 636 comes
908 575 1056 647 (6-25)
1082 574 1345 631 Albertus.
1367 575 1485 630 vice
1510 575 1683 641 dives,
1721 574 1956 629 maxime
1986 589 2105 629 ser-

740 682 745 687 '
1883 664 2028 739 [γης.

513 759 874 831 Ριδωᾶίοῐίᾳυθ
893 760 1071 826 ducis,
1101 759 1373 814 habitator
1398 767 1452 813 et
1481 756 1654 829 ipsius
1681 758 1854 825 urbis,

513 852 851 923 Cornipedes
874 838 1109 908 centum
1122 850 1272 921 (626)
1300 851 1449 906 tilios
1470 850 1565 920 qui
1583 850 1708 921 jure
1739 850 2037 916 nitescunt,

515 942 655 999 Cum
679 943 908 1001 rudibus
937 944 1105 1010 sellis,
1135 943 1365 998 rudibus
1397 941 1566 997 frenis
1592 942 1675 997 vel
1702 941 1931 997 habenis

511 1034 752 1094 Mutatos
784 1036 932 1108 (627)
969 1044 1210 1102 centum,
1249 1049 1356 1089 non
1377 1042 1615 1090 mutatos
1637 1050 1857 1105 quoque
1886 1043 2104 1090 centum

510 1126 742 1184 Astures
765 1128 1024 1199 pulchros
1047 1127 1161 1199 regi
1183 1127 1346 1183 simul
1362 1127 1564 1197 .obtulit
1583 1126 1746 1183 ultro.

512 1218 650 1286 Quis
677 1219 765 1274 vir
785 1220 875 1275 hic
901 1235 1025 1275 esse
1070 1226 1251 1286 sonat,
1278 1219 1374 1289 qui
1394 1219 1550 1275 vobis
1571 1218 1720 1291 (628)
1747 1219 1876 1275 talia
1898 1218 2105 1276 donat?

511 1311 725 1368 Clamat
752 1312 958 1384 regina.
981 1311 1083 1368 Cui
1112 1311 1251 1367 dixit
1277 1326 1372 1368 rex
1406 1311 1566 1383 quasi
1593 1312 1802 1367 mirans
1843 1332 1854 1367 :

511 1405 619 1473 Qui
643 1406 726 1467 vir
749 1405 899 1478 (629)
930 1405 1094 1461 habet
1115 1420 1303 1462 servos
1324 1405 1513 1476 quales
1539 1404 1874 1473 Bonifacius,
1903 1420 2036 1478 ergo

509 1497 573 1553 In
601 1506 715 1553 toto
736 1513 906 1569 regno
926 1497 1160 1553 similem
1185 1498 1289 1554 sibi
1317 1513 1427 1553 non
1452 1512 1554 1569 ego
1582 1506 1786 1568 specto.

511 1588 775 1645 Servulus
793 1589 895 1645 iste
921 1605 1055 1646 suus
1080 1589 1280 1646 referat
1304 1591 1460 1658 mihi,
1486 1592 1634 1661 quod
1658 1591 1761 1647 sibi
1788 1607 1936 1648 nunc
1968 1592 2101 1647 vult.

506 1678 597 1735 Nil
625 1681 770 1737 aliud
799 1696 1006 1752 quazro,
1037 1683 1184 1750 volo,
1217 1698 1321 1738 nec
1354 1684 1536 1755 cupio,
1566 1699 1742 1755 neque
1764 1700 1925 1755 spero

506 1771 556 1829 Δ
578 1780 650 1840 te,
681 1772 738 1826 ni
760 1779 973 1828 tantum
995 1790 1152 1829 meus
1182 1784 1244 1830 ut
1270 1775 1525 1832 dominus
1553 1775 1624 1832 sit
1646 1785 1888 1845 amatus;

472 1884 477 1891 ι
507 1861 627 1920 Hoc
655 1864 733 1920 ait
760 1864 1015 1921 Albertus
1046 1867 1183 1939 regi,
1219 1881 1384 1938 quem
1413 1881 1511 1921 rex
1531 1868 1788 1939 rogitavit
1892 1938 1901 1945 κ

507 1955 591 2011 Ad
618 1957 893 2028 propriam
918 1972 1165 2013 mensam
1189 1973 1378 2015 secum
1407 1959 1675 2030 prandere
1698 1958 1989 2027 refertam;

509 2046 627 2105 Hoc
650 2048 831 2106 timuit
849 2051 1097 2118 verbum,
1125 2050 1390 2106 Bonifacii
1425 2051 1555 2122 quia
1578 2068 1788 2108 servus.

506 2140 765 2199 Mandere
786 2160 898 2199 non
934 2160 1179 2215 unquam
1206 2160 1397 2201 secum
1420 2143 1525 2200 fuit
1547 2161 1720 2201 ausus
1743 2145 1811 2200 ad
1841 2160 2009 2200 unam

502 2232 752 2291 Mensam
776 2251 901 2291 cum
923 2252 1070 2308 rege,
1095 2237 1188 2307 qui
1208 2236 1539 2293 manducare
1560 2230 1812 2308 repente

508 2325 750 2383 Debebat
781 2326 937 2396 forte,
962 2344 1125 2399 quem
1158 2345 1251 2383 rex
1287 2337 1397 2385 stat
1417 2329 1658 2399 postulat
1678 2329 1750 2384 ob
1772 2345 1887 2384 rem

505 2417 849 2490 Praedictam,
878 2422 1097 2478 tandem
1123 2422 1234 2478 dux
1260 2438 1376 2479 rem
1408 2423 1683 2479 concessit
1715 2423 1961 2478 eamdem

507 2512 646 2569 Cum
696 2514 836 2571 duce
877 2529 1002 2587 rege
1051 2514 1217 2571 simul
1259 2515 1344 2570 vir
1390 2515 1507 2587 jam
1561 2515 1802 2586 scriptus
1855 2513 1969 2570 fere
2021 2531 2109 2581 vn-,

1732 2606 1857 2680 [vus
1879 2606 2027 2680 (650)

505 2693 724 2756 Intrans
750 2698 819 2757 ad
840 2716 1107 2768 mensam,
1135 2700 1229 2757 sed
1260 2715 1479 2771 parvam
1509 2700 1735 2771 suscipit
1756 2716 1960 2757 escam.

508 2786 622 2846 Rex
649 2790 757 2849 sibi
792 2799 1101 2848 mastrucas
1134 2791 1284 2864 (651)
1325 2800 1451 2863 post
1479 2806 1660 2847 escam
1704 2792 1943 2848 maxime
1981 2793 2102 2863 pul-

692 2874 695 2877 λ
1915 2882 2101 2956 [chras

507 2972 760 3043 Donavit,
788 2974 983 3032 ﬂorent
1001 2976 1208 3048 pariter
1233 2992 1453 3049 quoque
1475 2976 1813 3048 pelliciones,

508 3064 625 3123 Hoc
652 3068 799 3139 regis
828 3083 1031 3125 munus
1062 3069 1220 3125 ducis
1249 3069 1316 3125 ad
1339 3082 1615 3125 cameram
1645 3069 1796 3135 tulit;
1822 3084 1994 3125 unum

507 3157 578 3214 Et
602 3160 813 3215 corium
841 3160 1007 3228 cervi,
1040 3160 1187 3232 quod
1213 3159 1454 3217 nummis
1476 3161 1592 3231 ipse
1623 3160 1883 3230 replevit;

508 3247 781 3322 Principis
806 3259 934 3306 ante
964 3252 1131 3323 pedes
1160 3251 1384 3318 cecidit,
1412 3251 1518 3308 sibi
1550 3266 1776 3322 parcere
1801 3265 2075 3322 quaerens,

509 3336 715 3395 Mensa;
738 3340 906 3411 regali
931 3341 1079 3411 quod
1110 3357 1297 3398 secum
1316 3340 1675 3413 participarit.

509 3427 606 3486 Ille
636 3438 961 3501 patestatem
988 3447 1225 3490 noscens
1250 3433 1505 3499 retinere,
1530 3432 1692 3488 beate

511 3519 746 3578 Indulsit
772 3537 952 3592 servo,
984 3521 1198 3581 facinus
1223 3532 1406 3580 tamen
1433 3524 1539 3579 hoc
1563 3521 1928 3595 prohibendo.

1102 3657 1336 3721 CAPUT
1370 3657 1508 3714 Xlll.

516 3748 668 3815 Quod
694 3750 983 3821 aliquando
1014 3753 1069 3821 in
1102 3751 1324 3807 consilio
1352 3768 1475 3818 suo,
1510 3749 1798 3821 aliquando
1829 3750 2105 3821 occasione

590 3820 793 3891 vigilia?
821 3823 989 3877 noctis
1034 3820 1298 3878 Henricus
1333 3839 1425 3877 rea:
1455 3820 1673 3877 tentavit
1707 3837 1891 3892 capere
1932 3820 2103 3876 Boni-

588 3892 811 3961 facium.

515 4002 768 4072 Quotidie
788 4004 1042 4083 princeps
1061 4020 1312 4064 crescens
1340 4005 1656 4065 Bonifacius
1678 4004 1786 4062 iste

516 4096 675 4153 Alma
710 4098 845 4156 ﬁdes
867 4099 1047 4170 ipsum
1076 4100 1325 4161 servabat
1349 4100 1475 4171 jure
1498 4100 1818 4172 benignum.

515 4187 723 4246 Invidia
756 4199 936 4249 tactus
975 4191 1143 4246 nimia
1164 4208 1259 4247 rex
1274 4192 1388 4263 jam
1420 4200 1755 4249 memoratus

516 4280 741 4354 Ingenio
771 4284 944 4340 crudo
971 4284 1263 4339 meditatur
1286 4285 1549 4354 prendere
1570 4284 1718 4339 furto

516 4372 696 4442 illum,
723 4376 825 4431 sub
846 4376 985 4430 ccelo
1008 4374 1187 4444 potuit
1214 4391 1376 4444 quem
1399 4376 1665 4445 prendere
1686 4389 1867 4430 nemo.

520 4464 687 4523 Stans
712 4466 769 4520 in
804 4466 1048 4523 conclavi
1072 4466 1296 4535 cupiens
1324 4481 1419 4525 rex
1451 4465 1729 4522 consiliari

591 4574 740 4644 (625)

1497 273 1589 329 AD
1625 271 1855 328 OPERA
1895 270 1953 328 S.
1991 267 2319 327 CREGORII
2358 267 2805 325 APPENDICES.
2923 300 2926 305 ι

2135 386 2171 445 Α

2136 1748 2181 1805 Β

3685 266 3789 324 980

2206 384 2287 441 Ad
2314 401 2373 441 se
2396 384 2592 441 festiue
2612 384 2722 440 dux
2748 394 2808 440 ut
2831 392 2988 441 catus
3023 383 3125 440 iste
3152 381 3394 448 veniret,

2207 475 2399 543 Jussit,
2439 485 2498 531 ut
2527 476 2631 531 hoc
2656 481 2777 531 astu
2801 476 2981 547 quiret
3003 474 3235 530 retinere
3255 482 3511 529 coactum
3536 490 3553 526 τ

2207 566 2279 622 Ut
2316 575 2532 623 teneant
2562 568 2768 635 valvas,
2789 568 2945 638 jubet
2974 568 3194 634 aedituo,
3222 567 3360 622 bene
3396 566 3634 629 clausas,

2206 657 2361 714 Haud
2394 658 2499 714 nisi
2534 674 2593 714 se
2620 659 2812 730 quinto
2843 658 2989 731 (652)
3019 656 3332 713 Bonifacius
3353 658 3522 712 intret
3542 665 3596 711 et
3616 656 3759 710 intra

2205 748 2287 805 Ad
2317 748 2461 819 quod
2484 764 2578 804 rex
2603 746 2853 825 mandat,
2879 765 3006 805 mox
3029 765 3087 805 se
3107 750 3217 804 dux
3238 749 3318 804 ire
3347 748 3656 813 remandat,

2205 838 2481 893 Adversus
2512 838 2719 895 dictum
2747 838 2894 911 (655)
2921 840 2998 894 nil
3022 840 3243 896 doctum
3276 855 3438 910 posse
3465 838 3747 901 recordor,

2203 931 2462 987 Namdnx
2489 932 2729 1002 privatos
2758 932 2906 1004 (654)
2931 934 3178 1005 pr0prios
3203 934 3313 990 cito
3335 933 3788 1005 conglomeratas,

2204 1024 2283 1082 Ac
2304 1026 2443 1081 alios
2467 1027 2669 1083 multos
2697 1012 3042 1098 gladios-sub
3069 1037 3216 1083 veste
3246 1034 3496 1082 retrusos

2203 1117 2490 1174 Portantes
2511 1126 2635 1189 post
2654 1134 2713 1174 se
2737 1119 2993 1190 praecepit
3020 1135 3243 1191 pergere
3263 1126 3537 1191 prompte,

2203 1205 2490 1264 Nobilibus
2521 1216 2707 1279 septus
2737 1210 3047 1280 properavit
3072 1211 3320 1266 marchio
3345 1209 3551 1272 celsus,

2203 1296 2305 1353 Cui
2328 1299 2530 1368 regiam
2559 1300 2790 1369 primam
2819 1315 3065 1356 reserare
3088 1286 3238 1373 (655)
3273 1301 3483 1366 aeditui,
3510 1316 3680 1372 quam

2203 1389 2469 1469 Claudere
2491 1389 2780 1459 festinant,
2819 1391 2913 1447 sed
2939 1390 3000 1446 ﬁt
3025 1400 3305 1448 contracta
3331 1407 3430 1463 per
3460 1393 3625 1461 iram,

2203 1480 2563 1553 Brogredicns
2598 1481 2741 1536 ultra
2763 1480 3094 1552 dirumpitur
3117 1492 3282 1554 atque
3305 1483 3549 1539 secunda
3566 1527 3583 1550 ,

2205 1573 2384 1629 Tertia
2412 1574 2672 1642 restabat,
2698 1573 2802 1629 sub
2834 1589 2942 1645 qua
2966 1582 3097 1630 tunc
3116 1590 3213 1629 rex
3239 1574 3545 1643 habitabat,

2203 1665 2496 1737 Frangitur
2527 1680 2593 1721 ac
2640 1665 2780 1737 ipsa,
2817 1680 2944 1722 cum
2968 1666 3079 1722 dux
3118 1666 3266 1739 (656)
3297 1667 3673 1724 circumdatus
3711 1670 3789 1725 in-

3561 1760 3722 1835 ‘[trat.

2205 1846 2361 1905 Unde
2382 1847 2547 1904 nimis
2578 1858 2761 1906 motus
2788 1864 2883 1905 rex
2910 1849 3138 1906 callidus
3165 1859 3331 1922 atque
3358 1852 3619 1921 dolosas;

2204 1936 2345 2006 Quid
2376 1938 2571 1994 video?
2598 1938 2780 2006 Quid?
2801 1940 2874 1995 ait
2912 1959 2925 1994 :
2954 1941 3126 1996 miror
3148 1941 3215 1996 de
3248 1950 3319 2010 te,
3343 1941 3616 1999 Bonifaci.

2204 2029 2362 2088 Hunc
2380 2022 2572 2088 habuit
2604 2049 2813 2089 morem
2833 2033 3039 2106 jugiter
3072 2024 3193 2091 mea
3215 2052 3343 2091 nam
3366 2037 3591 2105 domus,
3615 2053 3651 2094 ο
3679 2055 3787 2105 rex,

2203 2124 2341 2182 Esse
2369 2126 2475 2182 mei
2498 2142 2714 2183 mecum
2737 2128 2883 2184 soliti
2910 2144 3237 2201 semperque
3267 2130 3509 2187 fuerunt.

2202 2214 2318 2273 lloc
2339 2217 2450 2274 dux
2479 2219 2761 2290 respondit
2787 2239 2801 2274 :
2829 2236 3017 2291 pacem
3046 2238 3138 2277 rex
3168 2223 3313 2279 illico
3339 2226 3636 2296 prompsit.

2201 2304 2316 2363 Hac
2338 2308 2455 2363 vice
2474 2323 2571 2364 rex
2594 2308 2730 2365 vidit
2749 2310 2896 2381 quod
2925 2326 3051 2367 eum
3082 2312 3317 2369 retinere
3348 2316 3629 2387 nequivit;

2202 2394 2409 2453 lJcirco
2431 2399 2609 2469 planis
2631 2415 2822 2471 pacem
2844 2401 3025 2457 verbis
3045 2403 3346 2462 simulavit.

2168 2508 2171 2511 ·
2202 2490 2392 2546 Denuo
2417 2500 2778 2563 pertractans,
2807 2503 2864 2550 et
2883 2496 3134 2552 eumdem
3163 2500 3436 2569 prendere
3458 2510 3722 2573 captans,

2126 3099 2172 3161 C

2203 2582 2317 2640 Hoc
2338 2600 2483 2641 caeco
2504 2584 2675 2642 Marte
2697 2585 3004 2644 faciendum
3031 2590 3235 2661 COgitat
3258 2601 3402 2663 apte.

2202 2676 2470 2749 Tempore
2490 2687 2760 2736 nocturno
2794 2697 2955 2752 super
2980 2682 3158 2753 ipsum
3179 2685 3419 2755 postulat
3444 2687 3588 2743 ultra
3620 2688 3763 2760 (657)

2203 2766 2274 2823 Ut
2298 2769 2407 2824 dux
2440 2768 2555 2841 ipse
2585 2786 2780 2841 parum
2811 2772 3023 2844 vigilet;
3054 2773 3193 2830 foret
3214 2776 3320 2831 hoc
3341 2776 3446 2831 sibi
3476 2787 3717 2849 gratum;

2202 2862 2381 2919 Getuli
2407 2878 2618 2919 morem
2637 2865 2743 2920 scit
2766 2865 3007 2936 prudens
3033 2867 3211 2938 vulpis
3233 2868 3288 2923 in
3314 2884 3433 2925 ore.

2201 2956 2537 3028 Obsequium
2574 2957 2718 3031 regis
2737 2974 3081 3030 nequaquam
3108 2962 3356 3016 marchio
3384 2964 3622 3033 sprevit,

2200 3049 2458 3107 Ccreolos
2490 3051 2695 3108 multos
2727 3050 2855 3108 fecit
2879 3067 3208 3123 componere
3230 3055 3495 3125 pulchros

2203 3140 2425 3198 Libram
2458 3143 2741 3200 candelam
2762 3159 2901 3201 certe
2922 3144 3085 3200 simul
3107 3145 3291 3201 omnis
3318 3146 3581 3213 habebat,

2201 3235 2379 3307 Atque
2403 3236 2519 3293 suis
2542 3237 2755 3293 cunctis
2778 3253 3041 3294 accensas
3070 3238 3171 3294 has
3195 3238 3327 3308 dare
3350 3239 3544 3309 jussit,

2202 3327 2272 3385 Et
2294 3336 2477 3386 tentas
2506 3328 2654 3401 (658)
2685 3329 2874 3391 hastas
2908 3344 3074 3401 super
3109 3330 3260 3400 ipsas
3289 3330 3460 3403 ﬁgere
3479 3334 3717 3400 mandat,

2202 3421 2344 3499 Ante
2376 3438 2533 3479 suam
2563 3423 2793 3481 multam
2817 3421 3010 3481 faciem
3032 3421 3189 3493 jubet
3217 3422 3299 3480 ire
3333 3424 3648 3484 columnam

2084 3534 2091 3535 ί
2202 3514 2355 3572 Cera:
2380 3515 2753 3588 splendentem
2784 3514 2977 3587 grandi
3011 3515 3077 3571 de
3107 3514 3335 3582 lumine,
3372 3533 3574 3589 nempe

2204 3605 2467 3664 Militibus
2491 3607 2715 3680 densus,
2742 3616 2798 3669 et
2817 3607 2958 3662 miro
2979 3607 3186 3662 lumine
3219 3618 3407 3679 septus

2204 3700 2370 3773 Regis
2391 3702 2460 3757 ad
2488 3700 2789 3771 hospitium
2819 3701 3184 3771 pmperabat;
3213 3702 3436 3775 longius
3461 3703 3642 3775 ipsum

2204 3792 2493 3864 Aspiciunt
2514 3793 2655 3849 servi
2684 3793 2989 3848 venientem
3011 3784 3245 3865 denique
3268 3796 3439 3866 regis,

2205 3883 2326 3941 Una
2363 3886 2515 3941 velut
2543 3886 2679 3941 silva
2711 3885 2965 3957 flagraret
2994 3892 3138 3940 terra
3166 3887 3250 3941 vel
3275 3886 3416 3957 ipsa,

2208 3978 2301 4037 Sic
2333 3980 2646 4051 apparebat.
2682 3978 2797 4034 Rex
2827 3979 2934 4035 hoc
2958 3995 3177 4051 quoque
3198 3979 3589 4052 prospiciebat,

2204 4072 2410 4128 Contra
2443 4088 2606 4145 quem
2636 4088 2871 4130 noscens
2907 4071 3050 4128 idem
3078 4089 3172 4128 rex
3200 4073 3274 4127 nil
3302 4074 3468 4130 modo
3495 4090 3675 4144 posse,

2206 4165 2373 4225 Retro
2402 4166 2580 4223 redire
2615 4166 2719 4223 sibi
2751 4175 2934 4238 grates
2956 4181 3289 4238 magnasque
3327 4167 3563 4222 remisit.

2792 4279 3023 4336 CAPUT
3062 4279 3201 4335 XIV.

2280 4372 2434 4438 Quod
2461 4371 2778 4443 Bonifacius
2809 4373 3081 4427 studiosus
3108 4373 3211 4444 fuit
3243 4374 3299 4427 in
3319 4374 3522 4429 dirim’:
3554 4375 3718 4429 rebus.

2138 4466 2183 4524 D
2207 4465 2435 4525 Actibus
2470 4473 2530 4520 ut
2563 4466 2754 4521 mundi
2783 4466 2931 4538 (659)
2957 4464 3273 4521 Bonifacius
3298 4466 3401 4522 iste
3434 4466 3669 4533 refulsit,

799 4573 985 4631 Comes
1006 4574 1258 4631 Albcrtus
1281 4576 1388 4632 vice
1418 4577 1471 4634 id
1492 4584 1577 4633 est
1599 4575 1922 4633 vicecomes.
1946 4574 2096 4630 Luna.
2112 4602 2127 4613 -

2276 4578 2425 4651 (652)
2464 4578 2815 4647 Quintusmet
2853 4599 2867 4636 :
2912 4579 3030 4635 sclb
3085 4578 3291 4667 ΙίιηίιρἸ
3330 4579 3407 4635 lui
3458 4580 3780 4651 cinquiéme.

502 4644 539 4720 ’μ
594 4644 743 4720 (626)
782 4647 866 4701 An
898 4645 1087 4713 balios,
1122 4647 1206 4702 vel
1228 4645 1455 4707 badius?
1487 4645 1652 4703 Color
1683 4655 1768 4703 est
1809 4646 1907 4720 qui
1934 4644 2102 4710 Gallis
2204 4644 2357 4709 Lg'm,

521 4715 642 4785 bay.
667 4714 816 4772 Luxu.

2277 4720 2423 4792 (655)
2461 4718 2597 4776 Cod.
2631 4719 2876 4792 (Regien.
2901 4738 2915 4779 :
2942 4720 3203 4792 Adversus
3241 4721 3477 4774 doctum.
3519 4720 3784 4777 Fortassis

594 4785 740 4859 (627)
780 4787 1046 4862 Mutatus,
1065 4788 1125 4862 id
1148 4796 1233 4862 est
1260 4788 1444 4848 varios
1460 4830 1477 4857 ,
1503 4788 1752 4845 colorum
1782 4785 2097 4842 varietawm
2186 4784 2296 4847 hic
2320 4784 2553 4862 sensus:
2578 4784 2840 4862 adversus
2863 4791 3142 4862 hominem
3163 4800 3403 4846 astutum
3421 4833 3435 4857 ,
3469 4807 3536 4846 ac
3558 4793 3785 4862 pruden-

521 4853 745 4913 unum
763 4868 961 4916 vocant
982 4853 1138 4916 Galli.
1157 4858 1308 4915 Lam.

593 4928 839 5009 (62§)_ln
863 4932 984 4986 cod.
1022 4930 1268 5009 _E_sten_si,
1298 4931 1391 4991 ubi
1413 4946 1579 5009 supra
1604 4927 1820 4991 laudata
1852 4924 2099 4997 Epitome

522 5006 665 5053 msta
681 4999 928 5067 habetur,
953 5000 1120 5056 nobis.
1151 5000 1294 5060 Mus.
1421 5051 1430 5060 .

596 5067 841 5140 (629)1n
886 5066 1113 5126 cudicih.
1155 5069 1338 5140 Esten.
1386 5079 1441 5126 et
1491 5069 1713 5140 Regien.
1762 5087 1776 5122 :
1821 5066 1953 5132 Quis
1995 5068 2094 5135 vir,

524 5152 724 5261 uemgg
739 5138 1140 5209 interrogando.
1164 5139 1307 5195 Mus.
1580 5138 1595 5140 ⁷
1928 5203 1940 5215 ,

596 5206 652 5261 (6
727 5206 747 5261 )
785 5206 901 5261 Hoc
936 5216 1040 5261 est.
1086 5224 1199 5261 nne
1237 5210 1432 5261 timore
1472 5212 1563 5261 vix
1599 5209 1778 5261 vivus.
1807 5220 1940 5261 sem:

527 5285 548 5332 ι
596 5206 749 5331 (65(ὶί
785 5206 901 5263 Hoc
936 5206 1040 5273 ἀεὶ,
1086 5224 1199 5277 pra‘.
1237 5210 1432 5268 tim0re
1472 5212 1563 5267 vix
1599 5209 1778 5275 vivus,
1807 5206 2098 5262 semimor-

551 5294 673 5334 uus.
754 5292 843 5332 un.

598 5346 746 5380 ιιξευι
792 5345 964 5380 Vna-tia
991 5360 1158 5380 manna
1189 5362 1251 5380 ον
1287 5350 1513 5380 τιηιιςιιιη
1557 5349 1794 5380 fana-nm
1855 5358 1966 5380 nun
2013 5358 2098 5380 cn.

2191 4870 2315 4932 tem
2348 4862 2426 4932 nil
2447 4861 2714 4932 calliditas
2734 4869 2930 4932 potest.
2960 4860 3103 4932 Muri.

2298 4931 2424 4996 654)
2462 4929 2803 4996 Familiares,
2830 4931 2944 4987 sive
2966 4931 3199 4987 famulos
3236 4946 3387 4985 suos.
3416 4929 3565 4985 Men.

2296 5000 2424 5074 655)
2445 5001 2542 5074 AEx
2582 5003 2704 5074 cod.
2744 5002 2915 5072 antiq.
2960 5003 3157 5074 legitur
3190 5000 3551 5074 :Reserarwu
3608 5001 3783 5057 adimi

2201 5072 2384 5145 quam,
2406 5072 2462 5127 id
2481 5081 2566 5129 est
2581 5073 2849 5145 janitures
2878 5072 3167 5145 postquam
3182 5072 3430 5145 primam
3458 5083 3678 5145 portam
3696 5088 3784 5145 re:

2207 5141 2472 5208 Serarant,
2497 5141 2682 5198 statim
2719 5141 3038 5198 intromissa
3062 5141 3341 5200 Bonifacio
3366 5142 3652 5197 claudunt.
3688 5141 3783 5197 Sed

2205 5212 2418 5284 abejus
2442 5214 2669 5269 asseclis
2704 5229 2896 5284 rursus
2918 5213 3250 5284 eil'ringitur.
3280 5211 3431 5284 Lata.

2181 5282 2416 5380 .“Msti.
2468 5299 2711 5356 quoque,
2780 5283 2980 5355 quibus
3028 5282 3189 5367 utor,
3240 5282 3443 5337 habent
3487 5291 3783 5337 reseratam
