3984 5380
267 370 365 427 Sic
392 369 527 428 eluit
558 369 613 423 in
641 364 1025 425 lactis‘divinis
1054 385 1118 426 ac
1139 373 1497 430 venerandis:

263 460 567 517 Pontiﬁces
597 477 785 518 sacros
811 463 1001 518 habuit
1029 479 1196 535 quam
1220 466 1457 522 maxime
1490 467 1708 537 charos,

265 552 409 624 Ipsis
431 553 690 621 donabat,
715 571 837 626 quae
857 558 1073 612 censuit
1100 558 1187 613 bis
1209 557 1324 613 fore
1344 568 1494 630 grata
1519 578 1535 627 ;

262 644 579 702 Psallebant
613 662 829 717 semper
858 649 1124 718 rapellani
1148 663 1460 707 reverenter

263 735 444 795 lloras
474 748 779 795 nocturnas
810 741 914 795 sibi
946 742 1303 812 quotidieque
1335 744 1588 810 diurnas;

261 830 440 887 Nemo
472 832 736 902 capellam
762 849 927 903 super
969 834 1148 905 ipsum
1179 834 1339 907 (ϐω)
1367 837 1565 907 praesul
1597 836 1846 892 habebat.

262 922 468 979 llilesit
484 925 713 991 clerum,
745 925 840 980 sed
862 942 929 981 eo
955 927 1285 983 monachum
1314 942 1472 999 .nage
1500 945 1722 983 verum:

260 1014 495 1087 Propria
518 1024 740 1086 peccata
766 1033 1068 1090 generosus
1096 1020 1184 1076 hic
1218 1030 1383 1092 atque
1413 1021 1586 1091 piacla

258 1106 405 1164 Cum
438 1109 622 1165 studio
646 1125 844 1182 magno
868 1112 1140 1183 pandebat
1174 1111 1435 1169 fratribus
1460 1128 1604 1169 anno

259 1199 451 1267 Omni,
484 1216 762 1273 pompose:
784 1201 1008 1259 Christo
1036 1194 1453 1271 famulantibus,
1487 1220 1585 1261 ore

259 1291 404 1348 Cum
437 1294 681 1363 proprio,
714 1295 977 1367 plangens
1009 1312 1136 1352 eum
1184 1296 1368 1364 corde,
1393 1308 1583 1368 petens
1611 1298 1854 1353 veniam-

260 1383 489 1440 I-‘ratres
511 1401 574 1442 ac
596 1387 765 1443 abbas
795 1388 916 1458 ejus
937 1389 1134 1444 delicta
1167 1390 1452 1457 lavabant;
1621 1390 1779 1463 [que;

259 1477 523 1535 Ecclesia:
545 1488 778 1550 quorum
810 1481 973 1536 solito
994 1482 1159 1536 dabat
1187 1483 1392 1552 optima
1413 1483 1576 1550 dona,

260 1569 381 1627 Rex
416 1572 619 1626 etenim
645 1588 924 1642 nunquam
945 1574 1093 1629 dedit
1123 1575 1268 1631 ullus
1290 1574 1365 1629 ibi
1386 1576 1629 1631 meliora.

256 1663 507 1733 Contigit
534 1663 615 1718 ire
640 1665 807 1719 semel
830 1664 977 1731 illuc,
1003 1680 1320 1737 moremque
1342 1675 1526 1722 tenere

258 1755 444 1824 Illum,
472 1772 634 1828 quem
665 1758 869 1813 dudum
900 1759 1133 1815 retinere
1161 1761 1372 1816 solebat
1392 1762 1447 1815 in
1470 1778 1593 1828 usu,

258 1849 488 1906 Scilicet
511 1856 777 1908 assistens
797 1851 864 1907 ad
890 1867 1030 1922 opus
1063 1853 1249 1908 divum
1272 1853 1449 1910 bonus
1473 1853 1609 1923 ipse,

261 1941 458 1998 Stabat
489 1941 547 1997 in
568 1943 786 2000 excelso
816 1944 973 2011 solio,
999 1960 1111 2000 non
1139 1946 1304 2003 corde
1325 1946 1600 2017 superbo;

258 2035 659 2105 Aspieieusque
689 2037 942 2103 chorum,
972 2036 1140 2095 facies
1168 2038 1304 2093 vidit
1330 2054 1628 2109 puerorum
1742 2090 1743 2097 η

259 2128 321 2183 In
353 2139 498 2184 terra
519 2143 743 2199 pronas,
776 2131 1071 2200 psallentes
1095 2132 1331 2187 dulciter
1351 2133 1537 2195 horas,

260 2220 340 2279 De
365 2220 568 2291 quibus
601 2222 898 2292 admirans,
926 2224 999 2279 ita
1043 2240 1145 2281 cur
1177 2233 1347 2291 stant,
1390 2239 1557 2295 seque
1588 2222 1846 2294 regirant.

260 2315 612 2371 Amouaehis
632 2316 841 2384 didicit,
872 2333 1087 2387 semper
1116 2318 1264 2389 quod
1293 2327 1462 2385 stant,
1494 2318 1567 2373 ita
1592 2317 1724 2385 fixi;

262 2406 378 2463 Hoc
409 2423 518 2462 non
543 2408 748 2464 oblitus
765 2409 1044 2481 jucundus
1067 2410 1179 2466 dus
1198 2420 1255 2465 et
1274 2410 1514 2481 opimus,

263 2499 348 2556 Ire
370 2515 538 2572 super
563 2510 769 2556 tectum
792 2502 934 2559 clam
961 2504 1145 2574 templi
1180 2502 1310 2559 fecit
1343 2502 1635 2559 honestum

264 2594 567 2661 Quemdam
621 2595 822 2667 quippe
865 2595 1045 2650 virum
1093 2611 1219 2651 cum
1245 2596 1506 2663 nummis,
1557 2596 1674 2651 vult
1719 2596 1847 2667 quia

532 2693 537 2698 ·
1548 2687 1777 2761 [mirum

265 2779 387 2851 Ipse
417 2781 622 2849 videre,
653 2782 841 2837 decem
867 2782 1037 2837 libras
1060 2781 1148 2836 vir
1169 2781 1343 2851 jactat
1358 2782 1428 2837 ab
1448 2781 1562 2838 aede

265 2871 325 2927 ιιι
350 2873 641 2947 medioque
665 2874 839 2930 choro
858 2874 1119 2944 strepitus
1133 2882 1314 2941 sonat,
1340 2882 1398 2928 et
1420 2889 1738 2945 puerorum,

266 2964 511 3031 Quorum
531 2967 809 3039 palpebrae
830 2966 1049 3037 penitus
1072 2980 1175 3022 nec
1196 2964 1277 3022 sic
1298 2973 1543 3036 patuere,

265 3060 489 3131 Aspexit
516 3075 824 3126 nummum,
852 3059 1026 3130 tetigit
1048 3074 1158 3114 non
1191 3058 1338 3115 ullus
1359 3065 1415 3114 et
1441 3072 1634 3114 unum.

267 3150 422 3207 Unde
442 3152 619 3224 magis
637 3152 880 3224 gaudens
902 3150 1202 3222 praeclarus
1230 3150 1363 3216 dux,
1390 3149 1468 3205 ait
1487 3157 1668 3204 autem

267 3244 325 3299 In
355 3245 584 3302 modicis
614 3244 776 3321 annis
810 3251 940 3300 sunt
960 3243 1017 3298 hi
1039 3243 1193 3314 pueri
1224 3243 1373 3298 velut
1396 3241 1528 3309 alni,

265 3337 417 3393 Talis
443 3337 889 3407 laudeturjocus,
918 3352 984 3393 ac
1008 3336 1269 3392 recitetur
1317 3343 1549 3390 ametur.

865 3470 1095 3529 CAPUT
1132 3467 1255 3527 XV.

268 3606 424 3674 Quod
460 3623 493 3660 a
549 3606 756 3677 regibus
805 3605 1142 3661 Theutonicis
1183 3606 1323 3660 venit
1362 3619 1473 3677 nios
1516 3599 1848 3677 venundandi

288 3672 303 3703 ⁵
337 3672 682 3742 ecclesias,“
703 3677 840 3747 quod
871 3677 1186 3746 Bonifacius
1218 3674 1419 3745 accepit
1444 3673 1568 3727 inde
1594 3672 1850 3743 paeniten-

341 3749 477 3804 tiam
510 3766 543 3803 a
570 3746 809 3802 Gnidone
845 3747 991 3819 (641)
1024 3746 1228 3801 abbate.

268 3838 595 3916 Theutoniei
610 3876 766 3934 reges
788 3845 1104 3931 perversum
1120 3858 1317 3929 dogma
1328 3864 1639 3927 sequentes,

268 3951 494 4024 Templa
517 3953 719 4009 dabant
740 3954 942 4009 summi
965 3951 1183 4007 Domini
1206 3949 1509 4020 szepissime
1538 3948 1781 4003 nummis

266 4043 599 4102 Prmsulibus
624 4046 857 4114 cunctis,
880 4044 973 4101 sed
997 4053 1051 4101 et
1076 4043 1257 4099 omnis
1281 4042 1570 4114 episc0pus
1592 4041 1744 4096 urbis

265 4135 460 4193 Plebes
484 4137 772 4206 vendebat,
795 4153 934 4209 quas
957 4137 1061 4194 sub
1080 4154 1138 4193 se
1165 4136 1400 4208 quisque
1433 4134 1672 4207 regebat.

267 4293 518 4352 Estens‘ls
550 4298 654 4353 ista
677 4297 989 4354 adduntur:
1028 4296 1154 4352 Dux
1192 4306 1243 4351 et
1272 4296 1509 4351 πιανοήἱο
1538 4294 1854 4365 Bonifacius

268 4366 373 4435 fuit
405 4369 639 4438 sapiens,
671 4368 942 4439 benignus,
972 4377 1022 4421 et
1053 4368 1304 4438 prudens,
1332 4376 1389 4439 et
1415 4366 1618 4437 largus,
1638 4375 1850 4439 et‘pau-

1191 254 1479 315 APPEND.
1516 259 1603 316 lll.
1644 292 1711 301 ος-
1747 255 2183 319 MONUMENTA
2220 258 2686 318 CREGORIANA.

3432 270 3543 325 sas
3564 306 3567 311 -

1889 377 1935 433 Α
1960 372 2224 444 Exemplo
2245 389 2481 445 quorum
2505 375 2761 431 manibus
2787 389 2888 430 nec
2915 390 3022 431 non
3046 374 3309 432 laieorum

1954 465 2210 533 Ecclesiae
2235 466 2437 522 Christi
2461 460 2834 525 vendebantur
2869 469 3170 524 maledictis

1956 553 2312 628 Presbyteris,
2343 558 2525 625 cleris,
2553 560 2700 629 quod
2727 568 2846 614 erat
2874 558 3127 616 confusio
3154 561 3347 631 plebis,

1953 647 2072 715 Qua
2091 650 2158 706 de
2191 665 2250 705 re
2271 650 2448 707 Guido
2470 667 2626 707 sacer
2644 653 2814 709 abbas
2838 654 3040 725 arguit,
3067 654 3177 709 imo

1951 740 2109 799 Nunc
2126 741 2441 800 Bonifacius
2476 745 2625 817 (642)
2648 762 2716 800 ne
2738 745 2994 802 venderet
3021 747 3277 817 amplius,
3306 747 3501 819 ipsum-

1953 833 2092 890 Ante
2121 833 2218 890 Dei
2254 836 2443 891 matris
2468 837 2639 893 altare
2661 837 2895 909 ﬂagellat
2916 854 3102 894 amare
3131 839 3279 908 (645)

1955 926 2288 984 Verberibus
2313 928 2543 995 nudum,
2578 914 2670 1000 qui
2704 930 2914 987 deliciis
2939 939 3058 986 erat
3089 947 3246 998 usus,

1952 1017 2239 1091 Pompoaa:
2266 1019 2415 1074 vovit
2440 1029 2570 1075 tunc
2592 1019 2883 1092 abhatiquc
2916 1020 3179 1087 Cuidoni,

1953 1110 2253 1168 Ecclesiam
2279 1112 2486 1167 nullam
2509 1113 2657 1182 quod
2677 1112 2793 1182 ipse
2816 1113 2961 1184 (6-H)
2987 1114 3244 1168 venderet
3265 1127 3509 1193 unquam
3524 1130 3546 1169 :

1955 1204 2069 1261 lloc
2102 1218 2202 1280 pro
2219 1212 2466 1275 peccato,
2502 1204 2689 1259 multis
2712 1204 2941 1274 aliisque
2966 1213 3179 1276 patrato

1956 1293 2118 1351 Vovit
2146 1296 2326 1350 adhuc
2349 1304 2537 1351 votum
2566 1295 2851 1351 nonnullis
2871 1295 3104 1366 denique
3130 1305 3344 1362 notum,
3422 1362 3427 1367 η

1958 1385 2177 1453 Scilicet
2197 1388 2265 1444 ad
2287 1388 2495 1443 cultum
2524 1387 2750 1455 Christi,
2777 1396 3138 1459 sanctumque
3161 1392 3475 1460 sepulcrum

1880 1482 1883 1489 '
1956 1479 2032 1536 De
2062 1495 2230 1551 prope
2253 1481 2485 1553 debebat
2511 1482 2656 1552 quod
2679 1498 2925 1552 pergere,
2958 1483 3005 1537 si
3046 1482 3148 1537 sibi
3173 1483 3333 1538 cedat

1956 1569 2099 1637 Vita,
2136 1571 2307 1637 salus,
2339 1579 2550 1626 tantum
2574 1572 2655 1626 vel
2680 1573 2748 1626 ad
2774 1588 2947 1627 unum
2972 1573 3202 1643 pleniter
3221 1572 3424 1630 annum
3442 1591 3482 1641 ςν

1956 1666 2132 1737 Atque
2155 1680 2351 1721 novam
2377 1668 2600 1738 puppim
2623 1668 2740 1722 ﬁeri
2764 1668 2875 1723 dux
2899 1668 3043 1724 illico
3062 1668 3251 1738 jussit,

1955 1759 2218 1830 Sumptus
2247 1766 2413 1831 atque
2433 1761 2578 1816 locat
2600 1775 2712 1831 quo
2734 1760 3005 1831 compleat
3022 1761 3138 1816 haec
3161 1776 3260 1817 sua
3286 1769 3447 1815 vota..

1953 1850 2059 1907 Sed
2080 1852 2354 1923 complere
2384 1854 2593 1923 nequit,
2627 1853 2757 1923 quia
2792 1868 2943 1910 mors
2973 1869 3086 1908 non
3115 1854 3217 1910 hoc
3249 1854 3351 1909 sibi
3377 1854 3539 1910 cedit.

1952 1941 2070 2012 Ipse
2098 1943 2187 1998 die
2207 1952 2360 1999 sexta
2383 1944 2534 2015 (645)
2562 1942 2688 1998 Maii
2713 1954 2838 2016 post
2855 1946 3056 2017 quippe
3081 1943 3355 2002 Kalendas

1950 2032 2203 2090 Deseruit
2243 2042 2466 2102 terram,
2508 2048 2673 2105 quem
2717 2034 2974 2091 Christus
3006 2035 3172 2089 ducat
3191 2034 3259 2089 ad

3022 2123 3277 2197 [aathram
3294 2123 3464 2195 (646).

1949 2214 2179 2284 Quando
2211 2216 2526 2283 defunctus,
2547 2224 2708 2271 terra:
2731 2217 2913 2283 datus,
2941 2225 3134 2287 estque
3165 2216 3433 2287 sepultus,

1950 2304 2107 2362 Tunc
2127 2306 2525 2379 quinquaginta
2548 2306 2661 2362 duo
2681 2314 2926 2378 tempora
2950 2307 3097 2362 mille
3118 2305 3215 2361 Dei
3242 2314 3390 2362 stant
3416 2324 3430 2371 ;

1949 2397 2168 2454 Mantua
2191 2414 2395 2469 corpus
2420 2398 2611 2465 habes,
2632 2398 2813 2454 honor
2832 2398 3026 2470 ingens
3042 2406 3127 2453 est
3152 2398 3270 2464 tibi,
3294 2409 3480 2469 grates

1950 2488 2079 2545 lude
2100 2488 2304 2545 referre
2331 2487 2443 2544 Deo
2463 2489 2632 2545 debes
2656 2489 2993 2559 saepissime;
3018 2504 3155 2544 vero

1950 2580 2084 2651 Ejus
2105 2589 2216 2636 uta
2239 2581 2420 2651 pinnis
2441 2582 2681 2635 animam
2704 2588 2894 2636 caveat
2922 2579 3067 2635 Dens
3094 2579 3184 2635 avi
3205 2578 3352 2650 (647)

1949 2670 2125 2727 Corde
2152 2671 2322 2727 Deum
2344 2680 2495 2727 recto
2509 2671 2716 2742 jugiter
2738 2672 2957 2742 pulsare
2982 2681 3259 2727 memento
3283 2688 3298 2736 ;

1949 2761 2178 2834 Propter
2205 2779 2369 2835 quem
2411 2761 2696 2820 Christum
2746 2772 2903 2835 roget
2928 2764 3112 2819 omnis
3133 2764 3301 2819 homo
3320 2762 3541 2818 cruciﬁ-

1951 2851 2195 2910 Tartarei
2220 2869 2414 2925 poenas
2438 2853 2750 2910 Deusaul’er
2770 2854 2933 2925 eique
2955 2863 3201 2919 catenas,
3268 2852 3433 2925 [sum
3452 2872 3473 2909 ι

1948 2946 2088 3002 Cum
2120 2947 2335 3003 veneris
2355 2946 2528 3017 judex
2550 2962 2675 3002 cum
2700 2947 2926 3014 sanctis,
2957 2947 3024 3001 da
3060 2946 3163 3003 sibi
3185 2948 3393 3012 lucem;

1876 3071 1919 3130 ε
1952 3042 2120 3116 Virgo
2148 3042 2317 3099 Maria
2338 3052 2524 3115 caput,
2547 3044 2795 3099 dextram
2819 3041 3157 3114 Michaelqne
3178 3042 3419 3107 beatus“

1952 3135 2147 3192 Petrus
2172 3145 2229 3191 et
2248 3136 2516 3204 Andreas,
2547 3136 2868 3207 Apollonius
2889 3151 3107 3207 quoque
3129 3136 3319 3190 laevam
3374 3174 3377 3179 ι

1950 3225 2100 3284 llius
2121 3228 2403 3297 extollant,
2415 3236 2470 3284 et
2490 3243 2616 3284 eum
2639 3244 2805 3300 super
2824 3236 2974 3284 astra
2996 3226 3315 3285 recondam.
3340 3225 3536 3283 Amen.

2533 3340 2766 3398 CAPUT
2803 3340 2946 3397 XVI.

1956 3429 2172 3487 Urbana
2189 3431 2471 3487 altercatio
2491 3433 2632 3489 inter
2651 3432 2942 3487 Canossam
2963 3440 3013 3485 et
3044 3430 3322 3491 Mantuam
3347 3432 3541 3488 decor-

2127 3520 2251 3577 pore
2275 3504 2430 3558 ducis
2466 3513 2515 3559 et
2540 3502 3153 3574 marchianisBonifacii
3180 3503 3377 3574 (648).-

2530 3610 2757 3651 CANOBSA
2788 3610 2959 3650 DICIT.

1951 3684 2010 3740 In
2034 3686 2247 3741 tumulo
2274 3695 2494 3757 patrum
2528 3686 2785 3743 dominus
2809 3702 2965 3741 meus
2994 3699 3119 3741 esse
3140 3684 3382 3740 locatum

1951 3772 2168 3846 Optavit
2192 3791 2393 3847 corpus
2415 3777 2700 3848 proprium
2733 3775 3067 3832 Bonifacius.
3108 3774 3222 3829 Hoc
3246 3784 3302 3830 tu

1952 3866 2155 3923 Verum
2175 3883 2513 3938 praesumens
2533 3867 2788 3938 rapuisti,
2812 3866 3053 3922 Mantua.
3077 3865 3191 3922 Cur
3219 3882 3304 3923 me

1950 3954 2191 4025 Corpore
2219 3956 2288 4011 de
2311 3964 2463 4011 tanto
2486 3956 2740 4023 turbasti,
2773 3972 2862 4010 me
2882 3955 3200 4026 spoliando‘l

2454 4062 2668 4102 ΙΛΝἸὋΛ
2699 4062 3029 4101 RESPONDET.

1954 4135 2097 4220 Urbs
2123 4153 2223 4210 ego
2245 4152 2370 4195 sum
2403 4136 2547 4193 dicta
2575 4155 2587 4191 :
2619 4144 2675 4191 ιιι
2700 4137 2895 4193 diceris
2925 4152 3025 4191 arx
3055 4133 3378 4194 Canusium.

2026 4293 2177 4366 (645)
2206 4291 2304 4348 Est
2331 4292 2465 4366 mihi
2486 4289 3001 4366 chartaconcordize
3029 4290 3172 4366 inter
3194 4285 3555 4366 Benilacium

1954 4355 2205 4422 nostrum
2233 4372 2396 4433 atque
2421 4362 2603 4418 Ottam
2650 4362 2983 4418 abbatissam
3027 4358 3388 4433 Parmenonis
3410 4355 3521 4433 Dri-

264 4416 1850 4506 mamma};sessioninzsasm'magna},
1881 4416 1927 4471 ι)
1951 4416 2631 4506 ξίξῐέι--εξίιῖςιέυ-ιαιίςςι,
2656 4416 2871 4506 scripta
2911 4430 3105 4506 paucis
3155 4437 3281 4506 me
3320 4426 3543 4506 diebus.

265 4508 323 4560 in
349 4508 587 4563 consiliis
606 4509 942 4579 providus,et
964 4509 1242 4573 discretus,
1279 4507 1541 4578 facundus
1560 4508 1619 4579 in
1642 4506 1853 4579 loquela

265 4586 318 4632 et
338 4589 587 4633 constans
607 4580 806 4646 animo,
832 4579 1195 4633 Ecclesiarum
1220 4579 1481 4649 defensor,
1506 4586 1556 4631 et
1582 4578 1639 4631 in
1653 4578 1851 4658 divinis

267 4649 451 4705 ofﬁciis
479 4648 704 4703 libenter
741 4649 1009 4705 audiebat.
1057 4658 1108 4703 et
1143 4649 1378 4703 donabat
1412 4648 1689 4705 Ecclesiis.
1744 4657 1850 4705 etc.

267 4664 451 4716 onum
479 4664 704 4703 libenter
741 4664 1009 4716 audiebat,
1057 4664 1108 4703 et
1143 4664 1378 4703 aonaoat
1412 4664 1689 4714 δεηθείη,
1744 4664 1850 4705 etc.

267 4649 451 4772 {ficiis
479 4649 704 4703 libenter
741 4649 1016 4732 audiebat,
1057 4658 1108 4703 et
1132 4649 1378 4732 donabat
1412 4649 1689 4714 Ecclesiis,
1744 4649 1850 4705 etc'.

317 4735 396 4774 aee
420 4720 615 4791 procul
644 4719 811 4791 dubio
832 4735 863 4776 e
883 4719 1179 4791 Donizonts
1200 4735 1441 4776 carmme
1458 4718 1710 4791 deducta,
1726 4735 1853 4791 cum

267 4789 453 4845 tamen
481 4791 620 4846 nihil
666 4790 864 4846 horum
892 4790 947 4845 in
973 4791 1132 4846 editis
1165 4799 1440 4845 occurrat.
1471 4789 1736 4859 Autiergo
1767 4789 1854 4843 in-

268 4862 553 4918 tercidisse
568 4863 862 4941 putandus
881 4869 980 4941 est_
990 4860 1187 4941 aliquis
1210 4877 1423 4941 versus,
1452 4858 1851 4941 autnEpitomes

272 4941 463 4988 auctor
487 4929 727 5003 reddidit
755 4932 841 5003 his
870 4933 1052 5003 verbis
1075 4929 1239 5001 caput
1266 4932 1300 4987 8
1328 4932 1493 5003 hujus
1517 4929 1643 4984 libri
1671 4946 1732 4998 ιι,
1757 4930 1849 4985 ubi

271 5011 399 5058 sunt
432 5003 625 5059 laudes
652 5002 938 5058 Bonifaeii.
974 5002 1119 5057 Mus.

362 5074 489 5144 640)
512 5073 693 5145 Ipsius
720 5074 923 5145 capella
953 5073 1300 5145 ornatiorem.
1341 5072 1493 5145 Lam.

274 5168 279 5173 ’
319 5138 491 5216 (641)
522 5138 602 5199 fta
624 5138 843 5216 quoque
868 5140 1514 5216 inRegiensicodiee_._ln
1534 5138 1845 5216 Padoliron.

272 5210 487 5270 additur
514 5232 548 5269 a
572 5210 771 5269 sancto'
797 5210 1059 5270 Guidone:
1094 5212 1208 5268 Hoc
1246 5224 1329 5271 est
1365 5212 1590 5283 abbate
1609 5210 1840 5283 Pompo-

283 5285 673 5366 (enisoesobii
700 5286 756 5339 ίιι
781 5284 1263 5378 Femineis?
1281 5280 1851 5380 Ϊξξὲξιέβὲξίὲξὶίξὶξιέ

1559 5350 1622 5380 “ll
1653 5354 1849 5380 ﬁmi-Im

1950 4506 2222 4577 videlicet,
2297 4520 2438 4577 anno
2502 4496 2797 4577 millesimo
2828 4496 3263 4577 quinquagesimo
3309 4496 3541 4577 secando.

1954 4568 2217 4632 Henricus
2257 4574 2439 4646 gratia
2480 4573 2590 4646 Dei
2628 4574 2759 4646 imp.
2807 4568 3382 4646 A'ug.,:annoimperii
3422 4568 3535 4635 ejus

1978 4656 2120 4719 exta,
2154 4637 2345 4719 quarto
2378 4642 2658 4719 Kalendas
2692 4637 3078 4719 Aprilisg‘iind.
3110 4637 3317 4719 quinta.
3346 4637 3552 4719 {letam

1952 4723 2009 4774 in
2029 4706 2244 4773 civitate
2268 4715 2511 4787 Mantuae
2538 4716 2595 4768 in
2618 4706 2835 4787 Palatio
2860 4706 3032 4766 eidem
3070 4706 3395 4765 mare/tionis
3432 4706 3538 4787 Do—

1956 4788 2168 4858 nifacii.
2197 4788 2383 4858 Quare
2401 4786 2573 4858 vides,
2610 4792 2757 4858 recte
2803 4783 2919 4858 haec
2955 4796 3258 4858 congruere
3284 4791 3409 4857 cum
3449 4783 3539 4858 iis,

1996 4850 2082 4914 ua:
2140 4850 2307 4915 habet
2348 4850 2589 4927 ‘Donizo.
2649 4852 2971 4921 Arnulphus
3020 4850 3441 4927 Mediolanensis
3468 4850 3544 4927 _i_n

1996 4874 2082 4914 ua:
2140 4873 2307 4915 nanet
2363 4873 2589 4910 uomzo.
2649 4873 2971 4921 Al'lllllpllus
3021 4873 3441 4907 MCUIOIallcllaIb
3488 4873 3544 4900 ιιι

1956 4873 2195 4986 Ἀίδιοτὶίι
2221 4944 2319 4986 sua
2347 4924 2699 4998 Bonifacium
2712 4939 2977 4995 perquam
3006 4917 3379 4998 senemnobis
3398 4916 3549 4998 exitia

1958 4997 2067 5056 bet.
2096 4999 2165 5056 Et
2192 4985 2382 5056 mvera
2412 5010 2540 5069 cum
2570 4985 2807 5069 circiter_
2827 4985 3035 5069 annum
3081 4991 3224 5069 10οῥ
3273 4985 3559 5069 mat-chios

1957 5084 2273 5144 nem_agere
2315 5066 2561 5137 cmperit,
2591 5080 2737 5122 anno
2791 5063 2963 5144 1052,
2996 5079 3169 5121 senex
3196 5063 3364 5119 fuerit
3388 5071 3558 5126 Opere

1953 5148 2050 5195 tet.
2090 5138 2236 5198 Μῦιι.
2794 5150 2799 5153 ‘
2918 5138 2963 5144 ”

2030 5191 2291 5283 (ϐαλῶ-ἑξ
2303 5206 2534 5283 insidiis
2556 5206 2794 5283 recisum
2822 5215 3012 5283 narrat
3028 5202 3385 5283 Hermannus
3408 5191 3563 5250 Con-

1956 5273 2353 5344 tra‘ctus'1052,
2382 5276 2530 5347 quod
2558 5287 2720 5346 poeta
2739 5276 3071 5335 dissimulat.
3096 5273 3255 5331 Lam.

2030 5353 2082 5380 ll!

2070 5330 2183 5380 ζῖ-ῖί
2197 5330 2367 5380 an;
2394 5330 2719 5380 Ἲιζ.ᾎ.⁸,...ζ;’ῗ
2734 5330 3005 5380 ἠιζτζ.ἑξ.’.ζέ
3024 5349 3379 5380 αιτιοι-ιηνηπι-
3400 5330 3562 5380 ιειιι-
