3984 5380
476 269 576 331 091

1454 272 1554 329 AD
1588 272 1814 331 OPEBA
1858 275 1914 332 S.
1957 275 2284 335 GRECOBI!
2320 277 2768 338 APPENDICES.
2810 306 2811 313 η

3644 290 3749 355 Μ

474 384 617 441 Ante
645 401 835 442 novem
872 385 1018 443 soles
1041 388 1056 408 ‘
1089 386 1238 458 (699)
1272 385 1484 446 Madius
1513 405 1681 460 quam
1722 390 1890 449 ferret
1929 392 2064 451 odo-
2094 396 2141 454 A
2166 393 2248 449 Ad
2286 394 2490 451 scelera
2523 412 2744 453 rursum
2768 396 2931 453 rediit
2963 412 3056 454 rex
3098 406 3227 470 post
3275 400 3555 458 modicum
3600 412 3746 470 uiae,

1725 500 1815 540 res
1846 485 1972 540 (700

1725 500 1815 542 res
1872 485 1972 540 700

472 568 557 629 Ex
579 571 685 629 isto
710 588 922 641 cosmo,
946 588 1145 644 supero
1166 574 1475 645 requiescat
1507 576 1561 632 in
1589 577 1765 636 horto.
1846 484 1864 557 (
1973 486 1995 559 )

467 661 621 722 Anni
649 664 794 719 mille
816 664 931 732 Dei,
956 674 1089 732 tres,
1116 674 1250 723 tunc
1275 684 1495 740 quoque
1523 673 1860 746 septuageni.

1017 775 1022 781 '
1059 757 1290 815 CAPUT
1327 761 1470 818 XIX.

476 841 631 909 Quod
663 853 780 915 post
814 846 1182 904 Alexandrum
1213 849 1494 977 Gregorius
1523 855 1776 924 septimus
1810 873 1950 977 pallia
1975 875 2065 912 sa-

544 925 725 970 cratus
753 927 850 977 est,
876 935 994 974 cum
1027 937 1130 977 auo
1158 923 1310 977 Drwli
1347 934 1469 977 alus
1503 942 1594 977 rea:
1622 928 1811 977 fandiu
1896 930 2063 977 iscor-

544 925 725 992 c_ratns
753 927 850 985 est,
876 935 999 992 cum,
1027 937 1130 992 quo
1156 923 1469 992 prwlibalus
1503 923 1594 980 rea:
1622 923 1820 982 tandiu'
1857 923 2063 984 discor-

542 988 703 1042 datus
731 998 830 1055 est,
858 990 1001 1061 quod
1027 988 1090 1046 iw
1121 988 1180 1046 eo
1213 994 1498 1062 damnatus
1535 1007 1634 1053 est.

468 1078 601 1136 Post
622 1081 992 1139 Alexandrum
1029 1082 1131 1140 fuit
1156 1085 1510 1158 lldeprandus
1544 1092 1815 1149 amandus

465 1173 712 1233 Antistes
739 1176 934 1245 factus,
968 1179 1123 1249 prius
1153 1180 1575 1239 archidiaconus
1599 1186 1777 1242 almus

466 1263 692 1321 Exstltit
713 1266 957 1337 ejusdem
985 1271 1295 1328 reverendae
1316 1274 1461 1329 sedis
1498 1275 1551 1331 in
1588 1277 1751 1345 urbe;

466 1356 607 1412 Dum
632 1369 1006 1423 consecratur,
1031 1359 1327 1434 Gregorius
1361 1364 1476 1436 ipse
1506 1376 1754 1436 vocatur,

466 1447 601 1505 Jure
631 1449 773 1506 Deus
795 1468 992 1508 nomen
1018 1453 1121 1509 sibi
1146 1457 1252 1511 tale
1267 1456 1414 1513 dedit
1443 1459 1527 1513 vel
1558 1461 1845 1529 honorem,

463 1537 545 1596 Ne
566 1540 729 1612 lupus
752 1542 1039 1614 irrumpat,
1064 1544 1252 1617 vigilat
1276 1547 1462 1603 caulas
1483 1550 1668 1605 ovium
1699 1561 1817 1618 sat;

466 1629 705 1687 Noverat
724 1648 847 1689 esse
872 1634 1256 1705 piusmiseris,
1289 1639 1414 1694 altis
1436 1656 1657 1712 quoque
1687 1641 1841 1699 dirus
1887 1641 2058 1716 (701),

465 1721 821 1795 Diversisque
851 1727 1030 1782 modis
1065 1729 1280 1785 culmen
1305 1731 1574 1788 retinebat
1607 1734 1863 1803 honoris;

463 1811 666 1870 Plenus
696 1824 813 1871 erat
837 1817 973 1873 mira
996 1836 1162 1891 super
1188 1836 1381 1879 omnes
1404 1824 1604 1896 quippe
1627 1826 1842 1897 sophia,

467 1904 745 1976 Septimus
770 1909 998 1967 antistes
1034 1910 1330 1985 Gregorius
1352 1916 1563 1972 exstitit
1598 1917 1732 1986 iste;

464 1995 642 2054 Lucra
674 2000 852 2071 gregis
875 2017 1128 2071 qumrens
1150 2007 1359 2064 studuit
1384 2024 1679 2082 regemque
1708 2027 1932 2067 monere
2004 2002 2009 2009 ’

463 2089 724 2162 Dulciter,
753 2112 785 2152 a
812 2098 979 2155 tantis
1009 2100 1359 2172 resipiscerct
1380 2112 1440 2158 ut
1464 2103 1768 2161 malefactis
1800 2106 1973 2178 (702),

463 2184 737 2247 Ecclesias
769 2193 993 2263 scripsit
1012 2195 1189 2264 pretio
1224 2211 1292 2251 ne
1315 2197 1573 2253 venderet
1600 2198 1724 2268 ipsi.

462 2281 547 2337 Ad
581 2284 739 2355 cujus
767 2286 972 2357 scripta
994 2288 1279 2359 rescripsit
1301 2304 1397 2344 rex
1422 2290 1568 2347 bona
1601 2292 1781 2359 dicta;

463 2374 637 2447 Cujus
668 2394 807 2450 papa
842 2379 1029 2452 legens
1056 2381 1260 2452 apices,
1288 2382 1532 2454 gaudens
1566 2383 1642 2438 ait
1678 2400 1798 2439 esse

462 2464 525 2521 In
565 2470 704 2525 coelo
737 2473 950 2528 cunctis
977 2473 1044 2528 de
1082 2474 1176 2529 tali
1198 2475 1393 2546 gaudia
1410 2474 1595 2546 justis.

465 2558 582 2616 Rex
620 2562 764 2619 ultra
792 2574 1008 2621 montes
1038 2567 1289 2638 degebat,
1308 2578 1495 2640 pastor
1528 2570 1582 2629 in
1610 2568 1775 2635 Urbe,

464 2651 700 2724 Legatus
734 2656 892 2711 velox
923 2656 1195 2714 referebat
1216 2659 1296 2724 eis
1321 2677 1460 2716 nova
1481 2662 1735 2729 crebere;

463 2742 610 2801 Inter
632 2756 897 2819 utrosque
934 2766 1166 2807 manens
1189 2750 1465 2809 Mathildis
1492 2756 1710 2828 cognita
1732 2765 1925 2823 mater,

463 2834 537 2893 Ut
556 2854 660 2909 pax
681 2838 736 2895 in
760 2857 931 2912 regno
956 2850 1070 2898 toto
1103 2844 1259 2901 fieret
1290 2846 1412 2904 sine
1434 2846 1597 2915 bello,

461 2928 748 2988 Pontificis
778 2949 968 3004 pacem
1002 2952 1185 3007 regem
1220 2939 1485 2995 suadebat
1512 2956 1719 3009 amare,

461 3023 641 3095 Atque
670 3025 822 3095 pium
845 3040 1042 3099 papam
1066 3028 1132 3084 de
1159 3030 1303 3102 regis
1324 3047 1511 3088 amore
1533 3036 1780 3106 rogarat.

463 3113 615 3187 (705)
650 3115 814 3189 Regis
847 3128 966 3196 erat
996 3129 1174 3180 mater
1194 3128 1328 3178 tunc
1356 3121 1542 3181 Roma:
1571 3126 1786 3182 subdita
1811 3116 1983 3199 pub-'3.

461 3205 638 3273 Quam
671 3208 756 3264 vir
773 3226 975 3267 amans
992 3226 1185 3283 pacem
1219 3229 1320 3286 pro
1351 3217 1467 3272 nati
1499 3218 1714 3275 mittere
1746 3235 1881 3292 pace

461 3295 711 3368 Ordinat,
746 3307 801 3357 et
831 3292 1017 3357 secum
1046 3302 1393 3362 Praenestina:
1425 3322 1646 3382 quoque
1673 3324 1867 3365 verum

459 3391 783 3449 Pontificem
804 3394 1034 3465 Christi,
1058 3396 1149 3453 cui
1170 3398 1354 3471 jungit
1381 3408 1436 3455 et
1466 3402 1647 3459 hostia
1688 3404 1860 3460 tristis
1904 3404 2053 3478 (704)

460 3481 785 3542 Pontificem
808 3502 1090 3557 magnum,
1109 3504 1273 3558 quem
1300 3491 1521 3548 nomine
1542 3492 1720 3547 clamo
1742 3490 2052 3563 Giraldum;

462 3575 578 3633 ﬂos
603 3578 747 3633 ultra
782 3588 1003 3635 montes
1025 3580 1225 3637 direxit
1248 3597 1409 3653 papa,
1442 3584 1710 3655 duosque,

462 3667 616 3736 Quos
641 3686 737 3725 rex
761 3670 1050 3744 dignanter
1069 3688 1194 3730 cum
1216 3682 1392 3731 matre
1415 3676 1679 3750 recolligit
1698 3676 1849 3749 Agne
1880 3677 2053 3751 (705),

461 3757 522 3815 In
562 3761 818 3818 manibus
848 3778 1083 3834 quorum
1120 3765 1373 3837 promisit
1399 3765 1556 3837 jussa
1592 3768 1807 3838 piorum

464 3849 536 3906 Se
566 3866 669 3922 pro
700 3866 862 3923 posse
893 3856 1048 3926 sequi
1084 3872 1254 3928 papae,
1280 3858 1455 3916 sancti
1481 3873 1699 3930 quoque
1720 3858 1887 3927 Petri,

461 3942 762 4001 Ecclesiam
786 3947 934 4021 (706)
953 3951 1154 4005 summi
1172 3950 1387 4007 Domini
1406 3968 1515 4008 non
1533 3954 1766 4011 vendere
1779 3955 2049 4026 nummis;

460 4035 726 4096 Lmtifieat
745 4042 899 4097 valde
921 4043 1035 4098 nati
1058 4046 1346 4115 responsio
1371 4056 1641 4116 matrem;

461 4128 694 4188 Romam
724 4150 970 4208 regressa
997 4152 1152 4207 papa:
1175 4138 1361 4195 retulit
1384 4156 1525 4196 nova
1547 4149 1733 4213 gesta;

459 4220 606 4297 Papa
632 4225 742 4283 Deo
766 4227 980 4293 laudem
1019 4230 1142 4287 tulit
1164 4231 1487 4295 immensam
1526 4249 1690 4309 super
1724 4235 1865 4291 hanc
1911 4248 2047 4293 rem.

533 4401 683 4481 (690)
739 4403 1083 4481 Asteriscum
1131 4406 1221 4481 hic
1273 4409 1457 4479 posuit
1499 4407 1838 4481 Leibnitius,
1889 4412 2050 4481 quasi

2170 485 2251 540 Ad
2276 502 2437 557 quem
2474 487 2789 543 mendacem
2816 488 3016 546 direxit
3049 490 3231 547 denuo
3266 501 3539 560 matrem;

2171 578 2247 634 De
2277 595 2445 651 prope
2468 589 2592 651 post
2615 581 2790 650 ipsam
2813 581 2917 638 sibi
2942 583 3249 639 transmisit
3268 600 3369 640 sua
3398 586 3634 657 scripta;

2168 670 2273 738 Qui
2296 674 2471 729 doluit
2494 674 2735 740 tandem,
2761 675 3030 745 matrique
3057 677 3348 747 spopondit
3369 685 3432 732 ut
3465 687 3593 733 ante

2166 762 2406 821 Credidit
2426 766 2532 821 hoc
2555 766 2738 823 statim
2773 767 3027 837 genitrix,
3054 768 3199 839 quod
3233 785 3327 825 rex
3358 769 3648 839 simulavit,

2166 856 2299 924 Quae
2319 859 2479 914 rediit
2500 859 2753 926 Romam,
2776 875 2971 931 papam
3006 867 3314 916 reverenter
3342 862 3640 930 honorans,

2165 948 2297 1006 Post
2316 951 2433 1006 haec
2454 952 2521 1007 ad
2542 968 2721 1023 regem
2752 952 2836 1007 bis
2861 952 3081 1024 scripsit
3099 968 3236 1024 papa
3255 954 3540 1021 decenter;

2166 1041 2318 1109 Quos
2353 1044 2536 1115 apices
2565 1060 2757 1101 sacros
2793 1044 2965 1101 tenuit
2999 1062 3093 1102 rex
3142 1046 3381 1103 maxime
3423 1048 3644 1115 charos,

2158 1134 2339 1202 Quem
2382 1144 2512 1193 tunc
2536 1134 2782 1192 Saxones
2810 1153 2993 1209 regem
3024 1153 3276 1209 sprevere
3302 1136 3542 1204 feroces,

2165 1225 2354 1283 Praclia
2379 1228 2472 1299 qui
2489 1244 2674 1285 secum
2712 1237 2959 1285 statuunt
2976 1229 3321 1286 committere
3342 1230 3566 1285 demum
3598 1249 3612 1285 :

2167 1319 2318 1390 (707)
2335 1318 2490 1387 Quod
2505 1338 2598 1377 rex
2612 1321 2820 1392 absque
2844 1337 3163 1393 morapapaa
3181 1322 3483 1388 mandavit,
3495 1323 3737 1392 adorans,

2164 1417 2343 1487 Atque
2363 1422 2552 1487 petens
2583 1415 2786 1485 ipsum,
2810 1429 2910 1485 pro
2940 1407 3172 1487 se'roget
3200 1423 3263 1470 ut
3285 1415 3630 1472 cruciﬁxum.

2163 1507 2358 1565 Pastor
2384 1506 2671 1565 confestim
2706 1505 2986 1564 Saxonum
3019 1508 3235 1565 mittere
3271 1509 3420 1581 genti

2163 1602 2362 1657 Curavi
2371 1609 2410 1669 t,
2450 1602 2606 1672 plane
2630 1616 2817 1672 pacem
2841 1600 3069 1671 cupiens
3094 1616 3371 1667 revocare,

2163 1692 2293 1750 lude
2325 1711 2458 1750 suus
2490 1695 2692 1750 missus
2725 1694 2901 1749 donec
2923 1694 3127 1761 redeat,
3145 1694 3302 1765 jubet
3328 1694 3511 1764 ipsum

2092 1786 2134 1842 Β
2166 1787 2362 1860 [legem
2396 1788 2546 1842 nullo
2567 1787 2731 1842 modo
2751 1801 2917 1857 super
2939 1786 3090 1857 ipsos
3114 1802 3373 1859 pergere;
3400 1787 3552 1857 quod
3574 1803 3681 1843 non

2162 1882 2277 1937 Rex
2303 1881 2662 1953 exspectavit,
2694 1880 2941 1952 galeatus
2973 1879 3107 1951 quin
3128 1880 3417 1950 equitavit,

2158 1974 2363 2030 Contra
2397 1973 2663 2041 Saxones,
2690 1973 2783 2044 qui
2812 1972 2982 2028 fortes
3008 1981 3141 2029 sunt
3157 1981 3212 2028 et
3234 1979 3467 2027 atroces.

2158 2066 2421 2124 Peccator
2443 2067 2716 2138 quamvis,
2762 2066 3005 2137 prudens
3046 2074 3226 2121 tamen
3258 2065 3351 2121 hic
3390 2072 3514 2122 erat
3554 2066 3746 2130 armis;

2160 2160 2468 2218 Commisso
2487 2161 2648 2228 bello,
2673 2160 2849 2215 victor
2872 2175 2968 2215 rex
2993 2159 3203 2215 exstitit
3221 2174 3374 2231 ergo,

2162 2252 2317 2309 Unde
2366 2255 2636 2325 superbus
2672 2253 2856 2319 adest,
2891 2268 3086 2324 papam
3135 2251 3404 2322 despexit,
3432 2260 3496 2307 ut
3542 2266 3749 2316 autem,

2161 2347 2355 2407 Omnia
2384 2363 2510 2418 qua:
2528 2363 2682 2418 papae
2706 2347 2978 2417 matrique
3006 2345 3372 2416 spoponderat
3392 2354 3544 2409 ante.

2162 2441 2346 2512 Fregit
2370 2450 2425 2496 et
2452 2441 2670 2507 invasit,
2700 2438 3045 2495 Simoniaeos
3067 2438 3363 2496 revocavit.

2160 2533 2408 2591 Adicitur
2435 2534 2592 2588 valde
2627 2532 2714 2587 vir
2740 2531 3077 2603 apostolicus
3111 2546 3277 2601 super
3300 2531 3447 2586 hanc
3473 2545 3625 2595 rem;

2160 2624 2365 2685 Accitis
2400 2627 2586 2682 missis
2614 2626 2803 2682 multis
2828 2626 2934 2681 hoc
2960 2625 3108 2682 illico
3131 2624 3371 2694 scripsit,

2158 2721 2337 2793 Atque
2364 2719 2597 2777 Beatriei
2621 2720 2874 2785 dominze,
2900 2719 3151 2790 proliqnc
3177 2716 3448 2785 Metirildi,

2160 2813 2293 2882 Qure
2336 2813 2620 2869 dominum
2675 2828 2871 2884 papam
2922 2812 3241 2884 flagrantem
3300 2810 3481 2883 (708)
3540 2825 3747 2881 scalper

3365 2903 3673 2977 laniabant,

2158 3001 2451 3059 Perfidiam
2480 3000 2626 3073 regis
2653 3000 2994 3057 detestavere
3019 2997 3301 3055 tumentis.

2162 3095 2310 3169 (709)
2335 3095 2534 3153 Acrius
2567 3094 2635 3151 ad
2662 3110 2845 3166 regem
2866 3092 3088 3164 scripsit
3107 3100 3299 3163 pastor
3317 3107 3498 3158 sacer,
3525 3101 3584 3149 et
3602 3109 3661 3149 se

2086 3150 2128 3207 C
2429 3150 2631 3245 clamat
2651 3150 2758 3243 non
2789 3201 2951 3258 posse
2973 3150 3086 3258 pati
3107 3150 3255 3241 inala
3281 3193 3455 3241 tanta.

2158 3282 2274 3340 Rex
2298 3299 2427 3340 mox
2454 3283 2560 3339 hac
2595 3280 2719 3337 illac
2745 3280 3056 3337 discurrere
3078 3278 3263 3349 cmpit,
3285 3277 3352 3333 ad
3378 3277 3488 3333 ista

2157 3378 2350 3435 Plures
2376 3391 2667 3450 perversos
2699 3374 3019 3430 coadunans
3043 3379 3289 3443 tempore
3307 3380 3486 3439 certo,

2157 3472 2294 3527 Cum
2317 3471 2519 3542 quibus
2541 3469 2831 3524 adversum
2859 3475 3071 3537 patrem
3088 3465 3335 3536 loquitur
3368 3467 3743 3523 revertendum.

2157 3564 2507 3637 Moguntinus
2530 3562 2603 3617 ibi
2633 3559 2735 3615 fuit
2761 3560 3226 3631 archiepiscopus,
3258 3558 3365 3630 ipsi

2155 3654 2185 3712 Ι
2191 3656 2432 3712 udicium
2468 3662 2643 3709 totum
2673 3652 2868 3709 tribuit
2891 3668 2987 3708 rex
3007 3651 3335 3722 ﬂagitiosus.

2156 3746 2275 3803 lluc
2310 3747 2429 3819 Ugo
2452 3755 2586 3802 tunc
2606 3744 2779 3801 falsus
2804 3745 2971 3811 venit,
3002 3744 3096 3816 qui
3123 3744 3326 3800 dicitur
3353 3743 3539 3810 albus,

2158 3839 2306 3911 (710)
2320 3836 2495 3893 Oilieit
2514 3837 2603 3892 hic
2615 3836 2801 3891 multis
2816 3853 2830 3902 ;
2846 3834 3108 3891 Romana'
3126 3835 3580 3907 presbyter(7li)
3600 3834 3745 3891 urbis

2156 3933 2264 3991 Ter
2292 3934 2585 3989 damnatus
2603 3938 2743 3996 erat,
2781 3931 2955 4002 pretio
2990 3929 3118 4000 quia
3144 3928 3473 3984 restituebat

2156 4034 2443 4104 Emptorcs
2468 4031 2677 4087 Christi
2702 4033 3053 4101 templorum,
3079 4030 3306 4101 junctus
3330 4039 3385 4085 et
3406 4030 3552 4101 ipsis

2152 4135 2429 4191 Adversus
2453 4146 2650 4205 papam
2674 4132 2885 4204 fingens
2908 4131 3073 4198 mala,
3096 4130 3406 4187 hetilicabat

2153 4235 2332 4293 Corda
2360 4236 2748 4310 malignorum,
2770 4236 2917 4308 regis
2947 4234 3133 4301 simul,
3170 4242 3226 4290 et
3248 4235 3556 4291 sociorum.

2153 4407 2495 4475 Ostiensem,
2542 4408 2969 4477 Praenestinum,
3011 4407 3363 4475 Curiensem,
3408 4406 3745 4471 Cumensem

461 4464 675 4558 aliquid:
720 4464 1331 4558 (iesideretur.n\’eru'ri1
1388 4495 1584 4558 sensus
1630 4464 2050 4558 bene_co:t:stat,
2085 4464 2490 4558 01071:}1-13:

458 4553 515 4600 et
536 4545 673 4598 nihil
700 4545 848 4619 aliud
876 4548 1070 4619 poscit.
1097 4546 1193 4602 Est
1219 4557 1397 4603 autem
1428 4549 1699 4619 ejusmodi
1735 4570 1747 4604 :
1783 4545 2051 4610 Praefatus

459 4630 598 4687 papa
628 4618 861 4692 recessit,
892 4618 996 4672 hoc
1019 4627 1103 4673 est
1147 4628 1423 4692 postremo
1457 4618 1582 4692 fato
1634 4621 1885 4680 sublatus
1943 4633 2046 4692 est,

459 4700 641 4761 uocem
668 4686 803 4741 soles
827 4694 949 4743 ante
976 4686 1388 4761 quant—dludi”
1438 4691 1597 4761 ferret
1653 4692 1858 4760 odores,
1888 4694 1940 4750 id
1966 4686 2051 4751 est

458 4754 576 4813 dies
598 4772 789 4827 novem
820 4766 946 4813 ante
976 4754 1247 4816 Kalendas
1287 4759 1415 4816 Maii
1438 4754 1689 4827 'mcnsis,
1719 4754 1917 4820 florum
1964 4776 2048 4821 at-

459 4839 567 4949 auo
586 4826 815 4910 odorum
836 4831 1192 4919 parentis._Et
1215 4831 1436 4902 quidem
1464 4850 1498 4888 χ
1521 4832 1639 4889 Kal.
1663 4826 1790 4891 Maii
1811 4834 2047 4892 Alexan-

500 4910 561 4949 er
587 4893 629 4947 Π
660 4898 796 4949 Oblti.
820 4915 966 4949 anno
991 4902 1149 4949 40m-
1174 4902 1319 4949 Mum-

500 4910 561 4950 er
587 4893 629 4947 ll
660 4898 796 4952 obiit
820 4893 966 4954 anno
991 4902 1149 4958 1075.
1174 4893 1319 4958 Men.

533 4964 681 5102 (700)
720 4967 776 5020 ll
804 4978 889 5022 est
911 4986 1097 5028 mense
1128 4974 1301 5043 Aprili
1335 4974 1464 5028 anni
1505 4973 1660 5029 1075.
1680 4973 1832 5031 Lam.

558 5033 681 5102 701)
714 5036 937 5094 Rectius
970 5040 1027 5096 in
1051 5044 1334 5100 codicibus
1370 5045 1575 5102 nostris
1618 5061 1824 5102 auoaue

460 5101 513 5157 Μ
521 5033 681 5157 l(:01)
714 5036 937 5094 Rectius
970 5040 1027 5096 in
1051 5033 1334 5100 codicibus
1370 5045 1575 5102 nostris
1618 5061 1824 5119 quoque
1857 5048 2044 5105 durus.

530 5171 662 5242 (702
720 5170 779 5226 1η
808 5176 931 5235 cod.
953 5176 1211 5248 Padolir.,
1235 5184 1552 5248 maledictis.
1580 5185 1723 5243 Men.

531 5174 1024 5367 (7103igsquentes
1049 5251 1116 5305 19
1144 5268 1339 5311 versus
1364 5256 1497 5312 citat
1542 5256 1721 5313 Baron

460 5250 568 5371 i0(7
559 5241 1024 5369 103igsquentes
1049 5251 1116 5305 19
1144 5241 1339 5311 versus
1364 5256 1497 5312 citat
1539 5241 1766 5325 Barca"
1793 5268 1929 5315 tom.
1952 5256 2046 5327 XI,

2227 4550 2375 4622 (706)
2415 4550 2550 4607 Cod.
2580 4550 2832 4624 Regiam,
2858 4559 2913 4607 et
2945 4550 3166 4623 quidem
3213 4549 3441 4611 rectius.
3467 4550 3741 4607 ecclesias.

2152 4618 2375 4764 MD(707)
2430 4691 2730 4764 sequentes
2781 4692 2848 4747 l5
2891 4707 3085 4749 versus
3140 4691 3336 4748 recitat
3389 4690 3521 4748 Bar.
3570 4691 3739 4761 1075,

2150 4762 2304 4819 num.
2329 4762 2418 4818 9.5.
2447 4762 2596 4819 Lam.

2224 4833 2372 4904 (708)
2411 4833 2546 4889 Cod.
2575 4842 2712 4900 ant.,
2743 4834 3053 4904 ﬂagranler.
3092 4832 3244 4888 Lara.

2149 4902 2277 5029 Mln
2328 4902 2534 4961 nostris
2578 4902 2799 4976 quoque
2825 4902 3127 4959 codicibus
3178 4904 3379 4975 legitur
3418 4904 3736 4975 ﬂagrant».
3852 4942 3861 4952 .

2207 4993 2295 5029 cn.

2207 4993 2295 5032 ιγιι.

2222 5046 2371 5137 (799)
2414 5044 2576 5116 chq.
2613 5060 2805 5137 versus
2826 5044 2919 5112 28,
2951 5043 3145 5101 recitat
3164 5043 3364 5100 Baron.
3392 5041 3557 5112 1076,
3585 5059 3734 5105 nunt.

2153 5116 2547 5257 15(‘fl‘lillnhod.
2579 5192 2715 5257 ant.,
2748 5185 2921 5254 oﬂ'uit,
2944 5184 2999 5257 id
3036 5193 3123 5246 est
3142 5185 3334 5257 obfuit.
3367 5183 3523 5240 ιω.

2225 5254 2505 5313 liabentet
2523 5256 2694 5311 nostri
2711 5256 2925 5311 codices
2939 5256 3117 5326 o/j‘uit.
3142 5255 3219 5312 De
3239 5254 3467 5326 Hugone
3483 5255 3735 5321 candido,

2153 5327 2269 5380 sive
2297 5327 2436 5380 albo.
2467 5335 2562 5380 aut
2583 5326 2790 5380 blanco.
2820 5342 2981 5380 auem
3023 5324 3208 5380 ltalice
3245 5324 3580 5380 nunellatnm
3608 5336 3736 5380 num
