3984 5380
240 368 352 429 995
1125 365 1418 423 APPEND.
1457 364 1544 422 ill.
1584 397 1653 408 -—
1691 364 1813 423 HO!

1950 366 2126 423 ΕΝΤΑ
2165 364 2634 425 GREGONANA.
3417 373 3523 431 99$

239 482 437 540 Audax
458 481 690 539 antistes
713 478 1071 553 Moguntinus
1107 480 1274 536 nimis
1304 480 1417 545 ille,
1864 488 1911 546 Α
1937 479 1994 535 1η
2019 481 2218 548 medio,
2245 495 2345 537 vos
2376 480 2475 548 sic,
2502 479 2651 535 velut
2678 493 2872 551 agnos,
2901 480 3136 552 dicoque
3165 481 3320 539 vobis
3347 506 3363 538 ι
3420 482 3427 487 ’

236 573 364 631 Non
393 573 675 630 Christum
703 572 907 641 timuit,
941 588 1138 644 papam
1165 574 1387 644 quando
1412 572 1712 642 maledixit,
1946 572 2074 641 Vos,
2098 574 2258 645 quasi
2284 583 2587 643 serpentes,
2610 572 2908 644 prudentes
2934 575 3190 629 convenit
3210 590 3364 646 esse;
3564 579 3595 635 ,τ’

237 665 441 722 Cuncti
469 665 845 732 subscribunt,
881 666 1058 738 magis
1090 665 1196 737 ipsi
1220 680 1282 722 se
1311 666 1664 722 maledicunt.
1940 663 2135 722 Vivere
2162 664 2482 735 simpliciter
2512 665 2679 719 veluti
2700 665 2999 736 vivuntque
3027 667 3311 723 columba.

237 756 286 814 0
308 758 650 829 blasphemia
677 772 788 812 non
814 758 923 826 hic,
949 772 1127 829 neque
1155 765 1280 829 post
1303 758 1601 815 abolenda!
1938 754 2051 812 llas
2072 765 2289 828 gestare
2305 756 2463 812 decet
2482 757 2714 812 virtutes
2750 772 2861 813 non
2889 758 3052 812 modo
3075 758 3225 830 (7‘20)
3254 774 3404 827 vere,

238 849 360 908 Hoc
383 851 680 906 anathema
715 850 936 923 quidem
981 846 1261 906 mandavit
1290 850 1439 923 (712)
1488 865 1615 907 mox
1642 851 1836 923 procul
1937 848 2115 921 Atque
2141 864 2359 905 erucem
2381 848 2584 906 Christi
2617 850 2935 908 studeamus
2964 849 3108 907 ferre
3135 853 3382 922 metipsi;

1585 943 1753 1018 [idem
1904 978 1919 993 .
1936 938 2058 995 Non
2085 956 2186 998 nos
2207 956 2239 997 a
2269 939 2492 997 Christo
2520 941 2802 998 tribulatio
2824 951 3038 1013 separet
3068 944 3174 1000 isto

236 1034 326 1089 Ad
350 1033 503 1107 (περ)
528 1034 921 1107 Longobardos
949 1034 1295 1092 Simoniacos
1317 1035 1483 1093 nimis
1507 1038 1668 1106 altos,
1937 1031 2226 1105 Tempore,
2256 1036 2351 1090 sed
2375 1034 2514 1091 colla
2536 1035 2837 1092 subdamus
2861 1035 3216 1107 membraque
3238 1045 3427 1093 nostra

236 1126 348 1195 Qui
371 1128 479 1184 lati
503 1126 655 1197 facti,
679 1128 735 1183 in
758 1143 956 1201 papam
981 1127 1133 1201 (714)
1159 1128 1397 1200 denique
1423 1131 1623 1201 raptim
1936 1125 2233 1200 Martyrio;
2266 1128 2434 1183 verbo
2462 1127 2586 1184 fidei
2616 1128 2843 1185 feriatur
2860 1128 2950 1185 hic
2970 1144 3102 1202 ergo

238 1218 448 1278 Omnes
477 1230 839 1290 concurrunt,
867 1221 1013 1293 regis
1041 1219 1252 1277 faciunt
1283 1236 1507 1294 quoque
1520 1222 1761 1294 jussum,
1935 1218 2204 1276 Ostensus
2226 1236 2470 1291 serpens,
2495 1221 2591 1292 qui
2612 1229 2831 1277 scutum
2853 1230 3029 1293 gestat
3054 1230 3109 1278 et
3137 1237 3347 1290 errem,

235 1310 456 1379 Jurant,
481 1313 855 1382 subscribunt,
876 1323 1069 1370 contra
1095 1313 1491 1385 dominumque
1510 1316 1833 1388 magistrum
1934 1312 2212 1370 Adversus
2233 1322 2461 1368 matrem
2486 1313 2788 1369 Romanam
2812 1315 3249 1387 catholicamqne

237 1403 736 1476 Hittendos-apices
771 1405 1025 1474 Romam,
1048 1420 1145 1461 rex
1168 1406 1339 1462 edidit
1376 1408 1523 1478 ipse;
1934 1403 2257 1474 Ecclesiam,
2288 1406 2495 1464 Christi
2509 1408 2576 1463 de
2602 1408 2867 1480 sanguine
2886 1407 3052 1462 rubra
3073 1408 3313 1479 benigni.

236 1495 348 1564 Qui
368 1497 438 1552 de
463 1497 592 1553 sede
617 1514 773 1554 sacra
800 1499 1053 1555 dicebant
1082 1515 1307 1571 surgere
1329 1515 1548 1572 papam,
1939 1495 2104 1554 Plura
2142 1498 2374 1570 loquens
2396 1514 2559 1571 papa,
2587 1499 2726 1555 dixit
2757 1499 3000 1572 synodus
3022 1498 3124 1555 sibi
3150 1508 3340 1556 sancta
3363 1517 3378 1554 :

240 1589 452 1660 lnjuste
480 1599 737 1658 stantem,
763 1603 1022 1663 papatum
1047 1592 1491 1664 depopulantem,
1935 1589 1979 1645 Τ
1984 1608 2019 1647 ιι
2047 1590 2208 1647 Pater
2229 1609 2289 1648 cs
2313 1590 2560 1660 Patrum,
2590 1592 2969 1662 blasphemum
3004 1600 3225 1649 contere
3257 1607 3529 1664 pravum;

237 1681 397 1749 Quos
422 1683 635 1755 synodo
663 1698 849 1739 coram
879 1693 1194 1741 statuerunt
1214 1686 1429 1742 mittere
1450 1686 1703 1743 Romam.
1934 1681 2034 1739 Est
2059 1694 2310 1741 nostrum
2341 1684 2541 1756 quippe
2552 1684 2728 1756 jussis
2748 1699 2938 1754 parere
2962 1685 3216 1755 tuisque;

239 1774 479 1842 Quidam
506 1773 787 1834 Rolandus
815 1777 1151 1848 Darmensis,
1172 1779 1427 1848 clericus,
1450 1791 1612 1852 aptus
1867 1850 1888 1852 _
1935 1772 2042 1831 Pro
2060 1773 2284 1833 Christo
2304 1785 2535 1832 mortem
2562 1775 2831 1848 patienter
2852 1775 3133 1848 gliscimus
3160 1791 3374 1846 omnes,

239 1866 497 1939 Eligitur,
527 1883 761 1939 quarum
782 1871 1007 1944 gerulus
1041 1882 1170 1930 tunc
1193 1850 1582 1930 litterularum.
1866 1850 1909 1905 Β
1933 1866 2211 1935 iudicium
2237 1868 2447 1938 confer,
2476 1869 2718 1941 gladium
2742 1869 2918 1937 trahe,
2940 1877 3164 1940 percute
3180 1868 3391 1929 fortem

239 1958 517 2032 Incipiens
561 1960 712 2035 (715)
754 1965 1027 2037 synodum
1069 1975 1262 2038 pastor
1303 1966 1625 2040 Gregorius,
1666 1984 1833 2026 ovum
1934 1959 2205 2019 Omnibus
2237 1962 2452 2020 excelse
2471 1962 2699 2035 dignum
2728 1962 3095 2021 clamantibus
3117 1977 3244 2023 esse

1588 2060 1763 2136 [(716)
1932 2053 2144 2111 Privari
2164 2070 2334 2127 regno
2351 2071 2557 2128 regem,
2589 2054 2915 2113 maledicere
2934 2070 3039 2112 nec
3056 2070 3192 2113 non.

239 2143 473 2202 Gallina
504 2147 780 2219 scalptum
808 2157 1029 2222 gestans
1051 2150 1107 2206 in
1141 2152 1346 2208 cortice
1369 2162 1612 2223 scutum,
1933 2146 2081 2220 Papa
2100 2148 2314 2218 dolens,
2346 2148 2545 2206 vinclis
2561 2149 2929 2208 anathematis
2949 2148 3094 2205 illico
3129 2148 3352 2206 strinxit

238 2235 310 2293 Et
331 2238 624 2296 colubrum
646 2242 889 2313 nigrum,
920 2243 1018 2314 qui
1048 2244 1303 2300 tendebat
1334 2254 1518 2316 caput,
1554 2244 1691 2320 (ictu
1933 2239 2137 2313 Regem
2164 2242 2509 2313 pradictum,
2536 2242 2627 2299 cui
2653 2258 2883 2314 regnum
2908 2242 3124 2299 devetat
3152 2242 3379 2313 ipsum.‘

238 2330 455 2402 Quippe
488 2348 847 2404 repercussus
873 2335 1137 2409 quodam)
1166 2337 1474 2410 pertingere
1506 2354 1731 2396 sursum
1933 2332 1992 2388 In
2014 2334 2445 2407 Quadragesima
2465 2336 2709 2408 synodus
2737 2334 3009 2391 celebrata
3036 2335 3096 2390 ﬁt
3118 2333 3223 2390 ista
3255 2333 3431 2408 (72!).-

237 2421 359 2478 Non
380 2433 619 2495 poterat,
641 2427 847 2483 clinum
870 2430 964 2485 sed
984 2438 1173 2485 ventre
1196 2439 1359 2487 tenus
1389 2441 1553 2502 caput
1580 2433 1761 2503 ipsum
1933 2426 2039 2494 Qui
2072 2425 2296 2484 Petrum
2326 2436 2602 2496 sanctum,
2623 2428 2719 2499 qui
2746 2443 2942 2499 papam
2962 2427 3140 2500 diligit
3160 2427 3368 2493 alarum

237 2515 504 2574 Torserat
534 2528 592 2575 et
622 2520 854 2577 caudam
883 2521 1210 2592 triplicando
1229 2523 1393 2578 dabat
1412 2524 1722 2594 sinuatam;
1932 2517 2047 2576 lloc
2071 2520 2360 2576 anathema
2398 2522 2616 2592 probat,
2645 2520 2791 2591 quod
2814 2536 2994 2593 regem
3026 2520 3108 2576 sic
3137 2520 3457 2576 inhonorata

235 2607 360 2664 Non
379 2619 503 2666 erat
536 2611 654 2668 hac
672 2613 856 2683 plana,
888 2614 985 2669 sed
1009 2622 1128 2668 erat
1148 2615 1429 2685 sculptura
1460 2616 1658 2671 levata.
1930 2613 1976 2667 Δ
2005 2612 2167 2669 Petro
2194 2614 2448 2686 quisquis
2471 2630 2568 2671 seu
2599 2629 2737 2685 papa
2768 2614 3042 2683 discrepet
3064 2613 3213 2685 (722)
3240 2612 3364 2669 istis

235 2701 319 2757 Ad
343 2703 618 2774 synodum
643 2703 840 2773 fertur,
864 2720 1150 2776 nunquam
1179 2722 1277 2776 par
1296 2715 1425 2763 ante
1448 2717 1743 2779 repertum.
1932 2704 2315 2777 Temporibus,
2355 2708 2527 2762 firmae
2556 2721 2912 2778 permansere
2941 2706 3239 2761 comitissa:

237 2793 397 2862 Quod
419 2796 555 2851 dum
589 2798 843 2865 miratur,
866 2799 1160 2869 praedictus
1179 2807 1236 2853 et
1259 2814 1385 2855 ecce
1416 2798 1699 2856 Rolandus
1930 2797 2161 2867 Magnae,
2184 2808 2338 2868 petra
2362 2798 2524 2869 quasi
2547 2796 2846 2865 Matbildis,
2875 2806 2930 2853 et
2951 2797 3060 2853 alta
3083 2796 3317 2864 Bcatrix,

235 2889 295 2946 in
326 2892 572 2948 medium
590 2893 764 2961 venit,
794 2908 949 2965 papae
981 2908 1110 2949 mox
1134 2894 1315 2950 dicere
1339 2895 1505 2965 coepit
1532 2913 1549 2951 :
1931 2889 2027 2945 lla:
2053 2890 2398 2947 mediatrices
2430 2891 2724 2945 inerantet
2744 2890 2891 2961 regis
2915 2890 3136 2957 amicae;

236 2982 353 3038 Rex
377 2984 544 3054 jussit
567 2993 746 3053 terrai,
773 2986 1062 3057 jusserunt
1095 2986 1510 3057 pontiﬁcesque,
1929 2982 2180 3053 Cumque
2209 2983 2395 3039 vident
2418 2997 2601 3054 regem
2623 2997 2722 3053 per
2742 2981 2898 3037 devia
2922 2980 3142 3037 tendere
3168 2993 3419 3051 semper,-

236 3074 310 3132 Ut
345 3078 567 3149 linquas
602 3079 786 3150 sedem
806 3092 973 3150 quam
1008 3093 1120 3134 non
1143 3093 1205 3134 es
1226 3078 1429 3151 dignus
1452 3080 1673 3136 habere.
1930 3075 2223 3132 Proximus
2252 3076 2470 3131 illarum
2494 3074 2673 3131 fuerat
2693 3076 2820 3147 quia
2842 3089 2939 3131 rex
2964 3083 3020 3130 et
3039 3090 3255 3142 carum,

235 3167 502 3226 Romanis
526 3172 693 3227 cleris
714 3187 841 3226 mox
866 3170 1010 3226 idem
1034 3171 1268 3242 portitor
1302 3172 1482 3243 inquit
1504 3173 1653 3244 (717)
1860 3212 1900 3267 u
1932 3167 2008 3267 ξι
2035 3169 2155 3240 ipso
2178 3176 2390 3225 maestae
2407 3168 2719 3239 pandebant
2820 3167 2956 3225 satis
2976 3180 3134 3267 esse,

232 3261 429 3318 Costes
448 3264 506 3318 in
532 3272 695 3334 pente
721 3262 950 3319 Romam
978 3271 1152 3320 testor
1174 3264 1355 3320 veniet
1382 3281 1478 3320 rex
1864 3260 1900 3267 '
1935 3260 2040 3318 Sed
2068 3271 2251 3319 tamen
2280 3277 2314 3318 a
2345 3277 2486 3334 papa
2508 3277 2568 3318 se
2598 3277 2707 3317 non
2742 3260 3020 3318 discedere
3056 3260 3293 3317 clamant
3319 3277 3332 3314 :

233 3354 508 3412 Hissurus
528 3370 751 3428 papam,
778 3358 941 3426 lupus
975 3357 1066 3412 hic
1088 3372 1197 3411 non
1227 3365 1312 3412 est
1335 3357 1464 3428 quia
1492 3373 1651 3429 papa.
2539 3377 2770 3435 CAPUT
2806 3377 2924 3435 xx,

234 3446 329 3503 Sic
358 3449 491 3504 dum
516 3449 881 3520 blasphemat,
911 3448 1202 3519 prrefectus
1231 3465 1359 3505 eum
1385 3452 1640 3521 cupiebat

1953 3470 2010 3526 De
2043 3472 2191 3526 obitu
2219 3472 2452 3529 domina!
2485 3472 2770 3544 Beatricis,
2800 3480 2849 3526 et
2872 3472 3132 3544 quomodo
3162 3473 3401 3529 Canoua
3430 3472 3526 3526 ἀει

231 3541 445 3597 Privari
478 3543 594 3597 vita
617 3542 818 3615 gladio,
837 3551 1147 3597 commotus
1169 3542 1224 3596 in
1244 3542 1338 3597 ‘ira
1371 3542 1545 3615 (718).
2313 3545 2383 3599 cit
2409 3562 2474 3599 ea;
2504 3561 2566 3599 ea
2594 3552 2648 3598 et
2674 3543 2739 3598 de
2759 3541 2975 3614 corpore
2994 3544 3130 3613 ejus.

232 3634 391 3702 Quod
414 3634 638 3691 fecisset
659 3635 831 3702 enim,
866 3635 961 3691 sed
985 3634 1037 3689 ei
1061 3632 1223 3689 Pater
1246 3635 1426 3691 almus
1460 3638 1721 3706 adhaesit;
1929 3630 2094 3691 Plena
2117 3636 2278 3693 bonis
2307 3634 2466 3693 factis
2497 3636 2770 3708 dictisque
2795 3635 2995 3691 referta
3034 3635 3273 3705 Beatrix,

232 3724 448 3797 Vixque
477 3736 671 3784 tacens
706 3736 883 3783 cintus
906 3727 1118 3783 caelesti
1155 3727 1376 3783 flamine
1406 3730 1625 3799 plenus,
1927 3727 2155 3785 Cunctis
2180 3731 2347 3786 chara
2371 3730 2557 3797 nimis,
2590 3731 2804 3801 magnis
2826 3728 3010 3799 parvis
3039 3745 3260 3800 quoque
3281 3727 3425 3786 Pisis

230 3816 379 3889 Papa
400 3820 597 3874 beatus
618 3819 697 3873 ait
728 3837 742 3874 :
779 3817 1014 3874 Turbati
1043 3818 1292 3890 linquite,
1329 3820 1469 3888 nati,
1929 3818 2098 3892 Egra
2124 3838 2374 3891 manens,
2407 3823 2518 3878 vita
2550 3823 2617 3879 de
2638 3822 2891 3893 praesenti
2916 3822 3055 3878 bene
3080 3823 3307 3893 migrat,

231 3908 491 3966 Ecclesiae
510 3920 746 3978 sanctae,
772 3910 999 3966 veniunt
1024 3910 1153 3983 quia
1180 3919 1427 3983 tempora
1456 3913 1615 3969 valde
1927 3912 2064 3969 Octo
2083 3914 2381 3985 decemque
2408 3916 2528 3971 dies
2553 3915 2703 3988 (725)
2732 3914 2936 3985 Aprilis
2963 3914 3094 3970 dum
3131 3915 3263 3970 sinit
3286 3915 3366 3969 ire

230 4002 395 4058 Plena
431 4004 575 4059 dolis
594 4004 760 4059 nimis
783 4004 956 4076 (7l9),
987 4005 1313 4077 magnisque
1332 4006 1537 4076 repleta
1559 4009 1778 4078 periclis
1807 4029 1825 4064 :
1924 4005 2130 4061 Christi
2161 4015 2287 4076 post
2316 4016 2497 4061 ortum
2530 4023 2657 4061 vera
2679 4008 2745 4062 de
2776 4008 3003 4078 virgine,
3031 4023 3234 4078 corpus

230 4094 484 4166 Expedit,
512 4096 774 4164 existant,
800 4114 922 4168 qua:
955 4106 1166 4153 suntut
1194 4098 1451 4153 scandala
1476 4100 1711 4170 scripza;
1925 4097 2091 4152 Almo
2119 4098 2341 4153 milleno
2360 4100 2446 4156 bis
2470 4105 2626 4153 terno
2654 4107 2989 4170 septuagcno

230 4186 326 4242 Vae
350 4189 445 4243 sed
466 4188 515 4242 ei
545 4204 736 4258 pravo,
769 4203 866 4259 per
893 4205 1057 4260 quem
1081 4198 1211 4245 sunt
1237 4189 1521 4255 scandala,
1542 4192 1749 4259 clamo;
1924 4188 2193 4245 Conditor
2214 4189 2376 4257 Pisis,
2406 4191 2582 4245 lucem
2612 4190 2794 4245 videat
2828 4191 3075 4261 paradisi-

226 4278 491 4336 Nost’rum
526 4297 722 4353 nempe
756 4283 999 4351 modum,
1024 4281 1169 4339 Deus
1189 4282 1327 4350 inﬁt,
1361 4284 1520 4338 mitto
1545 4284 1800 4357 luporum
1925 4282 2077 4339 Hanc
2098 4293 2283 4355 patres
2304 4285 2442 4357 justi
2464 4285 2669 4341 ducant
2702 4300 2867 4355 super
2892 4285 3096 4339 mthera
3119 4286 3322 4340 cuncti.

664 4415 919 4504 Regiam,
940 4417 1294 4500 mandarunt.
1313 4414 1536 4499 Scilicet
1557 4418 1818 4504 hocitlem
1938 4490 1975 4504 ῃ
1996 4420 2145 4504 (718)
2183 4419 2585 4504 Legatossuos
2620 4421 2675 4476 in
2715 4436 2991 4504 carwrem
3020 4421 3319 4504 conjectos,
3345 4427 3397 4475 et
3429 4420 3518 4504 in:-

226 4488 522 4567 atiathema
552 4488 821 4567 miserunt
842 4488 1451 4567 schismaticippiscopi
1488 4506 1519 4544 e
1553 4489 1819 4545 concilia-
1851 4557 1890 4567 _
1924 4488 2104 4567 dignis
2127 4488 2580 4567 'modisAliabitos
2605 4493 2986 4567 queriturrex
3019 4492 3072 4546 in
3111 4488 3337 4567 epistola
3355 4491 3512 4567 apud

227 4557 359 4611 bulo
383 4556 775 4613 Wormatiensi
798 4575 944 4613 anno
974 4559 1129 4612 1076.
1164 4556 1306 4613 Men.
1399 4556 1414 4560 ⁷
1851 4557 1898 4612 D
1924 4556 2261 4617 Reubertum
2292 4563 2413 4619 195.
2447 4556 2696 4619 Αόάειιῖη·
2730 4561 3060 4619 Bertlioldus
3087 4556 3158 4618 ad
3181 4578 3311 4617 ann.
3349 4556 3517 4616 1076'.

298 4628 452 4698 (715)
491 4628 640 4697 Bar.,
665 4629 1019 4700 gAflobroges.
1057 4627 1164 4685 Sed
1208 4630 1331 4684 cod.
1387 4638 1501 4685 aut.
1555 4630 1719 4686 habet
1758 4641 1818 4687 ut
1923 4632 2074 4689 Lars.

224 4710 626 4777 excysu‘mnes‘t.
662 4698 859 4777 Lsm._
914 4698 955 4777 ⁷,
1132 4770 1145 4777 _
1171 4770 1183 4777 _
1371 4771 1385 4777 _
1714 4771 1727 4777 _
1996 4705 2145 4777 (719)
2182 4705 2489 4777 Scriberem
2520 4706 2720 4760 nimiis.
2751 4704 2896 4760 Men.

298 4768 449 4840 (7H)
487 4770 633 4847 Cod.~
650 4778 790 4835 ant.,
809 4770 1067 4847 .Pupiqm,
1092 4770 1186 4825 ubi
1216 4771 1459 4843 synodus
1486 4772 1691 4827 scilicet
1714 4771 1817 4829 ba-
1995 4768 2143 4847 (ΕΟ)
2182 4776 2314 4832 Cod.
2350 4776 2596 4847 Regien.,
2621 4793 2714 4830 nos
2743 4776 2924 4830 modo.
2952 4775 3097 4831 Mus.

224 4839 338 4916 Μιὲ
371 4838 565 4916 contra
595 4838 1122 4916 Gregoriurli._LEtu.
1249 4838 1293 4916 '_
1383 4913 1394 4916 _
1530 4910 1576 4916 __
1994 4838 2144 4916 (721)
2184 4849 2326 4902 Ann.
2362 4838 2516 4901 l076.
2552 4838 2702 4900 Lam.

294 4912 527 4989 Codices
553 4910 774 4983 quoque
802 4911 1223 4989 nostri_habe_nt,
1252 4910 1674 4989 {apiain.__bl_un.
1999 4910 2147 4989 (722)
2185 4918 2330 4989 Lego
2359 4918 2663 4989 discrepat.
2688 4917 2799 4989 Hoc
2838 4926 2924 4973 est
2954 4933 2983 4972 a
3034 4916 3299 4989 Gregorio
3323 4912 3423 4989 V_l_l_
3446 4928 3524 4989 se

296 4982 448 5060 (7_l5)
489 4981 653 5054 Seqq.
685 4981 885 5037 versus
931 4982 1020 5049 15,
1046 4982 1240 5038 recitat
1278 4981 1407 5037 Bar.
1449 4982 1615 5047 1076,
1660 5000 1818 5039 num.
1926 4981 2241 5060 averterunt
2265 4981 2701 5060 ‘quainpluriini;
2743 4988 2961 5060 Beatrix
2986 5003 3115 5043 vero
3145 4981 3202 5043 ct
3238 4984 3523 5043 Matiiildis

226 5051 535 5132 “Lingis.”
578 5051 596 5054 “
616 5051 634 5054 “
1308 5122 1331 5132 _
1367 5122 1379 5132 _
1512 5123 1566 5132 ___
1761 5125 1772 5132 _
1926 5059 2094 5132 firmae
2119 5060 2173 5115 in
2192 5051 2312 5132 ejus
2326 5051 2654 5132 obedientia,
2674 5051 2739 5115 ac
2760 5059 3064 5130 patrocinio
3090 5066 3518 5129 permanserunt.

298 5123 449 5201 (Hii)
490 5123 689 5181 Narrat
721 5132 878 5201 poeta
901 5138 1003 5194 pro
1022 5132 1277 5201 monstro
1299 5122 1473 5201 fuisse
1510 5123 1720 5179 illatum
1759 5125 1814 5201 in
1925 5128 2001 5201 ita
2041 5122 2376 5187 habet'cod.
2424 5122 2777 5198 Padoliron.,'
2814 5146 2925 5186 non
2981 5122 3109 5186 vero
3158 5142 3524 5201 permansere.

228 5194 495 5282 syupdum
523 5210 686 5282 ovum
722 5194 977 5277 gallinae,
1020 5196 1074 5249 in
1132 5209 1242 5266 quo
1287 5194 1507 5282 (natura
1558 5210 1628 5248 an
1671 5198 1812 5277 arte)
1922 5200 2141 5280 una“.
2185 5272 2205 5280 _
2285 5271 2341 5280 Μ
2473 5268 2486 5280 .
2615 5268 2676 5280 ἢ.
2752 5194 2799 5278 '_
3050 5270 3095 5278 n
3134 5194 3170 5278 ι’
3211 5273 3239 5278 Α-
3395 5204 3498 5278 υ

2094 5270 2141 5280 -ὶ
2185 5272 2205 5280 υ
2285 5271 2341 5280 δι’-
2473 5268 2486 5280 ο
2615 5268 2676 5280 --
