3984 5380
477 169 584 225 995

477 280 716 337 Estimo
742 278 887 350 quod
914 278 1075 334 vilem
1107 279 1270 335 nimis
1298 292 1366 334 ex
1386 279 1494 335 hac
1525 293 1612 334 me
1639 278 1801 333 modo
1833 276 1947 336 Pisi

472 372 613 430 Esse
634 382 822 445 putent
848 388 999 446 sane,
1028 372 1131 427 nisi
1165 373 1440 444 plangam,
1463 385 1769 442 conquerar
1795 370 1936 427 alte.-

476 463 826 537 Perspieuam
853 464 1132 522 dominam
1161 464 1446 534 cupiebam
1466 463 1651 519 vivere
1683 462 1793 516 vita

476 557 683 629 Longa,
700 571 822 627 quo
842 557 1028 612 laetum
1056 557 1360 627 potuissem
1391 556 1593 612 ducere
1614 554 1834 611 saeclum
1861 572 1875 608 :

475 650 799 707 Defunctum
823 665 1024 721 corpus
1051 650 1341 720 sperabam
1362 650 1588 705 reddere
1610 662 1836 718 prorsus

474 741 661 815 Digna:
684 742 886 809 telluri,
924 741 1080 798 dolor
1107 743 1199 798 hic
1222 757 1310 797 me
1340 740 1586 796 funditus
1607 739 1739 806 urit,

471 833 611 891 Cum
635 844 781 891 tenet
808 836 940 891 urbs
958 835 1128 902 illam,
1151 850 1273 906 quae
1295 849 1403 889 non
1434 841 1519 889 est
1541 840 1653 887 tam
1675 831 1813 886 bene
1842 827 2027 901 digna.

473 927 578 995 Qui
615 928 791 999 pergit
809 926 987 995 Pisas,
1008 927 1156 983 videt
1175 927 1288 981 illic
1308 934 1557 982 monstra
1581 923 1825 982 marina:

475 1020 602 1077 llaec
636 1022 770 1077 urbs
789 1021 1041 1092 paganis,
1082 1019 1296 1086 Turcis,
1330 1017 1548 1090 Lybicis
1566 1029 1786 1089 quoque
1807 1012 2029 1069 Parthis

474 1112 724 1181 Sordida,
761 1112 1001 1169 Chaldaei
1029 1128 1130 1169 sua
1158 1113 1397 1168 lustrant
1418 1110 1600 1166 littora
1623 1107 1778 1175 tetri;

473 1204 738 1262 Sardibus
759 1222 789 1261 a
810 1205 1024 1260 cunctis
1054 1220 1178 1261 sum
1210 1203 1412 1259 munda
1439 1201 1703 1266 Canossa,
1730 1196 1966 1269 sepulcri

470 1298 650 1369 Atque
672 1299 826 1355 locus
853 1297 1081 1369 pulcher
1105 1311 1351 1364 mecum;
1379 1310 1487 1350 non
1517 1280 1735 1363 expedit
1761 1289 1926 1346 urbes

1458 167 1551 223 AD
1576 166 1804 222 OPERA
1842 166 1900 223 S.
1941 166 2267 225 GREGORII
2305 167 2775 227 APPENDICES.

2081 287 2128 347 Α
2153 278 2407 346 Quaerere
2435 279 2706 349 perju’ras,
2735 286 3013 349 patrantes
3039 276 3272 334 crimina
3294 276 3454 348 plura
3483 277 3661 351 (72G),-

2161 371 2386 427 Talibus
2409 371 2466 426 in
2491 371 2627 426 vicis
2652 378 3098 449 contempserunt
3117 370 3338 440 sepeliri

2158 462 2425 533 Pmeipui
2446 462 2632 533 magni
2656 463 2829 519 nostri
2852 462 3059 519 domini
3083 462 3458 528 memorandi;

2163 553 2269 610 Sed
2298 569 2357 610 se
2380 563 2503 625 post
2523 563 2754 610 mortem
2781 554 2942 610 condi
2961 554 3186 610 voluere
3204 552 3502 610 Canossm:

2158 647 2327 703 Artus
2343 646 2456 717 jam
2476 646 2635 703 dictae
2655 646 2889 702 dominae
2917 655 3136 702 teneant
3159 647 3321 702 modo
3345 645 3508 713 Pisa),

2045 784 2059 798 .
2159 736 2502 805 Possideant,
2528 746 2687 793 caute
2715 753 2817 793 nec
2837 753 2947 793 non
2971 746 3293 793 veneranter
3311 738 3605 808 honorent;

2159 830 2258 886 Ast
2294 828 2480 885 animo
2508 837 2706 886 maesto
2723 829 2927 901 jugiter
2953 844 3149 886 maneo
3169 829 3337 886 nimis
3353 846 3423 885 ex
3451 830 3577 897 hoc,

2163 919 2335 993 Spero
2366 931 2549 977 tamen
2569 937 2666 994 per
2687 938 2835 988 eum,
2867 921 2959 992 qui
2984 922 3299 977 consolatur
3333 938 3566 994 egenum

2160 1014 2245 1070 Me
2267 1014 2386 1071 ﬁeri
2414 1015 2616 1082 laetam,
2644 1014 2781 1070 mihi
2813 1000 3192 1069 conservando
3219 1029 3468 1070 severam

2160 1106 2482 1175 Matbildim,
2506 1107 2710 1163 claram
2731 1107 3010 1162 dominam
3039 1107 3308 1177 probitate
3332 1115 3574 1162 notatam

2162 1198 2344 1268 Omni,
2368 1200 2528 1272 cujus
2553 1214 2656 1273 ego
2673 1199 2841 1255 vitam
2873 1213 2972 1271 per
3002 1199 3200 1256 saecula
3219 1214 3428 1271 quam.

1780 1418 2017 1492 Explicit
2043 1416 2177 1472 liber
2208 1418 2432 1489 primus.

1391 1558 1686 1623 INCIPIT
1731 1554 2149 1619 PROLOGUS
2193 1554 2404 1617 LIBRI
2445 1538 2806 1617 SECUNDI.

468 1678 750 1736 Materiam
773 1697 997 1753 parvam
1023 1681 1154 1738 facit
1165 1697 1289 1739 esse
1313 1697 1602 1737 comarcus
1620 1680 1772 1753 (725)
1791 1688 1853 1735 ut
1867 1678 2058 1746 altam,
2092 1689 2136 1745 Β
2160 1675 2464 1743 Materiam,
2491 1685 2691 1732 cuncto
2716 1677 3048 1749 divulgatam
3078 1676 3189 1734 fere
3210 1678 3438 1735 mundo.

466 1770 705 1828 Dilatare
731 1774 951 1845 quidem
988 1790 1089 1830 sua
1117 1774 1284 1830 verba
1322 1773 1427 1831 scit
1446 1774 1563 1844 ipse
1596 1773 1788 1844 perite,

466 1859 749 1917 Materiam
774 1864 1038 1934 grandem
1063 1864 1270 1920 sciolus
1290 1864 1837 1930 describat’ovanter,

467 1951 558 2019 Ut,
579 1954 728 2024 quod
748 1955 798 2010 ei
814 1955 1080 2025 prohibet
1104 1964 1363 2026 peracuta
1384 1954 1575 2027 peritia
1597 1955 1769 2021 scire,

468 2046 685 2102 Scilicet
712 2048 768 2103 in
792 2047 976 2103 Iustum
1010 2047 1158 2118 (726)
1183 2062 1492 2103 sermonem
1516 2046 1739 2102 tendere
1765 2059 1995 2116 parvum

466 2137 651 2194 Patret
673 2154 799 2194 cum
819 2148 949 2194 nota
975 2139 1062 2194 vel
1085 2140 1315 2194 materia
1336 2153 1631 2194 numerosa

470 2224 637 2283 Valde
657 2229 944 2299 prolixam,
970 2229 1337 2301 pauperculus
1366 2228 1516 2300 (727)
1543 2243 1612 2284 en
1649 2242 1752 2299 ego
1779 2225 2016 2283 scribam

2137 1767 2422 1835 .Quamvis
2443 1767 2754 1835 ﬂorescant,
2775 1783 2898 1841 qua;
2928 1768 3269 1845 scripsimus,
3292 1784 3359 1824 ae
3381 1771 3709 1839 reniteseant

2159 1862 2235 1919 De
2265 1863 2498 1935 ducibus
2525 1861 2711 1927 claris,
2736 1863 2905 1917 codex
2933 1877 3072 1932 quos
3097 1863 3308 1933 primus
3336 1874 3565 1928 amavit,

2157 1951 2327 2011 Multo
2361 1952 2578 2009 ﬂorebit
2603 1952 2998 2020 vehementius,
3028 1968 3095 2009 ac
3127 1953 3614 2026 retinebunt.(728)

2155 2047 2324 2105 Facta
2357 2045 2654 2104 ducatricis
2675 2061 2800 2116 quae
2820 2054 2953 2102 sunt
2981 2046 3266 2102 scribenda
3299 2044 3599 2102 Matbiblis.

2158 2137 2455 2198 Historiam
2474 2138 2691 2209 longam
2713 2137 2904 2194 metris
2929 2136 3179 2194 describe
3195 2136 3467 2194 Canossa.

1829 2336 2068 2409 Explica
2099 2333 2370 2407 prologi“.

1292 2510 1757 2602 INCIPIT
1827 2510 2186 2599 LIBER
2259 2506 2908 2597 SECUNDUS.

464 2673 738 2746 Quidquid
773 2691 877 2749 ego
909 2691 1136 2748 possum
1162 2678 1414 2747 detanta
1443 2679 1626 2736 dicere
1654 2695 1903 2751 prorsus,

470 2769 587 2825 Sen
610 2769 846 2840 populus
878 2786 1114 2838 mecum,
1145 2772 1330 2828 minus
1353 2781 1459 2841 est,
1486 2774 1610 2844 plus
1646 2774 1766 2846 ipsa
1788 2781 2049 2838 meretur,

468 2857 715 2941 Tantum.
741 2860 930 2915 mirari
953 2861 1262 2917 consultius
1292 2877 1415 2918 esse
1446 2863 1655 2920 sciatis.
2015 2926 2023 2933 ,

467 2949 592 3007 Haec
617 2961 703 3008 est
728 2960 838 3008 tam
874 2953 1041 3019 clara,
1076 2968 1174 3010 ceu
1206 2946 1408 3025 fulgida
1432 2956 1587 3013 stella
1612 2955 1797 3013 Dianae
1821 2955 1994 3028 (729),

468 3039 595 3097 Hine
620 3043 830 3098 radiata
860 3042 986 3110 fide,
1023 3051 1132 3099 stat
1156 3059 1252 3114 spe
1274 3045 1613 3102 circumdata
1641 3048 1801 3121 mire.

469 3131 606 3190 Huic
627 3135 842 3191 sincera
868 3144 1053 3189 manet
1083 3135 1261 3205 major
1287 3136 1506 3192 dilectio
1535 3133 1697 3206 sane;

465 3224 593 3282 Haec
605 3232 856 3296 peramat
869 3225 1098 3291 celsum,
1119 3241 1216 3294 per
1229 3242 1392 3296 quem
1417 3229 1763 3296 suntomnia,
1790 3228 2046 3285 Verbum.

465 3315 617 3371 Illius
645 3324 695 3371 et
728 3331 938 3384 servos,
968 3330 1109 3386 quos
1136 3318 1344 3372 invenit
1377 3334 1500 3374 esse
1524 3321 1823 3388 modestos,
2015 3322 2021 3329 ’

469 3405 656 3477 Diligit
679 3416 734 3462 et
755 3407 960 3473 laudat,
992 3415 1302 3462 reverenter
1331 3409 1535 3475 obedit,
1569 3411 1836 3478 honorat;

470 3496 597 3552 Huic
618 3496 734 3552 odit
766 3498 917 3564 vitia,
946 3498 1178 3553 virtutes
1199 3500 1521 3569 comprobat
1548 3500 1667 3570 ipsa
1695 3500 1871 3573 (750);

469 3589 641 3644 Elatis
674 3592 803 3660 alta,
839 3592 988 3648 mitis
1016 3593 1107 3649 sed
1133 3593 1356 3649 mitibus
1381 3602 1555 3663 astat;

472 3680 586 3735 Scit
613 3682 852 3736 mulcere
873 3683 1013 3753 pios,
1043 3692 1246 3739 terrere
1277 3686 1372 3740 scd
1402 3676 1519 3741 hinc
1548 3685 1618 3742 sit
1644 3685 1882 3756 iniquos.

469 3769 736 3842 Prospera
768 3788 876 3827 non
913 3782 1145 3841 mutant,
1173 3790 1267 3831 seu
1291 3791 1399 3830 non
1427 3776 1569 3832 hanc
1594 3776 1770 3832 tristia
1798 3779 2049 3849 turbant;

471 3861 738 3920 Omnibus
765 3865 819 3919 in
843 3866 1006 3922 rebus
1041 3868 1290 3939 graditur
1311 3867 1572 3924 discretio
1593 3884 1802 3925 secum.

468 3954 733 4011 Omnibus
767 3956 821 4010 in
853 3957 1034 4028 regnis
1059 3975 1159 4013 sua
1183 3959 1352 4014 currit
1370 3955 1516 4013 fama
1545 3961 1802 4030 perennis
1821 4002 1836 4029 ,

467 4044 729 4101 Evehitur
763 4046 909 4101 lintri
934 4056 1086 4103 trans
1110 4047 1345 4104 Pontum
1375 4047 1521 4103 fama
1540 4034 1851 4119 'Matliildis,

467 4132 697 4193 Nomine
724 4137 791 4192 de
813 4137 972 4208 cujus
1003 4136 1305 4194 Turcorum
1336 4148 1515 4195 castra
1538 4140 1866 4212 loquuntur;

467 4229 669 4287 Notitia
696 4231 867 4286 multa
894 4247 1020 4287 cum
1048 4247 1157 4302 qua
1187 4248 1278 4287 rex
1306 4231 1529 4290 Graecus
1560 4228 1831 4302 abundat;

466 4319 632 4376 Pallia
654 4320 779 4376 cum
800 4322 1031 4393 gemmis
1047 4338 1139 4377 rex
1159 4322 1250 4377 dat
1269 4322 1372 4378 sibi
1398 4322 1621 4381 Grmcus
1649 4325 1798 4398 (751)
1824 4325 1997 4383 Alexi.
2018 4365 2024 4369 -

458 4410 619 4469 ’Hanc
640 4412 828 4469 multis
860 4413 1014 4468 horis
1037 4413 1373 4468 Alemannus
1394 4430 1488 4470 rex
1515 4416 1682 4483 amat,
1710 4416 1853 4486 odit;
2020 4484 2027 4489 _

467 4502 612 4559 Gens
632 4502 933 4559 Alemanna
957 4502 1175 4575 quidem
1199 4505 1304 4559 sibi
1325 4506 1495 4575 gratis
1525 4509 1695 4562 servit
1729 4509 1949 4579 ubique.

468 4591 649 4662 R'Issi,
690 4593 953 4663 Saxones,
981 4594 1301 4651 Guascones
1330 4606 1492 4666 atque
1519 4596 1800 4666 Frisones,

465 4751 877 4824 possessionibus
902 4751 1148 4824 plurimis
1185 4761 1236 4806 et
1277 4752 1561 4807 honoribus
1609 4753 1871 4824 regalibus
1911 4757 2044 4810 satis

465 4820 631 4896 plene.
675 4820 777 4896 Sed
814 4839 880 4876 ex
903 4820 1191 4896 ‘ponirone
1216 4825 1569 4896 corrigendus
1604 4820 1694 4878 hic
1715 4825 1831 4880 dies
1863 4841 2045 4880 emor-

459 4891 630 4965 tualis
657 4891 1190 4965 ducissm_l}eatrieis,
1215 4891 1408 4965 nempe
1444 4894 1791 4965 scribendum
1821 4911 1931 4951 non
1968 4912 2040 4964 Iv,

459 4962 560 5017 sed
596 4976 684 5014 xiv
718 4958 1282 5027 Kai.‘Maii,'hoc'est
1305 4958 1391 5019 die
1419 4963 1485 5019 18
1507 4963 1729 5027 Aprilis.
1766 4964 1909 5020 Mun.

563 5030 687 5099 72A)
728 5029 862 5083 Cod.
899 5030 1156 5098 Padolir.,
1188 5035 1412 5088 crimina
1449 5029 1637 5090 mufta.
1666 5036 1917 5092 Graviter
1954 5035 2044 5092 hic

464 5103 519 5157 in
548 5099 778 5179 Pisanos
812 5099 1082 5180 invehitur
1112 5102 1337 5180 Donizo,
1364 5121 1459 5160 eos
1489 5106 1788 5180 et‘perjui'ii
1820 5116 1885 5180 ei
1904 5107 2044 5160 mul-

465 5182 658 5248 torum
692 5175 984 5248 criminum
1022 5186 1141 5225 reos
1179 5176 1486 5248 traducens.
1525 5175 1669 5248 Quae
1704 5178 1819 5248 hinc
1863 5177 2043 5232 forent

466 5240 696 5300 historia
724 5239 877 5303 silet;
904 5239 1017 5290 imo
1046 5255 1233 5295 eorum
1268 5244 1428 5299 fortia
1461 5239 1610 5303 gesta
1641 5247 1697 5301 iu
1737 5246 2041 5303 Saracenos

463 5314 903 5369 Christianorum
961 5307 1144 5380 hostes
1201 5325 1402 5368 narrat.
1459 5307 1657 5371 Verum
1688 5318 2037 5372 'i)onizonem

2073 2684 2119 2745 ο
2150 2675 2401 2742 Arverni,
2438 2673 2657 2741 Franci,
2690 2672 3028 2747 Lotheringi,
3051 2675 3253 2747 quinve
3279 2675 3552 2743 Britanni,

2152 2764 2304 2821 Hanc
2328 2774 2545 2824 tantum
2573 2774 2828 2834 noscunt,
2858 2766 3005 2837 quod
3029 2767 3079 2821 ei
3110 2783 3209 2823 sua
3231 2767 3469 2838 plurima
3505 2781 3732 2841 poscunt

2149 2854 2283 2913 Post
2310 2858 2483 2932 ipsam
2505 2866 2694 2929 gentes
2721 2859 2807 2914 hie
2828 2855 3052 2914 mittunt
3071 2858 3273 2930 saepius
3293 2875 3458 2916 enses
3488 2881 3503 2914 :

2150 2934 2417 3007 Omnibus
2443 2964 2514 3005 ex
2543 2949 2665 3005 istis
2699 2951 2911 3020 equites
2939 2950 3100 3006 habet
3121 2953 3227 3006 aus
3253 2952 3556 3009 Matbildis.

2150 3040 2498 3112 Responsum
2528 3042 2741 3100 cunctis
2771 3042 2887 3098 haec
2920 3042 3013 3097 dat
3042 3043 3163 3100 sine
3184 3060 3473 3101 murmure
3502 3047 3698 3113 turbis;

2149 3130 2277 3189 Haec
2299 3121 2493 3194 hilaris
2521 3150 2735 3205 semper
2762 3133 2919 3199 facie,
2947 3135 3158 3205 placida
3186 3152 3410 3207 quoque
3433 3148 3635 3194 mente.

2153 3224 2281 3282 Hiec
2315 3226 2500 3298 apices
2521 3225 2711 3293 dictat,
2744 3226 2847 3281 scit
2879 3224 3233 3283 Teutonicam
3263 3229 3403 3284 bene
3424 3229 3687 3301 linguam;

2149 3316 2278 3374 Exeo
2298 3318 2544 3391 loquitur
2566 3316 2747 3376 laetam
2760 3318 2894 3390 quin
2912 3318 3420 3391 Francigenamque
3442 3322 3727 3394 loquelam.

2151 3408 2278 3465 Haec
2301 3399 2695 3482 Langobardos
2719 3410 2908 3492 nutrit,
2935 3411 3074 3481 regit
3094 3418 3148 3465 et
3176 3409 3307 3464 facit
3330 3412 3495 3468 altos.

2151 3503 2256 3571 Qui
2283 3519 2540 3560 numeras
2571 3503 2779 3570 stellas,
2811 3504 2980 3558 vitam
3007 3504 3110 3559 sibi
3140 3505 3389 3574 supplico
3422 3521 3601 3571 serva,

2154 3593 2213 3649 Si
2247 3595 2397 3665 quod
2423 3609 2535 3649 non
2567 3591 2757 3666 glisco,
2785 3595 2989 3650 mundo
3018 3597 3312 3651 decesserit
3334 3597 3474 3662 isto;

2152 3684 2394 3757 Porrige,
2421 3692 2567 3756 quod
2593 3686 2742 3754 sitio,
2767 3702 2965 3757 corpus
2984 3674 3253 3744 tumulare
3272 3689 3527 3757 requiro,

2152 3776 2290 3832 Cum
2312 3778 2562 3848 patribus
2587 3778 2802 3849 justum
2830 3782 2955 3833 vere
2984 3780 3045 3833 lit
3078 3777 3280 3833 habere
3309 3779 3623 3847 sepulcrum

2152 3870 2422 3941 Antiquos
2446 3878 2629 3941 patres
2651 3869 2825 3938 Isaac,
2847 3869 3145 3937 Abraham,
3173 3869 3344 3927 Iacob
3359 3881 3530 3943 atque

2152 3960 2367 4020 UxOI-es
2396 3971 2614 4018 sanctas
2637 3963 2799 4019 simul
2836 3979 2944 4018 una
2964 3963 3267 4018 recondidit
3298 3979 3451 4031 arca,

2077 4041 2128 4099 Ι)
2151 4056 2340 4110 Annos
2364 4063 2486 4125 post
2512 4055 2713 4111 multos
2735 4055 2790 4109 in
2815 4055 3004 4110 eodem
3032 4070 3160 4110 vero
3183 4055 3436 4125 sepulcro

2149 4145 2362 4217 Corpus
2388 4148 2666 4202 conditum
2697 4147 2881 4219 magni
2910 4146 3112 4218 Ioseph
3137 4148 3427 4218 reperitur.

2148 4237 2325 4310 Hujus
2354 4254 2481 4294 amo
2511 4248 2715 4311 patres,
2753 4241 2849 4296 sed
2874 4255 2994 4295 eam
3032 4241 3156 4310 plus
3186 4240 3355 4310 diligo
3377 4241 3574 4307 valde;

2148 4329 2275 4387 Haec
2304 4332 2564 4387 exaltavit
2596 4331 2826 4386 nimium
2858 4348 2945 4387 mc
2971 4333 3105 4402 quin
3125 4340 3181 4387 et
3203 4332 3431 4399 amavit,

2146 4424 2400 4497 Martyris
2433 4425 2541 4481 ista
2561 4425 2694 4480 mibi
2724 4410 2901 4487 sancti
2932 4426 3080 4483 dedit
3104 4440 3229 4480 ossa
3252 4424 3493 4490 Quirini,

2146 4517 2231 4573 Me
2261 4525 2490 4573 renovat
2527 4533 2741 4588 semper
2769 4526 2948 4574 turres
2974 4517 3293 4572 fabricando
3321 4524 3579 4571 recentes

2145 4609 2323 4682 Atque
2347 4625 2528 4665 meum
2566 4625 2766 4664 nomen
2793 4609 2984 4665 crebro
3012 4606 3141 4665 fecit
3161 4622 3409 4664 crescere
3430 4606 3642 4662 Romae.

2145 4837 2187 4893 ι
2217 4767 2368 4841 (725)
2408 4767 2493 4822 An
2523 4783 2555 4821 a
2582 4769 2749 4838 κομέω
2768 4781 2946 4850 aruo,
2975 4763 3133 4835 quasi
3181 4760 3417 4818 ornandi
3450 4761 3724 4832 magister.

2191 4856 2296 4893 EIB.
3325 4853 3329 4856 ν

2191 4856 2296 4893 ΕΙΒ.

2218 4908 2366 4981 (726)
2401 4906 2536 4981 god.
2565 4907 2761 4981 antiq.‘,
2783 4905 2970 4981 latum.
3009 4903 3158 4959 LEIB.

2218 4971 2367 5052 {727)
2392 4971 2756 5052 ,T-xpograpiii
2797 4975 3072 5045 sphalma;
3102 4973 3319 5029 codices
3362 4971 3566 5040 nostri,
3595 4987 3725 5041 pal-

2140 5048 2405 5110 pefculus.
2444 5048 2586 5101 Mm.
2798 5108 2801 5109 ν

2219 5119 2364 5191 (728)
2580 5117 2752 5191 anth.
2786 5135 2799 5170 :
2841 5113 3011 5169 Multo
3057 5114 3319 5184 [leniunt
3354 5111 3722 5175 vehementius,

2142 5207 2206 5244 ac
2228 5186 2550 5244 'reniwéuni.
2583 5186 2737 5242 LsIa.

2146 5258 2151 5263 ’
2212 5260 2353 5315 Audi
2382 5260 2596 5313 codices
2632 5265 2848 5312 nostros
2885 5264 3102 5318 Instos.,
3146 5253 3411 5322 ﬂorebunt
3455 5251 3722 5305 vehemen-

2143 5332 2269 5380 lius-
2299 5346 2361 5380 ac
2386 5329 2695 5380 renitetum.
2738 5327 2878 5380 Men.
