3984 5380
245 324 357 383 997

767 431 997 488 CAPUT
1036 431 1335 488 PRIMUM;

242 530 329 587 De
363 529 791 599 pnmoiqtlvcnttt
816 527 962 599 tertii
998 520 1217 580 Henriéi
1246 529 1404 597 regis,
1434 535 1482 599 ct
1517 543 1669 598 papa!
1699 526 1830 583 Gre-

234 597 239 601 ’
320 595 460 670 gorii
520 596 651 670 [IL
678 595 1219 670 inALongobordiam,
1254 595 1314 651 et
1342 595 1641 669 qualiter’a
1669 599 1836 653 duce-

320 666 454 723 irice
515 667 766 723 Malhildi
817 666 957 736 apud
996 666 1285 739 Cauassant
1322 666 1550 739 suscepti
1605 679 1726 723 sunt
1785 678 1835 724 et

315 742 458 811 quoi
485 739 919 811 emndentgregem
952 737 1204 811 subvertit
1242 737 1525 811 Gnibertus
1570 740 1833 811 archiepi-

316 808 529 881 scopus,
575 820 625 863 et
669 808 780 863 alia
812 808 935 862 rice
974 809 1066 862 ivit
1112 825 1229 862 cum
1280 826 1339 863 eo
1382 810 1603 864 Romam
1649 808 1835 865 contra

319 898 537 953 papam.
1040 936 1043 943 .
1422 950 1427 955 ,

244 997 364 1054 Rex
396 1003 554 1066 rogat
577 992 724 1065 (752)
741 993 1010 1058 abbatem,
1034 991 1334 1046 Matbildim
1360 992 1625 1062 supplicat
1648 1002 1832 1065 atque,

242 1088 379 1144 Post
407 1086 602 1142 matris
633 1093 867 1140 mortem
895 1084 1040 1140 fama
1064 1093 1318 1139 currente
1352 1100 1450 1154 per
1470 1086 1688 1151 orbem,
1802 1088 1805 1091 ’

244 1180 450 1252 Regem
482 1180 804 1234 damnatum
840 1192 938 1248 per
963 1191 1158 1247 papam
1185 1176 1707 1246 commemOratum;

242 1272 474 1328 Turbati
502 1280 650 1327 certe
682 1269 851 1325 fortes
874 1278 1186 1340 suntatque
1217 1278 1487 1339 potentes,

240 1363 349 1418 Per
375 1373 551 1418 totum
576 1377 825 1433 regnum,
847 1361 1111 1429 dicentes,
1148 1377 1268 1417 esse
1290 1364 1607 1432 superbum,

238 1454 365 1511 Non
399 1471 593 1526 parere
621 1455 726 1525 pie,
757 1454 1045 1510 sinceriter
1072 1463 1238 1525 atque
1262 1456 1492 1527 benigne

241 1547 507 1603 Romana:
529 1548 667 1613 sedi,
697 1562 820 1617 quae
846 1546 1027 1602 claves
1054 1547 1299 1602 continet
1325 1547 1454 1614 arvi;

238 1643 366 1708 Quo
400 1641 547 1696 circa
571 1655 751 1711 regem
776 1646 1025 1695 statuunt
1054 1648 1406 1695 contemnere
1426 1649 1602 1707 recte,

235 1731 306 1786 Ni
334 1732 553 1797 redeat;
580 1745 735 1801 papae
756 1745 946 1801 pacem
971 1731 1186 1787 studeat
1213 1725 1490 1787 revocare.

234 1823 358 1877 Non
389 1824 548 1878 aliter
575 1837 637 1878 se
662 1838 760 1878 rex
789 1838 1028 1879 noscens
1050 1839 1279 1894 regnare
1300 1824 1509 1890 valere,

234 1915 391 1985 (755)
422 1915 503 1969 Ad
530 1914 923 1969 consobrinam
949 1913 1252 1970 Matbildim
1282 1916 1454 1983 misit,
1486 1927 1553 1972 ut‘
1574 1917 1689 1989 ipsa

233 2006 543 2060 Consilium
566 2015 805 2076 caperet,
837 2022 947 2077 quo
972 2022 1112 2078 papa
1136 2008 1347 2063 veniret
1367 2009 1437 2062 ab
1473 2007 1621 2065 Urbe

234 2094 699 2166 Longobardiam,
722 2104 928 2168 peteret
953 2099 1165 2152 veniam
1192 2099 1297 2155 sibi
1326 2099 1581 2171 dignam;

234 2185 358 2256 Ipse
386 2188 791 2258 suumiussum
832 2187 1035 2243 faceret
1061 2189 1232 2245 dubio
1252 2190 1445 2260 procul
1473 2191 1637 2246 ultro.
1686 2228 1691 2231 λ

231 2276 380 2348 Papa
401 2293 705 2348 precesque
732 2279 923 2334 videns
946 2280 1184 2335 dominae
1208 2280 1485 2336 Mathildis
1501 2325 1515 2348 ,
1545 2282 1721 2337 eidem

232 2367 392 2436 Quod
420 2370 621 2438 quaerit
647 2370 835 2437 donat,
865 2370 1075 2425 dimisit
1101 2372 1339 2443 denique
1360 2372 1613 2442 Romam,

231 2459 414 2531 Opilio
436 2462 636 2533 dignus
660 2461 964 2519 Canossam
998 2465 1147 2519 venit
1181 2474 1236 2520 et
1258 2466 1427 2532 intus,

230 2554 410 2621 Quem
433 2557 610 2613 sancti
638 2555 783 2611 Petri
809 2557 929 2612 vice
948 2557 1187 2628 digniter
1214 2559 1304 2614 ille
1332 2560 1535 2629 recepit
1563 2578 1576 2614 :
1694 2586 1701 2593 -

233 2647 553 2703 Salviﬂcum
576 2663 759 2704 rorem
793 2664 917 2720 quae
941 2664 1099 2720 papa.-
1122 2651 1356 2721 sumpsit
1376 2650 1445 2707 ab
1471 2667 1587 2707 ore.

230 2738 399 2811 Regis
424 2739 670 2807 Henrici,
697 2736 919 2797 domina
940 2742 1238 2798 comitante
1262 2743 1505 2798 Matbildi
1526 2766 1549 2811 ,'

226 2827 422 2885 Adfuit
443 2838 500 2885 et
514 2831 673 2901 juxta
694 2832 1010 2901 praesentia,
1033 2833 1306 2903 turbaque
1327 2833 1532 2900 multa;

227 2921 312 2977 Ex
342 2938 430 2979 me
460 2924 630 2995 fitque
653 2939 816 2991 nova,
840 2925 970 2980 dum
996 2924 1135 2980 ﬂnnt
1160 2926 1312 2992 talia,
1346 2925 1540 2981 Roma.

226 3013 379 3070 Urbs
404 3015 585 3071 honor
602 3032 732 3071 ecce
760 3026 909 3083 tuus,
936 3032 1152 3072 mecum
1179 3032 1275 3071 rex
1302 3032 1441 3087 papa
1465 3017 1631 3073 simul
1659 3018 1751 3085 sit,

225 3110 309 3165 Ac
334 3108 453 3164 Itali
487 3125 766 3180 proceres,
797 3125 898 3165 nec
929 3124 1040 3165 non
1077 3109 1236 3177 Galli,
1263 3125 1628 3181 proceresque

227 3201 662 3268 Ultramontani,
690 3201 945 3269 Romani,
970 3203 1273 3273 pontiﬁcali

225 3294 533 3349 Stemmate
556 3293 850 3364 fulgentes,
880 3294 1081 3349 adsunt
1099 3294 1283 3364 plures
1305 3294 1610 3363 sapientes,

224 3386 378 3442 Inter
396 3403 537 3458 quos
561 3388 735 3443 abbas
764 3385 920 3457 Iingo
944 3385 1325 3443 Cluniacensis
1352 3388 1440 3443 hic
1468 3395 1642 3453 astat,

224 3479 332 3546 Qui
359 3479 522 3535 Pater
545 3480 699 3551 (754)
729 3480 782 3533 in
806 3480 1028 3533 lavacro
1050 3479 1203 3550 regis
1216 3477 1394 3533 fuerat
1412 3489 1782 3536 sacrosancto.

222 3569 389 3626 Pacis
408 3585 697 3626 sermones
726 3570 1035 3625 tractabant
1054 3570 1110 3625 bi
1143 3571 1425 3638 seniores;

225 3661 382 3734 (755)
424 3661 679 3733 Cumque
718 3661 836 3718 dies
880 3670 1092 3718 starent
1140 3678 1238 3733 per
1287 3671 1400 3719 tres
1438 3679 1538 3735 pro
1571 3681 1705 3736 pace
1736 3667 1820 3720 lo-

1214 3804 1219 3809 .
1333 3754 1605 3828 [quentes,
1642 3816 1645 3817 ν

223 3844 293 3900 Et
320 3860 425 3917 pax
458 3862 570 3902 non
603 3856 774 3914 esset,
809 3863 906 3902 rex
937 3856 1102 3918 atque
1123 3847 1376 3903 recedere
1397 3847 1607 3916 vellet;

222 3935 498 4008 Capellam
530 3938 712 3994 sancti
736 3939 869 4008 petit
891 3939 1033 3994 idem
1059 3954 1156 3994 rex
1180 3936 1411 4006 Nicolai,

222 4027 284 4084 In
308 4046 417 4100 qua
451 4038 733 4100 pastorem
756 4032 1064 4101 lacrymans
1098 4030 1278 4085 oravit
1305 4029 1614 4102 Hugonem,

221 4119 296 4176 Ut
316 4136 416 4191 pro
436 4138 569 4193 pace
590 4137 694 4178 sua
726 4121 1017 4191 ﬁdejussor
1044 4122 1147 4178 sibi
1170 4122 1282 4177 fiat.

219 4212 347 4269 Non
371 4215 497 4270 licet
520 4216 649 4281 hoc,
687 4214 859 4269 abbas
880 4215 994 4285 regi
1020 4215 1321 4285 respondit,
1342 4222 1398 4269 et
1424 4223 1616 4271 astans

220 4305 339 4361 Illic
360 4305 638 4362 Matbildis
662 4306 917 4376 rogitavit
938 4322 1087 4375 eum,
1111 4307 1209 4362 sed
1231 4316 1286 4363 et
1306 4306 1439 4377 ipsi;

294 4489 447 4557 (752)
487 4445 908 4543 νει-ειιιιινὶιιιιιο
946 4487 1002 4541 in
1050 4494 1260 4557 textum
1302 4485 1600 4544 Donizonis
1633 4488 1817 4545 intulit

218 4555 558 4631 Leibnitius;
591 4559 910 4631 verum,_uti
947 4557 1002 4631 in
1025 4556 1344 4631 praefatione
1374 4558 1585 4626 monui,
1614 4576 1818 4631 suppo-
1850 4555 1894 4610 D

220 4632 363 4685 situs
388 4625 800 4700 iseratﬁg‘urm
817 4625 1041 4700 lienrici
1075 4626 1227 4699 regis
1262 4627 1316 4700 in
1352 4644 1529 4699 genua
1555 4625 1815 4700 procum-

216 4701 401 4780 beatis
418 4709 560 4780 ante
585 4698 908 4780 Ma‘tbildim,
933 4714 1041 4780 qua
1073 4698 1198 4780 eum
1225 4698 1405 4780 pictus
1431 4698 1595 4755 etiam
1623 4717 1815 4780 cernes

216 4772 382 4828 batur
417 4769 577 4841 Ilugo
621 4768 1002 4842 Cluniacensis
1048 4768 1242 4842 abbas:
1275 4768 1456 4842 Quare
1498 4781 1666 4842 caput
1710 4773 1816 4828 hoc

217 4839 707 4897 exordium—sumit
738 4857 768 4895 a
798 4839 926 4893 Post
958 4841 1167 4906 matris,
1206 4848 1310 4895 etc.
1342 4840 1484 4897 Men.

292 4913 467 4986 (755)
506 4911 815 4986 Sequentes
867 4911 902 4965 8
974 4926 1168 4967 versus
1217 4912 1411 4968 recitat
1464 4913 1590 4968 Bar.
1640 4912 1809 4982 1077,

220 4982 371 5039 num.
406 4982 687 5047 2|.fLEm.

259 5056 463 5130 Δ(754)⁵
485 5053 814 5130 Spsceptum
839 5051 905 5106 ad
929 5065 1126 5130 sacros
1140 5051 1318 5109 fontes
1340 5053 1409 5109 ab
1428 5053 1657 5130 Bagoae
1681 5053 1815 5110 Clu-

1136 320 1425 378 APPEND.
1465 319 1549 377 ιιι.
1583 353 1648 362 -
1689 320 2124 379 ιιοκιιιιεκτει
2161 309 2628 383 (ηιιῖοοιιιὲιθιει.

1530 437 1535 443 ’
1752 448 1757 453 '
1872 437 1921 493 Α
1947 435 2061 491 Iloc
2090 435 2251 492 faciet
2279 451 2462 504 nemo,
2490 438 2789 507 respondit,
2816 444 2872 493 tu
2902 445 3028 505 nlst,
3061 441 3244 495 credo.

3423 328 3531 386 998

1941 528 2248 599 Poplitibus
2268 530 2423 586 ﬂexis
2445 531 2584 586 dixit
2606 545 2704 586 rex
2730 538 2895 601 atque
2929 529 3179 588 Mathildi
3211 551 3224 585 :

1941 619 2024 675 Tu
2058 621 2165 676 nisi
2195 638 2281 678 me
2316 624 2548 678 multum
2575 623 2785 694 iuveris
2819 624 3004 690 modo,
3036 637 3146 678 non
3174 638 3276 696 ego
3312 633 3530 681 scutum

1940 712 2181 771 Ulterius
2201 713 2471 786 frangam,
2499 716 2749 771 multavit
2776 730 2864 771 me
2890 717 3016 787 quia
3051 732 3211 787 papa.

1937 805 2286 863 Consobrina
2311 809 2501 864 valens
2535 807 2621 864 fac
2648 824 2735 864 me
2757 809 3099 876 benedicere,
3123 810 3286 878 vade;

1937 896 2169 971 Ipsaque
2190 900 2448 968 surrexit,
2476 901 2700 973 regique
2727 902 3038 972 spopondit,
3061 910 3115 958 et
3138 903 3251 958 exit

1936 990 2253 1047 Ascendcns
2286 1008 2530 1059 sursum,
2566 994 2718 1049 stetit
2739 1008 2804 1048 ac
2824 1010 2918 1049 rex
2948 994 3062 1065 ipse
3087 995 3381 1065 deorsum;

1936 1081 2250 1154 Alloquitur
2276 1100 2474 1155 papam
2501 1086 2569 1140 de
2602 1086 2748 1157 regis
2779 1087 2887 1141 line
2913 1088 3245 1157 reclamans,

1940 1173 2182 1231 Sinceris
2205 1176 2366 1232 dictis
2388 1178 2626 1232 domina:
2652 1178 2982 1234 venerabilis
3019 1180 3140 1235 istis

1936 1266 2180 1323 Credidit
2205 1267 2471 1336 Antistes,
2510 1278 2573 1325 ut
2596 1270 2745 1340 juret
2782 1270 2862 1325 sic
2884 1278 3065 1325 tamen
3100 1272 3216 1341 ipse

1937 1357 2052 1414 Rex
2083 1360 2181 1427 illi,
2221 1361 2335 1416 sedi
2358 1361 2619 1418 Romana:
2642 1362 2824 1432 sitque
2850 1361 3054 1429 ﬁdelis;

1935 1448 2143 1507 Praesul
2164 1467 2398 1524 qumque
2420 1454 2552 1509 velit
2574 1453 2892 1525 Gregorius,
2915 1454 3021 1510 hoc
3045 1453 3171 1521 sibi,
3195 1452 3325 1510 fecit
3350 1453 3497 1526 (756)

1936 1541 2055 1600 Rex
2091 1552 2238 1600 retro
2273 1546 2513 1616 scriptus
2559 1545 2744 1618 (737);
2793 1546 3068 1617 solitoque
3109 1561 3337 1601 munere
3370 1561 3530 1617 mage

3250 1637 3448 1712 [frigus

1935 1728 2274 1785 Pernimium
2305 1744 2566 1799 magnum
2587 1728 2762 1786 Janus
2796 1730 2958 1787 dabat
2986 1731 3091 1788 hoc
3112 1739 3167 1787 et
3194 1732 3250 1786 in
3272 1746 3451 1798 anno;

1854 1834 1907 1890 Β
1934 1812 2255 1893 (758)Ἀιιιε
2285 1823 2404 1879 dies
2427 1832 2659 1895 septem,
2687 1839 2853 1894 quam
2882 1824 3043 1879 ﬂnem
3068 1824 3239 1882 Janus
3277 1824 3525 1894 haberet,

1933 1912 2077 1966 Ante
2102 1928 2259 1969 suam
2288 1912 2483 1969 faciem
2508 1914 2784 1970 concessit
2817 1930 2956 1985 papa
2981 1916 3169 1971 venire
3198 1946 3201 1949 -

1933 2002 2159 2076 Regem,
2194 2019 2320 2061 cum
2347 2006 2551 2077 plantis
2577 2005 2759 2075 nudis,
2792 2023 2823 2063 a
2850 2006 3051 2079 frigore
3069 2008 3276 2079 captis;

1934 2098 1994 2153 In
2016 2114 2181 2155 cruce
2207 2099 2356 2170 (750)
2383 2114 2445 2156 se
2464 2100 2681 2171 iactans
2712 2117 2885 2172 papae,
2907 2102 3211 2172 saepissime
3226 2103 3473 2159 clamans
3509 2119 3523 2157 :

1930 2185 2124 2256 Parce,
2149 2190 2308 2246 beate
2332 2190 2512 2257 Pater,
2542 2192 2628 2261 pie
2651 2206 2816 2262 parce
2842 2192 2977 2248 mihi
3004 2202 3131 2264 peto
3152 2194 3331 2265 plane.

1929 2276 2078 2350 Papa
2107 2281 2296 2338 videns
2320 2282 2559 2350 ﬂentem,
2585 2284 2881 2339 miseratus
2908 2285 2957 2340 ei
2983 2285 3119 2340 satis
3139 2294 3244 2351 est,
3276 2293 3395 2352 est;

1930 2368 2067 2424 Nam
2091 2371 2369 2428 benedixit
2392 2388 2541 2441 eum,
2566 2384 2756 2444 pacem
2788 2375 2981 2429 tribuit
3000 2375 3126 2443 sibi,
3154 2376 3377 2432 demum
3420 2392 3423 2395 ·

1930 2464 2154 2522 Missam
2183 2465 2443 2533 cantavit,
2474 2480 2676 2536 corpus
2701 2466 2851 2521 dedit
2876 2474 2931 2521 et
2954 2466 3362 2538 Deitatis'(740)
3390 2487 3403 2523 :

1932 2555 2133 2613 Secum
2167 2557 2706 2628 eonvivans,snpcr
2757 2572 2939 2614 arcem
2993 2559 3089 2629 qui
3137 2557 3524 2631 (7M):5Canu-

1940 2696 1947 2703 ,
2547 2682 2565 2689 κ
2807 2681 2814 2688 .
3134 2647 3361 2721 [sinam,
3394 2676 3397 2681 ›

1928 2740 2110 2811 Ipsum
2132 2739 2362 2806 dimisit,
2386 2734 2676 2810 postquam
2695 2739 2923 2809 juravit,
2946 2747 3003 2794 et
3022 2739 3120 2795 ivit
3488 2742 3491 2743 ⁷

1933 2831 2131 2888 Urbem
2158 2831 2441 2903 Reginam,
2472 2846 2581 2902 qua
2604 2832 2789 2887 stabat
2819 2832 2977 2887 turba
3003 2831 3241 2903 mallgna

1925 2923 2277 2989 Pontiﬁcum,
2304 2924 2460 2979 valde
2485 2932 2793 2982 metuentes
2825 2924 2968 2979 hanc
2997 2922 3115 2979 fore
3133 2938 3346 2994 pacem.

1927 3016 2101 3088 Major
2130 3016 2281 3088 (742)
2312 3022 2431 3071 erat
2463 3016 2678 3072 cunctis
2704 3014 3020 3083 Guibertus,
3048 3016 3338 3088 episcopus
3367 3017 3525 3073 urbis

1929 3108 2226 3175 Ravennae,
2245 3108 2464 3174 doctus,
2494 3108 2717 3178 sapiens
2741 3116 2797 3164 et
2820 3108 3021 3164 nobilis
3045 3116 3221 3176 ortus,

1854 3194 1896 3252 C
1929 3199 2225 3257 Exstiterat
2258 3199 2471 3255 Parma:
2492 3200 2650 3267 civis,
2685 3215 2784 3256 seu
2812 3200 3045 3256 clericus
3072 3208 3217 3267 ante,

1928 3292 2069 3347 Dum
2109 3291 2214 3348 fuit
2237 3294 2445 3348 electus
2472 3287 2770 3364 Gregorius
2803 3293 2926 3361 iste,
2952 3292 3250 3351 Guibertus
3290 3329 3295 3333 «

1927 3381 2035 3453 Ipsi
2056 3383 2282 3454 juravit,
2313 3368 2504 3438 contra
2535 3398 2700 3453 quem
2736 3398 2886 3438 nunc
2905 3382 3047 3438 male
3074 3382 3252 3438 sancit
3275 3381 3426 3455 (745)
3451 3398 3465 3435 :
3490 3386 3495 3405 ῖ

1927 3473 2095 3545 Regis
2114 3475 2262 3532 enim
2289 3483 2531 3530 mentem
2561 3483 2755 3530 contra
2788 3489 2985 3546 papam
3007 3474 3172 3530 docet
3196 3489 3341 3541 esse,
3362 3458 3376 3472 ’

1926 3565 2153 3637 Rexque
2172 3566 2261 3623 die
2286 3574 2444 3622 sexto
2469 3566 2735 3622 remeavit
2758 3565 3119 3622 Bibianellum
3159 3566 3341 3638 (7M);

1923 3658 2101 3714 Corde
2129 3659 2259 3714 dolo
2278 3661 2459 3730 pleno,
2491 3675 2617 3714 cum
2646 3660 2805 3730 plena
2838 3667 3022 3714 mente
3046 3674 3282 3714 veneno.

1923 3748 2121 3817 Pastor
2149 3748 2274 3809 felle
2292 3767 2489 3806 carens
2510 3751 2576 3806 ad
2613 3766 2738 3806 eum
2773 3751 3054 3807 descendit
3087 3750 3156 3807 ab
3182 3765 3310 3807 arce
3405 3766 3413 3773 '
3488 3764 3495 3777 '

1922 3840 2129 3897 Crebro
2159 3842 2363 3912 scripta
2394 3830 2582 3913 supra,
2611 3826 2741 3898 mox
2769 3852 2854 3899 est
2875 3842 3157 3900 comitissa
3180 3853 3392 3900 secuta.

1922 3931 2166 3989 Callidus
2188 3942 2246 3988 at
2278 3935 2448 3988 multa
2483 3950 2579 3989 rex
2615 3950 2768 4004 papa:
2791 3935 2949 4003 dixit,
2975 3943 3030 3991 et
3051 3936 3197 3991 ultra

1922 4024 2222 4080 Eridanum
2248 4025 2496 4092 ﬂuvium,
2522 4041 2814 4081 commune
2843 4028 2994 4096 cupit
3023 4028 3141 4082 fieri
3169 4035 3304 4082 tunc

1921 4116 2298 4188 Colloquium;
2324 4117 2511 4173 laudat
2532 4118 2678 4188 quod
2714 4133 2883 4188 papa,
2916 4117 3195 4175 Mathildis
3224 4128 3279 4175 ct
3303 4128 3476 4190 optat.

1918 4216 2033 4272 Cur
2057 4217 2162 4272 hoc
2191 4232 2284 4276 rex
2323 4217 2494 4282 malit,
2529 4217 2784 4288 ignorant
2805 4218 2861 4272 bi
2885 4218 2997 4273 duo
3021 4218 3189 4285 clari;

1916 4319 2138 4377 Mantua
2164 4337 2353 4377 revera
2381 4320 2580 4392 placito
2602 4319 2872 4390 subdique
2898 4322 3156 4377 timebat:

1991 4498 2141 4571 (757)
2180 4496 2317 4571 (ΖοᾶἸ
2348 4498 2525 4571 θηῑῖιιέ
2559 4502 2577 4552 :’
2605 4496 2879 4571 Solitoque
2921 4506 3090 4571 nivem
3126 4513 3276 4571 mage
3318 4499 3512 4571 piguit,

1920 4571 1974 4629 id
1988 4568 2394 4641 estglamtarius
2418 4569 2598 4625 nivem
2628 4575 2684 4623 et
2710 4568 2885 4641 frigus
2915 4570 3059 4624 ultra
3092 4568 3314 4623 solitum
3350 4568 3513 4623 dede-

1920 4639 2312 4783 Μέτῖὄῐέῗηὶἰοε.
2371 4711 2405 4766 5
2455 4725 2649 4766 versus
2694 4711 2906 4766 recitat.
2947 4708 3073 4763 Bar.
3123 4707 3294 4776 1077,
3326 4725 3383 4763 n.
3416 4706 3513 4761 ‘20.
3581 4690 3590 4696 ’

1918 4783 2137 4923 Ι’,(1859)
2178 4851 2239 4923 In
2272 4852 2619 4923 pmnitentia.
2645 4849 2801 4907 LEIB.

2015 4855 2137 4922 759)
2178 4855 2239 4907 1η
2272 4855 2619 4923 pmnitentia.
2645 4855 2801 4907 LEIB.
3486 4856 3493 4867 λ

1989 4855 2140 4997 (740)
2176 4922 2503 4997 Lambertus
2530 4931 2720 4997 narrat
2741 4921 2992 4979 absoluto
3006 4936 3134 4993 rege
3159 4937 3357 4993 papam
3388 4918 3526 4997 mis-

1917 4987 2419 5070 sarnm'solemnia
2465 4993 2793 5070 celebrasse,
2837 5003 2893 5050 et
2938 5003 2997 5047 ut
3029 4987 3096 5049 se
3132 4987 3397 5070 purgaret
3449 4987 3531 5070 ξιὶξ

1917 5067 2133 5130 obiecto
2165 5065 2426 5120 Simoniae
2442 5063 2693 5128 crimine,
2722 5074 2934 5130 partem
2959 5064 3208 5130 corporis
3240 5063 3527 5121 Dominiei
