3984 5380
144 260 297 318 ιῡοε

140 375 292 432 Huic
316 374 513 432 similis
537 375 699 432 credo
722 372 828 432 fuit
849 376 953 432 hoc
982 376 1038 432 in
1068 386 1310 449 tempore
1332 394 1519 447 nemo;

140 466 402 522 Oﬂicium
423 467 621 537 duplex
646 468 1037 525 monachorum
1062 469 1489 540 pontiﬁcumque

141 555 323 613 Nocte
351 557 773 628 dieccomplens;
808 573 1007 629 corpus
1042 560 1355 614 macerabat
1385 568 1447 615 ut
1482 560 1723 629 hostem;

142 645 488 714 Catholicus,
517 648 728 714 calebs,
753 648 897 718 pius,
923 657 977 703 et
997 642 1214 705 sobrius
1248 648 1351 705 fuit
1381 665 1562 721 teque;

142 734 224 791 De
247 737 555 807 cnjusvere
585 737 871 792 tristantur
891 745 1065 793 morte
1098 738 1303 804 fideles,

145 826 499 884 Schismatici
526 828 786 900 gaudent;
810 837 928 884 erat
952 829 1038 884 his
1060 830 1370 885 contrarius
1398 840 1598 897 autem,

142 918 325 986 Quem
370 920 475 976 sibi
513 922 867 977 commissum
902 920 1051 993 (782)
1080 937 1177 992 per
1201 920 1519 994 Gregorium
1556 924 1727 978 comi-

1472 1014 1653 1088 (ﬁssa,

144 1097 220 1153 Ut
239 1099 444 1167 decuit,
466 1098 625 1173 digne
645 1100 887 1172 sepelivit
904 1112 1099 1159 maesta
1119 1102 1369 1175 benigne.

142 1187 316 1244 Attus
341 1190 583 1246 Anselmi
610 1192 849 1247 condivit
868 1192 1088 1248 Mantua
1115 1194 1298 1262 terris,

142 1279 223 1335 De
242 1296 377 1352 quo,
405 1284 552 1353 quod
586 1284 783 1355 gliscit,
807 1285 1147 1352 monStrasti,
1176 1285 1412 1355 Christe,
1459 1286 1722 1345 Mathildi.

141 1367 283 1424 Nam
312 1371 514 1429 virtute
546 1382 638 1429 tua
668 1372 795 1430 fecit
824 1375 1085 1430 miracula
1117 1376 1301 1446 plura;

146 1460 412 1520 Servulus
435 1464 539 1521 iste
557 1474 685 1522 tuus
703 1467 770 1522 de
798 1467 1003 1524 sanctis
1030 1470 1237 1526 exstitit
1263 1487 1428 1540 unus,

142 1553 441 1621 Catholicae
468 1559 609 1628 parti
641 1556 745 1613 fuit
772 1559 1033 1615 indicium
1058 1562 1364 1632 probitatis,

145 1641 521 1705 Schismatica:
551 1649 689 1717 parti
712 1648 925 1719 signum
950 1650 1107 1720 quasi
1135 1651 1446 1707 debilitatis.

142 1730 272 1787 Inde
298 1735 686 1805 triumphando
711 1738 908 1809 gaudet
929 1740 1210 1796 comitissa
1234 1743 1538 1812 precando;

144 1819 319 1892 Hujus
353 1825 500 1878 enim
534 1824 712 1881 Patris
736 1828 986 1897 precibus
1006 1837 1162 1901 putat
1183 1832 1454 1899 auxiliari,

142 1910 393 1984 Cumque
412 1914 566 1970 daret
600 1918 785 1973 tumba
821 1921 995 1975 sancti
1029 1921 1292 1978 miracula
1320 1926 1514 1993 multa,

140 2002 402 2062 Proderet
426 2016 483 2062 ut
504 2011 693 2067 multis
718 2020 841 2082 post
874 2029 975 2069 nos
1003 2030 1099 2085 per
1126 2016 1268 2071 secla
1300 2015 1519 2085 futuris,

142 2096 375 2154 Iustitia:
403 2102 604 2156 cultrix
631 2119 694 2158 ea
719 2106 917 2174 partim
939 2106 1141 2177 fingere
1158 2108 1324 2178 jussit

145 2187 292 2259 (783)
316 2188 450 2257 Quae
470 2192 634 2247 simul
657 2205 711 2248 et
733 2195 899 2250 vitam
927 2198 1191 2268 capellani
1223 2200 1327 2255 sibi
1358 2199 1592 2269 dictant;

144 2279 361 2337 Tertius
385 2283 625 2341 existens
649 2286 718 2341 ab
738 2302 803 2342 eo
822 2286 1083 2346 Lucensis
1107 2299 1160 2346 et
1186 2292 1275 2348 ille

142 2370 446 2443 Rangerius
474 2385 654 2431 rector
684 2377 832 2450 (784)
855 2380 1078 2437 dictavit
1099 2398 1217 2437 eam
1245 2384 1347 2439 sibi
1372 2393 1568 2453 metro,

143 2463 378 2521 Dictavit
407 2469 697 2537 pulchrum
720 2487 893 2542 nuper
915 2473 1223 2546 librumque
1252 2478 1573 2546 secundm,

145 2551 247 2619 Qui
276 2555 455 2611 baculi
476 2556 628 2613 litem
653 2559 799 2632 (785)
825 2561 1035 2630 diliinit,
1063 2566 1213 2620 misit
1230 2567 1409 2636 eique,

143 2644 480 2719 Principium
506 2651 665 2721 cujus
696 2653 763 2708 sit
795 2653 904 2721 hic,
935 2663 1119 2711 etnon
1150 2658 1360 2714 hinsitet
1391 2659 1534 2715 ullus

145 2733 357 2804 Lector,
403 2738 499 2793 sed
532 2750 721 2796 noscat
754 2744 898 2813 quod
926 2754 1118 2815 extera
1156 2748 1265 2802 sint
1298 2758 1471 2804 metra
1519 2749 1676 2805 docta
1712 2769 1725 2804 :

145 2825 292 2897 (786)
332 2827 541 2885 Filiolaa
566 2830 732 2900 Petri,
760 2834 915 2890 viola
936 2846 1058 2907 post
1080 2838 1189 2892 lilia
1223 2838 1368 2909 (787)
1392 2840 1619 2908 dentur;

144 2913 311 2970 Detur
330 2918 381 2972 ei
402 2918 469 2973 de
504 2919 654 2976 fonte
678 2922 770 2977 Dei
797 2939 888 2979 ros
910 2927 1053 2982 unde
1078 2927 1339 2998 rigentur.

142 3001 329 3074 Pugna
351 3005 475 3074 fuit,
510 3009 684 3067 donec
716 3014 892 3082 potuit
918 3016 1107 3071 Sievire
1143 3015 1456 3085 Guibertus,

143 3092 392 3153 Perﬁdiie
417 3100 550 3167 dux,
584 3102 839 3160 Ecclesiae
862 3116 1103 3162 vastator
1126 3118 1366 3178 apertus,

146 3186 251 3241 Sed
274 3190 407 3258 quid
426 3191 477 3245 ei
500 3200 710 3249 tentare
730 3193 824 3251 Dei
852 3196 1160 3253 firmissima
1186 3210 1368 3256 castra
1391 3202 1414 3256 7

143 3276 402 3351 Nunquid
435 3298 523 3351 eo,
566 3296 825 3356 regnante
863 3288 993 3358 Deo,
1027 3293 1273 3361 pervenit
1305 3294 1373 3349 ad
1404 3297 1597 3351 astra?

143 3369 394 3428 Mortuus
421 3385 526 3442 est,
550 3385 605 3432 et
630 3380 861 3436 traditus
888 3392 973 3438 est
1002 3384 1056 3437 in
1086 3386 1445 3454 perditionem

145 3462 361 3535 Quique
380 3483 537 3523 reum
560 3469 798 3528 defendit
822 3490 968 3543 eum,
992 3484 1183 3533 contra
1206 3480 1494 3534 rationem.

145 3556 471 3628 Gregorium
500 3577 597 3617 vas
629 3565 903 3636 egregium
929 3568 1240 3640 quicunque
1269 3571 1514 3641 negavit,

143 3644 264 3700 Jam
285 3648 484 3716 videat,
513 3651 560 3706 si
594 3651 733 3709 forte
756 3664 941 3726 queat,
966 3674 1130 3729 quam
1163 3659 1300 3717 falso
1320 3663 1547 3731 putavit.

145 3734 360 3807 Quique
379 3739 518 3796 duas
542 3741 704 3813 fregit
726 3753 934 3801 statuas
960 3747 1108 3818 (788)
1138 3748 1412 3819 Urbanus,
1449 3753 1518 3808 ab
1547 3754 1640 3809 illo

143 3825 318 3881 Fonte
343 3827 480 3895 ﬂuit,
510 3830 777 3903 longeque
809 3835 941 3891 eluit
967 3835 1114 3908 (789)
1141 3854 1249 3892 non
1277 3841 1498 3909 segnius
1526 3843 1635 3897 illo.

145 3915 410 3989 Quisquis
431 3936 555 3976 eum
581 3924 728 3995 (790)
758 3940 867 3980 non
891 3934 1016 3981 ante
1040 3926 1211 3982 Deum
1237 3930 1321 3984 vel
1344 3946 1466 3985 sero
1490 3931 1725 4001 fatetur;

146 4006 435 4079 Reprobus
461 4021 567 4080 est,
594 4022 649 4069 et
668 4014 856 4073 devius
880 4011 982 4084 est,
1009 4034 1336 4090 poenamque
1360 4030 1616 4079 meretur.

144 4096 245 4155 His
271 4100 508 4158 ducibus
537 4105 877 4164 mirabilibus
903 4108 1149 4164 collectio
1176 4120 1361 4167 nostra

144 4188 269 4246 Non
295 4193 489 4262 tacuit,
515 4192 690 4253 donec
716 4197 888 4254 tenuit
909 4198 1165 4256 latrantia
1196 4210 1392 4270 rostra,

218 4411 371 4493 (πει)
412 4411 680 4493 scribitur
700 4416 754 4493 ίςι
778 4415 1254 4493 Padolir._codiee,
1284 4421 1394 4493 sibi
1423 4424 1723 4493 commissa,
1759 4407 1803 4461 Β

146 4478 251 4536 hoc
273 4478 361 4551 est
380 4483 430 4537 ei
449 4486 827 4543 commendata
854 4488 1127 4551 Mathildis
1155 4478 1451 4549 comitissa.
1491 4478 1636 4550 Mus.

216 4550 373 4692 (785)
410 4552 610 4609 Baron.
652 4555 809 4622 1080,
849 4550 1129 4614 num.l5.
1172 4559 1321 4616 [ειη.

243 4620 348 4692 784
410 4622 463 4692 Is
486 4634 570 4679 est
600 4620 923 4692 Rangerius,
950 4630 1042 4692 qui
1072 4630 1126 4683 in
1154 4629 1321 4685 Lucer

243 4620 572 4704 78!)A_ls.est_
600 4620 934 4704 Rangerius,
950 4630 1042 4698 qui
1072 4630 1126 4683 in
1154 4629 1383 4687 Lucensi
1408 4632 1721 4704 episcopatu

144 4700 272 4771 post
294 4691 672 4771 Gothifredum
698 4691 984 4771 successit,
1002 4708 1369 4771 acrpropterea
1390 4691 1724 4757 dicitur-ter-

145 4763 255 4816 tius
278 4763 508 4817 existens
530 4763 594 4816 ab
620 4780 681 4817 eo
710 4764 976 4822 Lucensis.
1019 4763 1137 4822 Vita
1164 4763 1336 4826 sancti
1361 4771 1603 4827 Anselmi
1631 4775 1721 4829 lit-

146 4830 281 4952 igi:
329 4832 401 4887 ab
451 4833 641 4888 eodem
694 4833 963 4906 Rangerio
1000 4839 1317 4910 consignata
1362 4840 1719 4898 desideratur.

203 4915 294 4955 UB.

217 4970 375 5048 (785)
412 4968 529 5028 Hoc
549 4981 635 5028 est
661 4974 912 5048 litemde
956 4977 1289 5034 investituris
1324 4978 1726 5048 episcoporum,

144 5048 199 5094 et
214 5040 512 5114 abbatum,
539 5057 703 5112 quam
730 5045 835 5098 sibi
860 5059 955 5114 per
976 5049 1319 5105 traditionem
1355 5040 1538 5108 baculi
1563 5040 1728 5107 usuri

144 5109 363 5194 pali-agt
400 5109 592 5194 eorum
644 5109 1230 5194 temporumﬁaesares
1267 5132 1331 5173 ac
1364 5132 1542 5194 reges.
1582 5120 1726 5175 Mus.

211 5179 370 5319 (786)
411 5173 916 5264 Versus_Ran:gerii.
958 5173 1105 5246 Leni.

238 5249 346 5303 787
407 5249 661 5319 Nunquid
717 5253 806 5307 hic
850 5254 1096 5314 laudatur

238 5249 370 5319 787)
407 5249 661 5321 Nunquid
717 5249 806 5307 hic
850 5254 1096 5314 laudatur
1143 5260 1199 5313 in
1246 5255 1505 5318 Matbilda
1549 5259 1725 5313 comi-

143 5319 277 5374 tissa
314 5321 498 5380 primo
542 5319 883 5380 virginitatis.
926 5333 1038 5380 tum
1082 5327 1359 5380 viduitatis
1414 5328 1630 5380 status?
1667 5327 1723 5380 In

1036 261 1323 326 APPEND.
1362 262 1447 323 Ill.
1488 297 1557 308 -—
1594 264 2027 327 MONUMENTA
2060 262 2524 325 CREGORIANA.

1759 384 1807 441 Α
1832 376 1952 432 Jam
1979 377 2228 444 raleunt,
2251 391 2359 447 qua
2385 373 2566 430 fronte
2591 383 2817 445 queunt,
2852 374 2947 445 qui
2976 374 3281 446 prosiliere,
3378 388 3405 397 "

3267 268 3405 326 1006

1830 466 1980 534 Quos
2001 467 2174 534 video,
2201 475 2453 538 tangente
2474 465 2605 533 Deo,
2629 467 2946 537 plerumque
2967 467 3166 524 dolere.

1831 557 1937 614 Sed
1958 559 2199 625 redeant,
2222 568 2285 613 et
2318 574 2421 614 nos
2443 558 2698 624 habeant,
2729 566 2784 613 et
2810 566 2997 613 nostra
3023 559 3284 628 libenter;

1830 649 1936 705 Sed
1970 650 2207 716 videant,
2238 658 2299 705 ut
2324 666 2431 705 non
2455 649 2679 704 redeant
2702 657 2825 720 post
2848 657 2996 721 terga
3019 649 3266 708 latenter.

1826 739 1982 796 Nunc
2008 741 2172 812 igitur
2195 738 2309 796 non
2329 740 2564 812 exigitur
2589 740 2736 811 (79l)
2762 740 3023 812 quidquid
3045 742 3250 798 mederi

1827 832 1944 899 Qua
1972 832 2121 903 (792)
2149 831 2322 886 voluit
2344 831 2516 887 donec
2547 831 2718 887 voluit
2736 831 2945 887 divisus
2972 832 3161 887 haberi

1826 924 1903 980 De
1924 924 2118 995 pretio,
2144 924 2211 979 de
2243 923 2467 995 flagitio,
2498 924 2565 979 de
2594 924 2876 987 seditione,

1826 1014 1893 1070 Et
1921 1016 2160 1086 sapiunt,
2183 1024 2237 1073 et
2258 1031 2359 1072 nos
2376 1016 2529 1070 aiunt
2549 1015 2604 1070 in
2631 1017 2961 1087 cognitione.

1826 1103 1961 1160 Nam
1987 1105 2241 1176 pretium,
2271 1121 2398 1161 nam
2424 1105 2686 1177 flagitium
2712 1122 2820 1162 non
2842 1108 3141 1177 complacet
3161 1104 3295 1178 illis;

1827 1196 1931 1263 Qui
1954 1197 2199 1267 cupiunt,
2232 1198 2326 1268 qui
2355 1198 2637 1268 diripiunt,
2663 1199 2992 1253 damnantur
3021 1199 3090 1254 ab
3116 1200 3261 1268 illis;

1824 1287 1933 1343 Par
1956 1289 2118 1357 ratio,
2145 1305 2245 1359 par
2271 1289 2511 1357 traditio,
2541 1304 2639 1359 pro
2667 1298 2818 1359 parte
2845 1290 3091 1356 videtur;

1827 1377 2053 1433 Pnestet
2082 1380 2134 1434 ei
2169 1395 2398 1437 censura
2440 1379 2536 1434 Dei
2568 1380 2713 1450 quod
2747 1380 2937 1435 deesse
2974 1380 3207 1436 videtur.

1828 1470 1904 1525 De
1928 1472 2121 1527 baculo
2143 1472 2211 1528 lis
2233 1482 2317 1528 est
2339 1472 2538 1544 p0pulo
2559 1488 2681 1527 cum
2703 1470 2956 1528 Patribus
2983 1481 3122 1528 orta.

1829 1562 1937 1618 Ista
1976 1562 2097 1631 fuit,
2137 1580 2261 1636 quas
2295 1579 2406 1619 non
2442 1566 2619 1623 caruit
2654 1565 2902 1637 caligine,
2942 1575 3126 1637 porta;

1831 1654 1937 1711 ista
1965 1655 2084 1722 fuit,
2113 1672 2235 1727 qua:
2258 1656 2482 1727 diripuit
2507 1655 2846 1728 Paulumque
2869 1656 3231 1728 Petrumque;

1759 1740 1803 1795 Β
1828 1747 1936 1802 Ista
1964 1747 2086 1815 fuit,
2114 1764 2239 1820 qua:
2264 1764 2361 1819 par
2382 1748 2573 1804 habuit
2597 1762 2888 1820 regemque
2911 1747 3211 1820 Deumque,

1831 1839 1957 1895 llaec
1989 1841 2275 1911 phrenesis
2298 1856 2407 1895 non
2430 1849 2514 1897 est
2539 1841 2786 1909 haeresis,
2818 1857 2924 1897 non
2943 1851 3028 1897 est
3045 1837 3409 1914 labyrinthus,

1830 1930 1934 1986 Pcr
1961 1932 2213 1988 tenebras
2236 1941 2291 1988 et
2317 1949 2412 2004 per
2438 1932 2675 1988 latebras
2700 1949 2811 1988 non
2836 1942 2920 1989 est
2946 1934 3099 1988 labor
3124 1934 3300 2001 intus;

1832 2022 1983 2079 lianc
2012 2025 2262 2080 volumus
2292 2024 2604 2098 quicunque
2635 2017 2828 2080 Sumus
2861 2024 2928 2080 de
2961 2025 3214 2097 dogmate
3252 2024 3412 2080 Chri-

3222 2118 3338 2189 (sti,

1833 2205 1904 2261 Ut
1942 2204 2172 2279 fugiant,
2211 2216 2267 2263 et
2302 2207 2552 2278 rejiciant
2590 2208 2954 2263 communiter
2992 2207 3102 2263 isti.

1833 2297 1987 2353 Unde
2013 2300 2158 2367 volo,
2181 2315 2249 2355 ne
2270 2298 2409 2355 forte
2433 2299 2560 2355 dolo
2588 2299 2820 2361 circuno
2837 2300 3105 2367 eniamur,

1834 2389 1903 2445 Ut
1934 2391 2188 2458 breviter,
2217 2391 2313 2446 sed
2349 2407 2460 2446 non
2487 2390 2676 2446 leviter
2695 2392 2975 2462 pensanda
3006 2392 3315 2463 loquamur.

1830 2478 2066 2550 Christe,
2090 2483 2255 2553 sapis,
2278 2483 2424 2554 quod
2459 2483 2624 2539 corda
2655 2482 2803 2554 (795)
2834 2483 3001 2554 rapis,
3030 2499 3293 2542 succensa
3317 2500 3414 2541 cae

3201 2574 3343 2647 [lore

1830 2664 1941 2719 Fac
1982 2662 2118 2731 fieri,
2155 2680 2279 2735 quae
2320 2666 2429 2720 scis
2467 2664 2604 2732 fieri,
2643 2680 2743 2735 pro
2781 2665 2931 2735 pacis
2963 2680 3169 2721 amore.

1830 2753 1961 2809 Plus
1981 2753 2136 2809 laicis
2164 2751 2376 2808 cunctis
2405 2751 2706 2808 Mathildim
2735 2751 3039 2824 Rangerius
3062 2754 3167 2810 scit

1832 2845 2096 2901 lntentam
2124 2845 2228 2916 legi
2262 2843 2498 2911 Domini,
2527 2845 2757 2915 vitisque
2782 2845 3043 2915 perenni;

1832 2938 1945 2993 lloc
1972 2937 2076 2993 sibi
2103 2934 2389 3008 perlucens
2419 2936 2491 2991 ob
2515 2937 2568 2991 id
2596 2935 2764 2991 edidit
2795 2937 2911 3008 ipse
2937 2937 3213 3004 volumen,

1830 3027 1950 3082 lam
1972 3027 2158 3082 redeat
2181 3026 2415 3098 primus,
2448 3025 2597 3098 (794)
2625 3027 2714 3083 hic
2737 3027 2840 3083 iste
2864 3027 2937 3085 sit
2963 3028 3097 3084 ordo
3131 3029 3374 3085 relictus.

2437 3136 2668 3193 CAPUT
2718 3135 2808 3192 IV.

1831 3228 1909 3283 De
1948 3230 2104 3284 tertio
2137 3229 2364 3301 adventa
2402 3229 2799 3301 regisillenrici
2843 3231 2899 3284 in
2946 3226 3205 3300 Italiam,
3247 3241 3300 3288 et
3348 3232 3415 3289 de

2198 3299 2473 3355 obsidione
2511 3300 2824 3356 Mantuane
2861 3302 3030 3356 urbis.

1832 3389 1945 3444 Rex
1982 3398 2042 3445 ut
2079 3388 2346 3447 Henricus
2384 3390 2561 3447 factus
2599 3392 2782 3462 gravis
2815 3402 2900 3447 est
2937 3390 3193 3452 inimicus

1832 3478 2088 3536 Ecclesia:
2113 3490 2336 3548 sanctae,
2364 3481 2710 3552 dominaeque
2733 3481 3010 3538 Mathildis
3033 3484 3305 3552 amanda,

1831 3569 1888 3624 In
1915 3586 2242 3641 quocunque
2278 3572 2401 3627 loco
2421 3581 2634 3641 poterat
2656 3572 2758 3628 sibi
2791 3573 3002 3641 tollere,
3032 3581 3150 3629 toto

1831 3660 1971 3715 Nixu
2004 3662 2225 3717 tollebat
2252 3672 2426 3719 terras
2454 3664 3027 3735 ubicunquetenebat,

1830 3753 2138 3809 Prasscrtim
2158 3754 2335 3822 villas,
2359 3771 2425 3810 ac
2451 3756 2671 3825 oppida,
2697 3772 2819 3827 qua:
2844 3757 3126 3814 comitissa

1830 3844 1956 3900 llaec
1989 3846 2131 3900 ultra
2168 3854 2380 3901 montes
2417 3846 2565 3916 (795)
2598 3847 2918 3917 possederat
2940 3865 2973 3905 a
2997 3848 3291 3919 Genitrice,

1829 3937 2066 3992 Abstulit
2089 3938 2335 4002 omnino,
2362 3937 2467 3991 nisi
2489 3946 2731 3992 castrum
2759 3936 3101 4009 Brigerinum
3131 3939 3304 4011 (796),

1828 4028 1991 4083 Forte
2021 4028 2187 4100 quod,
2224 4042 2484 4098 magnum
2525 4028 2697 4099 (797),
2731 4028 2974 4098 locuples
3005 4037 3123 4084 erat
3145 4031 3409 4101 undique,

3103 4120 3312 4174 largum

2548 4133 2560 4141 ‘
3103 4120 3185 4174 lar
3260 4136 3312 4174 in

1829 4210 1945 4268 Hoc
1974 4226 2072 4268 rex
2096 4225 2385 4282 aggressus
2416 4209 2601 4279 nequit
2626 4209 2771 4266 intus
2797 4224 3000 4281 ponere
3023 4118 3265 4282 grgssg:
3318 4161 3337 4188 θ

1925 4433 2049 4505 789)
2086 4432 2218 4505 Cod.
2246 4434 2441 4505 antiq.,
2471 4422 2815 4505 cluit._Lnis.

1928 4498 2050 4575 790)
2088 4503 2316 4575 Codices
2347 4498 2520 4561 nostri
2553 4524 2565 4559 :
2608 4502 2858 4575 Quisquis
2891 4516 3034 4575 eum.
3074 4498 3216 4575 Mitti.

1928 4573 2050 4645 791)
2089 4573 2222 4630 Cod.
2272 4575 2468 4645 antiq.,
2517 4573 2830 4645 quicunque.
2888 4573 3041 4630 Leni.
3102 4573 3312 4640 Habent
3354 4584 3409 4632 et

1829 4642 2005 4700 nostri
2030 4642 2246 4701 codices
2279 4642 2609 4716 quicumque.
2658 4642 2804 4700 Mus.

1901 4714 2049 4771 (792)
2100 4712 2300 4768 Valuit.
2350 4715 2498 4771 LEIB.

2146 4732 2300 4768 (διατι.
2350 4732 2498 4768 μειϐ.

1840 4840 1844 4845 .
2089 4732 2722 4849 ὦὲἷιῖἑῖὀζίὶιῖίλᾶοιίω
2752 4799 2853 4853 quo
2874 4784 3053 4838 corda.
3103 4780 3248 4840 Mnn.

1926 4852 2048 4919 794)
2090 4853 2232 4923 Audi
2253 4856 2493 4912 codicem
2513 4852 3101 4923 Regien.,pritnus-sed
3120 4853 3226 4923 hic.
3262 4853 3406 4910 Mus.

1842 4970 1845 4971 ν
1903 4920 2060 5009 (795)
2092 4922 2211 5006 Jam
2249 4940 2415 4995 supra
2424 4923 2504 5009 [de
2529 4920 2794 5009 Beatricis
2821 4931 2875 5009 et
2902 4921 3165 5009 Bonifacii
3208 4925 3414 5009 nuptiis

1831 5010 1998 5066 agens
2019 4992 2246 5060 Donizo,
2276 4992 2395 5065 cap.
2424 4993 2477 5057 9,
2507 4999 2796 5046 monuerat
2819 5007 2940 5046 eam
2976 4994 3029 5047 in
3051 4993 3246 5049 ‘dotem
3269 4992 3418 5049 attu“

1830 5064 2196 5139 lissepppiga,
2220 5066 2398 5139 villas,
2424 5077 2596 5132 eaque
2621 5060 2674 5112 in
2687 5058 2884 5139 Callia
2906 5063 3009 5118 sita
3036 5061 3238 5139 (disse.
3266 5062 3413 5139 Mus.

1902 5129 2058 5202 (796)
2088 5129 2391 5190 Convenire
2420 5129 2617 5203 nomen
2632 5129 3027 5203 fideturcum
3058 5130 3417 5203 Briegiotvcl

1828 5197 2079 5273 Brigense
2118 5212 2323 5269 castro,
2365 5216 2509 5276 nunc
2534 5197 2752 5276 (alim:
2776 5200 2836 5255 in
2866 5201 3039 5258 Gallia
3068 5197 3285 5276 posito.
3306 5201 3413 5255 Ve-

1829 5267 1951 5327 rum
1992 5287 2105 5327 non
2135 5290 2202 5344 eo
2238 5267 2414 5344 usque
2443 5267 2663 5344 llenrici
2694 5284 2849 5344 arma
2885 5289 2944 5344 se
2972 5267 3296 5344 protendere
3320 5285 3417 5344 p9-

1828 5349 2046 5380 Περι-1ιηῖ
2120 5342 2302 5380 ιιι-ιη...
2325 5337 2454 5380 ’νονί
2505 5337 2720 5380 videtur
2754 5337 2990 5380 nimiliuc':
3059 5350 3300 5380 nacti-nm
3322 5337 3420 5380 ΗΕ
