3984 5380
521 251 662 313 1007

1507 248 1598 302 an
1635 242 1865 302 OPERA
1900 243 1957 301 s.
1999 237 2326 301 cnsconu
2360 221 2802 295 APPENDICES.
2853 221 2857 224 ’

519 364 660 422 Cum
685 363 772 422 bis
795 361 1038 444 quinque
1059 360 1216 432 quasi
1243 346 1668 430 transirentjam
1697 355 1860 412 simul
1889 353 2018 410 anni
2135 361 2180 418 Α
2205 349 2506 408 Prudenter
2536 348 2687 422 (808)
2716 349 2981 405 tenuisset
3007 347 3055 403 si
3084 342 3247 403 modo
3277 331 3496 403 clausas

521 455 639 511 Rex
661 455 807 526 quod
835 454 904 508 ab
930 451 1079 507 Italia
1119 451 1444 506 discesserat
1481 447 1650 520 (798),
1691 455 1870 503 armat
1904 443 2102 516 equina

521 547 695 602 Dorsa
721 543 874 611 viris,
896 544 1089 614 jurans
1115 557 1212 614 per
1241 550 1445 612 septem
1469 537 1740 610 tempora,
1771 537 1937 608 supra

521 637 795 693 Mathildis
818 643 1017 691 terram
1039 635 1348 706 persistere,
1377 648 1508 703 pace
1529 631 1808 702 neglecta;
1930 621 1932 624 ’

523 729 716 786 Castra
741 736 896 784 vocat
921 727 1108 795 densa,
1133 727 1411 783 descendit
1437 725 1505 780 ad
1534 723 1667 778 Itala
1691 733 1879 792 regna.

523 819 743 876 Tertius
771 827 826 874 et
853 819 1060 874 mensis
1086 818 1234 874 foliis
1261 817 1506 884 florebat,
1538 825 1591 870 et
1617 814 1823 880 herbis,

521 911 667 968 Urbs
699 911 935 968 domina
966 911 1216 981 quadam
1251 909 1522 982 praedictae
1551 907 1716 964 chara
1744 905 2001 961 manebat

523 1002 791 1074 Tempore
818 1004 1081 1076 longavo,
1105 1003 1374 1059 vocitatur
1399 1001 1616 1056 Mantua
1637 1014 1787 1066 vero,

523 1095 608 1152 Ex
635 1097 824 1153 multis
857 1097 1022 1152 rebus
1057 1097 1208 1152 dives
1235 1095 1368 1151 satis
1403 1110 1468 1150 ac
1504 1092 1821 1164 speciebus;

523 1185 642 1243 Rex
668 1187 894 1258 cupiens
917 1187 1112 1260 ipsam,
1141 1185 1259 1240 ﬁxit
1287 1184 1522 1240 tentoria
1551 1183 1718 1249 circa,

525 1276 703 1346 Quam
718 1294 840 1356 mox
863 1277 1080 1333 athletis
1105 1277 1172 1333 de
1199 1277 1505 1347 sumptibus
1532 1273 1679 1345 (799)
1701 1281 1864 1344 atque
1883 1269 2110 1342 replevit

522 1367 736 1425 Nobilis
765 1377 820 1425 et
837 1367 996 1425 fortis
1015 1363 1315 1434 Mathildis,‘
1330 1367 1565 1422 maxime
1577 1365 1788 1421 doctrix
1811 1361 1981 1436 (800),

524 1458 652 1532 Ipsa
683 1467 875 1514 tenens
909 1466 1146 1526 montes,
1173 1457 1423 1514 inimicos
1443 1455 1674 1528 despicit
1699 1469 1910 1511 omnes.

525 1550 694 1624 Regis
717 1553 856 1608 bella
889 1551 1121 1632 phalanx
1149 1553 1312 1609 dabat
1338 1551 1460 1610 urbi
1497 1551 1697 1622 sapius
1725 1558 1871 1616 atra;

523 1643 800 1700 Exsiliunt
832 1645 996 1712 cives,
1021 1645 1185 1700 simul
1205 1642 1420 1700 athleta
1439 1641 1754 1708 co'mitissa,

524 1721 816 1802 Occidunt,
848 1731 1126 1806 frangunt,
1155 1743 1358 1792 coetum
1377 1718 1593 1808 pellunt
1617 1731 2000 1793 Alemannum'.

523 1818 670 1881 Urbs
694 1825 832 1880 bene
863 1834 1126 1897 protecta,
1153 1825 1380 1896 degebat
1418 1838 1514 1880 rex
1539 1824 1728 1895 procul
1755 1829 1930 1888 extra,

524 1915 804 1974 Mensibus
834 1918 1064 1972 undenis
1091 1917 1342 1974 obsessio
1367 1917 1578 1973 civibus
1603 1915 1777 1971 hasit.

527 2007 684 2064 Tunc
710 2002 924 2081 Ripalta
943 2010 1089 2082 (801)
1106 2011 1326 2082 quidem
1352 2025 1570 2066 menses
1587 2005 2106 2074 hostraditurinter;

527 2101 782 2160 Traditur
805 2112 860 2158 et
878 2104 1047 2163 turris
1069 2103 1384 2161 Gubernula
1406 2103 1555 2174 (802)
1580 2102 1724 2174 regis
1743 2101 2000 2156 alumnis.

524 2190 648 2248 Non
681 2191 944 2248 famulam
969 2192 1117 2248 Petri
1143 2201 1360 2272 mutant
1397 2183 1715 2272 discrimina
1756 2189 1901 2246 sedis
1935 2189 2107 2261 (803),

527 2283 752 2340 Civibus
779 2293 835 2340 at
861 2285 1062 2340 multos
1084 2270 1308 2339 mandat
1328 2283 1626 2353 sapissime
1659 2270 1911 2353 Sumptus

531 2372 758 2430 Servent
784 2373 953 2446 utque
972 2375 1129 2431 ﬁdem
1153 2383 1308 2446 rogat
1333 2375 1439 2430 hoc
1458 2373 1792 2445 permaxime
1818 2373 1984 2439 cives,

529 2460 633 2516 Cui
662 2461 809 2519 cives
832 2473 960 2518 vere
981 2477 1039 2518 se
1065 2462 1328 2517 mandant
1351 2475 1474 2517 esse
1497 2460 1704 2516 ﬁdeles.

528 2553 747 2612 Pollens
774 2554 1051 2638 Mathildis
1073 2555 1248 2639 ﬁdens
1269 2555 1324 2609 in
1354 2553 1566 2610 civibus
1597 2552 1724 2619 illis,
1773 2635 1780 2640 .

528 2647 809 2719 Decipitur
834 2648 1015 2704 verbis
1041 2647 1306 2720 ipsorum,
1330 2646 1470 2704 clam
1499 2644 1626 2722 quia
1651 2643 1796 2716 regis

527 2737 869 2797 Pertractant
901 2741 1092 2796 urbem
1124 2739 1377 2796 manibus
1406 2736 1576 2811 (804),
1626 2745 1949 2809 partemque
1973 2734 2112 2806 pha-

527 2920 727 2992 lpsius,
763 2929 891 2977 ante
917 2921 1060 2977 diem
1090 2919 1316 3010 Pascha
1347 2921 1504 2987 dare;
1533 2920 1600 2976 de
1627 2829 2042 2992 prope[Lattnig‘ptefl

530 3011 683 3069 Tunc
709 3011 856 3084 quod
876 3021 994 3068 erat
1014 3007 1219 3068 mundo
1241 3011 1625 3068 celebrandum
1653 3025 1843 3066 mense
1872 3007 2112 3064 secundo

528 3067 1094 3172 Consiliumvﬁnnant,
1125 3067 1279 3160 me
1315 3101 1526 3174 peragit
1555 3099 1702 3174 (δοες)
1731 3107 1786 3156 et
1811 3099 1878 3155 ad
1914 3099 2106 3154 instar.
2139 3067 2181 3125 ο

526 3193 667 3250 Nam
693 3210 804 3270 qua
833 3201 991 3250 nocte
1025 3192 1217 3260 Deum,
1252 3191 1421 3248 ludas
1453 3199 1744 3258 mercator,
1781 3189 1969 3246 Jesum

531 3282 798 3351 Tradidit,
828 3283 931 3339 hac
957 3284 1077 3354 ipsa
1107 3281 1209 3338 fuit
1236 3283 1353 3338 hac
1378 3283 1532 3348 urbs,
1559 3279 1781 3336 Mantua
1809 3281 1953 3336 dicta

531 3373 776 3442 Tradita,
809 3361 906 3432 sed
937 3375 1069 3430 dum
1093 3389 1188 3430 rex
1211 3375 1378 3428 intrat
1406 3371 1641 3428 crudelis
1671 3373 1727 3427 in
1755 3373 1970 3440 urbem,

531 3469 768 3526 Evasere
790 3469 1008 3540 quidem
1035 3482 1290 3540 proceres
1309 3467 1544 3523 domina
1571 3465 1886 3534 comitis‘sa,

531 3559 773 3618 Navibus
797 3561 1027 3618 extracti
1046 3559 1280 3633 propriis
1307 3575 1430 3614 cum
1457 3559 1620 3614 rebus
1646 3566 1700 3613 et
1727 3559 1916 3624 armis,

537 3651 610 3708 Ut
637 3653 776 3725 lapis
809 3654 1146 3709 est-adamas
1170 3651 1382 3721 ﬁrmus,
1415 3650 1494 3706 sic
1518 3650 1676 3706 ﬁrma
1697 3647 1967 3728 ducatrix,
1993 3653 1995 3656 ‘

533 3745 592 3801 In
620 3747 784 3802 tantis
803 3742 1018 3801 damnis
1037 3743 1378 3800 venientibus
1403 3737 1490 3798 his
1513 3749 1696 3796 manet
1719 3741 1898 3796 annis.

531 3836 622 3894 Fit
646 3846 858 3894 tantum
885 3837 1062 3894 dictus
1091 3838 1228 3909 lapis
1255 3837 1393 3892 haedi
1424 3836 1688 3908 sanguine
1716 3836 1945 3902 scissus,

532 3929 652 3986 Non
678 3931 819 3986 cedit
853 3931 1087 3997 damnis,
1117 3929 1272 3986 fusus
1297 3929 1464 4000 plicat
1491 3929 1632 3985 hanc
1659 3945 1836 4000 neque
1866 3931 2108 4002 sanguis,

532 4021 672 4078 Nam
702 4038 867 4094 supra
899 4021 1115 4077 Petram
1143 4021 1354 4077 ﬁrmam
1389 4021 1615 4076 fundata
1649 4021 1921 4089 manebat,

533 4111 875 4167 Fluminibus
909 4111 1056 4184 (806)
1095 4111 1234 4167 ﬁecti
1267 4113 1454 4183 nequit
1481 4112 1706 4178 idcirco,
1732 4127 1906 4184 neque
1938 4114 2115 4169 ventis

537 4202 684 4276 (807)
707 4202 865 4259 Anno
890 4204 1112 4258 milleno
1134 4217 1416 4274 nonageno
1443 4217 1662 4274 quoque
1691 4203 1868 4273 primo
1949 4215 1954 4219 '

534 4289 753 4348 Mantua
779 4291 1070 4360 sordescis,
1099 4291 1166 4348 de
1197 4291 1502 4362 proditione
1531 4291 1818 4364 nigrescis.

1163 4401 1393 4460 CAPUT
1439 4404 1506 4461 ν.

537 4491 876 4564 Objurgatio,
900 4507 963 4546 ac
986 4492 1265 4614 detestago
1301 4509 1391 4616 sleu
1420 4493 1582 4566 digna
1609 4497 1908 4554 exhortatio
1932 4509 2118 4554 contra

1237 4579 1307 4616 an
1334 4581 1478 4616 uam.

1237 4579 1478 4620 antuam.

537 4651 722 4708 Gloria
747 4659 951 4722 quanta
977 4650 1117 4707 foret
1142 4661 1323 4707 tecum
1345 4653 1490 4724 quis,
1515 4653 1756 4726 Mantua,
1783 4641 1991 4727 noscet,

569 4835 572 4839 ‘
609 4761 1092 4844 (ἶ9ᾒ1ξηρρηῑοτ
1121 4763 1194 4837 ab
1220 4761 1373 4838 italia
1395 4765 1722 4826 discesserat
1761 4785 1908 4828 anno
1956 4773 2114 4842 1084,

534 4831 674 4888 redit
708 4831 1128 4902 ioao.'Lm.—‘
1549 4853 1594 4858 ~-
1925 4883 1929 4887 .

607 4900 908 4977 (799)-1100
939 4898 1290 4977 esttreplevit
1331 4902 1448 4960 eant
1487 4907 1554 4973 de
1592 4903 1828 4977 athletis,
1860 4927 1924 4968 ac
1945 4898 2113 4968 aum-

571 4971 828 5095 Ἐταεῦἑῖ
862 4981 947 5030 est
981 4971 1264 5043 militibus,
1301 4984 1464 5048 atque
1487 4971 1732 5048 annona,
1768 4971 1834 5040 ac
1864 4983 2113 5040 victuali-

573 5059 658 5099 IIS.
706 5059 848 5098 Μυκ.
916 5093 918 5097 .
2019 5089 2021 5091 ,

605 5111 758 5251 2800;
791 5111 1039 5174 Ducti-iac.
1077 5112 1226 5170 Lam.

630 5180 728 5234 801
795 5177 893 5251 Es_t
926 5182 1142 5250 quidem
1172 5186 1226 5240 hl

630 5177 758 5250 801)
795 5177 901 5262 Pist
926 5182 1142 5262 quidem
1172 5185 1336 5262 hujus
1360 5189 1599 5246 nominis
1618 5202 1792 5262 pagus
1823 5191 1965 5262 inter
2007 5187 2114 5249 Ca-

533 5247 1422 5350 assassssssssm
1448 5273 1594 5350 sum;
1620 5247 1866 5350 minus.
1909 5247 2110 5350 verum

597 5335 624 5350 Λ
647 5319 792 5350 and!“

2205 444 2358 515 Regi,
2386 443 2500 514 jam
2527 457 2748 507 nomen,
2770 440 2936 496 decus
2960 447 3124 511 atque
3145 447 3301 495 tuum
3330 437 3527 508 proud
3553 448 3654 490 ore

2108 548 2112 558 ‘
2203 535 2499 591 Multarum
2523 529 2676 588 volvi'
2695 531 2809 587 fere
2831 538 3030 586 cuncto
3054 535 3294 600 coeperat
3320 527 3442 584 orbi
3471 545 3492 583 ι

2107 697 2112 700 ί
2205 626 2282 682 Te
2317 625 2508 682 fortem
2533 637 2662 678 vere
2691 622 3016 688 referebant,
3044 625 3100 676 et
3123 619 3468 690 locupletem,

2205 719 2284 775 Ac
2302 719 2471 774 veluti
2495 716 2715 786 Trojam
2737 715 3036 770 laudabant
3061 724 3116 768 te
3135 711 3250 768 fore
3280 711 3520 782 longam.

2205 811 2344 868 Cum
2363 811 2520 882 juxta
2539 825 2747 866 morem
2771 807 2882 864 fers
2902 807 3048 862 illius
3069 806 3438 871 obsidionem;

2205 904 2364 960 Cives
2401 911 2564 974 atque
2597 909 2726 958 tuos
2750 900 2876 955 forti
2899 899 2966 954 de
2995 897 3260 969 sanguine
3283 895 3460 963 fusos,

2205 995 2374 1052 italia
2397 1002 2607 1052 cuncta
2631 993 2882 1050 dicebant
2901 989 3146 1046 funditus
3167 989 3358 1054 urbes;

2207 1090 2394 1146 Graca
2423 1088 2663 1161 Phryges
2693 1085 2874 1142 castra
2909 1097 3010 1139 ceu
3045 1081 3340 1154 quondam,
3371 1078 3455 1134 sic
3487 1075 3779 1133 Alamanna

2206 1181 2399 1237 Castra
2420 1179 2498 1234 tui
2521 1179 2668 1234 cives
2696 1175 2842 1233 soliti
2871 1183 3000 1230 sunt
3024 1173 3262 1238 cadere;
3288 1169 3490 1241 quippe

2208 1271 2380 1326 Annis
2405 1272 2525 1342 ipsa
2549 1269 2735 1325 decem
2756 1265 3090 1324 circumdata
3119 1262 3282 1334 Troja
3300 1257 3512 1334 pateret

2209 1363 2475 1436 Argolicis
2503 1375 2806 1433 nunquam,
2836 1359 2943 1415 nisi
2975 1357 3172 1414 tradita
3201 1361 3360 1411 nocte
3384 1360 3632 1425 perusta.

2209 1455 2254 1512 O
2280 1455 2422 1509 mala
2444 1449 2702 1524 proditio,
2730 1465 2854 1522 qua
2879 1451 3053 1506 celsos
3072 1445 3276 1518 mergis
3304 1446 3358 1500 in
3389 1444 3525 1510 imo,

2211 1547 2383 1603 Tutos
2409 1543 2736 1614 corrumpis,
2764 1543 3002 1598 victores
3034 1539 3350 1611 comprimis
3372 1535 3527 1592 urbis
3551 1531 3722 1606 (809),

2210 1637 2504 1693 Perturbas
2525 1649 2703 1708 reges,
2732 1631 2980 1699 comites,
3008 1644 3368 1702 proceresque
3389 1627 3689 1698 ducesque,

2143 1723 2186 1782 Β
2211 1728 2507 1786 Ordinibus
2527 1726 2737 1784 cunctis
2759 1724 2924 1780 nimis
2952 1720 3122 1779 ofﬁcis
3141 1721 3390 1792 improba
3418 1718 3616 1790 turpis.

2213 1824 2271 1880 Si
2299 1836 2517 1880 scrvare
2545 1821 2705 1878 ﬁdem
2733 1819 3004 1876 voluisses
3029 1825 3088 1872 tu
3121 1816 3436 1880 comitissa,

2209 1916 2450 1982 Mantua,
2471 1915 2586 1986 jam
2613 1913 2758 1969 dicta
2783 1911 2883 1966 tibi
2903 1919 3083 1982 supra
3099 1909 3262 1974 dante
3288 1903 3550 1961 Mathilda

2209 2009 2511 2075 Auxilium,
2539 2007 2696 2062 denis
2725 2020 2835 2060 non
2857 2001 3063 2069 solum,‘
3087 2002 3182 2058 sed
3207 1999 3480 2056 duodenis

2210 2101 2383 2157 Annis
2411 2109 2464 2156 te
2490 2114 2680 2170 posses
2704 2097 2958 2164 retinere,
2983 2095 3182 2150 timens
3209 2092 3347 2148 nihil
3373 2092 3563 2146 hostes
3588 2107 3603 2144 :

2211 2192 2326 2249 lloc
2351 2192 2400 2248 si
2427 2191 2670 2257 fecisses,
2697 2205 2803 2261 pax
2829 2189 2898 2244 ad
2929 2195 2980 2243 te
3004 2201 3200 2258 magna
3225 2183 3493 2249 redisset;

2211 2283 2328 2339 Rex
2359 2281 2706 2339 discessisset
2739 2278 2932 2352 procul
2957 2294 2988 2333 a
3014 2285 3068 2334 te
3099 2277 3166 2332 de
3190 2289 3382 2346 prope,
3409 2272 3602 2345 sicque

2213 2377 2363 2436 Felix
2395 2374 2694 2432 mansisses
2720 2356 2800 2440 tu,
2836 2373 3004 2428 chara
3033 2368 3197 2426 nimis
3224 2365 3542 2431 comitissa,

2212 2471 2259 2526 Α
2284 2485 2393 2542 qua
2415 2468 2606 2534 ditata,
2637 2463 3069 2535 mirabiliterque
3095 2461 3296 2527 locata,

2211 2563 2377 2620 Esses
2405 2571 2552 2617 nunc
2585 2558 2787 2615 ﬂorens
2808 2572 2972 2628 super
3001 2555 3165 2610 urbes
3190 2553 3393 2624 quippe
3421 2549 3652 2628 priores.

2211 2655 2326 2712 Ceu
2358 2653 2511 2726 plebs
2531 2651 2777 2708 Romana
2799 2647 2984 2721 quires
3009 2648 3082 2704 ita
3113 2655 3258 2702 stare
3285 2653 3490 2714 togata.

2211 2746 2281 2802 Et
2307 2745 2355 2802 si
2379 2753 2432 2800 te
2459 2743 2602 2815 regis
2631 2747 2980 2813 superassent
3006 2737 3211 2810 pralia,
3237 2736 3422 2792 nescis

2214 2837 2372 2906 Quod
2387 2836 2554 2892 decus
2575 2834 2682 2890 hoc
2697 2833 2930 2888 multum
2958 2830 3118 2897 foret,
3137 2838 3192 2884 ct
3211 2844 3320 2884 non
3345 2827 3580 2883 dedecus
3595 2817 3783 2880 ullum?

2212 2927 2350 2983 Nam
2387 2925 2721 2982 traditricem
2756 2911 3046 2978 nemo‘tibi
3074 2920 3254 2978 dicere
3279 2918 3468 2974 sciret.

2213 3016 2329 3074 Hoc
2364 3017 2575 3072 utinam
2602 3029 2728 3070 vere
2754 3021 2813 3068 tu
2844 3027 3125 3083 nunquam
3152 3025 3351 3064 nomen
3373 3008 3628 3072 haberes,

2211 3108 2424 3176 Infelix,
2451 3106 2623 3163 tristis
2641 3121 2708 3161 ex
2726 3105 2832 3160 hoc
2855 3113 2916 3160 tu
2943 3103 3164 3159 nomine
3184 3101 3354 3158 sistis.

2211 3199 2386 3257 Omne
2412 3199 2617 3254 bonum
2643 3211 2841 3252 nomen
2863 3211 2964 3272 pro
2987 3194 3133 3266 turpi
3156 3193 3452 3250 traditione

2212 3292 2326 3348 Cur
2348 3289 2601 3358 amisisti,
2626 3287 2892 3343 tradendo
2922 3296 3086 3342 temet
3115 3285 3362 3358 iniquis?

2089 3373 2100 3392 ²
2211 3382 2511 3440 Catholicis
2542 3379 2703 3452 plena
2732 3373 2939 3436 dudum
2970 3377 3244 3434 celebrare
3265 3375 3482 3432 solebas

2211 3473 2424 3530 Pascha
2445 3472 2542 3526 Dei
2563 3470 2768 3528 Christi
2788 3487 2913 3528 cum
2935 3469 3372 3542 splendiferaque
3391 3467 3654 3535 Mathildi,

2211 3566 2376 3622 Curia
2398 3564 2558 3636 cujus
2577 3571 2696 3618 erat
2719 3563 2971 3634 dapibus,
2999 3561 3270 3632 donisque
3287 3562 3530 3632 repleta;

2211 3655 2462 3732 Ofﬁciosa
2493 3662 2681 3711 manet
2703 3655 2864 3727 quasi
2892 3654 3036 3728 regis
3063 3654 3217 3712 curia
3252 3669 3404 3710 sane.

2211 3749 2368 3806 Nunc
2393 3749 2634 3805 celebras
2652 3731 3012 3804 Pascha'cum
3039 3744 3190 3804 falsis
3218 3761 3284 3802 ex
3311 3745 3612 3801 Aletnanna

2212 3841 2317 3910 Qui
2345 3846 2632 3913 peramant
2673 3837 2971 3907 Bacchum,
3011 3837 3246 3910 flagrant
3271 3837 3340 3894 ad
3375 3835 3782 3904 luxuriandum;

2212 3933 2434 3990 illorum
2469 3933 2687 4004 linguas
2717 3931 2916 3998 nescis,
2945 3928 3134 3988 faciles
3160 3945 3381 4002 quoque
3401 3931 3555 3986 rixas

2212 4028 2352 4084 Cum
2374 4034 2504 4084 sunt
2527 4025 2718 4098 potati,
2749 4039 2852 4095 pro
2875 4024 3059 4083 verbis
3083 4022 3258 4080 fertur
3275 4023 3504 4092 amaris,

2215 4119 2415 4176 Ensem
2436 4117 2738 4183 denudant,
2763 4116 3040 4172 sociorum
3068 4117 3278 4171 viscera
3306 4124 3590 4172 truncant.

2215 4211 2464 4267 Mordent
2489 4223 2643 4264 more
2668 4207 2803 4278 lupi,
2822 4223 2949 4263 cum
2966 4215 3190 4264 sumunt
3203 4207 3350 4279 (810)
3374 4207 3578 4278 pabula
3597 4205 3783 4272 cuncti,

2215 4299 2369 4356 Atria
2403 4307 2718 4355 sanctorum
2739 4297 3004 4374 violenter
3026 4297 3277 4370 frangere
3301 4307 3528 4354 norunt.

2148 4404 2194 4460 ι)
2218 4390 2439 4446 Mantua
2457 4404 2563 4446 nec
2581 4388 2732 4463 (811)
2763 4389 2898 4446 tales
2919 4390 3018 4444 tibi
3039 4402 3267 4446 noscere
3287 4400 3543 4446 monstro
3563 4391 3784 4456 sodales,

2219 4481 2330 4540 Hos
2358 4473 2507 4554 fuge,
2541 4489 2848 4562 contemne,
2881 4497 3033 4538 mors
3066 4491 3151 4538 est
3181 4498 3305 4539 cum
3337 4483 3543 4540 talibus
3568 4499 3708 4540 esse.

2218 4573 2384 4648 Regis
2406 4573 2647 4632 amicitia
2673 4574 2866 4644 procul
2893 4573 3038 4630 haud
3063 4575 3281 4630 durabit
3303 4583 3360 4631 et
3381 4576 3526 4646 ipsa,

2216 4663 2336 4722 Non
2363 4663 2526 4722 faciet
2552 4665 2752 4737 quippe
2780 4666 2876 4722 tibi
2909 4682 3034 4738 qua
3061 4667 3556 4740 promiserat'ipse,

2249 4779 2781 4862 .13304).999-..sm«
2823 4783 3126 4862 nam“qu
3156 4784 3499 4862 ριεαιαιθεπι.
3530 4802 3631 4844 san

2217 4849 2427 4923 sidium
2449 4849 2720 4908 Matbildis
2747 4849 2890 4923 regis
2909 4849 3173 4923 manibus
3193 4854 3326 4910 dare
3347 4849 3612 4912 tractant.

2213 4917 2276 4998 In
2299 4919 2490 4998 iisdem
2509 4917 3028 4998 quoquecodicibus
3041 4923 3279 4982 habetur
3299 4929 3630 4998 pariterque.
3651 4927 3786 4983 lan-

2214 4987 2594 5116 ﬁgilltit‘ul-Iifo
2635 4987 2748 5090 regi
2791 4992 2917 5048 data
2967 5002 3052 5050 est
3097 5010 3196 5066 per
3239 4987 3614 5068 proditionem
3657 5011 3788 5054 anno

2285 5129 2434 5212 (80.5)
2649 5139 2784 5212 an_t_.,
2828 5145 3106 5205 peragunt.
3141 5133 3309 5201 ,Lstn.
3369 5135 3592 5194 Habent
3639 5140 3711 5196 ita
3740 5147 3787 5194 et

2215 5201 2385 5254 nostri
2416 5201 2651 5262 codices.
2701 5201 2845 5258 Mun.
2958 5201 2976 5205 ⁷
3791 5249 3798 5268 ι

2287 5268 2435 5350 (θρίξ)
2470 5269 2830 5350 ξιαηιίιιέριρδ-
2872 5271 3022 5350 Lm.
