3984 5380
204 335 351 392 1017

829 441 1059 498 CAPUT
1080 442 1173 499 Xl.

231 533 317 591 De
367 550 575 592 recessu
626 535 898 593 Chonradi
926 540 991 591 ab
1028 534 1260 608 Henrico
1302 547 1453 608 patre
1476 552 1592 604 suo,
1614 548 1666 593 et
1696 540 1762 593 de

706 617 873 663 morte
893 624 1044 678 papae
1079 607 1300 663 Urbani.

208 721 375 775 Petre
395 720 575 791 Pater,
598 732 802 793 praesto
826 722 1080 793 precibus
1113 722 1372 778 dictantis
1406 722 1554 797 (858)
1586 724 1799 792 adesto,

215 811 287 867 Ut
300 813 507 881 doceas
541 829 763 871 sensum
774 812 1029 870 nostrum
1041 830 1368 885 componere
1377 830 1596 872 versum
1623 818 1793 891 (859),

211 904 396 961 Unam
422 908 691 963 dictemus
709 908 946 978 plagam,
978 922 1085 979 qua
1119 923 1213 961 rex
1235 916 1543 977 superetur.

210 996 580 1069 Francigenas
605 1008 788 1069 partes
815 998 1069 1057 Urbanus
1096 1001 1225 1057 dum
1250 1010 1562 1072 peragraret

210 1088 608 1160 Longobardia:
643 1092 822 1147 stabat
852 1107 953 1151 rex
982 1094 1250 1149 hactenus
1276 1094 1399 1159 ille;

209 1179 316 1235 Cui
343 1179 564 1238 furtuna
593 1192 749 1239 vetat
769 1183 908 1240 ferat
932 1176 1173 1241 ultraue
1202 1186 1472 1253 diadema,

210 1270 409 1346 Egypti
438 1268 642 1346 regem,
671 1293 794 1348 quae
816 1279 1050 1349 perculit
1074 1269 1263 1334 ultima
1287 1292 1492 1350 regem,

210 1364 384 1421 Istum
412 1367 571 1440 plaga
598 1367 740 1437 ferit,
771 1371 1166 1443 primogenitus
1194 1372 1293 1427 sibi
1325 1373 1487 1440 cedit,

208 1455 462 1516 Mortuus
489 1459 710 1534 Egypti
740 1464 1136 1535 primogenitus
1161 1462 1295 1531 fuit;
1321 1465 1418 1520 isti

208 1548 331 1605 Non
359 1552 516 1619 obiit,
548 1554 703 1609 vivus
733 1556 824 1610 sed
850 1556 899 1610 ei
931 1556 1110 1628 gravis
1135 1567 1219 1612 est
1244 1555 1500 1612 inimicus

208 1641 432 1710 Factus,
457 1645 531 1699 ob
549 1646 669 1715 ejus
686 1663 844 1717 opus,
866 1649 1012 1719 quod
1034 1657 1153 1704 erat
1174 1650 1406 1705 nimium
1434 1648 1787 1707 scelerosum.

207 1733 538 1795 Chonradus
561 1738 707 1811 (860)
721 1740 902 1796 dictus
928 1740 1030 1797 fuit
1050 1741 1142 1797 hic
1162 1743 1228 1797 de
1253 1742 1548 1798 chrismate
1564 1744 1769 1800 tinctus

206 1824 433 1899 Ingenio
451 1828 680 1899 pollens,
706 1834 1001 1903 genitorem
1030 1848 1258 1906 prorsus
1286 1835 1607 1903 abhorrens,

211 1916 285 1973 Se
303 1919 542 1976 dominae
569 1922 738 1995 largis
760 1923 1033 1981 Mathildis
1061 1927 1302 1982 subdidit
1335 1928 1455 1982 alis.

208 2008 342 2077 Qum
369 2012 537 2068 veluti
565 2014 788 2089 dignum
819 2020 974 2073 valde
1009 2020 1345 2093 charumque
1368 2021 1756 2093 prepinquum,

207 2101 333 2158 Mox
362 2107 605 2176 suscepit
633 2124 756 2163 eum
786 2109 1039 2176 laudans,
1069 2120 1130 2166 ut
1159 2127 1253 2167 rex
1279 2113 1551 2168 vocitetur

207 2191 360 2249 Illius
389 2202 587 2251 tractat
611 2205 841 2267 patrem,
876 2200 956 2255 sic
986 2198 1183 2256 Esther
1208 2211 1267 2256 ut
1295 2201 1492 2269 Aman,

208 2285 452 2344 Abstulit
470 2292 702 2346 uxorem
729 2293 832 2348 sibi
858 2294 1132 2365 primitus,
1149 2304 1204 2350 et
1224 2296 1546 2369 modo(86l)
1559 2297 1786 2367 prolem.

208 2377 306 2436 His
332 2391 517 2439 motus
539 2384 756 2442 damnis
783 2396 989 2459 septem
1024 2398 1175 2445 stans
1200 2390 1423 2445 insimul
1451 2392 1612 2447 annis
1643 2390 1791 2464 (862)

207 2470 394 2540 Italiae,
423 2491 652 2546 regnum
682 2476 959 2535 Gallorum
984 2481 1168 2536 visitat
1190 2482 1369 2551 exsul,

209 2562 302 2620 Sic
329 2566 526 2636 procul
548 2568 754 2639 ejectus
781 2570 1106 2631 Chonradus
1126 2574 1272 2630 iilius
1293 2576 1435 2647 ejus,

206 2654 344 2710 Cum
377 2658 599 2714 domina
627 2662 805 2717 stabat
826 2662 940 2732 jam
965 2680 1128 2735 supra
1150 2675 1597 2734 commemorata,

206 2743 452 2802 Consilio
477 2748 638 2818 cujus
667 2750 895 2820 pulcher
911 2751 1149 2821 juvenis,
1182 2754 1544 2821 rubicundus,

205 2836 284 2892 Ac
312 2839 555 2908 prudens
582 2856 730 2907 vere,
763 2842 1004 2898 Siculam
1031 2844 1186 2899 duxit
1207 2845 1488 2900 mulierem
1515 2845 1664 2917 (865)

206 2926 428 3001 Roget-ii
457 2939 643 2986 natam
666 2932 843 3000 ducis,
872 2934 1001 2990 huic
1018 2934 1204 3005 juveni
1227 2951 1445 3006 quoque
1472 2952 1631 3007 papa,

204 3019 439 3077 Credere
463 3023 511 3079 si
543 3026 703 3080 vellet
731 3026 855 3093 sibi,
891 3042 1075 3097 regem
1106 3043 1215 3082 non
1249 3036 1395 3085 vetat
1419 3043 1562 3084 esse.

204 3110 322 3167 Non
350 3125 471 3170 erat
493 3116 582 3173 hic
614 3127 792 3174 rector
821 3121 1087 3176 tremulus
1114 3121 1272 3192 quasi
1301 3123 1538 3177 cannula
1565 3131 1746 3189 vento,
1818 3136 1860 3194 ο

206 3204 314 3261 Sed
342 3208 515 3263 veluti
542 3209 746 3283 ferrum
777 3212 1068 3267 truncabat
1094 3213 1257 3268 noxia
1285 3213 1470 3269 verbo.

206 3297 278 3355 Ut
303 3316 526 3358 cervum
550 3319 774 3374 serpens
796 3305 1068 3361 beet-esum
1093 3306 1173 3361 sic
1198 3306 1357 3361 turba
1385 3306 1541 3361 timet
1559 3322 1753 3379 quem;

203 3387 410 3445 Cuncta
443 3391 548 3447 sibi
577 3407 742 3462 prava
777 3394 1085 3449 subduntur
1113 3394 1364 3466 dogmata
1392 3393 1549 3451 falsa.

204 3479 498 3553 Nunquam
529 3483 767 3539 decrevit
795 3484 945 3557 (864)
967 3486 1191 3542 libertas
1219 3487 1457 3558 denique
1478 3487 1625 3544 sedis

209 3572 470 3631 Romana:
495 3591 594 3646 per
622 3592 770 3645 eum,
798 3588 1047 3634 sanctum
1074 3588 1319 3649 peremat
1345 3581 1473 3652 quia
1499 3580 1752 3651 Petrum;

202 3664 419 3722 Aureus
448 3667 678 3724 antistes
705 3669 855 3724 color
880 3671 1117 3739 optimus
1149 3671 1357 3726 exstitit
1380 3672 1502 3739 iste,

205 3755 426 3813 Scilicet
453 3756 712 3816 Urbanus
742 3761 945 3816 sanctis
976 3761 1171 3816 merito
1201 3762 1462 3831 sociatus,

202 3845 388 3903 Talem
415 3864 501 3904 vae
526 3848 716 3905 Romae
735 3866 859 3906 cum
886 3852 1119 3922 perdidit
1139 3853 1448 3922 opilionem.

201 3937 451 3997 Mortuus
477 3949 563 3997 est
594 3940 782 3999 Romae
810 3943 975 4016 digno
1000 3944 1253 4000 conditus
1282 3946 1511 4013 honore,

199 4029 378 4087 Julius
403 4033 522 4105 ipse
543 4034 659 4090 dies
688 4034 848 4090 binos
884 4051 1007 4091 cum
1034 4035 1126 4091 dat
1151 4051 1320 4106 prope
1348 4034 1513 4091 finem

200 4122 359 4179 Anno
387 4125 637 4193 milleno,
664 4141 1059 4198 nonagenoque
1087 4142 1301 4182 noveno

198 4216 248 4270 A
272 4212 410 4272 Nato
443 4217 594 4273 celso
616 4218 684 4274 de
710 4218 886 4291 prima
914 4217 1137 4291 Virgine
1164 4217 1363 4274 Verbo.

803 4330 1033 4387 CAPUT
1066 4331 1182 4387 XII.

198 4420 555 4478 Declectione
598 4421 884 4479 Paschalis
911 4440 1085 4547 paper,
1129 4432 1181 4478 et
1227 4424 1292 4478 de
1331 4440 1497 4495 prava
1543 4422 1784 4479 Guiberli

402 4508 406 4511 ‘
898 4510 1015 4547 mor
1038 4511 1084 4547 e.
1588 4516 1597 4527 ι

402 4508 406 4511 Α
898 4508 1084 4548 morte.
1588 4516 1597 4527 ‘

196 4603 326 4662 Post
351 4623 515 4679 quem
538 4623 684 4679 papa
710 4608 888 4664 bonus
911 4608 1169 4664 laudatur
1196 4608 1488 4681 religiosus

196 4759 273 4814 dit
290 4770 455 4834 atque
476 4764 788 4820 conﬁrmat.
814 4763 889 4819 Et
914 4780 1102 4820 revera
1125 4765 1180 4820 in
1211 4765 1362 4821 Actis
1392 4767 1457 4821 ad
1483 4766 1775 4822 Ravenna-

195 4838 305 4886 tem
336 4834 520 4889 sedem
561 4834 938 4961 slgcectantihus
971 4836 1058 4891 ille
1088 4853 1142 4890 se
1162 4836 1486 4917 __Wibertum
1517 4838 1773 4906 archiepi-

195 4917 405 4961 sconum
429 4905 595 4961 inscr'
672 4905 803 4961 bat:
837 4905 895 4959 in
933 4906 1228 4961 nontilicus
1248 4923 1406 4961 vero.
1432 4906 1772 4961 Clementem.

195 4917 405 5025 sucopum
429 4905 803 4973 inscribebat;
837 4905 895 4959 in
933 4906 1228 4976 pontiﬁciis
1248 4923 1406 4975 vero,
1432 4905 1772 4965 Clementem.

247 4989 335 5025 υκ.

247 4989 335 5027 UB.

257 5042 917 5154 Qﬁbﬁfﬂﬁﬁf’gﬁflﬁz

304 5115 442 5154 τιςΙή
467 5131 686 5154 ηιιηηηιὶ
707 5116 923 5154 nnﬂinaa
947 5117 1203 5154 ονιιίινιρπί
1234 5118 1488 5154 Αὸριιηςιόε
1534 5117 1654 5154 ιΙιτι»

1103 328 1387 386 APPEND.
1428 328 1518 384 lli.
1552 352 1626 371 ι·-
1659 326 2095 385 ΜΟΝΗΜΕΝΤΑ
2127 326 2587 388 ῧιὶΕὓΟΒΙΑΝΑ.

3338 334 3479 393 me

1827 446 1872 503 Α
1898 442 2065 500 Valde
2093 443 2395 514 Paschalis,
2425 454 2778 504 consecratur
2796 462 3016 519 quoque
3035 449 3245 518 statim,
3362 492 3369 499 ο

1898 534 1959 589 1η
1984 536 2169 592 verbis
2192 537 2409 607 planus,
2434 552 2532 610 per
2558 536 2791 595 Romam
2813 555 3043 610 prorsus
3060 550 3303 609 amatus,
3422 584 3429 591 -

1782 668 1787 673 .
1898 626 2046 682 Dans
2067 644 2293 699 agapem
2315 631 2870 701 grandem,‘nutriens
2890 634 3101 706 inopes,
3126 634 3471 695 tribulantcs.

1899 718 2046 787 (865)
2072 717 2336 790 Dogmate
2361 736 2462 790 pro
2481 721 2691 779 Christi
2710 724 2942 779 eertanti
2960 738 3132 796 porro
3159 724 3407 785 Hatbildi

1901 810 2151 881 Signatos
2172 812 2355 881 apices
2374 813 2755 871 bendicentes
2780 816 2886 871 sibi
2910 817 3156 885 mittens,
3240 838 3246 865 τ

1898 899 2023 956 Illos
2053 909 2113 956 ut
2133 918 2316 958 mores
2336 913 2536 971 teneat,
2559 919 2765 975 monet,
2799 909 3121 976 anteriores,
3310 954 3313 957 .

1898 990 2048 1057 Quos
2075 992 2309 1052 docuere
2336 993 2524 1054 Patres
2553 998 2729 1067 ipsam
2753 1000 3098 1056 vehementer
3124 1009 3373 1059 amarttes

1899 1083 2256 1153 Simplicitate
2282 1083 2445 1143 Pater
2471 1090 2645 1144 sancti
2675 1089 2844 1145 Jacob
2872 1091 3216 1161 patriarchae,
3456 1124 3465 1141 ι

1896 1169 2175 1229 Paschalis
2206 1175 2433 1247 regitur,
2463 1193 2650 1233 secum
2678 1182 3119 1251 nequesubdola
3144 1184 3365 1245 vivunt.
3458 1222 3463 1231 ο

1853 1312 1859 1316 .
1895 1263 2184 1321 Planitiem
2212 1267 2373 1337 cujus
2393 1269 2582 1325 didicit
2608 1269 2900 1328 Guibeztus
2922 1274 3227 1343 homullus,

1897 1356 2021 1412 Mor.
2041 1357 2363 1415 Antichristi
2383 1360 2569 1417 sedem
2598 1364 2709 1422 sibi
2729 1364 2920 1420 tollere
2940 1367 3156 1437 gliscit;
3226 1394 3271 1421 α.

1895 1448 2002 1515 Qui
2031 1447 2283 1507 Sutrium
2305 1453 2476 1519 venit,
2507 1456 2656 1514 cives
2683 1457 2942 1519 seducere
2960 1458 3128 1529 erepit
3182 1516 3187 1523 ,
3336 1488 3339 1489 ν
3414 1510 3419 1513 .
3460 1504 3465 1523 ε

1896 1541 2194 1609 Romanos,
2226 1557 2424 1615 parvos
2446 1547 2731 1619 pretioque
2757 1550 2923 1606 nimis
2944 1550 3093 1622 (866)
3118 1550 3285 1607 simul
3303 1550 3473 1621 altas;

1894 1633 2072 1704 Atque
2099 1635 2244 1690 viam
2281 1636 2489 1693 domini
2509 1636 2658 1694 Petri
2678 1639 2826 1711 (867)
2854 1639 3089 1699 faciebat
3116 1641 3205 1698 hic
3232 1641 3406 1699 hostis

1894 1724 2201 1794 Custodire,
2231 1729 2383 1786 viros
2403 1731 2637 1800 spoliare
2664 1733 2865 1801 jubens
2888 1733 3225 1804 peregrinos;

1775 1787 1789 1812 ’
1824 1792 1868 1847 Β
1893 1814 1993 1871 Hic
2020 1834 2117 1888 per
2143 1787 2340 1888 viginti
2368 1787 2481 1877 tres
2507 1787 2684 1877 annos
2713 1787 3203 1893 ὼωφῖεοῖιτίέίί.

1772 1932 1778 1939 -
1891 1907 2193 1964 Ecclesiam
2220 1911 2347 1967 nisu
2375 1920 2492 1967 toto
2525 1914 2771 1969 turbarat
2802 1914 3047 1986 iniquus,

1894 1999 2031 2055 Dum
2058 2003 2235 2072 potuit
2264 2004 2465 2060 multos
2492 2006 2705 2060 animos
2730 2006 2993 2062 seducere
3014 2008 3241 2073 stultos,
3454 2022 3463 2065 ‘.

1893 2089 2319 2149 Destititinfelix
2342 2110 2645 2165 nunquam,
2673 2112 2776 2152 nec
2806 2097 2959 2169 (868)
2989 2114 3223 2168 corpora
3250 2097 3441 2165 laxiit,‘

1894 2181 2043 2239 Illius
2072 2199 2304 2257 magnus
2332 2188 2570 2242 mundus
2595 2188 2710 2257 jam
2738 2188 2972 2259 despicit
2999 2198 3176 2246 actus.
3236 2246 3241 2251 .

1892 2274 2150 2332 Ecclesiae
2164 2287 2376 2334 cunctae
2403 2278 2562 2334 Petre
2580 2279 2693 2349 jam
2718 2281 2899 2351 praebe
2918 2279 3473 2355 promoconde(869),

1892 2366 1998 2422 Iste
2027 2383 2192 2424 senex
2223 2378 2285 2424 ut
2311 2370 2480 2426 hebes
2513 2371 2764 2428 homines
2785 2373 2933 2427 sinat
2952 2388 3077 2428 esse
3102 2373 3308 2431 lldeles.
3373 2427 3377 2431 .
3436 2414 3439 2415 ν

1892 2453 2023 2510 Post
2051 2472 2224 2512 annos
2248 2458 2406 2514 binos
2427 2458 2684 2516 Urbanus
2704 2468 2823 2517 erat
2849 2461 2997 2531 quod
3025 2462 3095 2517 ab
3122 2462 3230 2517 isto

1896 2547 2069 2603 Saeclo
2096 2558 2364 2618 portatus,
2394 2552 2628 2623 cmlique
2649 2554 2817 2608 choro
2852 2554 3122 2621 sociatus;

1893 2637 1999 2694 Iste
2025 2639 2213 2695 dolore
2243 2643 2396 2712 gravi
2420 2652 2601 2699 tactus
2623 2643 2918 2700 Guibertus
2945 2645 3126 2701 inanis

1893 2729 2137 2788 Mortuus
2157 2742 2240 2788 est
2259 2750 2446 2789 secum
2473 2744 2699 2805 portans
2726 2737 3018 2791 anathema
3038 2751 3137 2807 per
3154 2750 3331 2793 aevum
3348 2726 3377 2804 ;Ϊ
3450 2812 3457 2817 ’

1892 2819 2181 2892 Propterea
2212 2825 2333 2881 coeli
2359 2826 2615 2896 populus,
2640 2826 2955 2898 pariterque
2978 2828 3175 2896 fidelis,

1893 2911 2287 2986 Exsultentque
2307 2917 2457 2983 boni,
2490 2918 2651 2987 periit
2671 2918 2801 2988 quia
2828 2917 3150 2989 perditionis

1893 3001 2085 3071 Filius,
2120 3015 2179 3061 ut
2200 3016 2388 3079 surgat
2419 3008 2616 3065 similis
2642 3022 2754 3063 non
2772 3008 2866 3063 det
2892 3007 3038 3066 Deus
3064 3024 3332 3080 unquam.

1894 3093 2133 3151 Dictator
2156 3100 2378 3169 quidam
2407 3100 2475 3155 de
2495 3116 2605 3170 quo
2631 3109 2805 3157 metra
2830 3101 3061 3171 protulit
3084 3101 3230 3158 ista:

1892 3184 2133 3242 Fletibus
2161 3196 2216 3243 et
2235 3188 2494 3260 lacrjunis
2527 3205 2701 3265 esses,
2733 3189 3012 3257 Guiberte,
3039 3190 3330 3258 dolendus,

1890 3273 2133 3335 Fletibus
2157 3287 2214 3334 et
2239 3280 2496 3352 lacrymis
2524 3282 2573 3338 si
2606 3280 2748 3339 forte
2774 3280 2923 3341 fores
2949 3282 3322 3344 redimendus.
3438 3302 3445 3309 '

1891 3369 1999 3425 Sed
2023 3370 2160 3425 nulli
2185 3372 2421 3443 gemitus
2442 3381 2676 3444 possunt
2701 3382 2797 3433 tua
2821 3374 2966 3433 facta
3001 3376 3175 3446 piare,

1888 3462 2064 3531 Quam
2092 3480 2243 3523 mors
2266 3482 2379 3522 non
2404 3467 2579 3537 potuit
2604 3469 2674 3525 de
2700 3469 2929 3539 perﬁdia
2954 3482 3232 3527 revocare.
3252 3498 3263 3530 ;
3344 3512 3347 3513 ν
3398 3524 3401 3525 ν
3441 3492 3449 3521 ε

1886 3552 2005 3609 Non
2034 3563 2119 3611 est
2150 3557 2447 3613 consilium
2472 3559 2624 3629 quod
2649 3561 2829 3629 possit
2851 3559 3151 3629 viviﬁcare,
3182 3608 3191 3623 ,η

1886 3647 1968 3702 Ad
1993 3663 2055 3703 se
2081 3664 2246 3719 quem
2270 3651 2476 3720 sprevit
2501 3651 2650 3709 Deus
2677 3651 2733 3707 in
2762 3652 2930 3710 tinem
2962 3669 3241 3713 revocare.

1892 3737 2088 3796 Vivens
2113 3749 2169 3796 et
2189 3743 2433 3800 moriens
2456 3745 2615 3801 nobis
2644 3746 2894 3817 exempla
2921 3747 3157 3814 dedisti,
3226 3784 3233 3789 -
3350 3776 3375 3805 .-
3414 3784 3447 3803 ι.

1886 3828 2042 3895 Quod
2073 3833 2381 3888 membrum
2411 3832 2630 3890 Satanae
2660 3851 2769 3893 non
2797 3836 2871 3892 sit
2894 3836 2963 3893 de
2982 3852 3212 3907 corpore
3229 3836 3469 3906 Christi;

1883 3920 2006 3977 Non
2036 3922 2354 3992 Dominum,
2376 3927 2471 3983 sed
2498 3928 2853 3996 dmonium,
2876 3929 3068 3986 vivens
3086 3929 3363 3997 habuisti;
3437 3952 3449 3984 ;

1882 4010 2005 4068 Non
2027 4013 2342 4082 Dominum,
2373 4018 2469 4073 sed
2490 4018 2844 4087 daemonium,
2872 4021 3116 4077 moriens
3136 4021 3398 4078 habuisti.
3434 4064 3444 4075 _

1883 4101 2026 4175 Ergo
2052 4105 2186 4161 satis
2220 4107 2392 4163 claret
2417 4110 2565 4178 quod
2591 4111 2688 4181 qui
2714 4120 2810 4167 tua
2838 4110 2983 4167 facta
3017 4119 3343 4182 cemitur.

1881 4192 1990 4252 Pro
2015 4196 2179 4252 simili
2206 4199 2366 4269 culpa
2397 4201 2563 4256 simili
2595 4203 2776 4272 gladio
2799 4203 3085 4259 ferientur.
3118 4248 3123 4255 .
3216 4234 3219 4241 λ

2473 4315 2703 4371 CAPUT
2737 4316 2876 4372 xm.
3028 4332 3033 4339 -
3254 4334 3257 4339 λ
3347 4335 3352 4339 ~
3430 4316 3434 4403 ξ

1954 4402 2034 4457 De
2059 4403 2207 4458 obitu
2248 4404 2521 4461 Chonradi
2550 4409 2686 4479 regis
2719 4417 2772 4463 et
2804 4408 3075 4463 obsidione
3103 4407 3391 4464 Ferrariw.

1815 4490 1860 4545 θ
1888 4515 2139 4573 Scribere
2169 4534 2256 4574 res
2286 4526 2467 4589 gestas
2496 4535 2620 4575 cum
2652 4537 2760 4576 non
2791 4521 2862 4578 sit
2894 4537 2984 4577 res
3014 4521 3300 4577 inhonesta
3328 4508 3353 4588 ;‘

1885 4607 2120 4665 Carmen
2143 4610 2331 4668 adesto
2354 4627 2537 4667 meum
2559 4612 2658 4681 sic,
2688 4631 2756 4671 ne
2783 4629 3004 4685 promas
3031 4614 3138 4675 nisi
3163 4630 3375 4670 verum.

1883 4768 2026 4839 ptias
2054 4769 2224 4852 abbas
2252 4772 2419 4852 etiam
2455 4770 2815 4852 Uspergensis
2853 4780 3244 4852 commemorat
3257 4771 3474 4852 ,“ignob

1882 4855 2035 4895 rassc
2056 4849 2238 4895 autem
2261 4843 2475 4897 videtur
2495 4841 2850 4898 doctissimus
2874 4843 2959 4897 vir
2985 4841 3238 4899 Bocchus
3272 4841 3473 4897 Pirrus

1884 4913 1940 4965 in
1963 4911 2315 4983 ch‘ronologia
2341 4928 2530 4983 regum
2560 4912 2780 4969 Sicilia.
2819 4912 2961 4968 Mue.

1955 4976 2105 5052 (864)
2144 4980 2190 5035 Α
2216 4976 2456 5038 JecresEa
2480 4997 2499 5035 :
2542 4983 2653 5039 hoc
2690 4991 2794 5047 est,
2824 4984 3034 5039 nullum
3075 4983 3467 5040 detrimentum

1880 5059 2151 5154 pﬁsa’est
2166 5053 2396 5154 libertas
2410 5052 2676 5109 Romanae
2696 5054 2862 5119 sedis,
2881 5052 3102 5109 Urbano
3120 5052 3166 5109 ll
3195 5055 3252 5112 in
3271 5053 3471 5110 eadem
