3984 5380
486 227 625 287 1019

480 342 630 398 Infra
655 342 981 403 Chonradus
1004 344 1392 418 Longobardos
1420 350 1736 418 comitatus,

482 435 624 491 Dum
647 446 817 493 staret
836 438 1047 495 discors
1069 455 1100 494 a
1124 439 1369 497 Mathildi
1395 441 1543 514 (870)
1566 443 1672 498 fuit
1697 444 1819 514 ipso

484 526 771 599 Tempore,
789 531 1005 586 duravit
1030 531 1305 587 modicum
1333 533 1606 590 discordia
1640 535 1804 592 talis:

481 618 619 676 Nam
650 622 805 691 petiit
830 631 1012 693 partes
1038 621 1320 680 Tuscanas
1345 641 1462 692 rex,
1494 625 1567 681 ibi
1595 627 1817 682 tandem

481 711 763 768 Nobiiibus
790 715 1013 785 quidam
1043 715 1369 773 facientibus
1388 719 1595 789 expulit
1614 719 1795 787 iram;

481 803 561 859 Ad
594 820 780 874 pacem
809 806 1023 861 firmam
1054 807 1212 863 rediit
1246 808 1384 864 bene
1410 824 1535 865 cum
1567 810 1865 867 comitissa.

481 895 609 952 Post
632 898 792 953 istam
824 915 1013 970 pacem
1039 899 1190 957 febre
1211 909 1408 957 tactus.
1450 901 1627 959 Julius
1655 911 1838 958 autem

478 988 679 1047 Mensis
706 1001 825 1047 erat
851 986 1101 1065 magnus,
1127 994 1361 1050 moritur
1386 993 1734 1063 Cbonradus,
1754 1003 1808 1050 et
1827 1010 2005 1052 annus

478 1081 716 1151 Tertius,
747 1082 1001 1141 Urbanus
1028 1087 1174 1157 quod
1204 1087 1499 1143 transierat
1524 1096 1862 1143 memoratus
1884 1088 2074 1160 (871).-

476 1173 610 1245 Ejus
639 1176 802 1233 habet
837 1193 1036 1249 corpus
1068 1179 1339 1235 Florentia
1370 1179 1561 1235 tlorida
1593 1195 1842 1250 prorsus.

475 1264 606 1323 Post
627 1269 769 1325 hanc
795 1279 1039 1326 aestatem
1068 1271 1200 1327 libet
1227 1280 1551 1327 autumnum
1578 1288 1903 1329 memorare.

475 1357 575 1425 Qu'
609 1360 776 1428 venit,
799 1363 967 1418 duros
988 1364 1042 1417 in
1073 1378 1184 1433 quo
1214 1362 1462 1419 Ferraria
1493 1379 1682 1420 muros

476 1448 746 1507 Obsessos
778 1454 970 1520 sensit,
997 1453 1176 1510 fuerat
1198 1455 1328 1526 quia
1360 1455 1501 1511 facta
1524 1455 1741 1512 rebellis

475 1541 595 1613 Ipsa
624 1544 910 1611 ducatrici,
940 1560 1041 1601 nec
1072 1546 1124 1601 ei
1159 1547 1366 1602 servire
1394 1547 1619 1617 cupivit,

473 1634 677 1690 Contra
703 1652 867 1706 quam
896 1647 1081 1709 gentes
1106 1624 1335 1693 numero
1365 1639 1485 1694 sine
1508 1639 1663 1694 duxit
1691 1646 1747 1694 et
1766 1654 1946 1707 enses,

474 1723 704 1793 Tuscos,
732 1727 1031 1795 Romanos,
1058 1729 1448 1801 Longobardos
1469 1731 1730 1801 galeatos,

473 1813 540 1871 Et
569 1815 933 1887 Ravennates,
974 1835 1210 1891 quorum
1241 1830 1371 1876 sunt
1399 1822 1638 1899 maxime
1664 1836 1850 1877 naves.

471 1908 845 1966 Circumstant
867 1913 1121 1982 equidem
1149 1913 1335 1968 multae
1361 1912 1531 1968 maris
1554 1921 1719 1984 atque
1748 1913 1949 1969 carina;
1988 1986 1995 1990 ν

473 2000 519 2053 Α
546 2002 684 2057 duce
710 2005 974 2074 praeclaro
1000 2005 1339 2062 transmissae
1369 2004 1667 2060 Venetiano
1687 2004 1857 2076 (872).

472 2092 846 2151 Considerans
874 2096 1094 2151 demum
1118 2096 1388 2163 Ferraria,
1418 2111 1485 2152 ne
1513 2105 1820 2167 superetur,

473 2184 693 2255 Optavit
725 2201 915 2256 pacem
935 2202 1147 2258 magna:
1168 2187 1443 2243 Mathildis
1474 2203 1680 2255 amare,

472 2274 703 2332 Vincere
733 2278 822 2332 cui
851 2278 1005 2333 vivos
1033 2287 1117 2333 est
1139 2294 1353 2349 semper
1376 2294 1496 2334 mos
1528 2279 1800 2334 inimicos.

1057 2392 1287 2448 CAPUT
1322 2392 1460 2448 XIV.

475 2463 790 2556 Quodipapa
822 2484 1104 2539 Paschalis
1135 2486 1196 2539 ob
1232 2488 1375 2556 piam
1408 2485 1627 2540 tutelam
1661 2485 1888 2540 domina:
1932 2486 2055 2541 Ma-

543 2554 727 2627 thildis
761 2555 1018 2627 direxerit
1042 2555 1193 2627 (875)
1233 2554 1290 2609 in
1330 2555 1754 2627 Longobardiam
1785 2557 2056 2611 venerabi-

547 2623 650 2678 lem
678 2626 1006 2680 cardinalem
1031 2623 1386 2680 Bernardum.

469 2733 691 2791 Auxilio
720 2735 868 2792 Petri
893 2738 1005 2808 jam
1034 2739 1278 2794 carmina
1301 2739 1536 2810 plurima
1570 2739 1695 2807 feci,

1402 274 1407 279 ς
1465 236 1557 291 AD
1594 235 1824 293 OPERA
1861 238 1918 295 S.
1955 230 2284 297 GREGORH
2319 237 2758 295 APPENDICES.
2860 249 2867 257 '

2092 355 2141 412 Α
2166 352 2305 408 Voto
2328 353 2519 409 devote
2540 360 2788 408 sanctum
2814 350 2969 422 petiit
2989 350 3282 420 καίοι-ειη,

3591 237 3731 296 uno

2162 446 2419 520 Pergeret
2443 456 2502 503 ut
2527 447 2783 502 Parmam
2816 446 3004 503 multis
3028 447 3309 503 erroribus
3345 454 3543 513 atram,

2162 538 2313 607 Quos
2342 540 2531 611 procul
2566 554 2782 595 errores
2816 538 2976 596 Pater
3001 539 3093 595 hic
3117 540 3409 610 depelleret
3427 555 3539 594 ore.

2159 629 2368 687 Annuit
2403 632 2489 687 his
2514 632 2693 698 dictis,
2724 647 2851 687 cum
2870 632 3213 702 consilioque
3242 630 3536 697 Mathildis,

2165 719 2378 793 Speque
2401 723 2505 779 ﬁde
2535 722 2749 794 fulgens
2777 723 2989 779 clericis
3025 724 3316 779 comitatus
3340 724 3409 781 ad
3437 723 3618 779 urbem

2160 811 2661 882 Perrexit;sanctae
2683 814 2942 870 dormitio
2966 813 3225 891 Virginis,
3262 825 3425 885 atque

2158 902 2217 959 ln
2244 906 2424 961 medio
2444 920 2650 971 mense,
2675 905 2771 976 qui
2796 914 2984 962 sextus
3009 906 3254 962 noscitur
3273 919 3416 972 esse,

2160 994 2315 1053 Tunc
2338 996 2734 1065 celebrabatur,
2760 1012 2872 1067 quo
2900 996 3041 1053 festo
3075 997 3269 1053 Parma
3299 998 3519 1062 beatur;

2158 1086 2333 1159 Majus
2363 1088 2437 1143 ibi
2464 1089 2728 1158 templum
2753 1087 2937 1144 Mariae
2957 1089 3175 1144 nomine
3203 1088 3394 1154 fertur,

2157 1177 2218 1234 lu
2238 1194 2349 1250 quo
2378 1179 2531 1250 plebs
2546 1188 2661 1235 tota
2688 1179 2967 1235 Christum
2995 1179 3307 1236 Parmensis
3334 1179 3541 1234 adorat.

2157 1269 2363 1340 Virque
2386 1272 2608 1341 placens
2634 1271 2855 1327 Christo
2883 1270 3092 1341 patiens
3123 1270 3435 1326 Bernardus
3464 1270 3521 1323 in
3546 1269 3707 1339 ipsum

2156 1360 2369 1417 Introiit
2396 1363 2658 1432 phanum,
2689 1350 3166 1417 missam‘cantare
3185 1372 3430 1431 paratus,

2064 1490 2071 1495 -
2159 1452 2334 1509 Verba
2363 1455 2553 1510 volens
2578 1453 2729 1526 regni
2759 1454 2963 1523 populo
2990 1469 3216 1508 narrare
3250 1452 3491 1523 superni.

2155 1545 2378 1603 Missam
2406 1547 2600 1602 devote
2629 1561 2729 1616 pro
2762 1545 2888 1601 festi
2909 1546 3075 1615 capit
3099 1546 3327 1612 honore,

2154 1636 2286 1693 Post
2306 1637 2617 1708 evangelica
2639 1636 2783 1707 plebi
2819 1636 3004 1692 retulit
3023 1651 3123 1691 sua
3142 1635 3331 1701 verba,

2157 1729 2290 1796 Quae
2314 1737 2534 1800 propter
2563 1744 2744 1799 regem
2767 1727 3043 1784 nonnullis
3070 1726 3414 1796 displicuere.

2157 1821 2297 1877 Dum
2319 1821 2543 1877 calicem
2573 1828 2761 1877 sancta
2781 1820 2863 1874 vir
2889 1819 3036 1875 mitis
3056 1818 3208 1889 ponit
3227 1818 3281 1872 in
3303 1833 3398 1873 ara

2158 1912 2435 1984 Supplicet
2461 1922 2523 1967 ut
2545 1912 2827 1970 Christum
2854 1927 2955 1981 pro
2981 1919 3176 1967 cuncta
3207 1909 3360 1980 plebe
3380 1908 3678 1978 benignum.

2156 2002 2296 2059 Hinc
2318 2005 2525 2073 clamor
2552 2003 2780 2069 multus,
2808 2002 2956 2073 vulgi
2976 2001 3268 2072 sonuitque
3294 2000 3560 2054 tumultus

2059 2127 2062 2131 ~
2156 2094 2291 2151 Nam
2323 2095 2691 2165 blasphemias
2722 2095 2891 2165 cmpit
2922 2095 3239 2163 depromere
3263 2093 3437 2159 diras,

2154 2188 2432 2244 Adversus
2458 2186 2741 2243 Christum
2776 2202 2874 2242 ceu
2905 2184 3077 2241 Judaei
3114 2183 3473 2250 cruciﬁxum;

2154 2279 2345 2337 Plures
2378 2279 2665 2335 dicebant:
2697 2276 2960 2334 Moriatur
2978 2276 3482 2348 pseudopropheta!

2154 2373 2474 2427 Clamabam
2498 2371 2656 2427 multi
2680 2391 2692 2426 :
2714 2371 2980 2427 Seductor
3002 2378 3223 2426 corruat
3243 2368 3396 2424 urbis
3426 2365 3595 2439 (877)!

2155 2463 2272 2529 Hic,
2301 2465 2475 2530 aiunt,
2507 2464 2656 2519 intus
2676 2462 2820 2533 regis
2849 2470 2955 2517 stet
2980 2476 3089 2517 non
3118 2459 3412 2515 inimicus!

2154 2554 2327 2610 Enses
2352 2553 2649 2620 denudant,
2672 2555 2963 2608 mulierum
2990 2567 3094 2606 vox
3126 2559 3284 2606 sonat
3311 2564 3422 2605 una
3448 2568 3463 2605 :

2158 2644 2217 2700 Si
2239 2645 2417 2701 sinitis
2436 2645 2644 2713 vivum,
2674 2661 2856 2716 regem
2882 2645 3120 2716 perdetis
3140 2644 3404 2709 amicum,

2153 2736 2271 2794 Non
2294 2738 2452 2793 vivus
2477 2738 2658 2804 vadat,
2683 2737 2885 2808 cupitis
2911 2737 2958 2795 si
2980 2737 3180 2803 vivere,
3211 2737 3467 2792 clamant.

470 2825 662 2895 Paule,
689 2829 824 2885 doce
844 2839 1081 2885 mentem
1107 2839 1374 2897 nostram,
1392 2846 1492 2886 nec
1506 2841 1675 2886 metra
1692 2830 1840 2904 (874)
1854 2832 2056 2890 referre
2154 2830 2341 2886 Vitrea
2374 2845 2504 2886 vasa
2533 2830 2756 2896 cadunt,
2788 2830 2961 2885 hastis
2986 2827 3311 2899 franguntur
3334 2828 3392 2881 in
3418 2827 3587 2883 altum

476 2920 610 2986 Quae
634 2922 865 2977 doceant
891 2938 1081 2993 prunas
1105 2931 1316 2979 mentes
1341 2921 1582 2979 tolerare
1596 2926 1839 2979 serenas.

471 3010 706 3067 Pascere
728 3016 921 3083 pastor
949 3029 1078 3069 oves
1110 3013 1324 3069 Domini
1356 3013 1637 3070 Paschalis
1669 3030 1859 3071 amore
1922 3028 1951 3047 ο

469 3102 714 3159 Assiduo
742 3120 964 3172 curans,
998 3105 1332 3163 comitissam
1360 3106 1600 3161 maxime
1629 3121 1793 3177 supra

473 3192 627 3264 Saepe
658 3196 994 3252 recordatam
1021 3196 1226 3253 Christi
1259 3198 1598 3253 memorabat
1623 3197 1691 3253 ad
1720 3212 1908 3264 aram;

469 3285 552 3341 Ad
584 3303 749 3357 quam
776 3289 1028 3343 dilectam
1059 3290 1269 3344 studuit
1292 3290 1661 3346 transmittere
1689 3290 1983 3360 quemdam

469 3376 589 3433 Prae
613 3380 825 3435 cunctis
848 3380 1033 3435 Romae
1058 3382 1271 3437 clericis
1299 3380 1449 3451 (875)
1470 3381 1905 3447 laudabiliorem,

473 3469 694 3524 Scilicet
719 3479 973 3525 ornatum
1008 3470 1345 3527 Bernardum
1373 3474 1768 3545 presbyteratu,

2155 2921 2383 2989 Erectis,
2411 2922 2573 2993 longe
2591 2919 2774 2978 Patris
2797 2920 2934 2976 socii
2965 2919 3128 2975 simul
3154 2934 3345 2975 omnes

2079 3042 2121 3101 ο
2153 3013 2453 3086 Fugerunt,
2475 3014 2646 3070 abbas
2669 3012 2982 3070 Thebaldus
3010 3011 3157 3083 (878)
3189 3010 3466 3066 maximus
3493 3014 3633 3101 astat

2154 3104 2294 3161 Cum
2323 3103 2485 3162 Patre
2505 3105 2659 3161 solus
2684 3104 2760 3159 ibi
2784 3123 2798 3172 ;
2829 3103 3097 3160 cervicem
3121 3111 3410 3178 monstrat,
3446 3108 3500 3155 et
3526 3098 3639 3154 inﬁt
3661 3115 3681 3153 :

2154 3196 2312 3253 Caede
2334 3212 2515 3254 meum
2549 3197 2771 3263 collum,
2795 3207 3027 3251 mortem
3055 3188 3329 3266 gratantér
3355 3193 3450 3247 hic
3475 3199 3620 3261 opta.

2154 3286 2279 3344 Mox
2309 3286 2573 3344 frameam
2601 3288 2822 3359 quidam
2854 3303 2950 3357 per
2971 3286 3170 3342 collum
3204 3284 3369 3340 traxit
3388 3284 3462 3340 ob
3488 3284 3623 3338 iram

2153 3380 2322 3448 illius,
2346 3397 2575 3451 parvum
2602 3381 2705 3436 sibi
2736 3378 2863 3441 fecit
2884 3379 3082 3434 vulnus
3101 3387 3155 3433 et
3180 3384 3416 3433 arctum.

2154 3470 2464 3543 Intrepidus
2490 3473 2668 3527 stabat
2691 3472 2812 3526 laeta
2844 3468 2982 3524 facie
3007 3485 3172 3541 super
3197 3483 3351 3523 aram

472 3560 553 3614 Ac
576 3562 906 3615 monachum
937 3563 1117 3631 plane,
1146 3563 1312 3619 simul
1331 3563 1581 3618 abbatem
1605 3578 1823 3634 quoque
1840 3572 2055 3620 sanctae
2152 3562 2357 3618 Christi
2387 3562 2698 3618 Bernardus
2719 3562 2956 3633 patiens,
2986 3562 3225 3632 sapiens,
3246 3557 3591 3615 venerandus

467 3651 773 3707 Ambrosias
800 3651 969 3708 Vallis
999 3641 1168 3725 (876).
1200 3653 1382 3710 Factis
1411 3655 1729 3725 plenissima
1759 3657 1964 3711 sanctis

2150 3654 2289 3710 Cum
2317 3655 2450 3710 vidit
2473 3655 2668 3726 vulgus
2688 3655 2868 3710 ridere
2901 3669 3063 3710 suum
3098 3651 3256 3723 quasi
3283 3650 3519 3716 vultum,

465 3741 642 3807 Quem
670 3752 978 3809 reverenter
996 3760 1186 3799 amans
1209 3743 1501 3812 Mathildis,
1518 3761 1645 3801 eum
1672 3746 1830 3818 quasi
1852 3762 2049 3818 papam
2149 3747 2420 3804 Clamavit
2437 3747 2659 3802 dicens:
2701 3745 2948 3816 Speciem
2974 3744 3167 3815 Zabuli
3195 3742 3332 3813 gerit
3359 3742 3497 3807 iste;

466 3833 638 3888 Caute
660 3836 918 3906 suscepit,
945 3851 1144 3906 parens
1170 3838 1272 3893 sibi
1304 3846 1487 3893 mente
1514 3838 1688 3905 ﬁdeli;

466 3924 574 3985 Oui
599 3924 685 3981 vir
713 3928 954 3982 caelestis
984 3936 1193 3984 tantum
1217 3929 1460 3985 cmlestia
1488 3930 1672 3985 verbis

465 4015 533 4071 Et
560 4016 719 4074 factis
745 4027 1058 4076 monstrans
1081 4021 1328 4091 exempla
1355 4021 1520 4077 dabat
1546 4022 1688 4078 bona
1722 4038 1906 4079 coram

462 4106 751 4178 Omnibus,
781 4119 836 4166 et
860 4110 1087 4182 dignum
1114 4111 1351 4167 fructum
1379 4112 1612 4168 Domino
1641 4114 1828 4186 genuit
1859 4124 2007 4182 tunc,

463 4198 612 4258 Illius
639 4217 837 4261 nomen
866 4203 1167 4260 ducebatur
1182 4192 1384 4273 procul
1411 4218 1507 4259 ore

460 4290 776 4358 Multorum,
805 4294 964 4364 cujus
992 4294 1230 4364 populus
1249 4294 1316 4349 de
1337 4295 1561 4351 nomine
1595 4294 1786 4363 fultus,

460 4381 624 4439 Urbis
653 4383 966 4440 Parmensis
999 4400 1129 4455 pars
1159 4385 1337 4456 major
1365 4402 1489 4441 cum
1519 4387 1830 4443 vehementi

2151 3839 2396 3897 Tollatur
2423 3840 2629 3907 statim,
2665 3838 2927 3895 tundatur
2948 3851 3186 3902 carcere,
3216 3834 3431 3906 ﬂagris!

2150 3933 2444 4005 lnjccitque
2465 3948 2687 3988 manum
2714 3947 2879 4001 super
2907 3931 3108 4001 ipsum,
3130 3928 3289 3998 cujus
3316 3926 3467 3999 (879)
3494 3939 3682 3980 avarus

2147 4024 2215 4080 Et
2240 4025 2375 4081 foris
2403 4030 2706 4094 asportant,
2730 4023 2864 4079 heu!
2888 4022 3058 4077 missa
3079 4019 3405 4091 relinquitur
3432 4026 3571 4072 orta.

2146 4115 2266 4172 Non
2296 4115 2541 4171 Dominae
2566 4130 2779 4185 magna:
2801 4113 3057 4173 dormitio
3077 4110 3314 4182 Virginis
3338 4110 3519 4176 almae,

2146 4206 2265 4263 Non
2294 4207 2464 4263 altare
2490 4206 2606 4272 Dei,
2631 4206 2726 4263 sed
2756 4220 2857 4260 nec
2876 4202 3177 4260 reverentia
3197 4201 3347 4257 Petri

2147 4299 2365 4355 Terruit
2386 4299 2527 4353 hanc
2554 4306 2770 4369 gentem
2790 4296 3108 4351 Pharisaica
3134 4293 3278 4350 facta
3305 4300 3639 4364 sequentem,

2147 4391 2424 4463 Capellam
2457 4398 2651 4458 totam,
2668 4402 2847 4460 quam
2869 4388 3175 4459 praebuerat
3202 4385 3502 4457 pretiosam

531 4538 679 4611 (870)
714 4539 1011 4596 Discordia;
1058 4556 1282 4597 causam
1330 4542 1446 4597 veri
1491 4543 1707 4600 videtur
1745 4545 1923 4601 simile
1971 4549 2040 4603 ab
2145 4550 2303 4605 nalis.
2344 4547 2556 4603 Habent
2581 4554 2636 4602 et
2663 4545 2837 4602 nostri
2880 4545 3094 4601 codices
3142 4563 3161 4596 ε
3193 4543 3363 4598 abbas
3394 4539 3711 4611 Vallis_._4u-

460 4608 576 4689 ipsa
604 4608 861 4689 Mathilde
881 4612 1236 4689 processisse,
1252 4614 1332 4668 uti
1352 4614 1677 4689 jam_mo_nui
1696 4617 1751 4670 in
1768 4616 2035 4689 Antiquit.

2145 4620 2352 4674 brosiw.
2380 4639 2399 4671 ι
2423 4634 2549 4674 cum
2574 4627 2757 4673 tamen
2790 4615 3061 4671 Umbrosis
3081 4613 3431 4670 scribendum
3455 4612 3548 4666 sit.
3572 4608 3712 4665 Unus

506 4688 645 4762 steti.
676 4680 897 4764 caput;
917 4680 1122 4752 Nempe
1150 4682 1262 4748 illa,
1285 4680 2037 4771 qdandiuChonradum’sibi
2144 4687 2781 4812 egitomatorllﬁiensis
2801 4683 3174 4757 'antiquusMs.
3208 4683 3403 4749 habet;
3428 4683 3523 4753 qui
3551 4681 3712 4750 fuerat

506 4750 647 4805 hiem
674 4751 923 4812 credidit,
965 4766 1094 4806 cum
1140 4768 1360 4812 quoque
1401 4754 1570 4808 coluit
1622 4771 1686 4811 ac
1722 4757 2033 4812 honoravit.
2148 4776 2181 4812 a
2218 4760 2315 4812 bas
2350 4759 2522 4812 Vallis
2603 4757 2843 4812 mbrosw.
2869 4756 3087 4811 Μυκλτ.

459 4750 647 4823 utilem
674 4750 1094 4823 créd_i_dit,gcum
1134 4750 1360 4823 quoque
1401 4754 1570 4808 coluit
1622 4771 1686 4811 ac
1722 4757 2033 4814 honoravit.

461 4816 739 4897 Ubivero
785 4812 1065 4897 Henricus
1075 4812 1229 4897 _ejus_
1250 4812 1591 4897 paterpene
1618 4812 1887 4897 dejectus
1908 4812 2032 4897 fuit,
2072 4812 2117 4867 Π

456 4898 589 4970 tunc
615 4889 1018 4970 decrevitapud
1045 4889 1356 4970 Ma'thildem
1378 4889 1653 4970 Ch'o_nradi
1676 4889 1848 4970 gratia
1872 4889 2037 4970 atque

457 4961 775 5018 auctoritas.
808 4959 944 5016 Vide
974 4961 1354 5086 Landulfhum
1399 4979 1431 5018 a
1476 4959 1871 5023 Sancto'Paulo
1894 4959 2036 5041 svn-

457 5031 726 5086 chronum
749 5031 806 5084 in
836 5029 973 5085 Hist.
1005 5031 1182 5086 Medio
1208 5073 1246 5086 ..
1270 5043 1417 5086 tomo
1448 5033 1515 5086 IV
1539 5035 1664 5086 Rer-
1694 5036 1863 5086 lmlin-
1888 5039 2032 5086 Μιηι-

457 5031 806 5101 clironumgin
836 5029 973 5101 Hist.
1005 5029 1246 5099 Mediol.,
1270 5043 1417 5101 tomo
1448 5033 1515 5089 IV
1539 5035 1664 5092 Rer.
1694 5036 1863 5093 Italic.
1888 5029 2032 5095 M'un.

2148 4756 2315 4814 abbas
2350 4759 2522 4813 Vallis
2553 4756 2843 4813 Umbrosw.
2869 4756 3087 4811 Mum'r.

2164 4864 2167 4867 λ
2214 4830 2362 4899 (876)
2403 4828 2573 4883 Vallis
2604 4826 2905 4899 Umbrosze.
2946 4825 3097 4899 Lais.

2240 4892 2366 4974 θῇ)
2404 4900 2462 4974 [ιι
2485 4899 2711 4974 regia--
2740 4897 2887 4974 eqd.”
2913 4897 3076 4974 φρει
3116 4892 3274 4974 Ψωί
3316 4962 3328 4973 .

2233 4959 2360 5040 878)
2376 4959 2584 5040 μϐυῇιιέ
2629 4959 2882 5024 (εωηοῦίῖ
2904 4967 3073 5040 abbas
3117 4963 3284 5040 fuerit
3314 4962 3596 5040 incertum.
3618 4959 3713 5040 ba—

2138 5030 2352 5097 ctenus.
2373 5030 2504 5094 Mihi
2530 5054 2684 5109 pene.
2707 5047 2916 5109 certum
2938 5037 3153 5109 videtur
3168 5032 3355 5109 fuisse
3398 5030 3710 5109 [multum

530 5096 677 5169 (871)
711 5100 854 5179 Ann.
879 5100 1036 5179 llOl,
1053 5118 1167 5179 non
1189 5096 1431 5161 abfuisse
1450 5108 1645 5162 veneni
1667 5110 2034 5179 suspicionem
2138 5096 2380 5164 abbatem
2422 5096 2733 5179 monasterii
2764 5105 3110 5179 Brixellensig
3159 5102 3347 5179 Sancti
3379 5096 3618 5179 Canusii,
3650 5098 3708 5154 ad

456 5166 823 5236 Uspergensis
850 5166 1030 5223 notat.
1053 5171 1203 5227 Lam.
1550 5209 1555 5213 -

491 5236 847 5340 ..εέἕὲξηὶίίὶοη
863 5238 1151 5340 2ξέξὲξὶ
1179 5242 1486 5340 Ἆίοέξὲςὲςι-
1511 5247 1897 5340 semitas???
1912 5249 2033 5340 1":-

459 5308 750 5340 rnunilnlna
784 5323 847 5340 nn
874 5307 1151 5340 πικῖυἷιηηῖη
1186 5312 1238 5340 ε..
1275 5307 1486 5340 ,2.,ξιαέι

2135 5195 2297 5251 quem
2318 5195 2480 5251 supra
2503 5178 2678 5251 inniti,
2704 5179 2797 5251 li_b.
2827 5194 2867 5243 ι,
2892 5191 3012 5246 cap.
3039 5176 3125 5239 r8,
3151 5174 3339 5228 datum
3354 5173 3606 5251 diploma
3621 5185 3708 5250 co-

2140 5240 3573 5340 sltisseﬂa‘hﬂdjs.Eutrﬂ'ieiffassffsﬁ‘ées
3591 5240 3719 5340 12-2:
