3984 5380
286 320 430 376 {0'21

286 433 436 490 Huic
457 436 660 491 domm
685 434 850 506 digno
870 436 1149 493 comitissa
1169 437 1462 507 Mathildis,
1486 440 1540 495 in
1570 440 1691 511 ipso

287 524 523 597 Templa
545 526 831 583 confestim
862 529 1043 598 rapuit
1067 529 1218 599 plebs
1238 531 1498 600 pessima,
1522 531 1697 603 fregit.

286 615 531 673 Nuntius
558 634 589 673 e
617 620 788 673 multo
807 619 1008 686 vicino,
1036 635 1197 676 mane
1221 623 1481 688 secundo,

268 708 516 765 Scilicet
542 711 613 765 ad
631 711 889 781 grandem
925 712 1262 768 comitissam
1287 714 1454 780 venit,
1484 723 1547 791 et
1574 716 1716 771 lianc
1746 731 1862 770 rem

284 798 599 855 Notiﬂcavit
616 802 687 868 ei,
711 817 833 872 quae
850 803 989 857 dans
1014 803 1249 872 suspiria
1270 804 1433 871 ﬂevit,

282 891 467 962 Atque
489 893 572 947 sui
602 892 770 948 fortes
795 894 1011 949 athleta:
1037 894 1202 963 jussit
1229 903 1291 950 ut
1322 911 1514 952 omnes

283 980 568 1039 Adversus
588 982 841 1039 Parmam
869 985 1147 1041 deferrent
1166 987 1388 1043 insimul
1410 1004 1585 1055 arma,

282 1071 452 1128 Fines
478 1082 609 1129 tunc
636 1088 829 1145 nempe
850 1076 1157 1134 retinebant
1184 1078 1327 1135 hanc
1346 1078 1697 1137 Motinenses.

282 1162 360 1219 Ut
376 1164 598 1221 volucer
625 1166 781 1222 velox
813 1167 923 1222 cito
947 1183 1177 1239 pergens
1196 1169 1314 1226 hac
1351 1171 1437 1240 pia
1468 1187 1599 1226 vero

279 1253 482 1311 Parma
505 1256 594 1312 die
619 1266 770 1313 terna
804 1274 972 1329 prope
996 1262 1168 1316 sensit
1187 1276 1309 1317 eam
1332 1263 1508 1330 timet,
1538 1279 1606 1320 ex
1634 1280 1741 1335 qua
1820 1284 1823 1287 ·

279 1346 569 1405 Nobilibus
599 1350 748 1406 vasis
781 1349 930 1421 (880)
964 1351 1112 1408 illius
1140 1353 1362 1408 reddere
1383 1356 1569 1410 statim

276 1437 488 1511 lnjuste
509 1451 729 1512 captum
751 1443 959 1498 studuit
987 1445 1455 1514 supratitulatum,

277 1531 347 1588 Et
372 1535 608 1592 dominae
628 1544 882 1591 cunctam
907 1537 1165 1607 capellam
1190 1538 1443 1605 reddidit,
1474 1539 1618 1595 ultra

274 1622 399 1681 Non
427 1627 631 1697 aliquid
664 1628 924 1697 retinens,
949 1630 1124 1684 vitare
1148 1630 1348 1700 pericla
1383 1632 1688 1701 requirens,

273 1716 413 1784 Qua:
442 1734 553 1774 non
573 1720 819 1786 vitasset,
851 1720 957 1776 nisi
974 1720 1060 1777 vir
1081 1721 1294 1792 patiens
1316 1722 1642 1778 adamasset.

270 1807 500 1866 Civibus
535 1811 762 1868 indulsit
782 1813 1063 1871 comitissa
1097 1812 1392 1881 Matbildis,
1419 1822 1475 1869 et
1499 1815 1621 1870 urbi

269 1897 441 1956 Jussu
464 1900 747 1970 Bernardi,‘
777 1903 934 1974 cujus
954 1904 1156 1975 pietate
1179 1907 1461 1972 remansit,

268 1988 418 2048 Mille
446 1991 543 2049 Dei
572 1994 685 2049 nati
712 2002 842 2051 tunc
869 2005 1088 2051 centum
1121 2005 1360 2068 quatuor
1382 1998 1531 2053 anni.

868 2086 1099 2142 CAPUT
1138 2087 1253 2142 XV.

538 2175 617 2232 De
641 2179 789 2232 obitu
817 2179 954 2250 regis
981 2178 1202 2234 Πετιήοὶ
1230 2181 1373 2235 tertii
1404 2180 1573 2253 (881).

264 2265 456 2323 Dictus
472 2267 586 2339 jam
615 2270 821 2325 dudum
845 2287 938 2326 rex
962 2279 1086 2343 'quo
1113 2272 1188 2327 sit
1208 2271 1316 2327 line
1338 2272 1576 2340 solutus,

265 2360 488 2415 Scilicet
514 2359 804 2429 Henricus,
832 2363 957 2418 volo
983 2363 1174 2419 mundi
1197 2363 1375 2420 discat
1400 2365 1632 2432 amicus,

262 2452 402 2508 Cum
425 2453 632 2519 scierit,
666 2464 859 2511 noscat
883 2454 1192 2511 faciendum
1219 2456 1351 2527 quid
1380 2457 1485 2513 sibi
1516 2464 1748 2515 constat.

261 2540 379 2597 Rex
409 2543 727 2614 suprafatus
758 2544 945 2601 vitreus
972 2555 1090 2602 erat
1119 2547 1445 2617 illaqueatus

259 2632 490 2691 Actibus
524 2636 580 2690 in
610 2637 815 2706 pravis,
841 2638 1009 2693 semel
1039 2648 1095 2693 at
1123 2655 1184 2695 se
1207 2640 1579 2697 dissimulavit

258 2724 538 2795 Converti,
564 2729 727 2799 pleno
762 2730 909 2801 quod
929 2730 1057 2787 fecit
1081 2732 1246 2788 corde
1273 2748 1502 2801 veneno,

261 2815 661 2877 Schismaticos
690 2837 904 2893 semper
925 2824 1095 2879 coluit
1123 2825 1404 2895 tenuitque
1435 2826 1694 2895 libenter;

258 2908 402 2969 Hinc
426 2912 789 2970 exardescens
807 2915 988 2971 minor
1023 2917 1143 2987 ejus
1171 2917 1318 2974 filius
1350 2919 1520 2989 (882),
1542 2936 1706 2978 enses

262 3004 768 3063 Elevat'adversum
790 2994 1113 3080 genitorem,
1152 3012 1342 3067 tollere
1363 3026 1593 3083 regnum

257 3097 468 3164 Quaerit
500 3099 571 3167 ei,
601 3100 796 3155 duram
819 3117 1005 3158 secum
1034 3104 1376 3160 committere
1400 3120 1638 3177 pugnam

255 3186 377 3245 Non
410 3191 585 3262 piguit
610 3193 809 3262 campi,
839 3209 1001 3264 quem
1023 3195 1274 3251 bellando
1302 3198 1599 3267 superavit,

254 3275 516 3337 Mtestitia
544 3283 714 3338 multa
738 3299 836 3354 per
863 3291 1036 3351 totum
1065 3293 1279 3357 tempus
1300 3288 1604 3355 abundans,

257 3369 511 3443 Undique
540 3373 856 3443 confossus,
885 3384 1202 3447 quassatus,
1232 3364 1288 3432 et
1313 3378 1555 3448 undique
1581 3387 1788 3447 tortus;

254 3462 484 3526 Mortem
513 3481 619 3521 non
649 3482 878 3536 sperans
906 3468 1148 3535 demum,
1180 3477 1362 3525 tamen
1393 3471 1510 3541 ipsa
1537 3480 1727 3528 catena

254 3554 449 3612 Mortis
468 3572 597 3636 eum
623 3558 878 3625 strinxit;
914 3560 1095 3629 rapuit
1120 3560 1189 3616 de
1222 3576 1450 3631 corpore
1472 3562 1639 3630 tristi,

252 3646 486 3719 Augusti
516 3657 713 3718 quarto
745 3637 1060 3722 defungitur
1085 3650 1211 3707 ldus
1245 3652 1301 3707 in
1338 3668 1484 3709 anno

253 3737 461 3793 Christi
490 3739 715 3805 milleno
740 3726 968 3797 centeno
1002 3741 1238 3813 denique
1270 3758 1405 3798 seno
1430 3744 1581 3814 (885)

252 3827 333 3891 Ad
351 3829 617 3895 templum
636 3828 809 3901 Spirat
822 3831 1042 3899 dormit,
1058 3834 1204 3903 quod
1216 3836 1482 3890 struxerit
1501 3835 1654 3906 (884)
1667 3835 1828 3890 idem.

839 3920 1069 4001 caput
1108 3922 1247 3977 xw.
1341 3959 1345 3965 .
1553 3938 1562 3943 -

515 4011 763 4083 Congrum
795 4012 1092 4068 exhortatio
1118 4013 1373 4069 Paschali
1393 4032 1563 4085 papa.

248 4099 408 4157 Petre
433 4102 607 4174 (885),
630 4102 996 4170 Paule,duces
1009 4104 1177 4171 orbis,
1202 4114 1366 4175 caput
1384 4106 1563 4161 omnis
1583 4106 1639 4161 in
1665 4104 1828 4173 Urbe,

248 4192 611 4250 lnsectatores
646 4195 809 4251 vestri
835 4196 1067 4255 ducatus
1100 4197 1366 4252 homoncs

405 4343 623 4401 manu";
671 4344 827 4398 super
868 4327 1093 4401 dictum,
1121 4327 1471 4401 cardinalem,
1500 4338 1550 4384 et
1590 4331 1721 4401 foris
1765 4331 1829 4386 de

245 4396 395 4467 dicta
420 4396 647 4467 ecclesia
673 4396 792 4451 eum
826 4400 1139 4467 asportavit.
1192 4399 1335 4457 Mus.

1172 323 1458 382 APPEND.
1500 325 1588 383 Ill.
1623 357 1695 369 —-
1734 326 2167 385 MONUMENTA
2203 324 2670 387 GBEGORIANA.

1891 444 1937 501 A
1962 441 2147 497 Penna
2170 443 2397 499 corvina
2421 444 2542 499 loca
2565 444 2682 515 jam
2709 450 3004 515 peragrant
3022 439 3330 516 peregrina.

3404 333 3546 391 i083

1964 531 2091 587 Ηωο
2121 534 2241 588 alba
2272 549 2470 603 penna,
2493 549 2594 588 vos
2619 549 2770 604 papa
2793 535 2993 590 mittite
3015 536 3179 591 verba
3207 555 3221 590 :

1963 622 2009 677 0
2032 632 2218 693 pastor
2244 631 2424 679 rector
2446 623 2728 680 Paschalis
2753 641 2968 681 summe
2998 627 3298 693 sacerdos,‘

1964 711 2090 768 Haec
2111 714 2383 769 meditans
2409 715 2557 785 (886)
2586 723 2779 782 tracta,
2804 717 3098 785 prudenter
3120 718 3235 773 duc
3250 725 3341 773 tua
3374 716 3516 775 facta

1963 802 2262 859 Ecclesium
2289 804 2496 860 Christi
2521 806 2588 860 de
2608 821 2775 877 regno
2798 808 2990 862 mortis
3008 808 3195 879 abyssi

1963 895 2215 967 Ereptam
2245 897 2438 967 gaude,
2470 905 2577 951 stet
2596 905 2676 962 ut,
2708 898 2911 967 aspice,
2939 898 3107 954 libera
3131 906 3292 956 caute
3316 914 3334 953 :

1961 986 2110 1043 lllius
2144 1003 2330 1058 pacem
2355 1003 2464 1043 non
2493 988 2723 1045 ulterius
2748 989 2953 1045 violare

1963 1077 2119 1136 Ullus
2144 1088 2459 1149 praesumat,
2486 1088 2675 1141 caveat
2699 1088 2852 1151 pater
2876 1081 2982 1137 hoc
3002 1089 3094 1136 tua
3121 1096 3273 1137 cura.

1962 1169 2112 1227 Velle
2135 1179 2289 1226 tuum
2317 1171 2535 1227 firmum
2564 1187 2731 1242 super
2750 1173 2904 1227 illum
2927 1180 3033 1228 stet
3053 1172 3392 1230 cruciﬁxum.

1960 1260 2066 1328 Qui
2095 1271 2270 1318 semet
2290 1263 2455 1318 morti
2492 1278 2592 1333 pro
2620 1279 2818 1333 sponsa
2854 1263 3093 1319 subdidit
3112 1265 3279 1320 hosti.

1960 1351 2044 1407 Tu
2071 1353 2162 1408 cui
2191 1354 2467 1409 commisit
2485 1353 2760 1420 Christus,
2784 1370 3151 1425 sponsamque
3173 1356 3410 1427 reliquit,

1958 1442 2215 1514 Prospice
2234 1444 2529 1513 perfectam
2552 1445 2701 1517 (887)
2739 1447 3175 1501 commendatam
3202 1447 3299 1501 tibi
3324 1463 3538 1518 semper

1959 1532 2203 1589 Reddere
2230 1533 2431 1591 festina
2453 1551 2658 1606 sponso
2685 1552 2944 1607 sponsam
2974 1538 3077 1593 sibi
3102 1539 3340 1609 dignam.

1957 1623 2121 1680 Ferto
2142 1625 2293 1696 prius
2321 1635 2574 1694 mortem,
2605 1628 2747 1683 male
2773 1643 2938 1699 quam
2975 1628 3209 1685 violetur
3236 1630 3305 1685 ab
3339 1630 3531 1697 hoste,

1956 1713 2152 1772 Nullus
2173 1733 2295 1773 eam
2324 1726 2511 1788 raptor
2531 1719 2708 1788 rapiat
2744 1719 2868 1786 tibi,
2900 1720 3084 1776 nullus
3106 1728 3318 1776 amator
3410 1774 3411 1777 η

1887 1776 1931 1833 Β
1955 1807 2150 1864 Falsus
2183 1776 2408 1867 seducat
2426 1776 2620 1867 blande
2639 1811 2839 1865 virtute
2854 1776 2963 1866 nec
2990 1801 3119 1867 ulla.

1956 1896 2073 1953 Scit
2096 1898 2360 1957 Dominus
2387 1900 2643 1957 Christus
2682 1902 2813 1972 quia
2835 1902 2883 1958 si
2911 1903 3127 1961 steteris
3155 1903 3291 1959 bene
3317 1902 3532 1971 ﬁrmus,

1953 1988 2204 2047 Libertas
2231 2007 2447 2062 sponsa:
2468 2008 2747 2063 nunquam
2778 1993 3057 2051 minuetur
3077 1995 3148 2050 ab
3183 1995 3369 2062 hoste;

1951 2079 2143 2139 Omnis
2169 2099 2270 2140 nec
2294 2083 2465 2140 Roma
2490 2084 2638 2156 (888)
2669 2086 2773 2141 sub
2802 2095 2872 2153 te,
2911 2086 3174 2157 regnique
3199 2102 3457 2144 coronam

1949 2169 2120 2229 Nemo
2139 2174 2282 2230 ferre
2301 2176 2465 2234 valet.
2490 2175 2704 2232 tribuas
2725 2177 2835 2232 nisi
2863 2185 2920 2232 tu
2944 2177 3052 2233 sibi
3075 2178 3254 2248 plane,

1949 2260 2053 2328 Qui
2084 2265 2318 2335 gestabit
2345 2280 2468 2321 eam
2498 2266 2617 2322 sine
2641 2274 2693 2321 te
2720 2266 3043 2337 (praeceptor
3072 2267 3315 2323 habenas

1949 2352 2030 2409 Tu
2057 2356 2200 2426 regis
2219 2364 2383 2427 atque
2405 2356 2576 2429 tenes)
2600 2372 2807 2414 vacuus
2828 2359 3026 2427 poterit
3052 2374 3333 2415 remanere
3356 2359 3528 2431 (8‘39),

1947 2441 2086 2499 Dum
2124 2444 2296 2502 falsus
2318 2447 2541 2517 quidam
2563 2464 2823 2519 sponsam
2853 2450 3096 2506 lacerare
3122 2451 3411 2522 benignam
3512 2476 3515 2479 ι

1944 2534 2065 2593 Non
2089 2537 2290 2605 timuit,
2315 2546 2494 2594 tecum
2518 2541 2702 2611 plures
2730 2540 2953 2612 vigilare
2971 2541 3250 2597 studerent
3273 2541 3444 2613 (890).

1945 2626 2093 2683 Inter
2119 2644 2260 2698 quos
2287 2639 2536 2700 prompte
2563 2629 2860 2698 Mathildis,
2893 2631 3002 2686 filia
3029 2648 3245 2702 sponsae
3263 2674 3278 2699 ,

1943 2715 2178 2789 Pervigil
2201 2728 2256 2774 et
2288 2719 2464 2786 fortis,
2494 2736 2782 2790 perversos
2811 2737 2954 2791 saepe
2978 2722 3278 2785 remordit;

1942 2808 2170 2865 Fervida
2189 2809 2327 2865 bella
2349 2810 2515 2879 nimis
2540 2827 2664 2866 cum
2689 2827 2816 2882 rege
2848 2820 3097 2881 potenter
3127 2811 3303 2879 inivit,

1938 2896 2078 2954 Nam
2106 2915 2204 2970 per
2227 2901 2448 2972 triginta
2467 2902 2683 2957 duravit
2717 2910 2963 2972 tempora
2990 2902 3166 2969 firma,

1939 2989 2106 3046 Nocte
2130 2991 2219 3046 die
2253 2992 2463 3048 bellans
2484 2994 2638 3064 regni
2660 2993 2925 3049 calcando
2953 2993 3241 3063 procellas.

1938 3079 2091 3137 Finis
2111 3082 2266 3139 adest
2292 3099 2523 3154 guerrze,
2544 3084 2787 3157 requiem
2809 3092 2963 3155 rogat
2990 3093 3051 3139 ut
3071 3083 3174 3139 sibi
3204 3091 3449 3154 praestes.

1943 3169 2001 3225 Si
2032 3172 2126 3227 tibi
2151 3182 2360 3229 crescet
2388 3189 2549 3244 opus,
2570 3190 2852 3245 nunquam
2876 3174 3048 3230 deerit
3066 3174 3164 3230 tibi
3194 3174 3365 3229 robur

1938 3260 2007 3316 Et
2024 3262 2128 3331 vis,
2143 3272 2199 3319 et
2213 3279 2480 3336 agnosces
2504 3264 2678 3337 (89l),
2695 3266 2825 3335 quia
2846 3264 2993 3320 Petri
3013 3280 3120 3321 non
3141 3273 3289 3321 amat
3308 3265 3515 3322 hostes.

2509 3376 2738 3432 CAPUT
2772 3376 2936 3433 XVII.

1936 3464 2016 3521 De
2055 3465 2284 3522 aduentu
2324 3483 2478 3539 papae
2505 3466 2788 3593 Pasélulzllis
2815 3469 2874 3522 in
2918 3465 3346 3540 Langobarde
3373 3476 3426 3524 et
3459 3470 3519 3524 iit

2490 3584 2494 3587 .
2654 3556 2685 3591 a
2734 3555 2835 3592 ias.

2490 3584 2494 3587 ς
2606 3555 2835 3592 bamus.

1933 3646 2067 3705 Post
2088 3649 2300 3704 obitum
2327 3649 2474 3721 regis
2496 3650 2888 3721 prastaxatique
2911 3649 3177 3717 Guiberti,

1935 3736 2192 3796 Ecclesiae
2216 3747 2420 3796 sancta:
2438 3755 2547 3810 pax
2575 3740 2744 3810 erepit
2765 3754 3013 3796 crescere
3048 3740 3226 3805 valde,

1932 3829 2162 3888 Errores
2191 3837 2427 3897 cessant,
2456 3831 2685 3887 redeunt
2708 3839 2764 3887 et
2787 3847 2916 3887 vera
2948 3831 3232 3902 neglecta:

1930 3920 2209 3977 Adversus
2236 3937 2453 3991 papam,
2478 3930 2668 3976 contra
2698 3922 2992 3991 sedemque
3027 3923 3244 3978 beatam

1929 4012 2112 4066 Ausus
2146 4013 2329 4066 nullus
2349 4020 2468 4066 erat
2500 4026 2851 4081 consurgere,
2886 4013 2982 4067 sed
3015 4012 3348 4078 reticebaut;

1931 4100 2201 4174 Optabant
2221 4116 2412 4156 omnes
2435 4109 2495 4155 ut
2517 4109 2768 4172 pergeret
2804 4102 2920 4171 ipse
2947 4117 3044 4170 per
3063 4103 3253 4157 orbem

1805 4256 1813 4262 _
1929 4191 2274 4263 Corripiens,
2306 4192 2544 4257 solvens,
2572 4191 2851 4249 medicans
2881 4192 3163 4263 contagia,
3192 4191 3401 4267 sordes.
3490 4242 3493 4247 .

1927 4328 2017 4382 vix
2051 4327 2139 4382 ille
2168 4340 2382 4382 errasse
2416 4326 2736 4381 credendus.
2775 4324 2954 4392 Quare
2988 4342 3111 4379 seno
3141 4325 3509 4393 retinendum,

1929 4406 2094 4471 atque
2135 4398 2208 4471 ita
2240 4398 2310 4452 ab
2350 4397 2443 4450 illo
2476 4396 2670 4471 litteris
2700 4396 2958 4451 traditum
2983 4395 3196 4466 aequius
3223 4393 3510 4450 existima-

316 4466 470 4538 (880)
509 4465 736 4538 Corrige
756 4483 821 4523 ex
853 4460 957 4523 fide
981 4470 1229 4525 codicum
1250 4478 1565 4527 nostrorum
1594 4489 1607 4524 :
1652 4469 1825 4525 Nobi-
1858 4460 1904 4515 Ι)
1930 4460 2129 4523 bimus.
2160 4467 2303 4538 hius.

242 4535 385 4611 filius
418 4535 606 4611 cassis.
644 4535 847 4611 Nempe
876 4539 1074 4594 vassali
1107 4540 1333 4611 nobiles,
1367 4541 1566 4611 quibus
1602 4539 1822 4595 feudum

244 4606 471 4681 aliquod
515 4606 1245 4681 conimittebatur,_seniori
1291 4606 1412 4675 suo,
1445 4626 1570 4666 cum
1619 4611 1820 4666 bellum

243 4675 507 4750 instabat,
535 4693 595 4732 se
629 4678 924 4750 adjungere
958 4675 1227 4745 solebant,
1251 4688 1305 4735 et
1330 4697 1428 4750 pro
1462 4696 1561 4736 suo
1598 4696 1823 4736 munere

241 4762 405 4873 meum
453 4747 597 4803 ferre
628 4747 994 4819 cogebantur;
1042 4750 1139 4820 qui
1170 4765 1290 4806 mos
1330 4747 1513 4807 adhuc
1538 4752 1815 4820 perdurat.

313 4887 472 4962 (881)
506 4885 568 4962 In
604 4887 810 4944 nostris
862 4887 1143 4962 codicibus
1171 4889 1401 4945 habetur
1436 4901 1649 4946 tantum
1694 4892 1831 4962 regis

250 4956 493 5012 He‘nrici.
526 4956 690 5013 Certe
737 4973 922 5033 regem
959 4961 1239 5033 appellans
1274 4962 1476 5033 rectius
1504 4956 1831 5033 appellasset

241 5036 494 5098 quartum
519 5043 685 5106 quam
732 5030 982 5094 tertium;
1001 5031 1200 5106 nam_i_s
1226 5030 1366 5086 inter
1389 5030 1667 5106 Augustos
1684 5031 1829 5087 dun-

241 5106 393 5169 taxat
415 5100 610 5169 tertius
640 5106 727 5156 est
755 5107 1096 5159 numeratus.
1130 5100 1274 5157 Mus.

2026 4538 2128 4593 884

1928 4610 1954 4680 ἴ
2003 4608 2130 4680 (885

1946 4678 1949 4681 ⁷
2003 4678 2129 4733 (886

1920 4806 1925 4813 ι
2002 4747 2129 4813 (887

2191 4537 2479 4610 bcgecum
2511 4537 2631 4593 cod.
2658 4535 3342 4610 πιρδιτίε,ιμιοιίᾼεςιίιιέιξςεηιξἰ
3362 4532 3509 4589 Mus.

2192 4603 2413 4663 Rcé’tids
2444 4607 2499 4661 in
2537 4607 2742 4662 nostris
2765 4603 2940 4662 mstis.
2971 4605 3056 4661 :‘0
3083 4604 3257 4658 Petra.
3292 4603 3436 4659 Mus.
3479 4627 3489 4641 ρ

2188 4677 2355 4733 Iidem
2381 4678 2598 4736 codices
2622 4696 2636 4731 :
2669 4677 2825 4731 Nunc
2852 4677 3129 4731 meditans.
3166 4673 3311 4729 Matt.

2172 4746 2325 4819 Cod.
2357 4747 2605 4819 Regien.,
2639 4747 2880 4817 oerfecté.
2914 4743 3057 4802 Men.

2027 4817 2651 4895 888111011}?mean
2728 4886 2762 4895 _
2950 4886 3009 4895 _7
3103 4882 3219 4895 η
3261 4882 3298 4895 η
3358 4882 3374 4895 _
3409 4881 3422 4895 .

2051 4882 2187 4943 ostri
2227 4890 2443 4945 codices
2467 4892 2507 4954 ,‘
2537 4904 2674 4941 nunc
2719 4886 2907 4942 Roma.
2950 4886 3019 4941 Et
3064 4882 3375 4954 nihil‘aliud
3408 4882 3514 4937 im-

2132 4537 2153 4889 ἰ

1918 4950 2257 5014 mutandum
2286 4950 2506 5026 ,‘sens'u
2558 4958 2813 5012 absoluto
2859 4972 2925 5011 ac
2986 4958 3194 5027 aperto.
3261 4952 3510 5025 Nempe:

1933 5028 2092 5083 Nunc
2123 5038 2234 5082 tota
2257 5028 2425 5083 Roma
2464 5027 2563 5098 διώΔ
2595 5036 2643 5080 te
2676 5037 2776 5094 est,
2824 5028 3095 5098 regnique
3121 5038 3379 5098 coronam
3414 5037 3513 5076 ne-

1931 5100 2066 5169 mini
2092 5107 2326 5169 gestare,
2355 5098 2526 5170 sibive
2552 5095 2835 5169 impenerca
2860 5094 3017 5164 licet;
3046 5095 3151 5170 nisi
3183 5103 3243 5169 tu
3275 5094 3512 5170 tribuas.
