3984 5380
435 317 579 376 1083

437 433 569 489 Tale
589 433 782 488 videns
803 439 1018 498 tempus
1039 421 1324 484 Paschalis
1343 437 1485 492 papa
1515 418 1806 484 verendus,
1827 447 1845 464 ιη

437 526 582 582 Exiit
608 541 640 580 a
668 523 861 587 Roma,
885 534 1048 590 quem
1081 517 1232 587 plebs
1261 514 1396 570 satis
1421 513 1604 568 omnis
1626 511 1888 573 honorat;

439 613 878 688 Longobardiam
903 609 1123 666 devenit
1143 606 1211 662 ad
1234 606 1384 662 hanc
1403 603 1766 666 comitissam,

439 707 552 764 Cui
562 719 836 766 venerare
858 711 1069 772 patrem
1089 699 1296 770 jugiter
1323 711 1444 753 mos
1467 694 1676 752 exstitit
1693 693 1828 748 alte.

442 798 568 856 “me
591 807 673 855 est
701 794 997 858 Mathildis,
1030 807 1158 862 quae
1175 789 1420 862 gaudens
1436 788 1624 844 obviat
1647 785 1747 852 illi,

443 891 652 947 Laetitia
681 888 852 944 multa
880 901 1078 958 papam
1103 883 1346 953 suscepit
1382 881 1702 946 abundans;

442 981 708 1038 Omnibus
742 981 859 1050 ipsa
881 978 1061 1043 bonis,
1088 974 1242 1048 regni
1261 975 1430 1030 decus
1452 980 1608 1030 estet
1635 968 1880 1028 honoris.
1984 1009 1990 1016 .

441 1075 602 1136 Juxta
621 1082 857 1143 tuncque
877 1070 1083 1126 Padum
1107 1068 1280 1124 tenuit
1299 1065 1452 1138 (892)
1463 1065 1733 1138 synodum
1753 1071 2028 1120 memora-

442 1167 610 1238 Papa,
637 1180 801 1222 suam
831 1163 1060 1218 missum
1082 1161 1280 1217 direxit
1301 1167 1464 1216 natus
1489 1157 1568 1213 ad
1589 1157 1780 1226 ipsum.
1907 1152 2026 1226 {tu‘s

445 1259 696 1314 Defuncti
725 1255 892 1328 regis,
928 1265 1182 1324 quaerens
1211 1260 1272 1307 ut
1287 1251 1380 1322 jus
1418 1249 1522 1305 sibi
1558 1247 1710 1320 regni
1985 1255 1993 1261 ‘

445 1351 741 1415 Concedat,
779 1348 896 1404 sedi
923 1353 1129 1402 sanctae
1153 1345 1306 1414 cupit
1333 1344 1448 1413 ipse
1465 1341 1639 1396 ﬁdelis
1673 1365 1679 1388 :
1759 1373 1764 1379 -

445 1442 582 1498 Esse
603 1442 753 1497 velut
775 1438 956 1502 matri,
983 1436 1179 1506 subjici
1213 1435 1317 1492 sibi
1351 1433 1472 1488 vult
1497 1431 1659 1501 quasi
1687 1429 1852 1501 patri.

449 1535 614 1607 Regis
631 1533 800 1604 legati
819 1541 973 1604 pater
999 1531 1177 1586 almus
1200 1529 1364 1583 verba
1395 1525 1602 1582 beavit;

449 1626 548 1684 liis
575 1628 764 1683 aderat
791 1625 954 1681 'dictis
981 1639 1107 1680 cum
1136 1622 1325 1678 multis
1350 1621 1458 1676 alta
1483 1617 1783 1684 Mathildis,

450 1718 582 1788 Quae
601 1719 831 1774 laudans
855 1717 1000 1788 regis
1031 1715 1118 1785 pia
1145 1713 1302 1769 missi
1339 1712 1501 1768 verba
1537 1709 1795 1781 petentis,
1909 1750 1912 1754 .

450 1811 794 1883 Responsum
823 1796 993 1880 patris
1013 1823 1140 1865 cum
1165 1807 1378 1862 cunctis
1403 1803 1792 1876 magniﬁeavit.
1865 1828 1870 1832 ι

451 1899 858 1956 Tunc-veniunt
882 1898 1028 1954 cives
1055 1896 1398 1962 Parmenscs,
1433 1893 1824 1963 Pontiﬁcisque

454 1992 888 2050 Summi‘devote
905 1998 1158 2062 quierunt
1185 1995 1496 2044 reverenter
1527 1999 1794 2052 amorem,

458 2084 530 2142 Ut
555 2086 756 2142 tribuat
786 2083 1000 2140 Parma:
1024 2089 1302 2154 pastorem
1337 2080 1502 2136 corde
1525 2087 1800 2150 rogantes.

453 2177 771 2234 Pontiﬁccm
795 2177 990 2232 Parma
1011 2175 1142 2246 petit
1163 2173 1336 2241 illum,
1373 2187 1534 2243 quem
1559 2171 1823 2243 spoliarat

456 2267 620 2336 Olim,
649 2268 992 2324 Bern'ardum
1025 2267 1353 2322 monachum
1381 2264 1538 2320 valde
1557 2263 1934 2318 venerandum
1951 2301 1966 2325 ,

455 2360 763 2417 Ecclesiam
785 2359 998 2414 Parmae
1018 2358 1201 2413 Mariae
1224 2358 1454 2429 virginis
1475 2357 1652 2421 almm,

1316 363 1324 368 _
1417 307 1516 365 an
1549 303 1782 369 orans
1815 273 2243 360 senescant
2275 287 2720 373 APPENDICES.

1985 433 1990 436 ·
2045 415 2094 472 Α
2120 409 2252 481 Ejus
2279 409 2350 464 ab
2370 405 2698 478 obsequium
2724 399 2999 458 Matbildis
3019 413 3154 462 mox
3179 395 3474 468 reperitur,

2120 501 2376 572 Prompta
2396 501 2628 569 loquens
2652 515 2669 552 :
2691 509 2880 552 secum
2899 492 3130 548 Romam
3171 489 3331 548 rediit
3348 489 3461 547 cito
3480 487 3680 559 praesul.

2061 1760 2110 1816 Β

3547 280 3678 341 nm

2684 615 2918 673 CAPUT
2948 613 3136 670 XVIII.
3241 641 3244 644 ~

2123 726 2204 782 De
2227 724 2446 797 legatis,
2478 729 2528 776 et
2560 720 2624 775 de
2657 720 2828 797 prinis
2847 717 3082 797 attremit
3108 711 3546 786 quarti‘ﬂenrici
3567 713 3686 782 regis

2735 790 2809 844 in
2841 787 3078 844 Italiam.
3151 826 3158 832 ι

2125 891 2241 947 Rex
2272 898 2448 944 novus
2473 885 2745 949 exultans,
2769 881 3108 950 tendensque
3131 893 3270 934 suas
3279 877 3474 948 procul
3502 874 3612 933 alas

2125 983 2384 1040 Bellando
2403 989 2578 1036 terras
2612 973 2926 1046 superabat,
2951 979 3016 1027 ct-
3026 971 3228 1042 inclyta
3249 980 3438 1040 regna.

2127 1077 2368 1144 Quartus
2386 1069 2779 1128 hie-Henricus
2809 1065 3049 1138 prudens
3085 1072 3191 1131 est,
3223 1061 3542 1120 calliditatis
3561 1059 3694 1116 ami-

3307 1177 3324 1201 -.
3389 1153 3514 1226 (ars
3537 1151 3695 1222 (897),

2129 1261 2235 1330 Qui
2257 1268 2454 1316 contra
2475 1257 2700 1313 Petrum
2723 1260 2978 1309 sanetum
3009 1249 3130 1305 fore
3150 1263 3225 1303 ne
3243 1247 3520 1304 videretur
3569 1270 3577 1276 -

2129 1353 2273 1408 Mille
2293 1353 2487 1408 decem
2507 1357 2729 1404 centum
2753 1343 2965 1402 Christi
2985 1343 3148 1398 dum
3180 1350 3426 1410 tempora
3461 1344 3702 1394 crescunt

2129 1445 2420 1501 Pontiﬁces
2443 1455 2690 1513 magnos,
2721 1437 2958 1494 minitas-
2977 1433 3178 1490 direxit
3193 1440 3254 1489 et
3277 1431 3429 1488 altos

2131 1533 2476 1606 Magniﬁcam
2504 1529 2733 1585 Romam
2761 1543 2863 1598 pro
2889 1525 3044 1596 regni
3073 1523 3274 1595 quippe
3301 1535 3524 1580 corona.
3577 1563 3584 1568 .

2133 1625 2308 1682 Filius
2323 1637 2446 1679 esse
2465 1621 2615 1678 Petri
2631 1620 2684 1676 si
2703 1619 2823 1675 vult
2840 1632 2941 1673 rex
2965 1623 3132 1686 atque
3162 1612 3362 1680 ﬁdelis,
3429 1638 3436 1643 -

2133 1720 2302 1791 Papa,
2323 1718 2466 1774 dabo
2495 1717 2748 1780 Romam,
2779 1711 3082 1784 respondit,
3105 1709 3268 1780 eique
3287 1723 3576 1765 coronam.-

3529 1429 3546 1500 l
3563 1427 3700 1499 (398)

2138 1813 2278 1867 Dum
2312 1811 2542 1866 redeunt
2565 1807 2678 1872 isti,
2715 1811 3144 1875 seu‘perrexere,
3167 1799 3472 1858 Matbildis-

2136 1905 2290 1976 Ipsos
2323 1901 2583 1972 suscepit,
2610 1898 2757 1956 dedit
2787 1897 2898 1953 illis
2926 1894 3194 1967 plurima;
3218 1892 3337 1954 ,lteti

2139 1997 2217 2052 Ad
2237 1995 2494 2066 juvenem
2515 2005 2699 2063 regem
2721 1996 3062 2059 postiemum
3095 1985 3196 2056 qui
3221 1983 3433 2042 rediere
3461 2001 3480 2036 :

2139 2089 2258 2161 Ipse
2280 2103 2506 2143 manum
2542 2085 2738 2139 fortem
2764 2081 3084 2138 coadunans
3107 2093 3239 2134 mox
3261 2078 3317 2132 in
3348 2075 3540 2132 eodem
3606 2111 3612 2115 -

2143 2182 2360 2238 Scilicet
2383 2188 2554 2245 anno,
2581 2191 2707 2234 cum
2728 2175 2919 2230 multis
2953 2173 3207 2244 galeatus
3233 2171 3290 2226 in
3305 2172 3444 2225 ortu

2142 2273 2404 2330 Autumni
2434 2269 2602 2337 venit,
2629 2267 3130 2340 Longobardosque
3148 2263 3405 2335 peremit,

2143 2365 2374 2429 Ardeas,
2395 2361 2692 2418 devastans
2715 2359 2936 2414 illorum
2957 2356 3198 2412 maxima
3221 2363 3428 2418 castra,

461 2451 606 2508 Urbs
625 2452 814 2507 eadem
837 2459 1050 2522 patrem
1068 2457 1230 2521 rogat
1245 2451 1414 2514 hunc,
1441 2455 1624 2503 utnec
1653 2447 1802 2519 (893)
1823 2442 2042 2518 quoqac
2145 2454 2324 2510 Urbes
2340 2451 2582 2508 munitas
2605 2451 2727 2522 ejus
2759 2450 3056 2522 perterruit
3075 2449 3178 2515 ira,
3255 2496 3258 2498 ν

461 2543 702 2599 Laetatur
721 2558 860 2612 papa
893 2542 1044 2612 quod
1072 2541 1182 2596 lilia
1220 2541 1457 2611 pessima
1483 2540 1698 2607 Parma,

463 2635 654 2691 Dedita
688 2633 967 2689 nonnullis
999 2633 1308 2699 erroribus,
1333 2633 1498 2688 inSita
1534 2632 1694 2702 nugis

462 2726 545 2782 Ad
570 2725 837 2798 gremium
870 2726 1048 2795 dignm
1069 2725 1262 2780 matris
1281 2733 1438 2796 rogat
1460 2723 1577 2794 ipsa
1599 2722 1793 2778 redire.

465 2817 620 2874 Tunc
654 2825 774 2874 erat
807 2825 861 2872 et
890 2816 1097 2872 mensis
1127 2816 1221 2887 qui
1255 2816 1455 2872 scindit
1487 2831 1617 2870 rura
1649 2813 1900 2885 juvencis
1920 2855 1935 2880 ,

464 2906 660 2964 Annus
687 2907 941 2962 millenu's
971 2914 1235 2962 centenus
1269 2913 1458 2962 sextus
1481 2905 1714 2961 habetur
1747 2904 1918 2977 (894).

466 2997 722 3054 Castrum
745 2997 1065 3054 Gnarstallze
1079 2997 1228 3069 (895)
1251 2998 1443 3070 synodi
1463 2999 1618 3055 locus
1637 2998 2045 3068 exstiteratquc.

466 3090 596 3146 inde
620 3085 751 3146 Pius
781 3105 918 3161 papa
943 3090 1227 3146 discedens
1249 3090 1317 3145 ad
1337 3098 1695 3146 memoratam

467 3179 701 3236 Advenit
728 3179 1005 3248 Parmam,
1035 3177 1243 3236 faciens
1273 3180 1348 3235 ibi
1375 3195 1606 3252 quisque
1635 3188 1893 3251 rogaram
1917 3183 1930 3234 ξ
2005 3203 2008 3208 η

467 3268 607 3328 Nam
629 3273 868 3328 sacravit
885 3272 960 3328 ibi
985 3272 1248 3342 templum
1271 3271 1418 3344 (896)
1441 3271 1648 3328 Christi
1669 3271 1980 3339 Genitricis,
2005 3295 2008 3298 ’

471 3363 620 3420 Dans
646 3365 720 3420 ibi
744 3365 1044 3431 decretum,
1073 3379 1142 3418 ne
1173 3364 1453 3433 subjaceat
1475 3365 1582 3419 nisi
1617 3363 1780 3420 Petro

438 3488 446 3508 ι
469 3455 755 3527 Clavigero
785 3457 928 3521 caeli,
966 3455 1130 3510 simul
1149 3455 1324 3524 ipsius
1345 3471 1566 3526 quoque
1599 3456 1733 3511 sedi.
1810 3481 1814 3484 -

473 3543 592 3601 Hoc
617 3547 767 3600 venit
792 3545 1052 3615 templum
1082 3545 1358 3602 Matbildis
1391 3547 1458 3602 ad
1487 3547 1887 3616 aspiciendum,

474 3635 694 3692 Donum
724 3637 830 3692 tale
853 3636 1002 3692 dedit
1037 3636 1244 3706 placuit
1271 3638 1418 3707 quod
1439 3639 1678 3692 maxime
1711 3637 1874 3708 plebi.

475 3725 798 3783 Pontiﬁcem
821 3742 1047 3783 saerans
1075 3726 1416 3783 Bernardum
1435 3737 1569 3784 tunc
1599 3729 1675 3784 ibi
1700 3743 1862 3800 papa,

477 3816 654 3874 Jussit
676 3833 804 3873 eam
825 3833 979 3889 papae
999 3818 1115 3874 vice
1143 3820 1318 3875 sancti
1341 3819 1538 3890 degere
1559 3819 1789 3877 Parmae.

478 3903 1060 3978 Iliaeque'valediaans
1087 3909 1323 3966 domina:
1355 3910 1654 3981 saepissime
1679 3912 1860 3979 dictae,

479 3984 852 4072 Francigenos
879 3999 1016 4057 ﬁnes
1043 4003 1202 4073 petiit
1224 4005 1551 4060 venerabilis
1580 4004 1744 4072 idem,

1819 2538 2038 2612 [soci-et.

479 4091 840 4149 Fruetiiicans
861 4093 1097 4150 multum
1121 4097 1356 4166 spatium
1380 4111 1478 4166 per
1509 4097 1802 4168 temporis;
1830 4111 2004 4154 unum

480 4183 638 4242 illinc
657 4192 783 4256 post
814 4201 1018 4242 annum
1050 4187 1211 4244 rediit
1238 4197 1386 4245 retro
1407 4197 1595 4260 pastor
1614 4190 1907 4259 amandus,

477 4413 484 4420 ‘
559 4402 708 4475 (892)
747 4404 974 4472 Baron.,
1001 4421 1130 4462 ann.
1179 4404 1335 4463 “06.
1359 4407 1513 4464 Lata.

509 4542 514 4550 l
557 4475 708 4598 (3395)
749 4476 885 4530 Cod.
913 4477 1110 4548 antiq.,
1139 4493 1293 4532 nunc.
1325 4478 1476 4534 LEIB.

605 4547 787 4598 editur
838 4561 1059 4598 ouoouc
1108 4547 1166 4598 in
1219 4550 1424 4598 nostris
1453 4549 1626 4598 cmiici

491 4549 787 4671 MLegitur
838 4561 1059 4618 quoque
1108 4549 1166 4602 in
1219 4550 1424 4605 nostris
1453 4549 1736 4608 codicibus
1787 4560 1844 4608 ut
1905 4568 2062 4608 nunc.

547 4631 634 4670 tm.

405 4667 426 4688 ⁴
492 4658 690 4742 ’.υὲὗᾶ
753 4685 980 4754 Baron.,
1007 4703 1134 4742 ann.
1171 4687 1327 4756 1106,
1365 4706 1517 4745 num.
1542 4692 1631 4748 41.
1667 4691 1818 4748 ιω.

563 4687 713 4829 (895)
752 4755 826 4829 Ut
877 4773 1070 4829 omnes
1121 4767 1345 4828 norunt,
1401 4777 1548 4818 nunc
1591 4762 1817 4819 ϐαθεῖαι

565 4779 712 4829 (ovo)
759 4779 826 4812 υι
877 4779 1070 4814 omnes
1121 4779 1345 4828 norunt,
1401 4779 1548 4818 nunc
1591 4779 1893 4821 ouastaua.
1942 4779 2068 4821 meo

491 4839 622 4900 v_ero
666 4827 934 4900 appellata
970 4827 1314 4900 Guar-stulta.
1361 4833 1487 4900 quia
1540 4847 1646 4888 vox
1687 4843 1966 4892 contracta
2001 4849 2069 4889 ex

493 4895 896 4980 Quarddstalla,
914 4899 1048 4980 “sive
1068 4895 1458 4980 rWard‘istaﬂ-a,
1485 4904 1942 4980 quemadmodnm
1955 4921 2070 4980 an-

491 4969 747 5052 tiquitus
775 4969 1168 5052 appellabatur.
1223 4969 1583 5052 Azzarius'in
1636 4973 1776 5052 Ii_ist_.
1831 4975 2060 5052 Regiem

493 5043 656 5110 insta:
687 5039 874 5110 pppidi
896 5039 1068 5110 Abujus
1097 5043 1561 5099 constructionem
1603 5045 1796 5102 tribuit
1831 5039 2067 5104 Beatrici

493 5105 1302 5188 matri‘Mathil‘dzecomitissa.
1351 5112 1556 5188 Xerum
1589 5116 1746 5188 longe
1789 5118 2070 5188 antiquius

493 5183 614 5256 εει.Δ
645 5175 806 5256 Anno
854 5175 978 5256 89.5,
1005 5178 1312 5256 Ludovicus
1351 5181 1396 5236 ll
1447 5175 1742 5256 imperato}
1789 5175 1939 5244 inter'
1965 5188 2070 5242 alia

495 5243 1323 5344 ffﬂ"”t.1‘f:’iii‘a"fﬂanes
1347 5243 1705 5344 νενιίηῖειξιθεη
1736 5259 1814 5344 ae.

501 5323 608 5344 lnam
668 5314 964 5344 Dnnn'nuonm

2147 2547 2290 2604 Urbs
2325 2547 2429 2618 ipsi
2465 2545 2630 2618 gestit
2655 2544 2770 2600 ﬁeri
2791 2541 3008 2599 Novara
3029 2537 3268 2608 rebellis,

2148 2637 2416 2694 Flaminis
2430 2637 2714 2694 succendit
2731 2649 2919 2706 quam,
2949 2648 3138 2689 muros
3160 2641 3530 2704 post-quoque
3553 2629 3720 2702 fregit.

2149 2728 2327 2784 Aurea
2349 2743 2478 2785 vasa
2507 2727 2634 2794 sibi,
2662 2741 2876 2782 necnon
2900 2733 3154 2798 argentea
3175 2724 3330 2780 misit

2149 2819 2411 2883 Plurima,
2439 2834 2567 2874 cum
2593 2817 2784 2873 multis
2817 2818 2952 2872 urbs
2986 2817 3170 2872 omnis
3199 2815 3442 2886 denique
3474 2813 3725 2870 nummis.

2149 2909 2360 2967 Nobilis
2389 2912 2523 2966 urbs
2552 2912 2668 2968 sola
2693 2909 3060 2966 Mediolanum
3093 2911 3383 2982 populosa,
3477 2927 3482 2930 '
3565 2921 3571 2924 ‘

2152 3001 2272 3058 Non
2299 3003 2522 3058 servivit
2541 3003 2615 3070 ei,
2639 3017 2928 3058 nummum
2951 3017 3134 3072 neque,
3147 3001 3388 3057 contulit
3414 3003 3563 3068 teris,

2079 3130 2120 3187 ρ
2153 3101 2322 3158 Italiae
2343 3102 2496 3157 nulla
2516 3102 2978 3168 comitis‘dOmus,
3002 3107 3099 3155 aut
3123 3099 3282 3156 ducis
3317 3099 3432 3154 ulla

2159 3193 2569 3264 Reperiebatur,
2591 3193 2658 3248 de
2692 3207 2800 3264 qua
2824 3207 2921 3248 rex
2945 3189 3318 3262 praetitulatus

2153 3282 2383 3338 Multum
2421 3290 2659 3349 curaret,
2695 3282 2825 3352 quia
2849 3281 3038 3353 quibat
3067 3297 3167 3338 cas
3191 3294 3476 3352 superare.

2157 3376 2285 3432 Sola
2305 3375 2578 3432 Matltildis
2607 3384 2749 3443 erat,
2778 3389 2902 3448 quae
2921 3389 3104 3448 regem
3126 3389 3342 3444 semper
3367 3373 3606 3429 habebat

2155 3467 2425 3524 Exorsum
2459 3467 2608 3540 (899)
2629 3467 2865 3523 multum
2891 3466 3397 3536 certaminibusque
3437 3465 3734 3536 repulsum.

2156 3559 2391 3617 Arcibus
2423 3559 2480 3614 in
2501 3559 2665 3615 claris
2693 3560 2876 3618 stabat
2899 3565 3032 3614 tunc
3068 3557 3186 3628 ipsa
3207 3557 3462 3613 ducatrix
3478 3599 3494 3625 ,

2158 3647 2560 3705 Ultramontani
2581 3663 2837 3720 proceres
2855 3647 3017 3704 multi
3037 3661 3258 3718 quoque
3289 3647 3429 3704 clari

2157 3739 2240 3796 Ad
2261 3755 2426 3812 quam
2455 3752 2673 3810 venere,
2695 3740 2948 3796 miraturi
2973 3739 3278 3795 mulierem.
3467 3740 3470 3742 ⁷

2158 3831 2298 3889 Pace
2323 3831 2608 3887 laborabat
2629 3846 2730 3902 pro
2754 3831 2914 3902 cujus
2939 3847 3149 3904 rexque
3169 3822 3442 3902 ﬂagrabat
3463 3851 3480 3886 :

2161 3921 2346 3994 Usque
2375 3923 2501 3978 Tari
2532 3924 2708 3993 ripam
2727 3924 2880 3978 venit
2911 3939 3007 3978 rex
3033 3939 3167 3994 pace
3196 3925 3386 3994 petita.

2161 4013 2316 4070 Tunc
2343 4013 2532 4070 valide
2552 4014 2710 4070 docta
2731 4014 2989 4085 linquens
3019 4015 3302 4070 comitissa
3321 4012 3650 4080 Canossam,

2159 4104 2322 4162 Forte
2341 4107 2426 4161 vel
2448 4106 2722 4162 excelsum
2751 4107 3000 4178 pervenit
3023 4106 3384 4163 Bibionellum
3418 4106 3570 4178 (900)
3601 4151 3611 4161 .

2163 4197 2328 4272 Regis
2357 4215 2483 4256 cum
2515 4201 2703 4257 missis
2729 4201 2943 4274 magnis
2972 4201 3048 4257 ibi
3069 4201 3306 4272 plurima
3328 4201 3489 4266 dixit,

2165 4416 2314 4493 quod
2343 4417 2486 4474 idem
2514 4425 2604 4493 est
2638 4417 2963 4493 Germanica
2982 4463 2997 4488 ,
3049 4422 3352 4493 composita
3396 4437 3465 4478 ex
3513 4423 3740 4490 παι-(ια,

2172 4487 2380 4563 scilicet
2396 4489 2662 4563 custodia,
2688 4487 3002 4563 astutiam,
3026 4487 3276 4563 quod—cst
3293 4494 3442 4548 sedes
3469 4507 3526 4551 et
3566 4487 3740 4548 statio.

2173 4557 2358 4630 ltalice
2379 4559 2687 4630 diceremus
2729 4557 3108 4618 Guarda-Siio.
3152 4561 3355 4630 Nempe
3383 4565 3482 4630 ibi,
3521 4575 3582 4620 ut
3617 4581 3743 4622 con-

2168 4629 2324 4700 jicio,
2365 4629 2600 4684 militum
2630 4639 2748 4685 erat
2775 4632 2958 4700 statio,
2995 4640 3050 4687 et
3082 4629 3326 4690 custodia
3368 4636 3438 4690 ad
3470 4629 3612 4692 Padi
3652 4635 3745 4690 ﬁu—

2067 4725 2072 4732 ·
2174 4699 2340 4756 minis
2359 4701 2502 4755 viam
2527 4700 2807 4756 tuendam.
2838 4700 2934 4757 Est
2963 4703 3096 4758 mihi
3123 4705 3413 4760 concordia
3438 4723 3587 4763 anno
3617 4705 3747 4760 “02

752 4755 826 4828 Ut
877 4773 1070 4814 omnes
1121 4755 1345 4828 norunt,
1401 4777 1548 4818 nunc
1591 4762 1893 4821 Guastalla.
1940 4764 2083 4821 ldeo‘

2172 4769 2306 4826 inita
2341 4770 2482 4825 inter
2501 4770 2836 4826 comitissam
2865 4771 3185 4839 Mathildim,
3214 4783 3266 4829 et
3297 4773 3560 4832 lmeldam
3591 4777 3742 4831 abba-

2172 4841 2365 4897 tissam
2397 4841 2712 4917 monasterii
2729 4841 3034 4917 Placentini
3067 4844 3251 4900 Sancti
3293 4845 3434 4917 Sixti
3461 4855 3746 4917 procastro

2157 4920 2224 4964 'et
2257 4920 2402 4965 curte
2433 4910 2809 4968 Wardestallte
2837 4929 2855 4967 :
2881 4915 3026 4970 unde
3059 4923 3274 4971 constat
3304 4915 3378 4972 ibi
3412 4910 3746 4973 dominatam

2170 4979 2338 5037 fuisse
2362 4979 2682 5037 Mathildim.
2707 4981 2851 5040 Mue.

2243 5049 2390 5122 (896)
2434 5049 2694 5124 sacravit
2717 5062 2773 5108 et
2814 5053 3035 5112 Mutinae
3065 5055 3172 5114 boc
3194 5058 3387 5114 eodem
3417 5074 3572 5114 anno
3595 5057 3743 5124 1106,

2171 5121 2436 5194 prasente
2477 5121 2593 5192 ipsa
2646 5122 2902 5194 Matbilde
2929 5167 2943 5194 ,
3001 5135 3056 5184 et
3103 5127 3309 5194 ingenti
3366 5121 3742 5186 solemnitatei

2211 5191 2760 5276 nodmemorandum
2783 5191 3144 5276 quoqueerat
3162 5191 3467 5276 Donizoni.
3492 5201 3632 5276 Acta
3662 5199 3745 5254 de-

2212 5267 2716 5344 icationispajoris
2746 5267 2933 5344 templi
2964 5267 3316 5344 Matinensis,
3363 5285 3394 5324 a
3439 5272 3746 5344 syncbrono
