3984 5380
213 331 376 387 {025

216 448 289 503 Et
312 448 389 505 de
416 461 548 518 pace
579 446 831 516 loquens,
862 443 930 499 de
949 442 1097 514 regis
1131 444 1341 497 honore
1368 458 1599 512 suoque,

214 537 475 609 Utraque
500 554 628 609 pars
657 537 873 592 tandem
897 551 1087 608 pacem
1114 535 1353 590 laudavit
1382 535 1649 602 eamdem,

220 632 340 689 Sed
378 643 566 689 contra
597 630 817 687 Petrum
840 644 949 684 non
971 627 1222 698 promisit
1251 624 1366 681 fore
1388 642 1593 683 secum.

216 722 628 792 Francigenam
649 728 873 777 stratam
899 717 1046 788 (90l)
1074 716 1247 771 tenuit
1274 732 1390 783 rex,
1415 730 1548 786 pace
1570 723 1810 785 peracta,

220 813 510 870 Transivit
531 821 677 867 certe
702 820 833 867 tunc
854 808 1147 878 incipiente
1176 805 1489 861 Decembre.

217 904 470 960 Montem
489 901 761 958 Burdonis
789 900 936 972 (902)
954 898 1221 953 Tuscana:
1243 896 1401 951 ﬂuxit
1423 896 1570 968 (903)
1598 897 1653 951 in
1676 896 1810 965 oris,

220 997 376 1053 Gens
401 996 635 1066 trepidat
658 1004 876 1059 cuncta,
899 1007 1154 1047 nummos
1177 990 1281 1046 sibi
1315 990 1515 1061 datque
1545 990 1779 1057 tributa,

221 1089 337 1147 Ceu
374 1089 745 1161 Longobardi,
771 1088 850 1143 sic
873 1085 1038 1142 Tusci
1064 1094 1194 1140 sunt
1222 1081 1544 1149 tremefacti,

222 1184 367 1239 Cum
396 1181 727 1237 Florentinis
748 1179 919 1251 (904).
953 1176 1260 1233 Celebravit
1280 1176 1515 1246 denique
1536 1174 1741 1232 Christi

222 1270 501 1337 Natalem,
526 1270 726 1326 densas
754 1268 906 1340 plebs
933 1268 1049 1322 haec
1075 1266 1180 1322 sibi
1209 1266 1440 1322 contulit
1462 1280 1639 1322 escas.

227 1363 395 1419 Urbis
414 1362 655 1420 Aretinae
677 1376 866 1419 muros
893 1360 1024 1426 ruit,
1064 1358 1202 1415 ussit
1227 1366 1283 1413 et
1316 1358 1455 1431 igne.

224 1456 353 1512 ldus
380 1457 440 1511 in
464 1463 665 1526 quarto
695 1453 895 1511 Februi
924 1451 1110 1507 Romae
1137 1450 1261 1517 fuit,
1293 1451 1440 1507 almo

223 1545 482 1604 Paschali
509 1562 662 1618 papa:
689 1545 979 1611 mandans,
1004 1544 1133 1615 quia
1160 1543 1276 1597 vult
1294 1557 1556 1598 venerare

225 1639 405 1711 Ipsius
424 1639 672 1710 iussum,
704 1654 803 1695 nec
830 1635 1169 1707 episcopium
1203 1634 1354 1705 cupit
1382 1634 1556 1689 ullum

224 1730 496 1798 Vendere,
526 1731 766 1802 praebere
800 1729 907 1784 nisi
933 1728 1042 1783 dux
1071 1728 1195 1798 pius
1230 1727 1347 1797 ipse
1362 1726 1596 1797 juberet.

223 1822 478 1878 Exsultat
506 1822 680 1881 Roma
706 1835 1045 1876 concurrens
1076 1820 1315 1889 undique
1339 1826 1473 1885 tota,

222 1913 389 1986 Papa,
419 1915 755 1980 sacerdotes,
794 1912 992 1979 levitae,
1020 1911 1172 1983 plebs
1200 1911 1273 1966 ob
1301 1925 1547 1967 amorem

226 2007 406 2078 Regis,
437 2007 699 2077 majores,
734 2005 987 2075 juvenes,
1014 2003 1328 2074 pariterque
1355 2002 1620 2069 minores,

228 2096 518 2155 Femineus
537 2114 722 2165 sexus,
739 2097 1016 2161 monachi,
1033 2096 1315 2151 monachae
1335 2109 1553 2165 quoque
1567 2101 1806 2159 centum,

226 2190 594 2261 Lampadibus
620 2190 959 2253 multiscum
988 2189 1138 2242 claro
1172 2186 1378 2241 lumine
1412 2187 1667 2257 sumptis,
1772 2218 1801 2241 ,α

227 2284 462 2354 Antiquo
488 2297 643 2338 more
668 2281 948 2352 processio
969 2279 1116 2350 regis
1138 2280 1351 2334 honore

226 2374 384 2431 Facta
414 2375 477 2429 ﬁt
504 2382 729 2430 extensa
759 2374 907 2444 (905)
937 2372 1176 2429 nummis
1203 2371 1286 2427 eis
1317 2376 1597 2440 cooperta.

229 2465 500 2522 Intrarunt
528 2465 788 2536 templum
819 2465 997 2521 sancti
1022 2462 1166 2518 Petri
1197 2463 1578 2527 reverendum,

229 2557 338 2614 Rex
362 2559 537 2614 altare
565 2566 755 2628 petens
784 2556 1011 2617 humilis
1034 2555 1190 2621 satis,
1226 2562 1282 2609 et
1300 2553 1438 2609 bene
1458 2552 1698 2608 clemens

230 2648 336 2706 Ibat
358 2667 457 2722 per
495 2650 705 2707 scalam
728 2648 1079 2720 pedetentim,
1102 2662 1266 2702 crura
1295 2645 1552 2715 plicabat.

231 2742 302 2797 Ad
323 2758 602 2798 summum
624 2741 785 2798 scalae
813 2755 910 2796 sua
939 2739 1169 2809 porrigit
1190 2738 1377 2793 oscula
1403 2752 1588 2806 papae;

229 2833 606 2890 Investituram
640 2832 788 2905 (906)
815 2845 979 2901 super
1013 2845 1164 2885 aram
1193 2828 1468 2885 construit
1493 2842 1661 2883 unam

229 2924 491 2983 Ecclesias
519 2924 763 2980 nummis
791 2923 935 2994 quod
966 2937 1245 2992 nunquam
1266 2920 1523 2975 venderet
1549 2919 1675 2986 ulli;

227 3014 338 3073 Non
358 3017 663 3082 investiret,
685 3015 873 3086 jubeat
901 3014 1005 3070 nisi
1028 3028 1166 3085 papa
1188 3012 1447 3082 benigne;

1135 325 1423 382 spesne.
1460 289 1546 381 ιιιῖ
1589 359 1661 370 -
1694 324 2124 384 maxumarum
2163 328 2635 387 GRECORlANA.
2942 302 2981 337 ⁸

3354 330 3497 391 1090

1844 445 1889 500 Α
1916 442 2231 499 Priscorum
2260 460 2468 500 morem
2490 444 2653 516 cupio
2691 458 2990 517 regumque
3008 443 3285 513 decorem,

1914 534 2052 590 Nolo
2077 536 2169 592 det
2196 546 2255 592 ut
2284 538 2456 594 solam
2484 538 2619 592 mihi
2647 538 2883 594 domnus
2910 554 3049 610 papa
3072 554 3354 608 coronam,

1914 627 2126 683 Anulus
2149 636 2204 683 et
2231 628 2394 683 fustis
2420 644 2518 700 per
2540 646 2627 684 me
2655 630 2815 685 detur
2847 630 2973 684 volo
3010 632 3219 685 cunctis

1913 719 2247 776 Praesulibus
2276 720 2448 776 nostri
2472 721 2643 792 regni,
2668 736 2767 775 ceu
2793 736 2915 776 mos
2941 720 3039 775 fuit
3062 723 3212 775 olim.

1915 810 2030 868 Hoc
2061 813 2163 869 sibi
2193 828 2537 884 nequaquam
2562 812 2736 867 voluit
2754 813 3050 868 concedere
3069 829 3229 884 papa,

1915 905 2126 961 Ducere
2153 921 2317 975 quem
2340 905 2467 959 fecit
2494 921 2609 971 rex,
2636 905 2983 976 hospitioque
3010 906 3229 977 recepit.

1915 996 2033 1052 Nox
2060 996 2349 1052 accedebat
2374 1012 2499 1051 cum
2524 996 2651 1051 talia
2671 1013 2765 1052 rex
2786 995 3036 1064 faciebat,

1914 1089 2225 1155 Pontifices,
2250 1088 2400 1144 cives
2426 1089 2611 1159 plures
2638 1090 2928 1159 capiuntur
2955 1088 3176 1156 ibidem,

1914 1182 2092 1252 Atque
2119 1195 2313 1236 cruces
2339 1190 2558 1234 sanctas
2578 1181 2824 1251 rapiebat
2845 1196 2976 1251 gens
2995 1178 3316 1235 Alemanna.

1917 1270 2078 1327 Ebria
2108 1287 2241 1343 gens
2261 1272 2363 1328 ista
2396 1272 2569 1327 nescit
2590 1271 2794 1326 Christi
2815 1272 2903 1343 pia
2930 1272 3110 1340 dicta;

1915 1362 1975 1417 In
2005 1364 2274 1435 lacrymas
2309 1363 2445 1419 laetis
2472 1360 2621 1437 (907)
2647 1371 2935 1418 vertuntur
2963 1364 3155 1436 gautta
3185 1364 3357 1435 pacis.

1914 1452 2084 1509 Nocte
2107 1454 2308 1510 cohors
2333 1463 2530 1509 cuncta
2561 1453 2726 1509 simul
2754 1462 2839 1508 est
2862 1452 3106 1508 Romana
3136 1455 3339 1521 locuta,

1917 1543 2162 1616 Surgunt
2194 1561 2354 1600 mane
2390 1544 2580 1616 spatis,
2610 1545 2813 1617 clypeis
2840 1554 2895 1600 et
2915 1546 3072 1616 equis
3100 1544 3389 1616 phalerati,

1914 1638 2248 1695 Concutiunt
2270 1641 2457 1697 hostes
2477 1641 2827 1708 Alemannos,
2863 1657 3092 1712 corpore
3126 1641 3295 1698 fortes

1914 1729 2161 1798 Cedunt,
2185 1732 2441 1787 occidunt
2459 1740 2514 1787 et
2534 1747 2630 1787 eos
2657 1732 2874 1803 penitus
2898 1733 3056 1803 quasi
3089 1732 3331 1787 vincunt.

1845 1784 1887 1839 Β
1916 1784 2399 1895 Sedﬂagranterga
2422 1784 3495 1897 nimisho‘rurnquippeTabernas—(908),

1912 1912 2140 1972 lnsimul
2164 1928 2231 1967 ex
2269 1913 2439 1968 armis
2463 1922 2517 1968 et
2539 1913 2779 1969 denariis
2803 1914 3013 1968 onerati

1911 2004 2043 2061 Plus
2106 2005 2365 2061 adamant
2408 2020 2736 2072 nummum,
2787 2020 2955 2075 quam
3012 2005 3212 2060 bellum
3274 2005 3496 2061 vincere

3080 2076 3100 2148 ι
3120 2085 3423 2146 sumptum,

1911 2168 2401 2240 Langobardorum
2420 2168 2586 2225 nimis
2609 2178 2699 2224 est
2719 2184 2819 2225 rex
2845 2176 3001 2224 tutus
3024 2168 3115 2225 hic
3142 2169 3336 2237 aris,

1910 2260 2095 2331 Ipsum
2122 2259 2485 2327 circumdant,
2522 2258 2785 2323 Romanis
2813 2260 3025 2319 viscera
3058 2268 3335 2326 ttuucant,
3438 2310 3439 2317 η
3482 2290 3493 2305 ι

1910 2353 2024 2408 Rex
2053 2369 2223 2424 eques
2256 2353 2463 2409 electus
2491 2352 2655 2409 celeri
2686 2350 2861 2425 (909),
2888 2366 3000 2422 quo
3029 2366 3191 2407 nemo
3222 2359 3494 2431 repertus,

1907 2446 2094 2503 Astitit
2114 2447 2231 2517 ipse
2248 2446 2386 2511 suis,
2416 2445 2565 2501 cives
2591 2443 2850 2500 contrivit
2875 2452 2930 2499 et
2950 2441 3135 2510 Urbis,
3480 2480 3487 2485 -

1908 2538 2130 2595 lnteritu
2164 2552 2400 2609 quorum
2424 2535 2569 2605 facto
2600 2536 2772 2591 nimio
2803 2535 3130 2606 populorum

1908 2631 2140 2687 Romani
2162 2639 2401 2700 cceptum
2429 2629 2664 2699 perdunt
2688 2628 2998 2684 miserabile
3020 2628 3242 2683 bellum.

1907 2725 2025 2780 Rex
2041 2740 2173 2779 vero
2200 2738 2398 2792 papam
2423 2708 2619 2785 tenuit,
2652 2719 2707 2774 vi
2726 2735 2861 2789 pace
2884 2728 3099 2790 negata.

1904 2817 2042 2873 Cum
2071 2814 2302 2885 reliquis
2327 2822 2524 2882 captus
2551 2811 2868 2866 Parmensis
2891 2819 3011 2865 erat
3030 2810 3397 2867 venerandus.

1904 2908 2217 2963 Bernartius
2239 2904 2462 2976 praesul,
2491 2900 2698 2957 Christi
2732 2903 2801 2956 de
2834 2902 3088 2971 dogmate
3108 2902 3322 2970 plenus,

1904 3002 2079 3071 Atque
2100 2999 2279 3054 bonus
2300 2994 2485 3052 senior
2507 2992 2654 3065 (910)
2685 2991 2928 3063 Reginus
2953 2991 3267 3061 episcopus,
3296 2991 3391 3045 ille
3466 3002 3471 3007 '

230 3106 460 3180 Iliaeque
494 3083 867 3179 triumphabat
886 3083 1062 3177 plebs,
1089 3106 1290 3170 clerus,
1319 3103 1556 3159 maxime
1582 3117 1746 3174 papa,
1828 3122 1876 3182 η
1908 3092 2221 3164 Simplicior
2239 3088 2402 3182 credo
2427 3086 2698 3182 reperitur
2726 3099 2887 3182 nemo
2910 3083 3183 3182 sacerdos.

229 3198 462 3272 Cumque
494 3208 653 3272 parat
685 3215 825 3270 papa
850 3199 980 3253 dare
1007 3197 1120 3267 regi
1156 3210 1387 3266 quaeque
1414 3203 1655 3265 rogarat,

232 3289 294 3348 Ut
319 3295 522 3361 veniat,
548 3292 790 3357 mandat,
815 3308 910 3347 rex
931 3288 1160 3356 distulit,
1184 3287 1369 3344 abdita
1391 3295 1631 3341 tractans
1664 3302 1678 3338 :

228 3380 351 3439 Nam
374 3385 637 3450 Zabulus,
660 3384 877 3453 priscus
912 3382 1197 3437 hominum
1225 3380 1482 3437 seductor
1508 3380 1753 3451 iniquus,

229 3474 417 3532 Invidia
448 3476 668 3532 fervens
697 3476 764 3531 de
784 3475 935 3546 regni
966 3489 1117 3545 pace,
1156 3481 1376 3543 repente

231 3560 459 3624 Perﬁdiae
488 3582 677 3624 semen
698 3568 930 3639 jaciens,
956 3567 1176 3620 turbare
1205 3565 1391 3620 ﬁdeles

233 3654 399 3729 Diligit
420 3661 695 3727 ardenter,
719 3667 848 3715 sunt
873 3674 1103 3729 quaeque
1123 3664 1326 3713 statuta
1346 3657 1621 3723 decenter,

232 3745 341 3804 Mox
375 3751 506 3806 elisa
538 3751 703 3807 nimis
730 3752 901 3817 fiunt;
932 3765 1027 3806 rex
1065 3749 1145 3805 sic
1171 3763 1388 3820 quoque
1421 3748 1555 3803 dicit
1583 3766 1597 3802 :

295 3884 434 3956 (901)
476 3886 698 3943 Scilicet
729 3886 1035 3952 IEmiliam,
1058 3901 1223 3956 quam
1253 3900 1356 3940 nos
1388 3885 1673 3940 Claudiam
1700 3900 1797 3954 ap-

234 3955 496 4022 pellamus.
550 3958 684 4013 Eam
733 3973 862 4012 vero
903 3958 1009 4011 hoc
1049 3955 1271 4010 nomine
1322 3956 1626 4021 donabant,
1665 3956 1796 4025 quia

235 4035 366 4079 recta
400 4028 452 4081 in
477 4027 786 4092 Franciam,
827 4028 942 4082 sive
985 4026 1209 4091 Gallias,
1236 4026 1584 4092 perducebat.
1611 4025 1755 4080 Men.

300 4095 439 4168 (902)
479 4097 558 4152 Ita
593 4114 813 4168 quoque
835 4098 961 4152 msti
980 4098 1214 4152 codices.
1236 4095 1435 4150 Verum
1457 4097 1796 4165 antiquiores

236 4168 733 4250 mantem‘Bnrdonjs
763 4170 1034 4250 appellare
1055 4174 1483 4250 consueverunt,
1509 4181 1608 4250 per
1627 4181 1793 4250 quem

238 4232 495 4309 {Berceto
522 4232 880 4294 transitus-in
905 4237 1179 4309 Tusciam!
1195 4238 1427 4292 habetur
1449 4232 1547 4309 per
1566 4232 1794 4293 Pontem

238 4300 555 4375 Tremulum,
596 4326 741 4365 nunc
763 4308 1110 4363 Pontremoli.
1133 4307 1276 4363 Mus.

298 4375 437 4519 {333)
473 4379 803 4519 ἓῗιξλιξῖξὲθί

240 4512 525 4595 εξδξίωέῑιιε-
561 4512 637 4576 ita
674 4512 845 4595 lcgit:
878 4522 948 4595 Et
978 4512 1570 4595 celebrquitprwdictus
1589 4532 1695 4595 rea:
1730 4521 1787 4573 in

241 4589 429 4664 ciuitate
459 4589 749 4664 Florentia;
767 4591 1115 4664 Nativitqtent
1150 4590 1371 4664 Christi.
1402 4589 1560 4645 Paria
1589 4591 1789 4664 habent

240 4660 539 4729 epitomator
571 4660 876 4729 Regiensis,
915 4671 970 4718 et
996 4661 1403 4727 Leibnitianus,
1440 4669 1503 4716 ut
1537 4661 1787 4715 omittam

242 4719 457 4802 iugales
477 4719 971 4802 Ilildesbemenses,
1004 4733 1248 4802 aliasque
1268 4719 1557 4802 Historias.
1587 4730 1731 4786 Men.

303 4794 438 4869 (905)
475 4800 615 4868 Quid
652 4803 741 4859 hic
766 4804 868 4858 sibi
894 4794 1024 4858 velit
1045 4794 1421 4858 tenebricosus
1458 4801 1680 4869 Donizo,
1705 4802 1790 4856 in-

246 4870 536 4946 !"Eosabis.
579 4872 879 4946 Significat,
904 4874 951 4929 si
977 4874 1107 4944 quid
1134 4873 1313 4937 video.
1349 4887 1664 4946 processum
1685 4887 1785 4946 ροτ

245 4934 345 5017 puli
378 4934 670 4998 extensum
700 4934 897 5017 fuisse,
952 4934 1013 4998 et
1048 4934 1309 5017 nummos
1349 4934 1507 5017 iussu
1557 4934 1785 5017 Augusti

248 5012 489 5092 Proiectus
513 5029 673 5123 super
697 5014 877 5085 ipsum
904 5016 1183 5085 populum,
1212 5014 1287 5066 ita
1323 5022 1384 5070 ut
1419 5012 1583 5067 veluti
1614 5012 1788 5070 imbre

249 5079 482 5124 εοοῐκδιιῖιη
502 5082 559 5116 vi
598 5094 822 5124 omn"-
869 5092 1004 5124 tacto
1033 5084 1229 5124 “Hnno
1249 5082 1599 5124 Frieinnomn
1647 5083 1788 5124 "an-

249 5079 482 5124 (200119νῖπῖ
502 5079 822 5124 «ﬁliorum-rur-
869 5079 1004 5124 υἷαιό
1033 5084 1229 5124 “Hnno
1249 5082 1599 5124 Ρνίεἰησοηαρ
1647 5083 1790 5124 "an-

1899 3191 2007 3246 Pro
2041 3184 2243 3255 quibus
2268 3181 2528 3236 audacter
2555 3178 2640 3233 vir
2668 3175 3118 3243 facundissimus,
3140 3183 3307 3244 atque

1898 3278 2110 3337 Nobilis
2141 3274 2424 3330 Arduinus
2445 3270 2594 3342 (911)
2618 3268 3122 3339 Longobardusque
3141 3266 3370 3337 peritus,

1896 3375 2075 3444 Atque
2104 3367 2282 3424 ﬁdelis
2301 3364 2387 3420 vir
2422 3363 2628 3418 missus
2653 3360 2998 3430 dominaeque
3027 3358 3303 3415 Matbildis

1897 3460 2208 3533 Alloquitur
2233 3471 2420 3527 regem
2448 3461 2668 3525 pactum
2696 3467 3014 3509 memorans
3040 3449 3379 3508 comitissan

1896 3563 2174 3624 Continuo
2202 3572 2344 3632 quos
2368 3571 2465 3611 rex
2493 3554 2628 3610 slnit
2660 3554 2740 3608 ire
2766 3551 3043 3608 Mathildis
3079 3552 3309 3607 honore.

1897 3664 2107 3721 Rumor
2133 3668 2253 3718 erat
2279 3658 2485 3715 mundo
2510 3656 2577 3713 de
2597 3663 2754 3726 capto
2780 3654 3013 3726 praesule
3032 3668 3271 3720 summo,

1896 3763 2021 3832 Qui,
2052 3770 2275 3836 propter
2306 3760 2474 3825 cives,
2505 3772 2647 3829 quos
2681 3771 2869 3813 secum
2900 3763 3121 3826 ceperat
3148 3755 3293 3810 idem

1894 3895 2354 3968 praecipuajmpii
2395 3892 2540 3949 illius
2571 3889 2837 3968 facinoris
2864 3897 3292 3968 ca_usa_tacetu_r.

1966 3955 2115 4038 (90'!)
2153 3955 2384 4021 Codices
2424 3961 2598 4016 nostri
2649 3961 2870 4027 habent,
2920 3960 2977 4013 in
3030 3959 3282 4032 lacrymis
3330 3955 3481 4013 latis.

1896 4036 2114 4176 Ml(3308)
2150 4105 2376 4176 Regien.
2419 4102 2541 4159 cod.
2586 4098 2807 4171 praefert
2849 4098 3139 4154 labamus.
3184 4096 3365 4166 Atque
3404 4098 3485 4153 ita

1896 4178 2157 4219 ιρι-ἰηιιιτη
2181 4184 2314 4219 num
2344 4190 2372 4219 ει
2404 4173 2703 4219 Dnniznne.
2735 4168 2999 4219 Zabema.
3025 4177 3160 4219 teste
3186 4166 3373 4219 Papia.
3397 4176 3485 4219 est

1893 4168 2157 4248 scriptum
2181 4168 2314 4245 ptito
2344 4190 2375 4229 a
2404 4168 2703 4227 Donizone.
2735 4168 3000 4235 Zabema,
3025 4177 3160 4224 teste
3186 4168 3373 4236 Papia,
3397 4176 3485 4224 est

1891 4266 2038 4313 arca,
2070 4246 2149 4301 rel
2179 4243 2529 4300 armariolum
2560 4242 2649 4295 ubi
2672 4249 2842 4313 uestes
2870 4247 3165 4313 ponuntur,
3189 4247 3283 4290 aut
3312 4238 3485 4313 quod-

1889 4306 2228 4373 libet'aliud.
2263 4314 2397 4371 Vide
2447 4312 2785 4381 Ducangium
2830 4306 3225 4381 inGlossario,
3258 4306 3483 4381 (ει-γρε-

1893 4390 2035 4443 sium
2053 4388 2130 4442 De
2152 4387 2299 4441 vitiis
2327 4400 2518 4448 serm.,
2544 4376 2724 4446 libfn,
2749 4397 2870 4450 cap.
2891 4380 2951 4434 2i
2967 4421 2981 4445 ,
3007 4381 3073 4434 ad
3089 4394 3277 4450 vocem
3302 4376 3481 4450 laby-

473 4449 907 4531 Conjungehaae
910 4450 1286 4531 sequentibus.
1310 4448 1593 4531 Breviator
1608 4447 1795 4531 Estcn-
1827 4478 1869 4531 υ
1897 4476 1988 4525 ra,
2027 4459 2120 4529 qui
2150 4458 2384 4531 afferunt
2416 4447 2719 4531 Hariulfum
2750 4461 2804 4506 et
2820 4447 3060 4531 Abdiam
3089 4449 3477 4531 Babylonicum

1894 4521 2084 4585 eodem
2119 4528 2388 4582 vocabulo
2417 4540 2569 4580 usos.
2617 4523 2804 4593 Itaque
2834 4522 3103 4593 Zabemas
3150 4521 3483 4593 interpretor

1895 4617 2061 4666 casse,
2096 4598 2331 4670 [σηιξη-ἱ,
2365 4598 2583 4670 εοπαηί,
2615 4589 2814 4659 ὁααῖιὶ,
2852 4592 3031 4670 bolge,
3073 4600 3237 4660 atque
3282 4589 3479 4670 hujus-

1895 4660 2063 4737 modi,
2095 4660 2188 4724 ubi
2219 4660 2516 4722 Teuton'ica
2548 4660 2681 4738 gens
2700 4660 2990 4735 pecuniam
3033 4678 3098 4717 ac
3134 4660 3481 4731 suppellecti-

1895 4742 1966 4796 lia
1988 4739 2333 4795 recondebat.
2366 4738 2507 4793 Mus.

1966 4810 2113 4883 (909)
2134 4809 2269 4883 C_o_d.
2296 4809 2543 4881 Regien.,
2575 4806 2761 4861 celeris
2782 4821 2883 4877 quo
2907 4821 3057 4859 nenia
3083 4811 3353 4873 repertus;
3379 4813 3483 4870 pro

1894 4880 2138 4937 celerior.
2170 4880 2313 4934 Mun.
2410 4900 2415 4905 '
3008 4884 3011 4887 ’

1968 4951 2116 5021 (910)
2156 4950 2513 5021 Scribendum
2543 4964 2556 5001 :
2592 4946 2977 5021 Bonus-senior
3012 4944 3241 5021 Reginus
3270 4944 3484 5021 cpiam...

1894 5014 2401 5118 pusillludnquippe
2423 5033 2622 5118 nomen
2635 5025 2785 5118 ‘t‘unc
2806 5014 3177 5116 fuitlécgiensi
3196 5016 3483 5112 episcopo,

1893 5082 2137 5124 '..:.a..l:-.«
2180 5082 2497 5122 D;M::.un’.-n
2550 5088 2608 5118 1...
2635 5087 2886 5118 D..:....-...
2931 5082 3178 5116 D..:.:......:
3207 5082 3261 5112 ..'.
