3984 5380
172 298 329 357 1029

172 415 355 471 Latro
383 411 581 469 latroni
618 409 769 467 dabit
802 407 1065 465 auxilium
1089 406 1249 477 quasi
1272 403 1452 476 proli;

170 505 378 562 Praedo
400 504 731 577 praedonem,
762 502 850 557 leo
891 501 1045 555 rodet
1065 507 1127 554 ut
1154 513 1249 554 ore
1271 497 1505 551 leonem.

173 597 303 655 Yisi
334 614 482 653 nunc
509 597 698 661 flores;
728 593 859 665 quid
885 600 1046 664 agent
1067 590 1396 662 quandoque
1416 586 1702 642 latrones?

176 690 465 746 Hactenus
498 704 567 743 en
601 684 733 742 vivit
762 685 1003 756 prudens
1030 682 1313 738 eomitissa
1350 678 1645 745 Mathildis,

178 782 293 838 Sed
306 782 474 836 nimis
498 779 770 834 inﬁrmam
784 775 1056 831 Baruncio
1076 790 1235 828 mons
1249 770 1397 843 (919)
1410 780 1557 826 tenet
1573 770 1769 842 ipsam.

177 871 424 927 Pullulat
444 871 571 926 hinc
607 868 819 933 lolium,
848 872 1085 937 segetem
1110 862 1340 918 suﬂocat
1366 861 1636 932 iniquum,

180 960 440 1031 Undique
475 957 676 1013 funesti
711 962 1048 1011 concurrunt
1077 961 1240 1023 atque
1268 951 1505 1021 protervi
1532 969 1547 1019 ;

183 1050 512 1106 Defunctam
534 1049 737 1104 dictam
763 1062 928 1116 supra
960 1042 1205 1099 referunt
1230 1041 1591 1097 comitissam.

113 1119 127 1131 ’
181 1140 302 1197 Hoc
323 1141 552 1196 verbum
589 1139 819 1193 credunt
851 1135 998 1192 cives
1029 1150 1167 1205 quos
1204 1132 1425 1187 Mantua
1449 1146 1635 1187 secum

184 1231 418 1301 Semper
453 1230 655 1285 habere
685 1228 846 1294 solet,
869 1242 996 1281 mox
1019 1226 1257 1296 priscam
1283 1222 1645 1294 proditionem

184 1322 259 1378 Ut
278 1330 545 1378 renovent
556 1328 811 1387 tractant,
824 1319 1120 1389 exquirunt
1135 1327 1298 1387 atque
1309 1315 1578 1387 Ripaltam
1600 1310 1771 1388 (920).

182 1414 361 1484 Cujus
384 1413 642 1469 custodes
664 1410 899 1483 perculsi
920 1410 1121 1481 quippe
1146 1409 1361 1476 timore,

184 1504 264 1560 De
283 1503 521 1575 propriae
551 1502 704 1557 valde
730 1500 967 1557 domina:
990 1500 1100 1554 vita
1125 1499 1457 1564 dubitantes,

186 1596 372 1667 Seque
400 1612 532 1651 suas
551 1594 753 1665 proles,
793 1594 890 1649 sed
927 1608 1036 1648 non
1067 1599 1251 1647 tamen
1280 1590 1488 1661 absque
1517 1596 1724 1656 tenore,

183 1688 266 1742 Ad
295 1687 480 1758 populi
500 1694 690 1742 votum
720 1684 962 1741 subdunt
988 1691 1228 1740 castrum
1248 1696 1468 1753 quoque
1494 1687 1691 1737 totum.

185 1775 319 1831 Tale
342 1776 448 1831 fuit
474 1775 674 1843 foedus,
708 1775 754 1831 si
784 1774 909 1830 viva
944 1772 1220 1829 Mathildis
1239 1773 1493 1839 habetur,

182 1868 307 1925 Non
331 1870 598 1925 adversus
625 1884 747 1924 eam
769 1874 1012 1923 castrum
1039 1866 1271 1921 retinere
1290 1864 1561 1920 volebant.

186 1960 297 2016 Sed
325 1961 490 2016 nimis
516 1961 721 2031 absque
750 1959 852 2015 ﬁde
885 1966 1014 2014 sunt
1049 1958 1136 2014 usi
1158 1957 1343 2012 vivere
1360 1956 1536 2024 cives;

183 2053 325 2109 Nam
365 2056 468 2110 sub
496 2071 555 2111 se
585 2063 825 2109 castrum
866 2062 1154 2124 postquam
1188 2053 1374 2107 videre
1401 2052 1703 2118 redactum,

184 2147 342 2201 Clam
366 2148 506 2202 male
522 2147 826 2217 disponunt
848 2147 1027 2217 ipsum
1050 2145 1375 2201 comburere
1396 2152 1592 2200 totum.

185 2237 401 2293 Interea
429 2238 671 2310 prudens
696 2239 895 2309 przesul
918 2237 1236 2295 Manfredus
1259 2238 1409 2310 (921)
1433 2239 1502 2293 ad
1531 2237 1720 2293 urbem

187 2328 372 2397 Venit,
408 2330 557 2401 quod
577 2330 756 2386 vivam
788 2331 1017 2398 dimisit,
1051 2333 1147 2399 ait,
1171 2331 1527 2387 comitissam.

189 2423 271 2479 Ad
297 2423 460 2493 cujus
481 2423 689 2478 dictum
724 2420 959 2495 populus
978 2432 1283 2479 commotus
1312 2424 1367 2490 in
1399 2424 1601 2493 ipsum,

189 2514 351 2571 Esset
378 2514 435 2569 ni
458 2516 666 2581 clarus,
689 2515 756 2570 de
774 2514 966 2586 grandi
1002 2514 1172 2586 stirpe
1200 2513 1437 2582 creatus,

190 2608 370 2662 Credo
395 2624 594 2663 manus
618 2608 675 2662 in
703 2623 830 2663 eum
867 2608 1166 2676 misissent,
1193 2609 1287 2664 sed
1315 2608 1565 2664 timuere.

192 2697 309 2754 Non
332 2700 496 2755 timor
517 2700 620 2755 hos
642 2700 786 2772 regis
807 2700 1046 2767 cohibet,
1070 2699 1251 2756 foedus
1272 2716 1448 2770 name
1472 2699 1668 2771 gentis.

192 2791 473 2858 Castrum,
497 2806 597 2847 ceu
620 2791 826 2846 dudum
849 2792 1155 2862 cupiebant,
1192 2790 1438 2847 funditus
1466 2799 1663 2857 urunt;

193 2882 506 2954 Effringunt
532 2890 734 2948 turres,
758 2872 967 2952 lapides
994 2891 1283 2952 portantur
1307 2882 1375 2936 ad
1406 2881 1619 2935 urbem.

1076 286 1365 346 APPEND.
1403 283 1491 341 ΠΙ.
1534 315 1602 325 -
1638 278 2071 340 MONUMENTA
2112 278 2578 337 GREGORIANA.

3313 264 3461 334 1οόσὶ

1805 403 1850 458 Α
1873 398 2064 452 Celsas
2090 412 2154 452 ae
2181 412 2388 467 puppes
2410 404 2651 451 armatas
2671 393 2815 449 hanc
2836 409 3002 466 super
3023 391 3235 460 urbem,

1876 487 2016 544 Dum
2042 503 2182 543 nova
2218 488 2357 543 ﬁunt
2382 488 2498 543 haec
2522 487 2705 542 subito
2730 485 2947 557 vulgata
2976 499 3073 555 per
3101 484 3315 550 urbem,

1875 578 2020 635 Urbs
2041 580 2232 634 avibus
2260 578 2412 635 dives
2442 578 2616 650 (924),
2639 577 2785 648 degit
2814 576 2908 633 sed
2938 576 3170 648 gensi'rbi
3197 574 3416 646 triplex,

1875 666 2043 724 Ocius
2076 670 2363 738 explorant
2389 668 2520 739 quid
2550 677 2732 739 agant,
2761 667 2926 723 simul
2949 675 3112 736 atque
3138 667 3404 732 laborant,

1874 760 2087 816 Bellum
2114 760 2258 816 ferre
2279 762 2431 827 libet,
2457 777 2584 831 pars
2608 762 2859 832 quadam
2876 759 3020 815 dicit
3042 760 3225 830 inique

1873 851 2062 908 Noctis
2083 867 2185 907 nos
2213 867 2346 907 usos
2374 852 2546 925 (925),
2571 852 2687 908 fore
2715 861 2799 908 sat
2817 852 3105 907 defendere
3126 865 3334 911 muros.

1873 942 2174 1014 Pauperior
2201 944 2451 1015 quadam
2481 960 2540 1000 se
2576 960 2801 1017 pergere
2829 960 2957 1015 pars
2978 944 3053 998 ait
3072 951 3244 998 extra.

1874 1033 2027 1089 Talia
2050 1034 2325 1105 iactantes
2351 1036 2531 1103 dictis,
2554 1051 2618 1092 ac
2647 1037 2811 1092 stulta
2836 1043 3108 1106 putantes,

1873 1128 2010 1184 Pars
2031 1128 2227 1184 melior
2255 1129 2451 1201 surgit,
2472 1129 2701 1200 juvenes
2723 1128 2921 1184 affatur
2949 1138 3013 1183 et'
3038 1129 3202 1182 urbes
3222 1126 3371 1198 (926)
3397 1141 3413 1180 :

1875 1218 1986 1276 Vos
2011 1220 2168 1292 juvat
2191 1220 2363 1292 (927),
2396 1235 2430 1275 o
2450 1220 2625 1292 pueri,
2651 1228 2806 1292 rapto
2834 1236 2931 1277 ceu
2960 1221 3142 1275 vivere
3164 1218 3394 1292 praedis?

1878 1311 1984 1368 Sed
2006 1313 2226 1383 pudeat,
2258 1313 2436 1384 pueri,
2469 1328 2572 1368 nos
2593 1314 2877 1369 obsidione
2899 1313 3095 1380 teneri,

1875 1404 2097 1461 Advena
2119 1407 2236 1462 vult
2260 1405 2417 1461 miles
2446 1414 2665 1462 nostras
2687 1405 2925 1461 incidere
2953 1406 3113 1472 vites,

1876 1496 1922 1553 0
1950 1498 2179 1569 juvenes
2205 1497 2395 1565 fortes,
2422 1497 2594 1570 fugiat
2614 1498 2891 1554 discordia
2918 1498 3104 1569 longe!
3160 1542 3165 1547 ,

1876 1589 2016 1647 Pars
2042 1600 2133 1646 eat
2162 1592 2229 1647 ad
2252 1591 2468 1647 veniam
2489 1599 2802 1646 nostrorum
2829 1582 2859 1645 ε’
2882 1590 3149 1660 supplicet
3169 1586 3340 1655 illam,

1877 1680 1991 1739 Nos
2018 1683 2244 1740 omnino
2264 1683 2421 1741 decet
2445 1683 2533 1738 cui
2554 1683 2731 1739 laetius
2751 1698 2874 1739 esse
2898 1682 3101 1737 ﬁdeles.

1809 1756 1853 1815 Β
1879 1776 2005 1833 Haec
2024 1793 2152 1848 pars
2173 1778 2474 1832 exhortans
2499 1777 2719 1843 melior;
2751 1775 3053 1831 fortissima
3074 1775 3253 1830 corda
3288 1840 3296 1849 ‘

1876 1868 2202 1926 Molleseunt
2225 1870 2525 1940 iuvenum:
2552 1868 2682 1925 vicit
2702 1869 2994 1925 concordia
3020 1868 3263 1923 demum.

1877 1961 2160 2019 Accedunt
2186 1962 2392 2029 timide,
2423 1970 2661 2032 poscunt
2679 1962 2894 2017 veniam
2921 1960 3255 2017 comitissae:

1878 2053 1973 2110 Illa
2008 2055 2128 2110 solo
2147 2054 2285 2111 tlxos
2309 2054 2498 2110 oculos
2522 2051 2714 2111 aversa
2735 2054 2970 2120 tenebat,
3030 2072 3033 2075 ·

1877 2144 1996 2203 Non
2024 2147 2215 2203 audire
2234 2162 2424 2218 preces
2454 2147 2590 2203 tales
2617 2147 2844 2202 omnino
2867 2145 3107 2201 volebat.

1877 2235 2029 2292 Missi
2054 2236 2297 2291 lenibant
2320 2237 2760 2302 animum,.sicut
2793 2236 2898 2291 sibi
2922 2236 3191 2306 quibant:

1876 2326 2105 2383 Nostras
2125 2326 2363 2384 odensas
2388 2328 2570 2395 nobis,
2593 2342 2858 2400 generosa
2887 2335 3158 2397 potestas,

1879 2418 2229 2487 Quaesumus,
2264 2420 2504 2491 indulge,
2529 2428 2775 2475 nostram
2806 2419 2901 2473 tibi
2931 2418 3227 2488 pandimus
3254 2415 3469 2483 urbem,

1879 2512 2089 2567 Cuncta
2113 2513 2209 2568 tibi
2233 2512 2382 2583 juret
2401 2512 2575 2583 plebs,
2604 2527 2730 2583 quae
2758 2520 3010 2567 versatur
3036 2511 3091 2565 in
3121 2510 3274 2565 urbe.

1881 2601 2056 2658 Dictis
2085 2603 2319 2659 istorum
2347 2604 2553 2673 pariter
2574 2618 2978 2672 procerumque
2999 2616 3228 2656 suorum

1882 2690 1986 2747 Vix
2016 2694 2164 2749 dedit
2182 2710 2492 2750 assensum.
2519 2692 2665 2760 Quin
2689 2694 2821 2749 urbs
2848 2693 3004 2747 aﬂ‘ert
3032 2692 3139 2747 sibi
3168 2706 3416 2754 censum,

1880 2783 2060 2855 Atque
2086 2794 2493 2841 sacramentum
2528 2785 2789 2840 minimus
2828 2785 3175 2855 populusque
3205 2784 3474 2853 superbus

1882 2876 2035 2933 Fecit
2059 2878 2114 2932 in
2142 2879 2279 2933 urbe
2306 2877 2445 2945 sibi;
2480 2877 2610 2931 facti
2640 2885 2768 2933 sunt
2790 2878 2910 2948 ejus
2938 2878 3122 2942 amici,

193 2973 295 3030 Per
316 2990 563 3030 mensem
592 2974 744 3046 (922)
774 2974 1038 3029 damnum
1073 2975 1252 3030 scelus
1277 2975 1382 3030 hoc
1410 2988 1522 3029 non
1546 2973 1608 3028 ﬁt
1630 2982 1782 3043 pate.
1884 2968 2061 3038 Atque
2081 2968 2251 3022 velint
2275 2968 2467 3034 nolint,
2500 2968 2647 3023 soliti
2674 2967 2892 3024 fuerant
2916 2970 3065 3024 velut
3091 2968 3244 3023 olim.

195 3064 432 3121 lulirmze
456 3065 695 3123 dominae
721 3065 875 3121 fieret
902 3081 970 3121 ne
994 3082 1162 3122 causa
1189 3066 1382 3122 ruinae.

193 3156 400 3213 Mensis
423 3166 546 3213 erat
571 3164 763 3213 sextus
794 3158 959 3213 nimis
980 3158 1036 3213 in
1060 3173 1172 3228 quo
1197 3158 1414 3228 proﬁcit
1432 3166 1620 3226 aestus,

194 3244 293 3301 Vix
317 3247 418 3303 sed
454 3254 685 3301 sanatur
713 3248 1069 3302 sustentatrix
1098 3248 1410 3315 viduarum,

194 3336 325 3404 Quae
348 3338 550 3411 degant
571 3347 738 3395 castae
765 3337 913 3410 (925)
941 3338 1282 3396 comitissam
1302 3338 1485 3394 vivere
1509 3347 1747 3409 captent,

193 3428 459 3487 Rusticus
481 3439 646 3501 atque
678 3446 845 3487 manu
870 3431 1134 3488 sulcando
1168 3432 1334 3488 ducat
1353 3441 1620 3499 aratrum,

194 3517 413 3574 Tauros
448 3527 617 3589 atque
638 3519 845 3586 domet,
869 3528 1078 3589 pascat,
1110 3528 1336 3591 tuteque
1367 3521 1597 3589 laboret,

193 3600 399 3679 Carpat
421 3609 525 3681 iter
546 3617 748 3676 tutum,
776 3610 964 3665 vivens
988 3610 1123 3676 haec,
1149 3618 1313 3682 atque
1334 3611 1533 3667 viator.

193 3698 425 3755 Eridani
448 3708 625 3755 cesset
653 3699 887 3769 piratam
925 3707 1089 3755 nauta
1113 3702 1324 3768 timere,

193 3793 534 3851 Praesentem
562 3793 736 3849 vitam
757 3794 933 3850 donec
957 3792 1161 3849 fruitur
1183 3794 1482 3851 comitissa.

196 3883 333 3957 Quae
358 3883 491 3939 dum
516 3882 622 3940 scit
645 3890 912 3954 quantum
935 3883 1037 3940 sibi
1063 3883 1190 3939 fecit
1216 3880 1435 3938 Mantua
1456 3884 1735 3950 damnum,

197 3975 342 4032 Dicit
368 3995 382 4031 :
408 3976 577 4039 Adest
606 3984 820 4032 eertum
849 3984 1034 4046 pereat
1060 3990 1171 4046 quo
1198 3974 1420 4030 Mantua
1454 3983 1696 4044 tempus;

198 4065 450 4123 Oﬂensas
481 4067 633 4129 diras
662 4067 795 4123 urbs
813 4068 1124 4123 emendabit
1158 4068 1364 4141 iniqua.

202 4158 458 4217 Scutatas
486 4168 678 4233 gentes
705 4160 962 4231 disponit,
992 4168 1046 4216 et
1074 4159 1453 4227 arcitenentes,

274 4295 422 4367 (919)
443 4294 605 4350 Nunc
634 4302 808 4367 monte
835 4278 1416 4367 Baranzonelingagro,
1439 4294 1791 4367 et_montibus

202 4361 605 4423 Mutine'nsibus
660 4365 801 4418 ultra
850 4373 1090 4419 montem
1139 4361 1432 4420 Zibinium.
1486 4361 1560 4418 Su

1529 3059 1779 3138 [factum

1636 4374 1791 4438 1's!!!“
1893 4383 1926 4438 Β

1886 3056 2001 3114 lloc
2028 3058 2229 3113 etenim
2249 3067 2471 3128 pactum
2499 3057 2746 3114 Bundeni
2777 3058 2925 3133 (928)
2952 3058 3201 3116 nescitur
3224 3065 3427 3112 actum.

1887 3148 2041 3204 Tune
2072 3156 2191 3207 erat
2217 3148 2470 3216 October,
2499 3164 2670 3220 prope
2690 3148 2853 3206 tinem
2882 3159 3130 3206 currerat
3156 3163 3334 3221 usque

1884 3242 2187 3311 Computus
2223 3256 2495 3296 annorum
2523 3240 2750 3310 Christi,
2773 3251 2989 3298 texatur
3015 3242 3165 3315 (929)
3194 3253 3247 3298 et
3275 3243 3473 3299 horum

1888 3330 2137 3399 Quatuor
2157 3341 2321 3403 atque
2340 3333 2529 3390 decem
2549 3342 2769 3390 centum
2784 3349 3005 3405 quoque
3020 3334 3168 3390 mille
3188 3333 3470 3391 recedunt.

2484 3434 2715 3504 CAPUT
2751 3448 2871 3504 XX.

1889 3537 2042 3603 Quod
2065 3556 2190 3612 erga
2218 3539 2317 3596 Dei
2343 3541 2547 3596 cultum
2572 3543 2787 3683 άῖηεξηα
2815 3540 3096 3597 Mathildis
3120 3543 3477 3598 intentissima

2306 3657 2314 3664 .
2638 3631 2694 3668 ut
2724 3654 2738 3668 .
2788 3660 2793 3663 .
3210 3659 3215 3663 .

2638 3631 2738 3668 απ.
2788 3660 2793 3663 ,

1886 3703 2102 3760 ’τθιωθ
2127 3706 2275 3761 velut
2300 3704 2502 3762 ﬂorens
2531 3705 2807 3763 Mathildis
2834 3706 3000 3777 pollet
3027 3708 3269 3777 honore,

1904 3812 2115 3860 namus
2134 3798 2432 3855 et‘frondes
2455 3814 2556 3855 ceu
2582 3808 2798 3871 tempus
2818 3801 2999 3872 palma
3026 3817 3124 3872 per
3149 3818 3330 3869 omne,

1905 3903 1994 3945 [ξι
2022 3897 2137 3945 toto
2158 3898 2339 3946 servat
2364 3890 2567 3947 virides
2603 3893 2767 3948 nimis
2789 3893 2937 3950 intus
2964 3902 3019 3948 et
3042 3905 3199 3949 extra
3227 3914 3240 3949 :

1904 3981 2012 4037 mic
2036 3980 2181 4051 viget
2204 3981 2371 4051 hujus
2397 3981 2595 4047 honor,
2626 3998 2696 4038 ne
2720 3984 2955 4049 deficiat,
2985 3983 3149 4052 Deus,
3173 4001 3292 4041 oro.
3398 4018 3401 4021 ν

1907 4073 2133 4143 mjulat
2153 4073 2273 4128 haec
2297 4088 2515 4142 parvos,
2547 4072 2738 4142 inopes
2760 4082 3032 4129 sustentat
3058 4085 3112 4130 et
3132 4077 3292 4141 altos,

1906 4171 2043 4219 —-sta
2067 4162 2377 4218 sacerdotes
2398 4162 2466 4217 de
2490 4160 2698 4216 Christi
2728 4162 2874 4234 (950)
2904 4164 3072 4219 vincit
3091 4181 3300 4233 amore,

1889 4294 2168 4419 Alppellata
2200 4308 2330 4365 ergo
2359 4292 2580 4377 Mantua
2607 4294 2913 4378 divesayis,
2945 4297 3060 4381 hoc.
3087 4306 3172 4353 est
3202 4300 3472 4382 majorum

1893 4383 1926 4419 ιι
1946 4382 2063 4419 orta
2088 4380 2352 4419 nerauam
2384 4365 2632 4419 illustris.
2658 4366 2728 4419 At
2752 4366 2899 4419 illico
2927 4365 3255 4419 Donizonem
3295 4371 3472 4419 rideas

1946 4365 2063 4421 oria
2088 4380 2352 4436 perquam
2384 4365 2632 4436 illustris.
2658 4366 2728 4421 At
2752 4366 2899 4421 illico
2927 4365 3255 4425 Donizonem
3288 4365 3472 4427 rideas

203 4437 380 4518 adhuc
406 4435 1308 4518 nonnullaichartze_doriatianum
1330 4452 1362 4517 a
1388 4433 1652 4518 lilathilde
1678 4436 1789 4491 illic
1821 4462 1866 4518 Β
1891 4433 2073 4518 {tribus
2089 4433 2333 4518 proavis
2362 4435 2711 4518 scribentem.
2740 4436 2944 4493 Verum
2975 4439 3080 4494 hoc
3102 4438 3190 4494 ille
3219 4442 3473 4518 consulto

204 4504 465 4577 factarum
493 4507 645 4577 apud
677 4504 1042 4577 Silingardum
1066 4514 1118 4560 et
1146 4505 1519 4577 Bacchinium.
1546 4505 1688 4561 Mus.

202 4616 207 4621 ι
273 4576 423 4649 (929)
452 4575 724 4649 vetustus
750 4575 941 4649 auctor
962 4575 1241 4649 Epitomes
1268 4591 1383 4649 ms._
1394 4575 1787 4649 _Estensis_ap-

342 4655 369 4701 t
392 4644 611 4717 terram,
644 4645 877 4717 Ripaltw
906 4646 971 4700 de
1006 4644 1310 4716 episcopatu
1355 4644 1611 4717 Mantum.
1666 4644 1789 4701 Lei-

1895 4506 2041 4593 feeit,
2071 4504 2456 4593 ut_subsanne_t
2476 4504 2778 4593 Mantuam,
2805 4524 2971 4593 quam
2993 4518 3119 4593 non
3133 4510 3367 4593 amplius
3388 4512 3475 4565 di-

1889 4579 2051 4633 vitem
2072 4578 2205 4643 avis,
2230 4577 2329 4633 sed
2348 4576 2532 4631 avibus
2553 4576 2771 4633 divitem
2794 4576 2971 4634 vocat.
2993 4576 3266 4638 Fortassis
3290 4590 3473 4638 autem

1893 4657 1949 4720 et
1975 4649 2077 4702 alia
2109 4647 2197 4702 illa
2228 4647 2544 4720 verbagens
2567 4648 2893 4720 iibiitriplex,
2918 4649 3027 4720 alio
3057 4650 3252 4720 accipit
3282 4668 3468 4708 sensu.

282 4718 483 4792 itianus
529 4715 863 4792 epitomator
908 4715 1189 4792 Birt-altam
1219 4715 1788 4792 _¢_:omitis§_¢e_Castrum
1892 4717 2011 4792 _Ho_c
2032 4725 2116 4773 est
2152 4725 2309 4792 erant
2336 4715 2539 4792 ibi'qui
2565 4715 2768 4792 bellum
2799 4715 3120 4792 suadebant,
3143 4715 3239 4792 qui
3268 4721 3474 4792 impro-

206 4787 454 4864 tertio_a_b
476 4784 877 4864 urbe-yenatio
903 4786 1160 4841 milliaria
1194 4786 1417 4864 distans.
1437 4784 1570 4842 Vide
1598 4802 1786 4857 supra,

207 4859 393 4940 eam.
412 4857 755 4940 lim
781 4856 924 4938 Mun-

276 4925 426 4999 (921)
466 4925 690 4999 Scilicet
713 4927 1019 4999 episcopus
1036 4925 1552 4999 Mantuanus._Mua.

1892 4788 2119 4853 babant,
2142 4788 2233 4913 (ἓιί
2266 4789 2387 4843 urbi
2419 4788 2479 4844 se
2499 4788 2863 4845 valedicturos
2897 4790 3132 4845 aiebant.
3162 4788 3312 4846 Mus.

1969 4860 2123 4999 (925)
2205 4859 2387 4940 odices
2412 4861 2583 4914 nostri
2598 4860 2903 4943 prteferunt
2928 4859 3135 4916 Hostis.
3167 4860 3311 4917 Man.

1993 4929 2099 4988 926
2159 4928 2382 4999 Corrige
2415 4937 2465 4983 et
2490 4932 2658 4994 urbis,
2686 4945 2852 4986 sensu
2891 4941 3149 4999 poscente
3187 4942 3242 4988 et
3274 4949 3309 4989 n

1993 4860 2123 4988 925)
2159 4859 2387 4940 Codices
2412 4861 2583 4914 nostri
2598 4860 2903 4943 prteferunt
2928 4859 3135 4916 Hostis.
3167 4860 3311 4917 Man.

1993 4929 2099 4988 926
2159 4928 2382 4988 (Σογι-ιαθ
2415 4937 2465 4983 et
2490 4932 2658 4988 urbis.
2686 4945 2852 4986 sensu
2891 4941 3149 4988 noscente
3187 4942 3242 4988 et
3274 4949 3309 4988 n

2159 4928 2382 4999 Corrige
2415 4937 2465 4983 et
2490 4928 2658 4994 urbis,
2686 4945 2852 5000 sensu
2891 4941 3149 5000 poscente
3187 4942 3242 4988 et
3274 4931 3483 4990 nostris

277 4995 426 5069 (922)
466 4998 526 5052 In
551 4999 677 5069 cod.
713 4995 962 5067 Regien.,
985 4997 1346 5052 Parmeusem.
1376 4995 1481 5051 Sed
1504 4996 1786 5052 retinenda
1890 4995 2177 5064 codicibus
2205 4995 2346 5069 idem
2374 4999 2731 5053 testantibus;
2754 4995 2897 5055 Mus.

208 5067 355 5137 prior
375 5067 557 5123 lectio.
588 5067 734 5137 MUB.

1970 5070 2121 5149 (927)
2157 5068 2351 5149 Accipe
2369 5071 2641 5149 quomodo
2666 5070 2787 5126 tunc
2813 5071 3119 5129 habeantur
3142 5070 3198 5127 in
3229 5075 3348 5131 cod.
3375 5072 3485 5128 Rc-

276 5139 427 5242 (92.3)
462 5135 1044 5242 Cod.hilegiq‘n.,aqu¢e
1079 5127 1674 5242 degan'tmcastw.r9.ﬁ£
1701 5150 1786 5218 St;-
1883 5127 2071 5222 gie‘ni,
2105 5127 2309 5196 ξιοοὶὺί
2338 5127 2520 5196 addito
2544 5154 2707 5196 versu
2735 5160 2752 5196 :

213 5208 449 5242 ηπηιισιέ-
482 5208 723 5242 θαηοιινία
762 5208 1034 5242 ohlnnﬂonl
1117 5221 1309 5242 παπ-Μ
1350 5208 1674 5242 rnmo'h'eanm
1710 5208 1755 5242 ou'
