3984 5380
564 307 691 369 1051

570 435 849 494 v-zempOre
876 433 1146 480 nocturno
1169 421 1469 479 studiosius
1489 430 1655 492 atque
1676 420 1876 476 diurno

569 527 677 575 trist
700 519 877 576 sacris
902 518 1126 589 psalmis
1148 533 1212 573 ac
1236 516 1429 573 ciliciis
1452 516 1778 571 venerandis

572 614 881 683 welligioue
906 613 1015 682 pia,
1047 611 1180 668 satis
1209 612 1327 667 hac
1355 611 1562 665 intenta
1590 609 1785 679 perita.

572 708 794 765 merent
824 714 1040 770 semper
1065 700 1115 754 ei
1137 698 1407 769 sapientes
1429 698 1666 752 maxime
1696 696 1849 765 cleri,
1874 734 1875 737 η

571 794 835 852 <estibus
859 800 917 847 et
937 792 1082 847 vasis
1111 791 1368 860 pretiosis
1394 790 1499 844 rite
1521 788 1755 846 sacratis

570 883 771 939 2ullus
790 898 855 937 ea
877 882 1078 951 praesul
1106 881 1405 937 studiosior
1430 879 1759 936 invenietur.

567 975 747 1044 copia
775 975 1039 1030 librorum
1068 989 1180 1030 non
1210 971 1410 1028 defecit
1440 971 1588 1043 (951)
1616 970 1812 1025 huicve
1843 969 2135 1037 bonorum,

567 1066 772 1122 ribros
800 1080 869 1121 ex
894 1064 1109 1127 cunctis
1138 1064 1302 1120 habet
1323 1064 1533 1118 artibus
1561 1071 1725 1132 atque
1750 1061 1960 1133 ﬁguris.

570 1168 898 1215 ~mmemor
916 1166 1002 1214 est
1029 1172 1312 1226 nunquam
1340 1170 1559 1212 servare
1588 1161 1793 1210 statuta
1818 1151 2077 1208 secunda.

567 1254 727 1311 mella
752 1253 851 1309 Dei
881 1251 1083 1323 gessit;
1109 1250 1308 1306 victrix
1329 1248 1401 1305 ob
1429 1249 1483 1303 id
1512 1255 1691 1304 exstat
1712 1246 1958 1302 inermis.

565 1360 687 1408 wex
715 1346 890 1418 (952),
916 1344 1186 1415 paradise,
1216 1358 1347 1398 suas
1374 1341 1578 1397 sanctis
1600 1356 1699 1411 pro
1726 1349 1778 1395 te
1806 1339 1936 1395 dare
1961 1345 2135 1409 curat,

564 1447 714 1496 <ota
749 1437 837 1493 sui
867 1435 1049 1493 cordis
1078 1434 1202 1490 caeli
1223 1434 1489 1504 complete
1510 1432 1688 1488 coloni
1714 1450 1728 1486 :

564 1530 801 1591 aaxime
830 1535 889 1581 tu
916 1525 1171 1597 princeps
1197 1523 1374 1590 Petra,
1408 1523 1496 1580 cui
1523 1539 1624 1579 sua
1654 1529 1849 1577 cuncta
1881 1518 2028 1588 (955)
2060 1532 2142 1573 re-

690 1672 693 1673 .
1866 1611 1880 1685 [
1891 1610 2066 1683 liquit.

562 1714 853 1770 ductibus
881 1710 1154 1781 impulsus
1182 1716 1358 1779 ponti,
1392 1722 1666 1777 saccoque
1694 1706 1967 1771 reclusus,

562 1809 684 1863 --lle
709 1807 901 1862 beatus
930 1806 1013 1859 vir
1032 1802 1302 1872 levitaque
1326 1801 1599 1857 Caesarius
1621 1800 1769 1869 (954)
1798 1800 1871 1855 sit

562 1900 896 1961 :zullateuus
927 1897 1138 1962 tardus,
1171 1894 1265 1950 sed
1292 1894 1366 1949 sit
1399 1892 1842 1963 promptissimus
1866 1891 2044 1946 almus

564 1993 777 2053 Mristi
813 1990 1095 2048 elementis
1125 1987 1414 2059 rogitator,
1437 1994 1498 2041 ut
1523 1986 1625 2041 ista
1655 1986 1907 2056 superuis

562 2101 651 2139 —n
675 2084 929 2139 domibus
960 2083 1126 2148 vivat,
1147 2080 1352 2135 baratri
1383 2094 1485 2133 nec
1513 2076 1713 2133 sentiat
1736 2077 1902 2143 iram;

560 2178 814 2247 r-aempla,
844 2175 1177 2240 sacerdotes,
1208 2172 1401 2228 levitas
1431 2172 1550 2242 ipsa
1578 2171 1800 2225 decorat
1829 2169 1978 2240 (955)

560 2269 818 2340 Zartyris
846 2268 1027 2333 istius,
1054 2265 1288 2335 erupisse
1314 2264 1463 2334 quod
1484 2263 1687 2333 optime
1716 2263 1909 2317 scitur.

561 2359 714 2417 olim
739 2359 855 2429 jam
877 2359 1037 2429 plene
1065 2356 1196 2411 facit
1222 2355 1511 2411 ecclesiam
1536 2354 1773 2410 renitere
1800 2372 1815 2408 :

540 2462 703 2508 2am
735 2451 962 2507 cluitrex
995 2464 1150 2515 auro,
1179 2449 1312 2503 eluit
1340 2457 1674 2519 argentoque
1700 2447 1921 2512 decoro,

560 2544 791 2614 >mplas
817 2541 1116 2613 ejus'(936)
1146 2549 1340 2607 terras,
1368 2540 1560 2606 libros,
1588 2548 1644 2594 et
1660 2540 1844 2610 pallia,
1870 2552 2135 2610 gemmas,

559 2635 836 2701 contulit,
866 2633 1261 2694 ecclesiasscit
1283 2633 1397 2703 jam
1432 2633 1817 2688 transcendere
1834 2632 2061 2702 primas.

560 2728 745 2797 mins
767 2742 911 2797 opus
940 2741 1097 2781 musa
1124 2726 1207 2783 sic
1225 2734 1309 2780 est
1337 2724 1615 2781 Canusina
1638 2724 1821 2779 locuta
1846 2741 1859 2778 :

558 2827 864 2889 diquequo
904 2817 1146 2877 mundus
1187 2817 1310 2883 erit,
1363 2816 1435 2874 sit
1476 2824 1538 2870 ut
1579 2816 1696 2871 haec
1741 2816 1873 2871 hera
1907 2815 2134 2885 provida

1802 2906 2024 2979 [quaarit
2041 2925 2055 2973 ;

560 3013 810 3060 manctus
831 3003 1172 3074 Apollonius,
1200 3001 1517 3072 Victorque,
1547 2999 1785 3067 Corona,
1811 2999 2095 3069 Quirinus,

550 3104 837 3155 temerant
857 3104 986 3151 ante
1014 3094 1207 3161 Deum,
1234 3093 1510 3148 Mathildis
1532 3101 1594 3147 ut
1614 3093 1719 3147 ista
1740 3092 1932 3147 beetur

560 3188 688 3246 <ita
736 3188 964 3254 eualesti,
996 3196 1254 3258 pascatur
1278 3202 1418 3257 pane
1453 3185 1680 3256 perenni
1707 3202 1720 3239 :

558 3292 708 3352 ma
730 3296 871 3350 quos
893 3288 1103 3335 rectum
1130 3280 1221 3335 det
1248 3290 1512 3344 amorem,
1536 3292 1689 3333 more
1711 3284 2019 3347 parentum.

560 3372 816 3429 uiximus
845 3373 902 3425 in
928 3371 1121 3441 primis
1143 3386 1245 3426 nos
1270 3370 1338 3424 de
1359 3370 1654 3424 dictamine
1682 3368 1837 3434 libri;

557 3477 672 3522 Ore
695 3478 861 3517 manu
889 3462 937 3517 si
959 3462 1089 3532 quid
1119 3462 1395 3517 inhonesti
1428 3461 1666 3517 scribere
1693 3461 1797 3515 viai

524 3565 678 3630 flos
705 3568 975 3619 essemus,
1004 3553 1133 3607 item
1160 3552 1403 3607 Domina:
1423 3561 1729 3622 peteremus
1757 3550 1933 3606 eidem

560 3660 649 3696 -ιιι
677 3644 803 3697 libri
831 3642 937 3697 fine
958 3644 1236 3712 patientur
1257 3648 1329 3696 ut
1351 3642 1468 3712 ipsa
1497 3641 1703 3696 feriret.

560 3734 732 3789 Nelus
759 3733 1094 3804 perﬂagrans
1135 3732 1265 3789 fecit
1290 3748 1392 3788 nos
1434 3747 1688 3802 promere
1713 3740 1888 3797 tanta,

558 3824 814 3884 cilicium
834 3825 1044 3880 dictant
1063 3824 1212 3896 (957)
1236 3834 1485 3881 nostrum
1506 3833 1681 3880 metra
1705 3839 1904 3879 nomen
1925 3831 1979 3878 et
1999 3823 2125 3887 ista,

542 3913 695 3972 Finis
720 3917 873 3972 adest
902 3917 1050 3988 (958)
1073 3918 1218 3984 libri,
1245 3917 1536 3973 Dominum
1566 3917 1871 3983 laudemus,
1894 3914 2086 3971 Amici.

578 4007 657 4062 De
691 4009 886 4080 insigni
917 4009 1065 4063 obitu
1100 4010 1767 4065 memorandwcomitissae
1792 4008 2093 4064 Mathildis.

542 4099 760 4174 Cogitat
781 4110 836 4157 et
861 4110 1058 4158 tractat
1076 4102 1180 4170 vir,
1210 4102 1308 4159 sed
1343 4101 1486 4157 Deus
1511 4103 1727 4158 ordinat
1747 4111 1892 4172 apta.

643 4259 769 4330 951)
809 4259 1032 4315 Rectius
1062 4261 1117 4315 in
1148 4262 1354 4316 nostris
1379 4276 1511 4315 mss.
1536 4260 1723 4330 defuit.
1757 4258 1900 4315 Mus.

638 4327 765 4401 932)
803 4331 939 4387 Cod.
973 4333 1170 4401 antiq.,
1204 4331 1323 4385 Res.
1358 4330 1506 4384 Lena.
1530 4327 1690 4384 -Ἐι
1720 4330 1892 4384 nostri
1925 4329 2127 4401 habent

540 4399 661 4472 Res,
712 4399 869 4472 Quod
904 4399 1155 4472 sequitur
1194 4403 1324 4455 dare
1361 4403 1583 4472 sanctis,
1630 4400 2123 4472 significatlargiri

519 4470 785 4526 .eccl'esiis
808 4473 910 4527 sub
932 4469 1153 4526 ndmine
1188 4481 1500 4527 sanctorum
1534 4470 1642 4525 Deo
1664 4469 1878 4526 dicatis.
1906 4469 2048 4524 Mun.

554 4600 555 4603 η
615 4541 764 4613 (955)
798 4542 937 4597 Cod.
964 4543 1185 4613 iautiq.,
1238 4542 1510 4613 relinquet.
1557 4540 1715 4613 Nam,
1751 4540 1971 4613 scripsit
2006 4541 2124 4613 haec

541 4610 880 4682 auttor'ipsa
909 4612 1090 4667 adhuc
1128 4610 1270 4676 viva,
1299 4610 1403 4667 etsi
1428 4612 1627 4666 librum
1670 4610 1965 4667 absolverit
2004 4610 2121 4680 ipsa

540 4682 830 4739 exstincta.
850 4682 999 4738 ιω.

612 4751 834 4823 Legitur
873 4767 1093 4823 quoque
1147 4753 1202 4805 in
1258 4753 1459 4808 nostris
1508 4752 1787 4809 codicibus
1842 4752 2118 4823 relinquet.

542 4819 746 4893 Nempe
768 4819 950 4889 usum,
982 4819 1108 4878 nam
1139 4832 1296 4879 antea
1324 4823 1635 4893 apostolicae
1672 4824 1787 4879 sedi
1816 4838 1913 4879 sua
1936 4819 2121 4878 omnia

545 4891 689 4946 dono
715 4894 957 4949 dederat.
988 4894 1131 4948 Men.

540 4960 936 5042 ._.(95.i_)__§cta
965 4965 1140 5042 sancti
1153 4963 1393 5042 Caesarii
1422 4964 1592 5042 habes
1627 4964 1770 5034 apud
1799 4962 2121 5042 Staium-ad

543 5029 688 5085 diem
722 5033 747 5085 1
776 5032 1116 5088 Novembris.
1150 5032 1249 5089 Hic
1276 5044 1455 5089 autem
1491 5029 1797 5092 invocatur.
1833 5035 1962 5092 auia
1985 5032 2119 5089 Ma-

1545 307 1638 363 ΑΙ)
1669 308 1682 319 ’
1705 305 1936 364 OPERA
1974 304 2032 362 S.
2064 303 2404 364 'GREGORII
2437 305 2880 364 APPENDICES.

2171 421 2219 483 Α
2243 417 2452 474 Dictavi
2480 420 2639 475 binos
2660 435 2834 490 nuper
2855 435 2979 476 cum
3009 420 3250 477 carmine
3273 420 3464 492 libros,

3666 311 3793 369 {03!

2241 510 2390 577 Quos
2411 526 2512 583 ego
2538 510 2783 591 Mathildi
2813 513 3104 569 eomitissa:
3125 514 3337 585 mittere
3356 514 3492 583 dixi,

2240 603 2429 658 Patres
2454 604 2601 669 illius
2623 604 2795 670 codex
2816 604 3058 675 loquitur
3080 605 3208 676 quia
3235 607 3476 677 primus,

2239 695 2320 749 Ad
2348 694 2562 749 laudem
2588 695 2747 765 cujus
2776 705 2959 753 manet
2981 697 3159 751 editus
3195 707 3359 767 atque
3387 700 3673 757 secundus.

2239 787 2458 841 Frivola
2478 787 2663 854 vitavi,
2686 804 2811 857 qua:
2832 788 3049 859 scripsi,
3079 805 3207 844 vera
3231 791 3474 860 probavi.

2240 878 2451 934 Laititia
2474 880 2674 934 mentis
2711 880 2880 937 libros
2907 881 3037 936 dum
3072 893 3229 938 necto
3252 883 3496 951 tabellis;

2238 972 2473 1029 Nuntius
2501 974 2738 1041 advenit,
2769 975 2863 1045 qui
2890 991 2976 1030 me
3005 975 3172 1030 nimis
3197 959 3576 1046 obstupefecit,

2239 1065 2434 1122 Dicens
2453 1067 2776 1122 exstinctam
2806 1076 3159 1137 przetaxatam
3181 1067 3533 1123 cornitissam.

2244 1158 2397 1214 Vires
2420 1159 2651 1229 dirupta:
2674 1158 2809 1213 mihi
2839 1166 2988 1226 sunt,
3013 1159 3300 1228 subitoque
3321 1160 3590 1227 medullae,

2239 1249 2518 1322 Palpebris
2539 1251 2714 1306 dulcis
2736 1250 2916 1306 somni
2937 1251 3193 1307 dormitio
3220 1250 3378 1323 fugit,

2240 1341 2461 1399 Viscera
2482 1342 2800 1414 frigescunt,
2823 1342 2988 1399 simul
3008 1359 3136 1400 ossa
3164 1359 3400 1416 caroque
3421 1345 3739 1415 liquescunt,

2240 1434 2480 1507 Quasque
2509 1435 2827 1497 laborabam
2859 1443 2987 1491 sunt
3021 1451 3053 1490 e
3074 1434 3330 1491 manibus
3356 1445 3600 1491 vacuata.

2240 1526 2394 1583 Haud
2424 1536 2585 1583 nocet
2608 1527 2756 1583 illius
2787 1528 2920 1582 mihi
2953 1543 3123 1592 mors,
3152 1534 3366 1582 tantum
3399 1528 3559 1584 modo
3584 1528 3766 1595 scitur,

2241 1618 2415 1676 Oilicit
2436 1620 2662 1676 omnino
2688 1628 2833 1675 recte
2870 1618 3177 1675 viventibus
3200 1619 3313 1673 imo
3337 1638 3352 1673 :

2244 1712 2384 1768 Sunt
2406 1713 2721 1783 ubicunque
2747 1712 2896 1779 boni,
2922 1710 3138 1768 fuerant
3158 1711 3261 1767 sibi
3286 1711 3521 1767 maxime
3547 1711 3676 1765 noti.

2166 1782 2209 1839 Β
2234 1806 2371 1861 Nam
2401 1805 2496 1876 qui
2523 1782 2678 1860 trans
2695 1803 2955 1871 Pontum,
2986 1818 3081 1859 seu
3108 1803 3350 1859 Gallicis:
3374 1809 3731 1868 remorantur,

2235 1899 2454 1954 Christo
2475 1898 2600 1968 jure
2623 1912 2812 1967 prews
2841 1912 2907 1951 ex
2940 1896 3056 1967 ipsa
3084 1894 3310 1950 fundere
3339 1910 3482 1965 saepe

2233 1991 2531 2056 Curahant,
2555 1989 2756 2044 missos
2782 1988 2886 2043 sibi
2910 1988 3302 2057 mittebautque
3331 1985 3609 2057 benignos.

2235 2083 2367 2153 Ejus
2387 2081 2580 2137 notitia
2600 2080 2910 2152 patriarcha
2938 2077 3379 2150 Hierosolymita,

2234 2174 2461 2245 ipseque
2488 2173 2789 2239 Romanus,
2818 2171 3483 2241 Constantinopolitanus,

2234 2265 2587 2321 Laatabantur
2610 2266 2705 2332 ita,
2735 2265 2880 2335 quod
2907 2264 2954 2319 ei
2979 2278 3078 2319 sua
3100 2263 3321 2334 propria
3347 2261 3551 2331 scripta

2235 2358 2445 2414 Mittere
2468 2359 2698 2414 solerter
2718 2357 3045 2414 studuerunt
3074 2364 3237 2426 atque
3256 2355 3530 2409 decenter.

2235 2450 2427 2507 Omnis
2447 2453 2733 2522 honorque
2753 2450 2922 2505 decus
2945 2458 3074 2505 tunc
3100 2447 3265 2502 Italia:
3289 2446 3617 2501 ceciderunt.

2236 2544 2375 2599 Dum
2398 2532 2658 2601 defuncta
2678 2543 2850 2610 cadis,
2882 2540 3177 2605 Mathildis,
3202 2538 3349 2594 clara
3370 2536 3630 2593 ducatrix.

2236 2636 2427 2692 Vicisti
2450 2652 2624 2709 rcges,
2653 2635 2754 2691 tibi
2775 2645 3003 2692 cunctos
3031 2642 3195 2704 atque
3214 2632 3472 2697 rebelles;

2236 2727 2650 2799 Conciliumque
2680 2726 2829 2799 (939)
2857 2735 3034 2792 tuum,
3065 2738 3166 2780 nec
3201 2739 3315 2778 non
3349 2723 3573 2777 rutilum
3598 2733 3793 2789 qucque

3091 2863 3102 2873 .
3511 2814 3733 2885 [vultum

2237 2909 2430 2967 Totius
2456 2919 2615 2967 terra;
2645 2911 2935 2981 cupiebant
2961 2922 3188 2964 noscere
3212 2915 3402 2978 gentes
3429 2925 3445 2960 :

2234 3002 2403 3070 Queis
2431 3018 2695 3073 responsa
2723 3003 2915 3068 dabas,
2937 3016 3129 3056 omnes
3154 3007 3209 3055 et
3235 2998 3655 3054 honoriﬁcabas.

2161 3134 2203 3192 ε
2239 3092 2467 3150 Stabant
2488 3110 2521 3149 ο
2544 3094 2734 3165 quanti
2755 3094 3002 3155 crudeles
3028 3101 3191 3162 atque
3212 3091 3431 3163 tyranni

2240 3187 2353 3242 Sub
2378 3186 2559 3256 specie
2581 3186 2752 3257 justa,
2776 3194 3065 3241 noscentes
3093 3193 3143 3238 te
3166 3182 3281 3238 fore
3302 3183 3514 3254 justam
3546 3202 3561 3237 :

2236 3277 2340 3345 Qui
2368 3278 2762 3343 dissolvuntur,
2783 3278 2894 3348 jam
2916 3277 3067 3348 pacis
3090 3274 3295 3331 foedera
3317 3284 3605 3344 rumpunt,

2232 3370 2508 3427 Ecclesias
2533 3371 2791 3441 spoliant,
2821 3387 2969 3426 nunc
2996 3385 3154 3425 nemo
3180 3369 3421 3424 vindicat
3459 3368 3627 3438 ipsas,

2236 3463 2428 3532 Siquis
2443 3478 2502 3517 se
2521 3461 2729 3529 forsan,
2745 3462 3048 3531 tutorquod
3070 3459 3300 3530 sit(940)
3322 3460 3507 3530 quasi,
3527 3463 3786 3521 monstrat,

2232 3552 2488 3610 Ecclesia
2513 3562 2722 3623 partem
2745 3561 2901 3607 terra:
2926 3552 3181 3622 grandem
3203 3552 3356 3620 prius
3380 3549 3581 3605 aufert.

2231 3644 2404 3701 Morte
2426 3655 2520 3701 tua
2548 3658 2721 3716 purus
2740 3643 3016 3699 Mathildis
3037 3642 3219 3698 deﬁcit
3248 3656 3402 3697 usus.

2228 3738 2369 3794 Nam
2388 3738 2547 3794 solito
2568 3737 2726 3792 miles
2753 3737 2902 3809 (951)
2929 3736 3152 3791 domino
3176 3736 3356 3792 studet
3378 3736 3546 3791 altius
3576 3737 3668 3790 ire.

2230 3829 2420 3885 Deviat
2440 3845 2470 3883 a
2497 3838 2644 3884 retro
2676 3827 2824 3900 (942)
2849 3843 3038 3899 gressu
3065 3828 3179 3898 jam
3205 3827 3463 3893 clericus,
3487 3827 3637 3898 (945)
3660 3839 3786 3894 ergo,

2230 3921 2392 3977 Dives
2414 3921 2525 3977 edit
2552 3929 2823 3991 sumptus,
2853 3935 2995 3990 quos
3016 3933 3220 3990 pauper
3241 3919 3479 3977 habebat
3507 3920 3565 3973 in
3586 3934 3727 3983 usus,

2228 4013 2396 4069 Fiunt
2412 4013 2640 4069 diversa:
2671 4011 2863 4067 mundi
2890 4027 2989 4082 per
3014 4012 3233 4067 climata
3253 4020 3438 4078 secta,

2228 4103 2378 4172 Quas
2406 4119 2440 4159 ο
2467 4103 2742 4161 Mathildis
2762 4104 3091 4175 prohibebas
3116 4104 3219 4159 rite
3242 4103 3517 4175 malignis.

2298 4262 2449 4388 ἓξὲξ)
2488 4260 2621 4345 cod.
2656 4270 2807 4345 ant.,.
2833 4262 2941 4317 cui.
2974 4262 3123 4317 LEIB.

2376 4342 2521 4388 mtur
2552 4350 2606 4387 in
2637 4343 2842 4387 nostris
2867 4348 3089 4388 uuoaue
3116 4353 3123 4382 ι

2413 4331 2521 4388 itur
2552 4334 2606 4387 in
2637 4334 2842 4403 nostris
2867 4348 3089 4403 quoque
3116 4331 3419 4395 codicibus,
3443 4333 3553 4386 cui.
3584 4332 3718 4388 Man.

2588 4402 3412 4486 iiuprael'ationeadnotavi,per
3439 4405 3784 4486 aerosticbum

2155 4500 2200 4555 ι)
2227 4491 2293 4531 ex
2312 4472 2621 4529 initialibus
2650 4472 2846 4530 litteris
2874 4490 3129 4529 versuum
3161 4472 3353 4555 capitis
3385 4472 3577 4543 hujus,
3607 4472 3785 4530 Donizo

2225 4560 2386 4602 suum
2409 4560 2606 4601 nomen
2637 4560 2701 4599 ac
2729 4561 2930 4600 munus
2953 4541 3243 4614 expressit.
3271 4541 3417 4597 Mun.

2299 4616 2445 4686 (958)
2487 4614 2725 4680 Scilicet,
2750 4615 2958 4686 Donizo
2980 4613 3177 4686 librum
3206 4629 3367 4686 suum
3394 4613 3462 4686 ad
3490 4613 3785 4686 umbilicum

2225 4684 2573 4756 perduxerat,
2617 4700 2854 4756 eumque
2886 4684 3351 4756 Mathildiadhuc
3385 4684 3591 4756 viventi
3618 4684 3785 4739 oﬂeﬂe

2226 4754 2608 4822 meditabatur,
2640 4754 2911 4811 cum'ecce
2934 4770 3082 4810 mors
3107 4754 3255 4807 illam
3280 4754 3579 4822 intercipit,
3601 4763 3654 4809 et
3677 4766 3784 4807 cau-

2224 4841 2342 4949 shiim
2380 4834 2552 4896 poeta:
2599 4826 2801 4896 praebet
2836 4825 3124 4895 adjiciendi
3155 4823 3557 4893 subsequentes
3595 4835 3781 4878 versas.

2282 4912 2367 4949 un.

2282 4912 2367 4950 UR.

2318 4965 2443 5037 959)
2482 4964 2538 5020 Id
2568 4974 2651 5037 est
2680 4966 2885 5037 curiam
2913 4975 3080 5021 tuam.
3106 4962 3402 5035 ‘Regiensis
3431 4969 3616 5017 tamen
3638 4961 3783 5017 codex

2225 5034 2386 5091 habet
2412 5034 2711 5090 Consilium.
2741 5034 2882 5090 Men.
2928 5090 2931 5091 ν
