3984 5380
559 323 698 414 1935

566 444 667 515 Te,
697 443 986 501 Benedicto
1007 441 1190 507 Pater,
1226 439 1464 494 moriens
1496 439 1610 493 hare
1637 445 1794 492 curat
1824 453 2028 502 amare,

561 535 998 606 Cmnobiumque
1029 532 1179 605 (925)
1214 540 1367 586 tuum
1402 529 1606 585 ditatur
1627 544 1854 599 corpore
1875 527 2060 598 cujus;

557 629 660 685 Cui
688 643 846 700 prece
877 627 1191 682 demonstra
1217 623 1342 679 coeli
1365 635 1697 693 cognoscere
1721 629 1926 690 portas.

558 721 619 776 In
643 732 872 774 numero
895 715 1072 788 major
1095 712 1452 778 duodenario,
1489 709 1888 777 Petre,'Pastor

559 811 658 868 Cui
687 807 920 883 propriae
947 816 1149 864 sortem
1179 805 1388 861 telluris
1417 803 1656 859 subdidit
1685 818 1903 857 omnem
1944 821 1955 856 :

560 900 758 956 Valvas
791 907 852 954 tu
887 897 1040 970 regni
1067 894 1170 952 sibi
1197 901 1446 966 prompte
1468 892 1650 965 pande
1672 892 1924 963 superni;

559 991 742 1047 Edidit
762 991 880 1048 hac
901 989 1072 1045 aedem
1097 987 1216 1054 tibi,
1253 985 1474 1052 Jacobe,
1505 997 1742 1053 cumque
1765 983 1990 1054 jacereft,

559 1081 856 1154 Speremus
881 1079 1151 1152 quamvis,
1179 1078 1325 1148 quod
1347 1077 1416 1132 ob
1435 1078 1538 1131 hoc
1573 1074 1748 1145 ipsam
1774 1073 1910 1129 bene
1924 1073 2136 1139 sancis,

559 1169 794 1227 Maxime
825 1185 952 1226 cum
989 1169 1172 1224 laetum
1197 1167 1268 1224 sit
1306 1179 1467 1238 passa
1507 1163 1654 1238 (926)
1682 1172 1833 1220 tuum
1857 1174 2025 1234 prope
2057 1161 2137 1217 fe-

1859 1255 2029 1328 [stum
2051 1272 2062 1309 ξ

560 1354 634 1412 Ut
661 1363 846 1410 tamen
882 1365 1142 1410 accurras
1165 1351 1269 1406 sibi
1295 1350 1575 1422 poscimus
1603 1356 1727 1404 ante
1753 1347 2008 1403 tribunal.

562 1443 758 1500 Pastor
779 1443 1030 1514 Apolloni
1057 1440 1358 1496 Mathildim
1399 1454 1655 1510 spernere
1689 1437 1822 1506 noli,
2031 1491 2034 1494 ί

563 1535 648 1593 Sit
683 1537 812 1592 licet
857 1535 1121 1607 iniustum
1152 1533 1298 1604 quod
1339 1533 1561 1604 respicit
1608 1530 1755 1602 (927)
1804 1531 1921 1601 ipsa
1958 1529 2139 1600 sepul-

1863 1619 2038 1692 [eriun
2057 1662 2070 1687 ,

561 1718 720 1786 Quod
747 1725 842 1774 tua
865 1717 969 1774 fert
988 1718 1152 1784 aedes,
1183 1731 1295 1788 quo
1325 1723 1510 1786 patres
1533 1714 1654 1784 ejus
1675 1713 1959 1768 inhaerent.

1526 322 1618 377 AD
1652 319 1881 377 OPERA
1923 321 1978 375 S.
2020 314 2348 375 GREGORII
2383 312 2825 370 APPENDICES.

2171 437 2212 506 Α
2241 432 2432 486 Paruit
2461 431 2514 485 in
2537 430 2699 484 terris
2721 429 2885 482 nimis
2910 425 3023 481 haec
3061 425 3116 480 in
3143 441 3371 496 corpore
3402 443 3658 484 versans:

3665 313 3786 372 i036

2243 523 2351 579 Vos
2371 523 2474 579 sibi
2505 537 2655 577 nunc
2678 535 2868 576 omnes
2896 521 3099 590 requiei
3127 520 3335 590 porgite
3353 529 3578 575 sortem.

2461 614 2649 669 Amen.
2902 648 2906 654 -
2991 637 2993 639 ί

2351 771 2587 842 Explicit
2621 741 2834 827 carmen
2863 772 3060 840 mortis
3080 771 3366 832 comitique
3403 741 3692 834 Μωιᾷιάὶε.

2311 900 2653 940 EXHORTATIO
2689 899 2898 940 CANUSII
2932 899 3016 938 ‘DB
3056 899 3302 939 ADVENTU
3351 899 3696 940 “INRA‘I'OIIS
3799 915 3802 920 ·

2852 971 2924 1010 Ετ
2963 969 3192 1017 ΒΕβΙΝΑΞ.

2240 1067 2776 1134 Ροιιο·ιίωοτοε,ῐιῠη
2801 1075 2858 1122 et
2890 1067 3150 1135 honores,
3179 1068 3414 1122 madida
3447 1066 3604 1122 Petra
3638 1067 3794 1138 (928),

2243 1158 2508 1230 Tempora
2531 1160 2737 1215 dudum
2753 1170 3018 1230 prospera
3040 1160 3272 1214 multum
3293 1160 3417 1214 laeta
3431 1159 3666 1221 ferebas,

2243 1251 2436 1323 Magna
2461 1251 2736 1307 Matbildis
2763 1252 2913 1322 quod
2947 1251 3046 1306 tibi
3079 1251 3254 1317 tinxit,
3290 1261 3537 1322 tempore
3575 1251 3734 1306 inuito

2159 1355 2164 1361 ·
2244 1343 2309 1398 Et
2329 1345 2604 1416 genitores
2633 1344 2926 1400 nobiliores
2947 1344 3126 1414 ipsius
3141 1345 3287 1400 ultm

2245 1436 2320 1492 Te
2342 1445 2712 1508 peramarunt,
2743 1446 2797 1492 et
2819 1436 3162 1492 fabricarunt
3181 1437 3417 1506 denique
3442 1437 3607 1500 ceise:

2243 1529 2533 1600 Progenies
2551 1543 2683 1598 '(Illl-B
2701 1529 2812 1598 jam
2837 1529 3206 1599 requiescens,
3236 1529 3400 1584 desiit
3428 1544 3567 1584 esse.

2242 1622 2505 1692 Plangere
2535 1636 2710 1687 cessa,
2735 1622 2929 1692 gaudia
2954 1631 3160 1691 specta,
3196 1621 3370 1676 stabis
3396 1622 3646 1684 honeste;

2242 1714 2426 1770 Caesar
2451 1714 2704 1779 honorat,
2740 1723 2904 1785 teque
2937 1714 3177 1781 decorat,
3212 1714 3290 1771 sis
3309 1729 3411 1770 sua
3447 1729 3668 1784 semper.

559 1811 660 1866 Ast
687 1810 858 1866 altare
895 1817 1045 1864 tuum
1081 1819 1263 1864 tamen
1295 1809 1410 1863 haec
1444 1807 1618 1862 coluit
1647 1805 1776 1876 quia
1814 1805 2066 1869 multum,
2109 1799 2128 1812 ”
2173 1797 2216 1850 Β
2243 1805 2504 1875 Plangere
2525 1805 2898 1870 noli,"enlmen
2921 1800 3152 1860 hominis
3176 1798 3558 1869 lii-retinebis,"
3676 1803 3700 1842 -'

561 1903 700 1958 Ante
719 1901 869 1973 pium
896 1917 1078 1973 regem
1100 1901 1315 1957 veniam
1339 1900 1443 1956 sibi
1471 1913 1634 1970 posce
1655 1899 1903 1953 libenter.

562 1991 728 2064 Virgo
755 1992 924 2047 Maria
955 1991 1050 2047 Dei
1080 1991 1334 2063 genitrix,
1366 1991 1656 2060 noctisque
1681 1989 1789 2044 diei

553 2081 688 2139 ‘Haac
717 2083 906 2140 audire
941 2092 1097 2138 tuum
1119 2097 1231 2139 non
1255 2081 1464 2138 destitit
1478 2080 1751 2146 cilicium,
1776 2095 1921 2134 nunc

563 2173 670 2231 Fac
685 2183 760 2230 ἰιι
791 2182 842 2230 te
866 2175 1066 2243 videat,
1088 2175 1186 2230 tibi
1213 2173 1436 2241 serviat,
1464 2181 1519 2228 et
1545 2187 1708 2244 super
1740 2173 1909 2228 mthra

561 2263 849 2333 Omnibus,
875 2268 932 2322 in
954 2267 1108 2322 endis
1135 2266 1444 2322 habitacula
1465 2266 1560 2336 qui
1597 2266 1862 2332 retinetis,

2245 1899 2364 1952 Alta
2386 1897 2660 1952 Matbildis
2692 1905 2906 1953 mortua
2935 1895 3090 1964 vivit,
3135 1897 3444 1968 splendida,
3467 1895 3592 1950 feiir
3621 1912 3635 1946 :

2243 1987 2374 2054 Qua:
2403 2001 2544 2043 nova
2566 1996 2741 2043 mater
2771 2003 2941 2060 regna
2963 1985 3142 2054 beata,
3171 1997 3334 2058 teque
3353 1987 3556 2053 beabit,

2245 2079 2340 2135 Est
2364 2074 2530 2150 super
2551 2081 2700 2135 illam
2723 2088 3206 2136 commemoratam
3239 2074 3467 2135 nomine
3479 2080 3622 2134 talis.

2248 2171 2480 2228 Caesaris
2510 2173 2696 2228 hostes
2725 2173 2836 2228 sint
2869 2173 3060 2243 procul
3085 2187 3300 2240 omnes,
3329 2172 3448 2242 ipse
3467 2173 3657 2226 beetnr

2249 2263 2314 2319 Et
2341 2280 2438 2319 sua
2463 2264 2666 2336 conjnx
2688 2263 2904 2336 fulgida
2922 2279 3151 2335 prorsus
3179 2265 3326 2319 vivat
3351 2264 3410 2318 in
3423 2278 3622 2320 avum.

582 2399 3791 2436 mm

1135 2555 1764 2649 CHARTULA
1835 2485 2504 2650 comrrssm
2577 2550 3244 2651 MATHILDIS

1077 2751 1285 2828 Super
1323 2749 1716 2810 concessione
1764 2749 2072 2810 bonorum
2125 2765 2384 2811 suorum
2425 2741 2624 2831 facta‘
2655 2749 2946 2812 Rom-(mw
2988 2749 3302 2819 Ecclesiae.

634 3049 693 3107 In
714 3049 936 3106 nomine
956 3055 1158 3106 sancta:
1180 3055 1235 3104 et
1255 3047 1546 3103 individua:
1569 3045 1874 3114 Trinitatis,
1906 3063 2052 3102 anno
2077 3047 2146 3102 ab
2174 3053 2216 3110 ί]
2253 3047 2394 3120 gari.
2424 3044 2530 3104 Sed
2554 3045 2682 3116 quia
2731 3046 2979 3102 chartula
3013 3063 3286 3119 nusquam
3315 3058 3568 3120 apparet,
3589 3059 3641 3107 et
3671 3051 3814 3112 timeo

567 3143 944 3201 Incarnatione
967 3141 1184 3198 Domini
1201 3140 1374 3196 nostri
1397 3138 1526 3194 Jesu
1555 3138 1760 3194 Christi
1784 3138 2148 3210 1102,quinlo

567 3237 780 3294 decimo
801 3235 890 3292 die
912 3233 1030 3290 Kal.
1060 3232 1392 3301 Decembris,
1414 3231 1710 3288 indictione
1733 3231 1962 3286 decima.
1983 3229 2146 3286 Tem—

568 3345 701 3401 pore
733 3328 920 3384 domni
956 3326 1204 3399 Gregorii
1253 3323 1472 3396 septimi
1509 3339 1660 3394 papze
1698 3323 1754 3377 in
1795 3321 2152 3378 Lateranensi

569 3421 792 3497 palatio,
819 3421 874 3476 in
907 3420 1116 3492 capella
1138 3416 1352 3474 Sancta:
1379 3415 1596 3484 Crucis,
1621 3416 1677 3469 in
1697 3415 1983 3486 praesentia
2005 3413 2148 3470 Cen-

570 3513 642 3568 cii
671 3511 1036 3584 Frangipane,
1059 3508 1330 3576 Gratiani,
1352 3506 1542 3564 Ceneii
1571 3507 1884 3562 Franculini
1907 3513 1961 3560 et
1983 3505 2149 3562 Albe—

569 3605 672 3660 rici
693 3604 761 3660 de
780 3603 947 3659 Petro
967 3602 1169 3668 Leone,
1191 3609 1246 3657 et
1273 3597 1600 3665 Benincasa,
1617 3597 1802 3653 fratris
1822 3598 1940 3669 ejus
1961 3595 2153 3656 Uberti

569 3696 638 3753 de
663 3695 884 3764 Tuscia,
909 3703 966 3751 et
989 3695 1224 3750 aliorum
1267 3691 1527 3764 plurium.
1569 3691 1685 3764 Ego
1725 3690 2024 3757 Mathildis,
2055 3690 2151 3746 Dei

579 3788 781 3861 gratia,
817 3787 1118 3855 comitissa,
1159 3800 1258 3858 pro
1286 3783 1529 3841 remedio
1569 3784 1768 3840 animae
1797 3799 1932 3840 mea:
1959 3791 2015 3838 et
2053 3799 2152 3854 pa-

573 3865 794 3938 rentum
817 3895 1064 3936 meorum
1105 3879 1228 3936 dedi
1253 3889 1304 3935 et
1335 3878 1506 3934 obtuli
1533 3877 1777 3934 ecclesia:
1806 3876 1988 3935 Sancti
2009 3877 2158 3933 Petri

573 3987 677 4044 per
698 3971 1064 4028 interventum
1087 3970 1273 4026 domui
1286 3968 1529 4043 Gregorii
1541 3985 1693 4040 papae
1703 3967 1796 4022 VII
1816 3968 1998 4025 omnia
2013 3970 2155 4024 bona

577 4077 722 4131 mea,
767 4061 892 4133 jure
931 4059 1294 4134 proprietario
1333 4067 1444 4114 tam
1491 4075 1614 4130 quae
1663 4067 1793 4115 tunc
1833 4059 2152 4127 habueram,

573 4171 739 4228 quam
769 4167 834 4211 ea
870 4169 994 4226 qua:
1029 4153 1086 4208 in
1119 4161 1280 4208 antea
1321 4151 1660 4224 acquisitura
1691 4167 1864 4219 eram,
1891 4153 2004 4208 sive
2031 4153 2156 4223 jure

575 4247 968 4314 successionis,
989 4247 1103 4302 sive
1133 4245 1242 4301 alio
1268 4259 1602 4316 quocunque
1626 4244 1752 4316 jure
1781 4244 1850 4299 ad
1878 4259 1966 4299 me
1988 4244 2158 4314 perti-

575 4345 727 4405 nent,
770 4345 826 4393 et
855 4346 968 4392 tam
1001 4351 1088 4405 ea,
1122 4351 1246 4407 qua:
1279 4351 1348 4390 ex
1388 4336 1493 4391 hac
1513 4343 1666 4412 parte
1697 4334 1964 4389 montium
1987 4334 2156 4389 habe-

577 4428 730 4496 bam,
779 4426 948 4498 quam
985 4427 1077 4482 illa
1108 4441 1230 4498 quae
1271 4425 1329 4482 in
1363 4425 1786 4482 ultramontanis
1818 4425 2062 4496 partibus
2086 4426 2156 4480 ad
2187 4411 2231 4465 D

576 4535 666 4577 me
705 4521 979 4592 pertinere
1024 4519 1368 4587 videbantur,
1405 4520 1592 4576 omnia
1621 4521 1766 4577 sient
1811 4521 2020 4576 dictum
2047 4529 2150 4588 est,

577 4629 676 4684 per
710 4629 939 4670 manum
971 4613 1179 4669 domini
1201 4612 1447 4684 Gregorii
1481 4612 1576 4668 VII
1598 4626 1752 4686 papze
1771 4613 2034 4670 Romanae
2054 4613 2158 4671 Ec-

577 4705 758 4762 clesiae
806 4703 931 4761 dedi
979 4713 1034 4760 et
1075 4703 1294 4770 tradidi,
1323 4711 1378 4758 et
1416 4703 1722 4760 chartulam
1757 4704 1882 4760 inde
1915 4703 2032 4760 fieri
2062 4719 2156 4761 ro-

653 4813 806 4888 (925)
831 4813 1050 4888 Scilicet
1076 4811 1504 4888 Padolironense
1527 4811 1712 4888 Sancti
1731 4814 2038 4888 _Bene_di_c_ti,
2062 4815 2158 4870 ubi

579 4883 759 5008 gliiﬁlO
786 4883 1114 4968 tumulatum
1139 4883 1261 4953 ejus
1279 4899 1500 4954 corpus,
1523 4885 1782 4940 tuminde
1803 4885 1906 4940 sub
1935 4883 2158 4940 Urbano

729 4956 984 5008 pontifice
1021 4953 1255 5008 Romam
1297 4955 1648 5008 translatum.
1683 4953 1822 5008 Cum
1871 4956 2052 5008 adhuc
2090 4956 2158 5008 ad

631 4953 700 5025 Ili
729 4955 984 5025 pontifice
1021 4953 1255 5009 Romam
1297 4955 1648 5009 translatum.
1683 4953 1822 5008 Cum
1871 4956 2052 5010 adhuc
2090 4956 2160 5010 ad

583 5021 817 5094 Padum,
845 5025 966 5094 ejus
1012 5025 1264 5094 iumulus
1322 5025 1560 5080 intactus
1603 5033 1966 5094 permaneret,
2015 5041 2162 5080 anno

585 5092 972 5165 1613,idie___22
1005 5092 1178 5160 Junii,
1225 5095 1304 5148 uti
1335 5092 1696 5165 scriptum—eo
1723 5103 1972 5165 tempore
2010 5095 2163 5150 inve-

585 5163 700 5228 nio,
729 5163 839 5216 dux
863 5161 1189 5220 Mantuanus
1209 5161 1754 5220 curiositate-ductus
1785 5161 1972 5220 arcam
2009 5165 2176 5220 fran--

587 5231 644 5303 gi
658 5231 844 5302 jussit.
882 5230 1071 5303 Visum
1101 5233 1174 5287 ibi
1205 5234 1408 5290 nobilis
1453 5251 1519 5290 ac
1555 5236 1924 5290 celeberrimae
1955 5236 2161 5303 viragi-

587 5253 644 5303 gl
658 5253 844 5302 1115811..
889 5253 1071 5286 Visum
1101 5253 1174 5287 ll)!
1206 5253 1408 5290 11001118
1453 5253 1519 5290 ac
1555 5253 1924 5290 celeberrimae
1955 5253 2072 5290 vrra
2111 5253 2160 5290 ι-

585 5301 677 5380 uis
705 5315 925 5380 corpus
948 5301 1345 5380 integrum,_0s
1377 5314 1661 5380 alienum,
1677 5305 1934 5380 dentibus
1967 5253 2160 5380 “illng

2252 3154 2320 3193 ne
2380 3139 2602 3194 donatio
2635 3146 2690 3192 et
2734 3138 2939 3194 oblatio
2983 3155 3104 3194 mea
3141 3137 3196 3195 iii
3239 3141 3470 3196 dubium
3514 3153 3804 3210 revocetur;

2252 3229 2372 3285 ideo
2405 3245 2528 3301 ego,
2565 3245 2687 3300 qua:
2725 3245 2914 3300 supra,
2953 3231 3235 3287 comitissa
3258 3231 3544 3304 Mathilda,
3573 3235 3752 3291 item
3781 3251 3810 3290 a

2250 3322 2505 3392 praesenti
2538 3321 2626 3386 die
2653 3321 2798 3378 dono
2823 3330 2879 3388 et
2916 3322 3088 3376 otl‘ero
3119 3324 3292 3378 eidem
3349 3322 3615 3382 Romanae
3645 3326 3810 3382 Eccle-

2251 3417 2346 3472 siae
2376 3432 2472 3486 per
2493 3431 2736 3486 manum
2775 3415 3041 3472 Bernardi
3070 3418 3366 3474 eardinalis
3401 3428 3459 3474 et
3497 3421 3658 3493 legati
3687 3422 3804 3491 ejus-

2250 3510 2374 3566 dem
2411 3507 2672 3573 Romanm
2711 3507 2989 3576 Ecclesiae,
3033 3511 3174 3566 sicut
3201 3511 3254 3566 in
3289 3513 3382 3567 illo
3419 3522 3668 3584 tempore
3685 3513 3809 3578 deli,

2250 3619 2348 3674 per
2378 3619 2601 3658 manum
2635 3601 2842 3658 domini
2873 3602 3143 3676 Gregorii,
3171 3607 3356 3660 omnia
3386 3607 3534 3662 bona
3559 3624 3694 3675 mea,
3717 3617 3810 3662 tam

2251 3711 2374 3766 quae
2399 3711 2546 3751 nunc
2570 3687 2779 3763 habeo,
2805 3711 2970 3767 quam
2994 3712 3121 3768 qua:
3141 3697 3197 3752 in
3225 3707 3536 3768 posterum,
3559 3701 3671 3756 Deo
3701 3717 3810 3772 pm—

2251 3785 2404 3856 pitio,
2432 3783 2768 3857 acquisitura
2805 3802 2951 3853 sum,
2979 3796 3033 3844 et
3055 3797 3165 3842 tam
3185 3804 3250 3844 ca
3271 3805 3399 3860 qua:
3428 3807 3498 3846 ex
3532 3793 3638 3848 hac
3681 3801 3810 3863 parte

2254 3879 2544 3946 montium,
2587 3895 2754 3954 quam
2786 3880 2841 3935 in
2878 3881 3303 3936 ultramontanis
3343 3884 3602 3952 partibus
3644 3886 3808 3948 habeo,

2252 3985 2417 4040 quam
2463 3988 2585 4042 qum
2625 3971 2682 4026 in
2719 3982 3021 4043 posterum,
3055 3973 3166 4028 Deo
3209 3975 3468 4044 propitio,
3500 3979 3809 4049 acquisitura

2253 4078 2375 4118 sum
2403 4064 2510 4118 alio
2541 4081 2871 4136 quocunque
2899 4065 3055 4136 jure,
3091 4081 3190 4136 pro
3226 4068 3478 4123 mercede
3511 4078 3568 4124 et
3601 4069 3810 4125 remedio

2255 4154 2452 4210 animae
2470 4171 2604 4210 mea:
2631 4165 2685 4212 et
2720 4165 3010 4226 parentum
3042 4173 3310 4214 meorum.
3354 4158 3492 4226 Quae
3519 4171 3700 4218 autem
3726 4161 3812 4216 ista

2256 4261 2378 4301 mea
2408 4247 2551 4304 bona
2567 4249 2714 4320 juris
2733 4249 2841 4304 mei
2865 4250 3118 4320 superius
3152 4251 3319 4317 dicta,
3358 4268 3468 4307 una
3497 4269 3627 4308 cum
3657 4269 3814 4309 acces-

2255 4335 2524 4404 sionibus,
2557 4355 2655 4393 seu
2677 4353 2803 4394 cum
2833 4340 3211 4410 superioribus
3243 4331 3299 4396 et
3329 4342 3688 4400 inferioribus
3714 4325 3812 4399 sua-

2255 4431 2400 4495 rum,
2425 4429 2660 4499 qualiter
2681 4426 3045 4502 supra‘legavi
3069 4431 3244 4503 (929),
3275 4431 3332 4487 in
3355 4433 3660 4505 integrum,
3682 4435 3742 4490 ab
3759 4449 3810 4487 ea

2255 4519 2364 4586 die,
2391 4519 2447 4574 in
2473 4521 2662 4576 eadem
2689 4523 2922 4578 ecclesia
2965 4523 3132 4591 dono,
3168 4534 3225 4579 et
3268 4523 3464 4590 odero,
3491 4536 3547 4582 et
3583 4543 3684 4598 per
3707 4539 3814 4597 pne-

2257 4621 2465 4668 sentem
2479 4613 2787 4668 chartulam
2803 4613 3106 4670 oﬂ‘ertionis
3133 4616 3335 4672 ibidem
3355 4616 3667 4673 habendam
3690 4615 3810 4688 (930)

2257 4701 2541 4760 conﬁrmo.
2593 4703 2822 4775 Insuper
2860 4719 2958 4776 per
2998 4707 3300 4772 cultellum,
3353 4707 3628 4763 festucam
3675 4706 3814 4763 noda-

2331 4815 2478 4888 (9‘26)
2515 4815 2740 4888 corrige
2771 4832 2838 4872 ex
2881 4819 3085 4874 nostris
3123 4819 3409 4876 codicibus
3437 4840 3450 4874 :
3475 4821 3616 4877 Cum
3644 4821 3810 4878 (exlium

2259 4886 2329 4939 st'l
2344 4886 2528 4956 passu.
2556 4886 2698 4941 Muri.

2289 4981 2293 4985 -
2331 4957 2482 5029 (927)
2525 4957 2664 5029 Cod1
2699 4967 2838 5022 ant.,
2863 4959 3099 5029 respuit.
3154 4957 3444 5029 Dispiicuit
3493 4962 3703 5018 scilicet
3731 4975 3812 5015 aa-

2260 5026 2584 5108 ctorbquod
2616 5026 2890 5084 Mathildis
2915 5026 2974 5084 se
3008 5043 3117 5084 non
3142 5026 3304 5098 jussit
3329 5031 3384 5084 in
3408 5049 3542 5088 arce
3561 5031 3812 5089 Canusina

2261 5097 2496 5150 sepeliri.
2534 5095 2682 5150 Lam.
2713 5115 2716 5118 λ

2261 5107 2496 5166 sepeliri.
2522 5107 2682 5166 tam.
2713 5115 2716 5118 λ

2333 5166 2482 5236 (928)
2519 5165 2576 5222 Id
2603 5177 2688 5222 est
2715 5167 2979 5235 Canossa,
3005 5183 3100 5224 seu
3129 5167 3455 5233 Canusium,
3488 5188 3590 5226 arx
3619 5171 3810 5227 fundata

2261 5251 2426 5306 super
2441 5237 2646 5292 silicem
2673 5239 3018 5294 albica-ntem.
3041 5238 3166 5294 Haec
3189 5247 3370 5294 autem
3393 5239 3610 5297 Donizo
3629 5241 3806 5304 scribit,

2261 5308 2391 5376 quia
2417 5321 2562 5380 anno
2595 5307 2731 5380 1116
2771 5307 3040 5364 Henricus
3068 5308 3113 5363 ν
3143 5311 3196 5364 in
3235 5309 3449 5364 Italiam
3477 5313 3810 5370 descendens.
