3984 5380
200 326 227 382 Ι
237 326 350 383 057

1090 332 1376 390 APPEND.
1420 335 1506 391 Ill.
1546 369 1616 377 —
1651 335 2082 393 MONUMEN’I‘A
2119 339 2582 398 CllECOllIANA.

3320 352 3455 408 1038

196 450 342 508 tam,
368 451 660 513 gantonem
703 441 850 516 (951)
878 454 932 534 et
971 446 1285 502 vascioncm
1311 447 1458 520 (959.)
1507 459 1683 515 terra),
1709 460 1784 504 at-
1815 454 1852 507 Α
1885 453 2000 505 timi
2042 453 2208 509 libras
2251 455 2428 521 mille;
2473 457 2678 527 argenti
2726 457 2960 527 pondera
2999 469 3235 530 quatuor
3267 463 3454 534 millia,

194 544 312 600 (πω
335 547 553 590 ramum
583 537 797 592 arboris
825 532 996 608 (955),
1023 547 1080 592 et
1111 555 1197 594 me
1219 540 1414 596 exinde
1439 542 1588 598 foras
1609 560 1778 614 expu-

195 625 258 692 li,
295 627 509 698 garpivi
545 629 728 700 (951),
767 637 822 683 et
853 630 1135 686 absentem
1173 647 1260 686 me
1295 632 1427 699 feci,
1459 643 1513 689 et
1557 651 1588 688 a
1626 645 1780 704 parte

193 718 380 789 ipsius
436 720 694 778 Ecclesiae
729 721 1038 777 habendam
1091 723 1242 794 (955)
1301 726 1516 796 reliqui,
1571 725 1776 784 facien-

190 811 330 866 dum
385 810 535 884 (956)
579 813 776 870 exinde
818 829 948 885 pars
985 814 1160 884 ipsius
1203 815 1463 873 Ecclesiae
1495 819 1705 876 dederit
1744 837 1774 874 a

191 906 456 974 praesenti
497 906 585 962 die
612 906 878 978 quidquid
908 907 1161 976 voluerit,
1205 910 1328 964 sine
1360 911 1510 964 omni
1571 927 1689 966 mea
1723 923 1780 968 et

192 997 477 1054 heredum
511 1014 576 1054 ac
616 1000 998 1070 probant-edam
1039 1013 1285 1056 meorum
1321 1003 1770 1059 contradictione.

193 1089 254 1144 Si
291 1091 428 1162 quid
465 1105 593 1146 vero
631 1090 802 1162 (quod
835 1090 1084 1148 futurum
1126 1108 1249 1148 esse
1281 1109 1389 1149 non
1433 1093 1616 1165 credo)
1661 1095 1774 1150 sive

187 1197 294 1255 ego
333 1183 618 1240 comitissa
661 1183 940 1251 Mathilda,
982 1187 1129 1256 quod
1189 1185 1361 1241 absit!
1394 1197 1488 1242 aut
1531 1188 1675 1244 ullus
1708 1189 1777 1244 de

189 1275 508 1331 haredibus
533 1291 598 1332 ac
639 1277 1048 1346 probari-edibus
1076 1278 1236 1346 meis,
1263 1294 1358 1334 seu
1397 1277 1650 1348 qualibet
1672 1294 1773 1350 op-

185 1366 374 1436 posita
415 1383 654 1438 persona
689 1379 880 1424 contra
917 1369 1059 1426 hanc
1089 1371 1394 1428 chartulam
1441 1371 1774 1442 quandoque

183 1454 498 1512 ofl‘ertionis
537 1457 640 1524 ire,
673 1473 833 1530 agere
885 1460 1314 1525 tentaverimus,
1359 1469 1454 1515 aut
1488 1469 1595 1516 tam
1623 1459 1774 1532 (957)

184 1543 342 1615 (958)
368 1561 466 1615 per
477 1547 712 1618 quodvis
728 1549 1011 1621 ingenium
1037 1549 1338 1623 infringere
1363 1552 1769 1624 qumsierimus,

179 1643 323 1691 tunc
350 1635 653 1695 inferamus
675 1641 742 1694 ad
761 1641 908 1700 illam
926 1649 1366 1714 partem,eoutra
1387 1658 1552 1713 quam
1573 1642 1773 1698 exinde

178 1724 340 1782 litem
372 1727 720 1787 intulerimus
763 1731 1013 1799 multam,
1040 1731 1186 1804 quod
1218 1741 1302 1788 est
1331 1745 1492 1804 pmna
1518 1732 1638 1810 auri
1671 1747 1769 1803 op-

1883 553 1937 599 ct
1964 561 2075 614 quo
2111 544 2257 617 (959)
2283 548 2682 617 repetierimus,
2711 547 2986 604 vindicare
3020 565 3128 605 non
3153 553 3452 624 valeamus;

1843 623 1856 632 ’
1883 637 1976 690 sed
2007 651 2248 706 prmscns
2275 639 2390 694 hcce
2431 640 2678 694 chartula
2706 640 3008 696 ofl‘ertionis
3035 644 3290 701 omnibus
3315 655 3455 702 tem-

1880 726 2104 796 poribus
2131 727 2284 782 firma
2327 741 2648 799 permaneat
2675 741 2838 801 atque
2878 733 3135 802 pcrsistat
3175 743 3231 790 et
3256 753 3452 809 perga-

1881 833 2040 874 mcna
2080 834 2205 874 cum
2252 822 2644 876 atramentario
2698 821 2766 877 de
2811 831 2954 878 terra
3021 823 3194 880 levavi
3237 825 3452 898 pagina:

1881 907 2146 966 Guidonis
2169 911 2365 967 notarii
2382 912 2552 984 (940),
2568 907 2790 980 tradidi,
2809 922 2862 968 ct
2890 914 3128 970 scribere
3154 918 3361 986 rogavi.

1879 1015 1986 1070 qua
2030 1001 2218 1056 subter
2251 1001 2583 1060 confirmans
2609 1004 2837 1062 testibus
2865 1005 3038 1060 obtuli
3062 1005 3426 1059 roborandam

1879 1089 2076 1144 Actum
2111 1090 2367 1146 Canusiae
2413 1089 2660 1160 feliciter,
2706 1093 2984 1160 Mathilda,
3037 1093 3128 1148 Dei
3179 1095 3374 1166 gratia,
3429 1103 3440 1155 i

1879 1181 2006 1250 quid
2033 1191 2136 1248 cst,
2161 1181 2217 1236 in
2255 1183 2356 1238 hac
2377 1183 2565 1239 charta
2600 1201 2631 1238 a
2655 1200 2740 1239 me
2771 1184 2934 1251 facta,
2969 1194 3072 1240 etc.

1945 1278 2012 1335 ᾖ
2052 1271 2163 1346 Ego
2192 1273 2508 1341 Ardericus,
2535 1274 2701 1344 judex
2724 1275 2967 1343 interfui,
2989 1285 3092 1330 etc.

1953 1369 2012 1428 >14
2056 1363 2170 1436 Ego
2191 1364 2454 1434 Ulzaldus,
2479 1366 2646 1438 judex
2689 1366 2932 1434 interfui,
2965 1377 3069 1422 etc.

1951 1457 2176 1529 Signum
2225 1473 2390 1512 manu
2421 1457 2636 1512 Attonis
2664 1458 2731 1514 de
2774 1469 2959 1514 monte
3009 1458 3369 1513 llarranzonis
3399 1467 3455 1513 et

1878 1547 2158 1604 Bonvicini
2183 1549 2251 1604 de
2284 1547 2546 1616 Canusia,
2569 1549 2749 1622 rogati
2779 1558 2962 1606 testes.

1947 1637 2061 1710 Ego
2085 1639 2281 1706 Guido,
2296 1640 2544 1696 amarius
2572 1641 2782 1711 palatii,
2821 1641 3059 1711 scriptor
3098 1655 3260 1710 nujus
3293 1639 3452 1692 char-

1876 1732 2005 1786 tulae
2033 1727 2334 1789 oll‘ertionis
2367 1742 2492 1806 post
2517 1733 2771 1789 traditam
2795 1734 3080 1804 complevi,
3105 1743 3160 1788 et
3180 1731 3322 1808 dedi,
3343 1740 3445 1786 etc.

349 2047 436 2106 De
478 2045 788 2106 Thesauro
831 2043 1166 2106 Canusina:
1194 2039 1488 2104 Ecclesia
1533 2043 1790 2183 gamma
1825 2043 2216 2202 trcptsmisso,
2260 2055 2312 2105 et
2358 2045 2431 2106 de
2465 2048 2966 2124 compensatione
2991 2047 3287 2110 Ecclesia:

1537 2131 1542 2136 '
1590 2139 1876 2184 anusmw
1934 2130 2097 2182 acta.
2257 2153 2264 2160 ·

1537 2130 1876 2184 Canusinae
1902 2130 2097 2184 facta.

1649 2259 2033 2276 ..ιι-..ι-ι-

244 2424 409 2479 Anno
437 2415 654 2477 Domini
688 2417 846 2487 l082,
877 2419 1158 2476 comitissa
1199 2416 1475 2474 Matbildis
1496 2431 1620 2472 cum
1650 2416 1765 2486 epi-
1796 2422 1840 2477 Β
1865 2417 2156 2488 cpiscopus
2197 2416 2516 2476 lleribertus
2545 2421 2814 2477 catholico
2867 2419 3168 2478 Romanam
3217 2421 3447 2494 diligens

174 2531 345 2587 scopo
374 2514 657 2581 Anselmo,
705 2512 800 2584 qui
835 2521 891 2569 et
923 2512 1165 2568 vicarius
1209 2519 1328 2567 erat
1366 2525 1519 2582 papa:
1557 2509 1762 2582 Grego-

174 2609 243 2664 rii
265 2607 360 2662 VII
391 2607 450 2664 in
491 2607 601 2663 illis
652 2607 845 2662 diebus
884 2607 941 2661 in
991 2604 1389 2676 Longobardia,
1442 2603 1763 2658 thesaurum

173 2699 436 2756 Ecclesia:
470 2697 1097 2768 Canusinaa'postulavit
1149 2695 1331 2752 abbati
1365 2694 1630 2762 Gerardo,
1666 2695 1762 2765 qui

173 2801 306 2849 tunc
325 2800 560 2864 pracrat
582 2789 820 2862 praefatae
843 2789 1118 2856 Ecclesia,
1151 2789 1220 2844 ad
1241 2787 1581 2858 dirigentium
1611 2803 1762 2858 papa:

173 2901 274 2956 pro
299 2883 622 2942 defensione
641 2881 900 2938 Romana}
937 2880 1216 2946 Ecclesiae,
1245 2895 1368 2950 quae
1392 2879 1486 2934 illo
1519 2888 1761 2949 tempore

173 2978 614 3050 persecutionem
655 2972 916 3049 grandem
957 2967 1192 3030 habebat
1232 2987 1266 3027 a
1299 2971 1561 3027 Guiberto
1589 2971 1760 3027 haere-

173 3071 418 3128 siarcha.

237 3163 432 3234 Itaque
451 3160 882 3234 praenominatus
895 3158 1063 3215 abbas
1077 3143 1185 3213 una
1199 3173 1328 3214 cum
1343 3156 1759 3228 congregatione

172 3257 428 3324 fratru,
451 3255 664 3311 ﬁdelem
691 3268 933 3310 amorem
981 3259 1036 3306 et
1070 3249 1416 3306 dilectionem
1465 3249 1671 3304 habens
1703 3249 1758 3302 in

171 3346 229 3402 Β.
261 3347 426 3402 Petro
457 3354 513 3402 et
542 3344 789 3400 Romana
819 3341 1081 3408 Ecclesia,
1111 3339 1319 3395 vicario
1347 3338 1466 3409 ejus
1507 3346 1561 3393 et
1585 3337 1758 3393 comi-

171 3439 317 3500 tissa:
335 3437 584 3511 petitioni
628 3437 882 3492 alacriter
925 3435 1245 3489 thesaurum
1289 3431 1504 3496 obtulit,
1547 3430 1644 3502 qui
1685 3446 1756 3484 xx

167 3540 222 3585 ct
249 3545 301 3585 Iv
330 3543 552 3586 coronae
581 3525 730 3598 (9M)
755 3534 895 3591 erat,
922 3533 977 3580 et
1005 3539 1116 3579 una
1162 3523 1379 3578 illarum
1417 3535 1584 3576 aurea
1629 3535 1755 3575 cum

168 3621 446 3681 crucicula
466 3634 577 3675 una
598 3616 784 3673 itidem
809 3631 996 3698 aurea,
1029 3623 1084 3670 et
1106 3614 1229 3670 dua:
1265 3612 1466 3668 tabula:
1499 3610 1754 3666 altarium

165 3721 458 3784 argentea,
483 3719 540 3766 et
576 3716 902 3779 coopertura
921 3697 1137 3778 argenti
1189 3720 1329 3760 arca;
1355 3703 1544 3759 altaris
1567 3699 1754 3758 Sancti

1864 2508 2161 2566 Ecclesiam
2188 2509 2392 2566 factum
2415 2511 2656 2584 episcopi
2691 2513 2934 2569 Anselmi
2963 2514 3222 2581 laudavit,
3253 2524 3308 2570 et
3328 2515 3447 2568 lau-

1860 2598 2000 2654 dans
2020 2599 2280 2668 firmavit,
2309 2599 2719 2674 Ecclesiamque
2761 2604 3100 2660 Canusinam
3149 2620 3442 2660 consecra-

1862 2689 1969 2757 vit;
2009 2706 2240 2762 quaeque
2269 2691 2501 2748 habebat
2543 2687 2788 2750 Ecclesia
2819 2711 2887 2751 ex
2907 2713 3009 2752 suo
3050 2695 3174 2766 jure
3197 2711 3295 2750 sua
3319 2696 3445 2750 dote

1860 2781 2054 2836 annuit
2087 2781 2212 2849 sibi,
2245 2789 2300 2837 et
2339 2784 2648 2852 postulante
2687 2785 2875 2840 eadem
2911 2785 3130 2840 domina
3163 2784 3444 2841 comitissa

1859 2870 1996 2925 alias
2022 2871 2160 2926 duas
2187 2872 2442 2944 capellas,
2471 2889 2638 2929 unam
2663 2874 2718 2929 in
2743 2875 2872 2930 villa
2900 2874 3170 2944 Placiolte,
3193 2885 3250 2932 et
3275 2875 3439 2930 aliam

1860 2961 1914 3016 in
1939 2960 2077 3018 Jano
2111 2962 2260 3034 (944)
2295 2965 2454 3020 sitam
2493 2966 2670 3022 eidem
2717 2969 3006 3039 supposuit
3035 2967 3314 3034 Ecclesiae,
3341 2985 3443 3047 pec

1858 3071 1967 3110 non
1997 3064 2052 3110 et
2079 3056 2342 3126 capellam
2373 3057 2429 3112 in
2467 3057 2650 3131 Gorgo
2696 3060 2856 3116 sitam
2888 3077 2983 3132 per
3020 3062 3352 3118 voluntatem
3379 3079 3442 3118 ac

1859 3136 2026 3204 nutus
2054 3149 2205 3228 (945)
2230 3149 2388 3206 istius
2407 3139 2646 3221 episcopi
2668 3167 2696 3206 a
2712 3153 2963 3222 patronis
2983 3152 3227 3223 ejusdem
3251 3150 3442 3210 Eccle-

1859 3240 1972 3295 siae.
2009 3239 2288 3297 Canusina
2319 3251 2448 3297 tunc
2496 3243 2789 3314 acquisivit
2830 3243 3072 3300 Ecclesia
3116 3243 3265 3317 (946)
3295 3261 3442 3299 anno

1859 3332 2040 3404 1090).
2075 3332 2252 3404 Hujus
2278 3334 2519 3406 episcopi
2550 3336 2885 3406 temporibus
2923 3337 3277 3410 purgavimus
3304 3337 3438 3392 intc-

1856 3421 1972 3479 rius
1999 3432 2053 3480 et
2094 3425 2335 3482 exterius
2366 3426 2652 3482 ecclesiam
2687 3426 2834 3482 illam
2862 3427 2929 3484 de
2963 3428 3146 3500 Curgo
3173 3445 3241 3484 ex
3268 3431 3439 3501 spinis

1855 3524 1910 3570 et
1953 3517 2229 3586 vepribus.
2276 3515 2407 3573 Post
2453 3519 2570 3574 hazc
2603 3519 2745 3575 idem
2791 3520 3083 3591 episcOpus
3120 3519 3440 3578 lleribertus

1856 3621 2080 3678 pergere
2100 3609 2286 3664 volens
2319 3607 2380 3664 in
2413 3608 2660 3665 Siciliam
2701 3625 2796 3681 per
2816 3611 3120 3682 proficuum
3169 3620 3224 3666 ct
3259 3611 3436 3667 hono-

1856 3715 1972 3754 rem
2004 3699 2206 3772 reginze
2223 3696 2499 3770 Ecclesiae,
2523 3703 2652 3772 quia
2670 3718 2808 3772 pura
2831 3701 3072 3758 amicitia
3101 3703 3436 3778 Canusinam

164 3766 460 3874 Xp’ollmii',
505 3808 563 3857 et
601 3766 940 3856 thuribulum
979 3766 1180 3869 grande
1215 3803 1550 3866 argenteum.
1594 3793 1751 3860 Quod
1780 3766 1822 3825 θ
1854 3766 2112 3864 diligebat
2139 3791 2462 3862 Eeclesiam,
2485 3766 2701 3850 mutuo
2729 3796 2940 3868 accepit
2965 3795 3114 3870 (947)
3137 3775 3433 3869 pretiosam

164 3893 452 3948 dccoctum
472 3887 702 3946 Canusii
747 3889 1096 3959 septingcnm
1124 3885 1276 3940 libra:
1302 3885 1511 3954 argenti
1559 3882 1662 3938 fuit
1701 3891 1753 3937 ct

166 3999 357 4040 novem
385 3982 542 4038 librae
567 3981 710 4035 auri.

232 4075 478 4132 Tandem
522 4071 850 4128 transmisso
895 4069 1156 4126 thesauro
1185 4067 1415 4122 Romam
1437 4081 1532 4136 per
1560 4081 1749 4121 assen-

161 4184 284 4224 sum
296 4178 352 4224 et
363 4167 701 4223 voluntatem
724 4179 898 4236 papae,
909 4161 1005 4234 qui
1016 4161 1262 4216 chartam
1280 4159 1580 4216 ofl'ertionis
1599 4157 1746 4231 (942)

160 4261 226 4318 de
253 4259 516 4316 omnibus
541 4256 764 4330 pradiis
814 4255 1088 4328 praedictae
1129 4253 1422 4310 comitissa:
1465 4252 1534 4307 ab
1559 4266 1622 4307 ea
1661 4266 1748 4306 re-

159 4362 397 4424 ceperat,
427 4367 597 4423 supra
632 4349 944 4406 nominatus
974 4347 1234 4416 vicarius,
1263 4347 1358 4417 qui
1385 4355 1440 4402 et
1472 4346 1620 4401 hunc
1639 4345 1748 4416 epi-

157 4456 446 4516 scopatum
495 4452 652 4510 tunc,
697 4441 946 4514 iussione
1001 4455 1174 4510 papaa,
1231 4438 1472 4508 regebat,
1520 4446 1746 4509 rogante

158 4537 378 4593 domina
435 4535 722 4592 comitissa
789 4547 890 4605 pro
939 4530 1275 4603 aliquantula
1345 4529 1744 4584 restauratione

143 4628 319 4684 ablati
343 4625 618 4694 thesauri,
641 4625 779 4680 alias
801 4624 941 4680 duas
961 4622 1197 4692 capellas
1229 4621 1286 4674 in
1311 4617 1486 4674 Filma
1511 4619 1659 4690 (945)
1689 4627 1742 4674 et

159 4737 318 4776 unam
345 4720 404 4776 in
426 4718 618 4776 casula
641 4716 926 4790 supposuit
945 4713 1200 4770 Ecclesia:
1221 4713 1530 4768 Canusinae.
1545 4711 1738 4766 Postea

245 4854 374 4919 9'51)
409 4853 781 4919 Guantonem,
805 4851 861 4907 id
879 4858 966 4908 est
985 4849 1378 4919 chirothecam.
1401 4845 1552 4919 Lens.

245 4855 345 4911 9'51
409 4854 781 4919 Guantonem,
805 4854 861 4907 id
879 4858 966 4908 est
985 4854 1375 4906 chirothecam.
1402 4854 1552 4900 Lens.

215 4854 375 4996 l9”)
408 4923 792 4982 Gwascionem
815 4923 956 4996 lego,
982 4919 1336 4994 gwasionem,
1368 4917 1422 4972 id
1441 4925 1526 4973 est
1551 4915 1730 4984 cespi-

157 4997 605 5137 malggfgupple
637 5081 660 5137 :_
679 5064 903 5137 tradidi,
933 5061 1036 5137 _vel_
1055 5062 1158 5137 ta_le
1179 5057 1400 5128 aliquid.
1433 5056 1582 5110 Lam.

243 5131 372 5206 954)
396 5131 686 5206 ϐειὲιὶιρίγὶ,
711 5135 768 5206 id
795 5143 880 5190 est
905 5133 1060 5200 cjcci.
1089 5131 1241 5186 Lens.

219 5203 685 5320 (935)11abeitdp.
710 5203 860 5260 ιειι.
949 5274 963 5286 .
1260 5269 1272 5281 .
1347 5267 1358 5280 _
1543 5221 1560 5293 "
1625 5267 1656 5293 ⁵,

242 5273 368 5320 Mm
410 5278 492 5320 Διι
540 5274 840 5320 faciendum
875 5275 1062 5320 exinde
1102 5288 1224 5320 nam
1253 5283 1420 5320 metus
1454 5265 1653 5320 Ecclcsr

242 5265 368 5352 956)
391 5278 492 5346 Ad
537 5274 840 5347 faciendum
875 5274 1062 5329 exinde
1101 5288 1224 5344 pars
1253 5265 1718 5350 ipsiusEcclcs-iw,

242 5349 439 5376 ,ιη-...κ
468 5356 554 5376 ωηο
608 5361 703 5376 nm.
730 5365 742 5376 .
777 5354 833 5376 ..ι
875 5343 1036 5376 οήιιὶηο
1060 5341 1245 5376 ηηοὸηιιο
1273 5355 1394 5376 mare
1425 5351 1591 5376 unctus
1627 5333 1718 5376 Fr-

157 5327 439 5376 1-33.224“
468 5327 554 5376 ,νηί
608 5361 703 5376 ιιι-ιη
730 5365 742 5376 .
777 5354 833 5376 ..ι
875 5343 1036 5376 ΐηιιὶηο
1060 5327 1245 5376 ηλοὸηιιο
1273 5327 1394 5376 'nnrc
1425 5337 1591 5376 ὅηεὸης
1627 5333 1722 5376 Fr-

171 5349 302 5376 ιιι-ιι-
313 5365 439 5376 nam
468 5356 554 5376 An.
608 5361 703 5376 “ﬁn
730 5365 742 5376 ο

1759 5115 1806 5170 D
1915 5115 2067 5202 i944)
2091 5127 2236 5202 tecm

1853 3883 2124 3952 planetam
2154 3884 2222 3938 de
2254 3883 2273 3954 ζ
2275 3901 2518 3954 purpura
2564 3887 2864 3956 sanguinea
2920 3896 2974 3942 et
3014 3887 3244 3958 pulchro
3283 3889 3433 3944 auri-

1853 3975 2010 4032 frisio
2035 3976 2184 4048 (9i8)
2201 3993 2323 4032 cum
2339 3978 2550 4032 decenti
2579 3979 2724 4033 lineo
2743 3977 3082 4046 indumento,
3112 3996 3276 4049 quam
3306 3987 3430 4035 cum

1851 4069 2169 4124 indumento
2190 4069 2328 4124 dixit
2346 4069 2526 4125 valere
2554 4087 2660 4124 xxx
2685 4071 2874 4136 libras,
2901 4079 2956 4124 et
2994 4081 3187 4126 cuncta
3219 4089 3342 4141 qnze
3362 4089 3427 4127 ex

1850 4177 1953 4217 suo
1986 4153 2111 4231 jure
2173 4161 2453 4217 Canusina
2499 4161 2732 4216 habebat
2776 4161 3019 4218 Ecclesia
3069 4162 3267 4218 iterum
3313 4165 3430 4220 suis

1848 4253 2250 4323 pontificalibus
2288 4253 2470 4309 verbis
2493 4253 2647 4308 valde
2687 4253 3043 4322 confirmans,
3072 4263 3127 4308 et
3155 4256 3428 4326 spondeus

1847 4362 1973 4404 vera
2003 4346 2104 4403 fide
2123 4355 2179 4402 et
2209 4355 2353 4402 certa
2384 4345 2768 4418 promissione,
2801 4346 2846 4402 si
2877 4363 2905 4401 a
2933 4329 3117 4402 Sicilia
3146 4347 3302 4403 vivus
3337 4365 3426 4402 re-

1847 4430 2168 4506 verteretur,
2197 4438 2345 4509 quod
2372 4437 2440 4492 de
2477 4437 2798 4492 melioribus
2831 4438 3054 4509 capellis
3083 4437 3168 4492 sui
3207 4437 3424 4508 cpisco-

1845 4540 2006 4601 patus
2032 4530 2348 4600 subjugaret
2374 4527 2664 4584 Canusina:
2687 4527 2964 4596 Ecclesiae,
2995 4539 3047 4584 ct
3067 4528 3112 4583 si
3147 4529 3424 4602 continge—

1819 4632 2072 4680 .reteum
2093 4638 2201 4676 non
2229 4621 2448 4689 reverti,
2479 4629 2574 4676 aut
2594 4621 2641 4675 si
2663 4621 2914 4691 perderet
2941 4623 3210 4692 planetam
3238 4631 3293 4676 et
3340 4622 3424 4675 in-

1841 4714 2159 4770 dumentum
2186 4755 2202 4781 ,
2250 4713 2365 4784 ipse
2420 4713 2698 4768 ordinaret
2737 4729 2907 4768 unum
2963 4713 3029 4768 de
3065 4711 3227 4767 bonis
3273 4699 3424 4784 (949)

1912 4846 2062 4922 (949)
2085 4847 2352 4922 Eaginam
2373 4846 2610 4902 Guidoni
2636 4847 2873 4922 notario.
2907 4846 3062 4902 Late.

1929 4919 2064 4982 9M)
2085 4914 2262 4982 Forte,
2286 4933 2619 4971 coronarum.
2653 4914 2804 4970 Lens.

1929 4984 2054 5054 942)
2075 4987 2255 5054 Forte,
2292 4986 2588 5040 oblationis.
2613 4984 2764 5054 LEIB.

1933 5053 2058 5129 945)
2087 5057 2220 5129 Cod.
2243 5053 2583 5129 Regien.,in
2609 5053 2817 5129 Filina.
2842 5055 2986 5114 Mos.

2364 5167 2402 5192 .,
2424 5127 2484 5180 in
2506 5125 2677 5178 Fano.
2720 5125 2866 5180 Mun.

1925 5193 2056 5272 (945'
2096 5198 2241 5255 Idem
2268 5197 2411 5261 cod.,
2439 5213 2504 5250 ac
2531 5203 2680 5248 nutu.
2714 5193 2860 5252 Mue.

1925 5202 2068 5338 (946)
2099 5269 2242 5326 Idem
2269 5268 2429 5338 cod,
2461 5264 2860 5338 acquisivitEcr

1924 5264 2067 5345 (946)
2099 5269 2242 5326 Idem
2269 5268 2430 5346 cod,
2461 5264 2742 5345 acquisivit
2766 5265 3028 5326 Ecclesia.
3063 5265 3209 5324 Tum
3253 5266 3440 5339 sequiv

1849 5361 1941 5376 ...τι
1969 5361 1980 5372 ο
2018 5355 2154 5376 ητητη
2185 5337 2320 5376 Μὶοη
2341 5337 2494 5376 Ιηιηη
2531 5337 2760 5376 ρηηρηπὸ
2807 5348 2894 5376 nln

2531 5337 2760 5376 pnirrmn’
2807 5348 2894 5376 nln
