3984 5380
512 269 538 322 I
547 269 649 325 059

1486 271 1578 326 AD
1611 270 1837 328 OPERA
1880 274 1936 330 S.
1979 271 2308 332 GREGORII
2343 273 2785 334 APPENDICES.

3629 283 3747 346 toto

509 385 712 454 reginae
737 383 1012 451 Ecclesiae,
1041 394 1113 440 ‘ut
1153 387 1605 465 reStaurationem
1636 388 1859 444 haberet
1903 389 2088 444 Canu-
2118 394 2162 449 A
2189 390 2472 460 prietatem
2505 391 2690 448 Sancti
2717 392 2864 449 Petri
2891 409 2923 448 a
2953 395 3232 452 comitissa
3255 407 3591 468 susceperat,
3617 416 3746 460 omni

507 477 628 531 sina
665 475 907 530 Ecclesia
947 475 1014 532 de
1061 484 1308 533 mutuato
1349 479 1453 536 sibi
1487 479 1824 535 indumento.
1858 480 2085 538 Demqu

505 583 634 623 vero
657 576 781 639 post
827 569 1172 624 concordiam
1211 584 1363 640 papae
1388 569 1670 626 Paschalis
1692 588 1820 627 cum
1845 571 2082 642 impera-

502 668 640 728 tore,
670 669 867 732 etpost
898 670 1129 718 mortem
1173 663 1466 719 comitissa:
1500 663 1570 718 Μ.
1604 665 1880 720 mandavit
1901 664 2084 722 Canu~

500 753 618 808 sina
654 752 895 810 Ecclesia
932 770 1086 826 papae
1117 771 1344 814 censum
1372 757 1615 828 quinque
1650 773 1941 825 annorum,
1982 773 2080 828 pe-

500 854 618 901 tens
639 845 954 902 ﬁrmitatem
995 847 1367 914 Ecclesiarum
1395 848 1544 921 (950)
1575 867 1822 916 suarum,
1854 859 1908 905 et
1930 851 2077 906 illam

497 936 802 994 libertatem
831 955 996 1010 quam
1019 955 1050 996 a
1098 950 1338 1011 tempore
1365 941 1524 1012 primi
1546 941 1762 998 Ottonis
1787 942 2080 1013 imperato—

495 1027 574 1082 ris
595 1026 840 1086 Romana
860 1029 1102 1089 Ecclesia
1129 1033 1233 1088 sibi
1269 1033 1688 1104 conscripserat,
1711 1034 1786 1090 ita
1831 1035 2078 1092 videlicet

495 1128 557 1174 ut
583 1136 742 1176 nemo
775 1122 1156 1194 episcoporum
1202 1141 1444 1196 unquam
1478 1126 1532 1180 in
1563 1126 1747 1196 aliquo
1780 1125 1886 1182 sibi
1911 1127 2082 1182 domi-

495 1223 738 1279 naretur,
781 1225 835 1270 et
879 1227 939 1272 ut
977 1217 1272 1288 Gregorius
1331 1217 1425 1272 VII
1472 1219 1568 1289 qui
1611 1228 1720 1274 tam
1756 1217 1906 1290 (951)
1950 1235 2079 1289 pro-

1031 1379 1395 1389 .—.——.-—....—__

1143 1395 1470 1404 m

456 1385 460 1390 .
512 1371 1599 1406 ‘W—w-‘cm

663 1396 672 1400 -
685 1395 732 1401 .-
965 1395 1599 1405 .——....—.—-——-———.—.—

663 1396 672 1400 -
685 1395 732 1401 _—
739 1395 1488 1404 mnu—mo

2176 496 2334 536 anno
2365 483 2638 538 reddendo
2665 500 2891 540 censum
2927 502 2998 541 xx
3021 487 3340 556 solidorum,
3382 489 3470 546 sic
3503 505 3606 546 suo
3629 509 3747 562 apo-

2186 573 2414 628 stolicali
2437 575 2719 648 privilegio
2747 592 2870 634 eam
2899 579 3276 656 corroborat-et
3321 589 3490 652 atque
3507 584 3746 640 muniret.

2185 669 2340 736 Quod
2354 679 2406 724 et
2421 669 2547 728 fecit
2565 673 2944 730 sanctissimus
2963 689 3128 746 papa,
3142 685 3406 746 perpetuo
3418 679 3749 736 anathemate

2183 763 2443 831 subdens,
2475 773 2530 820 et
2579 765 2828 822 alienans
2855 782 2885 821 a
2910 781 3138 837 corpore
3167 777 3222 828 et
3243 769 3516 840 sanguine
3539 767 3749 839 Christi,

2181 857 2492 928 quicunque
2517 859 2570 912 vi
2601 859 2733 914 illud
2755 859 3012 926 scienter,
3053 861 3200 931 quod
3221 861 3368 931 juris
3407 860 3467 917 S.
3492 862 3748 934 Apollonii

2178 958 2283 1020 est,
2313 949 2618 1018 abstulerit,
2654 951 2741 1006 vel.
2773 951 2869 1022 qui
2905 951 3218 1008 eonfractor
3244 954 3365 1024 ejus
3390 954 3653 1026 privilegii
3672 956 3748 1009 ἰη-

2180 1050 2376 1097 ventus
2393 1040 2572 1098 fuerit.
2603 1041 2780 1113 Hujus
2799 1052 2981 1100 autem
3004 1045 3080 1100 rei
3104 1053 3271 1100 testes
3288 1045 3512 1102 fuerunt
3529 1047 3748 1104 domnus

2179 1131 2395 1200 Petrus,
2431 1132 2770 1202 Vincentius,
2798 1135 2943 1191 Pert.
2969 1135 3226 1204 Joannes,
3259 1137 3408 1208 (952)
3439 1147 3495 1194 et
3521 1137 3749 1194 Donate:

2180 1224 2301 1294 ejus
2327 1227 2649 1282 monasterii
2674 1227 2882 1294 clerici,
2904 1237 3008 1282 etc.

1497 1387 3745 1425 Ἥ

1087 1537 1444 1659 Vl-TA
1503 1539 2318 1656 COMITISSIE
2377 1543 3168 1662 MATHILDIS

497 1717 799 1800 Oratione
826 1738 1038 1800 solum
1065 1740 1140 1802 ab
1171 1751 1428 1803 auctore
1452 1761 1760 1822 anonymo
1790 1745 2028 1822 scripta
2054 1754 2109 1805 et
2134 1731 2211 1804 ex
2233 1763 2346 1806 ms.
2388 1745 2690 1808 Francici
2718 1749 2943 1810 Marica
2971 1746 3338 1812 Florentini
3359 1768 3398 1810 α
3426 1745 3746 1810 Guiliclma

1514 1822 1860 1902 Godefrido
1891 1822 2207 1892 Leibnitio
2238 1825 2520 1901 primum
2551 1827 2739 1889 edita.

1243 2093 1566 2150 HISTORIA
1602 2093 2159 2151 ILLUSTRISSIMAZ
2195 2093 2586 2153 COMITISSzE
2625 2097 3026 2168 MATIIILDIS,

1879 2189 1969 2242 ET
2009 2188 2098 2244 DE
2135 2188 2382 2246 GESTIS

1323 2277 1984 2335 POTENTISSIMORL’M
2022 2278 2568 2337 PROGENITORUM
2610 2281 2926 2350 SUORUM,

513 2402 518 2407 ι
613 2368 830 2428 CUIUS
867 2367 1142 2426 CORPUS
1183 2367 1596 2436 REQUIESCIT
1637 2368 1702 2422 IN
1742 2367 2134 2424 DIGNISSIMO
2171 2369 2502 2427 C(ENOBIO
2541 2370 2600 2428 S.
2641 2371 3004 2428 BENEDICTI
3040 2372 3129 2428 DE
3165 2373 3627 2446 PADOLIROH‘S,

1441 2459 1788 2517 DIIECESIS
1825 2461 1913 2516 ET
1953 2461 2371 2520 DISTRICTUS
2408 2463 2788 2521 MANTUANI.

749 2553 928 2609 OBIIT
967 2551 1204 2608 AUTEM
1246 2549 1432 2608 ANNO
1471 2549 1879 2608 IIUMANATIE
1919 2549 2336 2607 DIVINITATIS
2371 2552 2752 2610 MILLESIMO
2787 2553 3181 2612 CENTESIMO
3219 2543 3506 2626 QUINTO,

1525 2643 1784 2702 DEClMO
1820 2643 2010 2702 ΝΟΝΟ
2047 2643 2345 2701 KALEND.
2387 2645 2714 2703 AUGUSTI.

552 2775 829 2842 Mathildis
850 2783 1052 2857 inclyta
1079 2783 1382 2850 comitissa,
1403 2791 1458 2839 et
1477 2782 1733 2838 militaris
1763 2783 2060 2839 admodum
2093 2785 2136 2840 Β
2161 2781 2388 2839 natione
2419 2781 2818 2856 Burgundium.
2857 2783 2990 2841 Post
3011 2785 3172 2856 cujus
3191 2795 3426 2843 mortem
3457 2787 3739 2847 Lotliarius

481 2883 698 2948 mulier,
725 2879 959 2936 Henrico
985 2877 1056 2933 IV
1107 2879 1410 2950 imperante
1458 2879 1577 2934 suis
1623 2877 2061 2948 przeclarissimis

481 2975 696 3030 actibus
737 2975 795 3029 in
826 2973 1078 3029 muliebri
1104 2977 1237 3028 seku
1267 2973 1408 3028 inter
1431 2972 1582 3027 viros
1624 2971 2060 3042 praecellentibus

480 3066 774 3122 virtutibus
827 3066 1059 3120 habetur
1111 3065 1364 3135 insignis.
1425 3062 1599 3134 Hujus
1664 3063 1917 3127 historia,
1950 3071 2063 3117 tam

479 3156 890 3227 progenitorum
923 3155 1099 3226 ipsius
1149 3170 1316 3224 quam
1352 3169 1511 3210 suam
1540 3153 1805 3225 originem
1849 3161 1905 3208 et
1941 3161 2062 3209 acta

480 3247 798 3303 summatim
831 3247 1140 3312 continens,
1164 3262 1231 3300 ex
1256 3245 1490 3301 diversis
1516 3245 1743 3301 collecta
1763 3245 2062 3313 chronicis,

481 3337 731 3406 sequitur
761 3337 817 3390 in
839 3337 986 3390 hunc
1017 3336 1260 3390 modum.

992 3447 1221 3503 CAPUT
1257 3447 1550 3503 PRIMUM.
1613 3405 1616 3408 i

483 3542 558 3598 De
596 3542 864 3596 obsidione
895 3542 1060 3595 castri
1099 3541 1368 3613 Cganossaa,
1394 3558 1478 3613 _ac
1522 3541 1836 3613 liberatione
1871 3545 2066 3613 regina:

548 3613 856 3683 Adeleidaz,
910 3627 1069 3683 quam
1124 3611 1471 3682 Beringarius
1529 3627 1621 3666 rea:
1679 3611 1866 3668 Italia:
1921 3611 2062 3668 deti-

553 3681 731 3738 nebat.

551 3796 856 3868 Sigifrcdus
879 3839 893 3864 ,
918 3797 1174 3868 princeps
1219 3795 1442 3868 quidam
1483 3795 1712 3852 illustris
1737 3797 1806 3853 de
1853 3796 2066 3856 Tuscia:

477 3890 723 3959 partibus
769 3889 1029 3945 comitatu
1065 3887 1301 3944 Lucensi
1347 3896 1531 3956 ortus,
1563 3889 1790 3945 studens
1840 3891 1927 3946 sui
1958 3907 2061 3946 no-

477 3981 640 4036 minis
675 3981 904 4053 gloriam
955 3980 1236 4052 am'pliare,
1265 3979 1754 4052 Longobardorum
1805 3982 1940 4039 fines
1975 3982 2060 4038 in-

475 4089 694 4144 gressus
721 4087 848 4128 cum
874 4073 1001 4130 ﬁliis
1021 4073 1140 4144 ejus
1165 4071 1458 4144 Sigifredo,
1482 4071 1680 4129 Attone
1709 4082 1764 4128 et
1792 4073 2057 4143 Gerardo,

2165 2873 2285 2944 ejus
2309 2874 2454 2930 filius
2485 2875 2572 2930 vir
2615 2877 2855 2946 prudens
2900 2877 3167 2948 regnavit,
3210 2878 3424 2935 habens
3461 2881 3734 2954 coniugem

2163 2965 2480 3022 Adeleidam
2532 2969 2788 3035 nomine,
2835 2969 3176 3040 splendidam
3229 2971 3502 3043 reginam.
3532 2972 3610 3030 Ex
3647 2975 3738 3030 hae

2165 3059 2478 3114 subtractus
2535 3059 2657 3116 luce
2727 3059 3054 3140 Lotharius,
3115 3063 3338 3132 quidam
3387 3064 3738 3138 Berengarins

2164 3149 2560 3222 Longobardus
2602 3153 2770 3223 hujus
2803 3154 3040 3209 nominis
3090 3161 3343 3224 quartus,
3368 3157 3582 3228 absque
3617 3167 3736 3213 nutu

2165 3239 2434 3298 Adeleidae
2468 3244 2670 3299 relictae
2711 3245 2936 3318 reginae,
2961 3261 3136 3316 eaque
3179 3247 3453 3304 renitente
3491 3265 3596 3320 pro
3621 3251 3742 3305 viri-

2166 3331 2298 3400 bus,
2335 3349 2432 3389 rex
2467 3344 2689 3390 creatur
2729 3333 2914 3390 Italiae.
2941 3333 3046 3402 Qui
3086 3344 3279 3392 contra
3321 3353 3448 3393 eam
3493 3339 3567 3394 ob
3607 3341 3736 3395 hanc

2166 3440 2389 3481 causam
2433 3427 2640 3482 saevitia
2667 3435 2723 3482 et
2744 3427 2824 3482 ira
2853 3427 3060 3498 pariter
3086 3427 3141 3483 in
3182 3436 3396 3485 tantum
3439 3431 3736 3498 incanduit,

2167 3516 2432 3586 utipsam
2479 3533 2593 3573 sua:
2631 3518 3047 3579 sublimationis
3075 3517 3536 3591 impugnatrieem
3583 3539 3733 3592 super

2165 3625 2346 3664 arcem
2375 3607 2612 3664 Gardam
2633 3619 2782 3665 retro
2819 3611 3020 3666 turrim
3041 3611 3246 3668 carceri
3281 3612 3592 3681 incluserit,
3627 3614 3737 3670 sola

2165 3699 2270 3756 sibi
2298 3716 2560 3757 concessa
2588 3703 2863 3758 ancillula.
2891 3702 3119 3775 Regina,
3148 3717 3275 3758 cum
3313 3703 3410 3759 diu
3451 3707 3736 3762 mansisset

2147 3791 2412 3860 inclusa,
2452 3793 2716 3864 capellani
2741 3795 2828 3850 sui
2866 3795 3085 3850 tandem
3133 3794 3352 3850 solertia
3401 3797 3471 3852 de
3527 3811 3740 3852 carcere

2163 3883 2356 3938 evasit.
2403 3882 2505 3940 Hic
2556 3885 2704 3940 enim
2747 3885 3016 3941 Martinus
3069 3887 3292 3941 nomine
3331 3887 3421 3942 vir
3470 3889 3642 3944 ﬁdelis
3685 3898 3735 3942 tt

2163 3990 2350 4045 sagax,
2375 3991 2594 4030 murum
2621 3977 2788 4032 turris
2820 3977 3087 4050 confregit
3119 3979 3353 4044 occulte,
3373 3987 3431 4034 et
3464 3980 3736 4034 dominam

2162 4083 2288 4122 cum
2337 4069 2597 4125 ancillula
2639 4070 2781 4124 clam
2825 4070 2950 4126 inde
2981 4070 3216 4137 ducens,
3247 4071 3392 4127 datis
3429 4073 3539 4131 sibi
3581 4073 3732 4128 indu-

475 4135 676 4221 multas
696 4167 966 4234 civitates,
989 4173 1177 4238 gentes
1202 4175 1251 4221 et
1285 4165 1482 4236 oppida
1505 4153 1856 4237 conquisivit,
1877 4176 1931 4222 et
1951 4168 2056 4224 sibi
2086 4146 2093 4186 ⁴

2164 4159 2360 4214 mentis
2386 4160 2657 4230 virilibus,
2685 4177 2858 4232 usque
2899 4161 2968 4216 ad
2997 4135 3231 4217 Mantuae
3256 4161 3439 4217 lacum
3467 4164 3730 4233 perduxit,

374 4327 380 4334 _
473 4241 707 4330 subegit.
757 4256 1026 4314 Defuncto
1065 4257 1288 4314 tandem
1333 4272 1433 4324 eo,
1465 4257 1592 4313 filiis
1645 4257 1766 4329 ejus
1811 4257 2055 4328 praefatis

472 4358 697 4419 paterna
739 4349 1022 4404 condivisa
1049 4347 1356 4426 substantia
1391 4368 1404 4403 :
1445 4349 1556 4404 duo
1601 4365 1669 4404 ex
1713 4349 1817 4417 eis,
1847 4352 2055 4406 scilicet

475 4435 776 4512 Sigil‘redus
808 4448 864 4495 et
891 4437 1166 4495 Gerardus
1203 4438 1556 4495 Parmensem
1587 4441 1861 4497 civitatem
1901 4443 2055 4498 inco-

470 4531 708 4586 luerunt.
740 4531 867 4586 Atto
887 4545 1020 4586 vero
1044 4530 1140 4600 qui
1156 4530 1316 4601 longe
1338 4529 1538 4587 fratres
1573 4533 1786 4588 viribus
1807 4541 1863 4588 ct
1889 4535 2053 4590 rebus

471 4625 900 4689 transcenderat,
927 4623 1232 4678 Canossam
1262 4631 1510 4679 castrum
1558 4625 1664 4680 sibi
1703 4626 2050 4682 domicilium

471 4717 698 4788 accepit,
727 4718 874 4788 quod
907 4717 1150 4772 turribus
1196 4716 1433 4772 munivit
1467 4725 1524 4772 et
1578 4719 1852 4774 moenibus
1889 4721 2052 4776 deco-

471 4810 630 4864 ravit.
662 4810 794 4866 Erat
817 4810 963 4865 enim
1013 4809 1119 4866 loci
1163 4818 1359 4866 natura
1405 4810 1836 4882 circumquaque
1870 4815 2054 4870 muni-

472 4909 630 4967 tum,
674 4903 1091 4975 inexpugnabile
1142 4917 1332 4958 revera
1393 4894 1728 4974 prtésidium,
1775 4905 1940 4962 situm
1991 4909 2053 4964 in

471 4991 694 5048 dioecesi
723 4993 1036 5064 Regiuensi.
1069 4995 1150 5052 Ad
1175 4997 1334 5067 cujus
1360 4997 1529 5053 castri
1551 4993 1895 5055 obsidionem
1916 4999 2048 5057 dum

2160 4251 2254 4320 qui
2283 4251 2608 4320 piscatorem
2637 4270 2761 4309 cum
2793 4253 3046 4310 navicula
3067 4254 3436 4324 reperientes,
3462 4255 3733 4312 transvehi

2159 4342 2450 4412 petierunt.
2486 4339 2566 4398 Eo
2585 4361 2717 4400 vero
2739 4343 3106 4418 navigationis
3129 4345 3363 4416 pretium
3388 4355 3728 4417 exposcente,

2157 4433 2334 4505 inquit
2382 4435 2448 4490 ad
2493 4451 2621 4491 eum
2665 4437 2978 4508 capellanus
3028 4437 3227 4508 reginae
3269 4437 3378 4493 :Si
3433 4439 3608 4495 scires
3645 4438 3735 4509 qui

2157 4541 2381 4594 sumus,
2416 4543 2519 4583 nos
2571 4527 2728 4585 laetus
2767 4538 2823 4585 et
2871 4529 3080 4600 absque
3119 4529 3297 4598 pretio
3344 4527 3597 4586 veheres.
3634 4529 3732 4597 Qui

2154 4619 2436 4689 respondit
2470 4639 2484 4674 :
2515 4619 2660 4692 Ergo
2701 4621 2837 4676 mihi
2883 4621 3088 4692 aperite
3135 4621 3230 4692 qui
3279 4621 3463 4677 estis?
3490 4621 3732 4694 Dumque

2151 4721 2554 4768 sacramentum
2576 4713 2646 4769 ab
2680 4729 2747 4769 eo
2766 4721 3011 4792 peterent
3035 4713 3182 4784 quod
3229 4714 3438 4770 nemini
3479 4716 3729 4772 revelant

2151 4819 2438 4872 arcanum,
2465 4806 2602 4876 ipse,
2632 4807 2848 4864 duobus
2869 4805 3106 4876 acceptis
3139 4805 3350 4862 baculis
3396 4807 3457 4864 in
3507 4807 3726 4880 efﬁgiem

2151 4896 2336 4952 crucis
2360 4897 2414 4950 in
2445 4905 2647 4953 terram
2689 4897 2904 4968 positis,
2927 4914 2988 4953 se
3021 4912 3138 4955 rem
3159 4897 3478 4953 Galatarum.
3505 4898 3726 4968 juravit.

2151 4985 2305 5042 Tunc
2329 4989 2646 5058 capellanus
2664 4989 2715 5044 ei
2742 4989 2974 5058 aperuit,
3013 4987 3264 5044 indicans
3305 5003 3434 5044 esse
3462 4991 3727 5061 reginam.

471 5084 715 5140 venisset
738 5084 1090 5158 Beringarius
1114 5103 1210 5144 rex
1240 5087 1430 5156 Italiae,
1453 5105 1583 5146 cum
1607 5089 1720 5146 ﬁlio
1739 5100 1794 5147 et
1827 5091 2047 5164 Longo-
2145 5067 2399 5137 Piscatbr
2429 5073 2611 5150 itaque
2637 5081 2812 5137 ‘laetus
2858 5078 3112 5148 effectum
3143 5079 3358 5150 palmas
3409 5081 3481 5138 ad
3533 5081 3721 5137 οωιιιω

470 5173 771 5228 bardorum
820 5175 1082 5238 exercitu,
1132 5187 1194 5232 ut
1235 5178 1338 5233 sibi
1380 5178 1638 5234 Attcne'm
1686 5195 1812 5236 cum
1862 5189 2048 5237 castro

2149 5171 2398 5238 tendens,
2423 5173 2611 5228 statim
2637 5187 2735 5229 eos
2765 5172 2820 5227 in
2847 5172 3104 5231 navicula
3121 5181 3444 5238 assumptos
3460 5172 3534 5228 ad
3565 5173 3726 5228 aliam

3916 3677 3917 3754 ψ

3915 3761 3917 3852 φ
