3984 5380
197 282 351 343 1051

1109 287 1399 344 APPEND.
1441 287 1527 345 lli.
1566 323 1633 332 -
1671 290 2106 350 MONUMENTA
2144 270 2610 352 caenosum.

3343 270 3479 347 ista

196 404 255 459 si
291 402 517 474 quando
563 417 819 473 prospera
876 402 980 458 sibi
1034 403 1299 460 arrideret
1351 405 1590 474 fortuna,
1627 410 1795 463 remi-
1827 415 1869 471 Α
1898 411 2303 480 ρι-εεεῑειηῑὶοι-θε
2342 410 2416 464 ibi
2469 411 2617 465 viros
2647 408 2874 479 alloqui.
2907 406 3077 475 Quod
3129 422 3223 462 rex
3274 408 3478 463 intelli-

195 495 525 551 nisceretur
558 496 888 565 pauperrimi
918 496 1225 566 piscatoris.
1263 495 1652 554 Pervenientes
1694 499 1795 571 igi-

196 595 305 642 tur
336 587 406 642 ad
442 586 617 657 ipsam
658 586 894 642 insulam
942 604 1049 643 una
1086 588 1160 643 ibi
1211 574 1552 646 bebdomada
1597 592 1796 662 trepidi

196 679 512 736 latuerunt.
540 680 867 751 Capellanus
890 682 1036 737 enim
1064 692 1276 738 secreto
1324 684 1442 738 loca
1469 684 1620 740 silva:
1665 701 1797 741 con-

198 772 379 845 tiguae
446 774 815 830 circumiens.
895 775 1103 830 victum
1168 777 1500 846 procurabat
1571 778 1792 850 reginae.

202 864 522 923 Transacta
581 868 925 925 hebdomada
972 870 1258 941 suspirans
1324 881 1379 925 et
1434 866 1845 944 ingemiscens'

201 960 403 1031 regina
432 977 545 1016 suae
564 962 802 1018 miseriae
825 971 1027 1018 statum
1055 984 1067 1018 :
1094 963 1241 1019 Heu!
1272 964 1449 1036 inquit
1495 968 1794 1038 capellano,

200 1053 485 1120 captivam
515 1068 601 1108 me
634 1069 850 1124 semper
876 1071 997 1111 esse
1023 1057 1325 1127 consp'cio,
1356 1057 1618 1127 quidnam
1662 1060 1796 1115 mihi

201 1141 304 1203 hic
331 1159 457 1199 esse
482 1144 742 1215 prodest?
784 1144 950 1211 Vade,
984 1163 1195 1217 quzeso,
1231 1148 1399 1218 igitur
1424 1148 1492 1203 ad
1528 1147 1795 1221 Reginum

199 1234 532 1306 episcopum
567 1236 921 1305 Adalardum,
969 1239 1062 1308 qui
1109 1255 1236 1295 cum
1278 1240 1413 1295 mihi
1452 1224 1798 1297 consueverit

199 1342 334 1385 esse
365 1330 559 1395 fidelis,
590 1346 749 1401 spero
788 1332 956 1402 quod,
1000 1332 1046 1388 si
1090 1333 1195 1391 sibi
1246 1341 1486 1404 quantus
1525 1334 1597 1389 sit
1642 1351 1798 1391 meus

201 1420 375 1477 fletus
421 1423 771 1490 iudicaveris,
798 1424 1029 1480 forsitan
1068 1427 1417 1482 miserebitur
1447 1431 1641 1485 nostri.
1668 1430 1795 1485 Haec

202 1511 403 1568 dicens
433 1514 621 1569 statim
656 1514 970 1587 capellanus
1014 1516 1079 1571 ad
1113 1518 1431 1587 episcopum
1462 1521 1794 1590 properavit,

199 1611 265 1658 et
311 1613 525 1660 secreto
576 1605 681 1660 sibi
722 1606 924 1678 regina:
960 1606 1239 1662 miseriam
1291 1607 1646 1677 patefaciens,
1676 1610 1796 1680 ejus

201 1694 316 1749 sibi
345 1696 661 1766 praesidium
696 1697 932 1755 conferri
972 1700 1317 1770 supplicavit.
1362 1698 1674 1759 Condolens
1709 1704 1795 1759 his

1900 519 2032 574 gens
2062 504 2213 559 illum
2240 506 2701 576 comprehendere
2726 505 3074 560 machinatus
3111 514 3214 559 est.
3244 504 3477 572 Quidam

1897 608 2028 648 vero
2049 590 2234 648 Attoni
2274 595 2503 661 amicus,
2533 595 2650 650 haec
2678 595 2991 665 praesciens,
3020 609 3145 648 eum
3173 607 3385 650 secreto
3413 596 3479 650 de.

1897 687 2035 741 turri
2091 696 2372 754 vocatum,
2412 697 2491 755 ut,
2522 689 2726 743 emisso
2778 702 2876 758 per
2919 685 3255 742 fenestellam
3311 688 3478 743 turris

1899 780 2094 850 capite,
2126 779 2245 849 ejus
2281 777 2493 833 audiret
2534 780 2698 835 verba
2738 778 2985 850 rogavit;
3034 778 3181 848 quod
3221 795 3346 834 cum
3395 769 3478 834 fc;

1899 871 2063 925 cisset
2083 869 2229 937 Atto,
2253 871 2394 925 hanc
2413 871 2462 925 ei
2490 870 2739 926 fabellam
2770 872 3009 947 narravit
3032 870 3259 939 :Ursus,
3278 873 3481 942 inquit,

1896 971 2085 1016 ventre
2135 961 2409 1029 famelico,
2451 978 2756 1033 suspensus
2804 963 2871 1017 ad
2906 978 3062 1019 escas
3094 964 3372 1029 existens,
3422 970 3480 1017 sc

1897 1054 2042 1108 cervi
2080 1052 2367 1123 cujusdam
2408 1054 2647 1109 amicitia
2690 1055 2945 1125 languere
2996 1056 3303 1122 confinxit,
3332 1055 3485 1109 misit

1898 1154 1959 1200 ut
1978 1161 2035 1200 se
2065 1145 2342 1200 visitatum
2364 1146 2579 1201 concito
2606 1162 2797 1217 gressu
2828 1146 3053 1202 veniret.
3082 1146 3285 1202 Cervus
3316 1147 3480 1217 igitur

1897 1253 2023 1292 eum
2052 1238 2321 1303 venisset,
2352 1255 2515 1294 ursus
2540 1238 2660 1309 ejus
2691 1239 2919 1293 adhaesit
2947 1239 3227 1307 auriculaz,
3249 1254 3479 1309 eamque

1896 1330 2233 1400 discerpens,
2264 1328 2441 1401 ipsam
2472 1331 2639 1385 etiam
2679 1332 2953 1402 unguibus
2995 1331 3239 1386 laniavit.
3271 1329 3478 1386 Cervus

1897 1422 2116 1477 tandem
2163 1422 2357 1477 evasit.
2389 1420 2520 1477 Post
2569 1424 2684 1478 hazc
2728 1440 2949 1478 rursum
2985 1438 3086 1495 pro
3132 1440 3293 1479 cervo
3324 1412 3479 1477 man-

1896 1512 2080 1580 davit,
2130 1500 2456 1584 promittens
2516 1514 2566 1568 ei
2619 1529 2815 1586 magna
2873 1531 3100 1569 munera
3154 1515 3200 1571 si
3249 1496 3475 1569 veniret.

1897 1604 2104 1660 Cervus
2130 1604 2342 1660 inscius
2390 1614 2445 1660 et
2472 1604 2793 1661 offensionis
2822 1606 3044 1673 oblitus,
3080 1606 3274 1661 iterato
3299 1622 3479 1659 rever-

1896 1695 2068 1762 titur,
2124 1696 2221 1766 qui
2276 1712 2407 1751 urso
2473 1696 2697 1767 propius
2763 1698 3049 1764 accedens,
3093 1697 3310 1752 residua
3352 1714 3476 1752 eum

196 1788 522 1858 episc0pus,
546 1789 706 1846 laetus
734 1792 1077 1861 tamenquod
1098 1792 1286 1863 regina
1315 1793 1520 1850 viveret
1540 1794 1792 1865 efﬁcitur;
1829 1772 1871 1829 Β
1896 1788 2132 1858 privavit
2160 1788 2436 1857 auricula,
2480 1789 2668 1859 sicque
2706 1789 2931 1845 delusus
2964 1805 3158 1845 cervus
3200 1789 3358 1844 rediit
3385 1789 3479 1844 de-

204 1879 501 1948 eapcllano
532 1880 815 1951 respondit
841 1882 1051 1936 nullum
1100 1897 1161 1938 se
1216 1884 1499 1952 possidere
1533 1886 1793 1956 oppidum

202 1968 265 2023 in
298 1984 412 2039 quo
436 1986 627 2025 secure
651 1981 833 2042 posset
873 1973 1057 2044 regina
1086 1975 1310 2029 morari.
1347 1974 1572 2031 Militem
1615 1986 1793 2033 tamen

201 2078 268 2117 se
325 2063 528 2119 habere
566 2064 705 2120 dixit
759 2065 1016 2122 Attonem
1078 2068 1339 2135 nomine,
1399 2087 1564 2140 quem
1629 2088 1795 2143 supra

200 2153 476 2222 diximus,
509 2154 682 2211 filium
714 2156 998 2228 Sigifredi,
1046 2159 1443 2215 amicissimum
1480 2162 1602 2228 sibi,
1635 2164 1795 2233 cujus

201 2253 325 2300 erat
368 2254 617 2302 castrum
670 2245 915 2303 Canossa
972 2250 1195 2305 nomine
1247 2260 1374 2305 ante
1433 2250 1636 2307 dictum
1696 2270 1795 2323 pro

205 2337 405 2410 regina
458 2339 799 2396 tutissimum
854 2357 1045 2398 revera
1105 2343 1438 2413 pmsidium.
1492 2344 1792 2399 Confestim

204 2430 378 2501 igitur
425 2432 768 2501 capellanum
819 2434 885 2489 ad
938 2433 1193 2489 Attonem
1246 2434 1462 2490 direxit.
1515 2435 1621 2503 Qui
1667 2453 1795 2492 eum

201 2522 421 2591 videns,
445 2532 503 2578 et
531 2524 599 2580 de
640 2524 828 2598 regina
858 2526 1223 2598 interrogans,
1253 2543 1375 2581 eam
1419 2528 1487 2583 de
1529 2529 1797 2585 industria

201 2631 302 2670 sua
336 2617 621 2688 respondit
643 2618 699 2672 in
723 2635 942 2675 carcere
970 2620 1087 2675 fore
1109 2620 1444 2676 defunctam.
1470 2621 1626 2679 Tunc
1646 2625 1793 2690 Atto,

201 2709 302 2778 qui
324 2710 579 2781 reginam
610 2710 843 2768 ﬁdeliter
865 2713 1177 2779 adamabat,
1206 2714 1437 2769 nimium
1464 2715 1587 2771 inde
1606 2717 1796 2773 dolens

202 2801 484 2874 lacrymas
506 2802 647 2858 fudit
682 2821 920 2861 amaras.
951 2804 1107 2872 Quae
1138 2821 1369 2861 cernens
1393 2808 1591 2879 regina:
1617 2809 1797 2880 capel-

202 2888 413 2961 lanus,
473 2909 591 2948 rem
643 2894 691 2948 ei
749 2895 930 2949 statim
978 2895 1211 2966 aperuit.
1263 2896 1389 2951 Atto
1436 2897 1603 2968 igitur
1651 2915 1794 2970 equo

201 2983 471 3039 velociter
534 3001 798 3053 ascenso,
849 3003 975 3042 cum
1025 2987 1307 3057 capellano
1346 2997 1401 3043 et
1456 2988 1676 3046 famulis
1725 2993 1793 3047 ad

204 3074 455 3145 reginam
504 3077 773 3146 perrexit,
829 3093 993 3148 quam
1045 3077 1100 3132 in
1156 3079 1292 3134 silva
1346 3082 1622 3151 reperiens
1668 3100 1791 3138 cum

204 3167 503 3233 ancillula,
547 3168 614 3223 ad
666 3167 968 3224 Canossam
1014 3185 1133 3224 eam
1180 3171 1450 3241 perduxit.
1500 3172 1634 3229 Post
1681 3176 1794 3229 hare

207 3255 444 3313 Romam
476 3259 545 3314 ad
577 3274 773 3331 papam
803 3259 1072 3316 Joannem
1144 3264 1364 3317 nomine
1409 3265 1792 3323 duodecimum

209 3351 468 3406 nuntium
503 3352 671 3423 hujus
719 3352 800 3407 rei
844 3353 1063 3420 direxit,
1110 3355 1424 3425 supplicans
1481 3356 1586 3412 sibi
1632 3376 1796 3429 super

212 3439 315 3496 hac
340 3458 402 3497 re
423 3442 650 3515 dignum
678 3445 916 3515 impendi
958 3444 1269 3500 consilium.
1299 3445 1623 3505 Deliberavit
1650 3451 1795 3506 enim

211 3532 339 3589 Atto
382 3535 629 3606 reginam
683 3537 858 3607 ipsam
916 3538 1232 3608 imperatori
1264 3537 1471 3607 Ottoni,
1504 3550 1636 3598 tunc
1668 3542 1795 3599 Ale-

211 3627 414 3681 mauiaa
470 3627 611 3698 regi,
654 3629 709 3682 in
770 3629 1085 3701 coniugium
1150 3632 1423 3700 copulare.
1470 3631 1615 3704 Papa
1667 3652 1799 3691 vero

213 3719 613 3775 commendans
667 3722 814 3791 quod
867 3730 1110 3792 gesserat
1154 3722 1301 3791 Atto,
1333 3726 1612 3782 mandavit
1659 3729 1709 3782 ei
1740 3738 1799 3784 ut

213 3810 366 3882 quod
400 3812 468 3867 de
498 3815 682 3882 regina
712 3824 1091 3884 proposuerat,
1132 3816 1424 3871 salubriter
1458 3819 1794 3889 adimplerct.

214 3903 345 3958 Atto
402 3904 587 3976 igitur,
622 3906 898 3976 pontificis
959 3907 1177 3977 cognita
1210 3909 1515 3976 voluntate,
1552 3912 1796 3982 reginam

213 3995 394 4050 eidem
425 3994 613 4051 Ottoni
636 3996 908 4053 Veronam
939 3999 1178 4054 venienti
1207 4000 1354 4055 dedit
1391 4001 1444 4055 in
1486 4004 1793 4074 eonjugem.

212 4084 342 4142 Otto
389 4102 520 4145 vero
562 4104 656 4143 rex
702 4089 885 4144 Attoni
936 4091 1174 4146 maxima
1225 4107 1324 4161 per
1381 4092 1497 4149 haec
1546 4096 1801 4165 promisit

213 4179 499 4237 beneﬁcia.

841 4272 1072 4330 CAPUT
1109 4273 1174 4331 II.

216 4364 343 4420 Otto
390 4366 681 4434 imperator
720 4365 776 4418 in
799 4364 1064 4434 auxilium
1093 4366 1232 4420 venit
1255 4365 1439 4421 Attoni
1469 4369 1525 4423 in
1560 4367 1798 4424 Canoasa

532 4435 762 4502 obsesso,
791 4445 839 4489 et
864 4433 1218 4507 Berengarius
1245 4439 1476 4507 capitur.

286 4521 416 4579 Haec
438 4524 514 4579 ita
543 4524 678 4580 dum
705 4539 766 4580 se
789 4525 1072 4592 haberent,
1096 4527 1282 4582 omnia
1300 4543 1532 4597 prorsus
1556 4529 1800 4587 latebant

216 4615 609 4688 Berengarium
648 4631 852 4688 regem.
890 4616 1236 4689 Cognoverat
1263 4634 1397 4675 sane
1430 4622 1670 4679 evasisse
1706 4639 1796 4680 re-

217 4707 422 4778 giuam,
452 4707 548 4762 sed
582 4721 697 4777 quo
753 4706 1091 4778 aufugisset,
1154 4709 1354 4779 quidve
1399 4711 1634 4783 egisset,
1680 4725 1798 4770 erat

215 4800 459 4871 ignarus.
503 4797 706 4853 Audito
750 4807 941 4854 autem
984 4798 1201 4857 Ottonis
1238 4802 1387 4873 regis
1421 4804 1658 4859 adventu
1693 4805 1795 4863 Ve-

217 4907 382 4956 ronae,
405 4899 464 4947 et
487 4904 833 4961 quaecunque
865 4889 935 4946 de
956 4893 1142 4964 regina
1175 4908 1302 4947 cum
1329 4908 1397 4950 eo
1428 4905 1615 4967 egerat
1647 4898 1794 4967 Atto,

214 4983 386 5041 iratus
418 4992 478 5039 et
502 4983 763 5039 frendens
789 4984 1095 5041 coadunato
1124 4985 1381 5041 exercitus
1407 4989 1558 5043 venit
1582 4989 1796 5047 Canos-

216 5090 329 5130 sam
348 5118 365 5143 ,
403 5089 644 5145 eamque
662 5074 956 5131 obsidione
985 5077 1225 5132 vallavit.
1258 5075 1365 5131 Sed
1400 5080 1529 5133 Atto
1556 5083 1798 5148 prudens

214 5174 265 5222 et
293 5176 584 5233 strenuus,
622 5165 902 5236 oppidum,
939 5167 1107 5225 etiam
1141 5166 1245 5222 loci
1299 5177 1497 5224 natura
1557 5168 1796 5229 fortissi-

212 5273 388 5330 mum,
412 5258 744 5317 necessariis
777 5256 1087 5331 quibusque
1123 5257 1416 5319 munierat.
1459 5260 1604 5316 Suos
1632 5264 1799 5334 igitur

211 5351 273 5380 AA
339 5347 717 5380 λΑθΔ-ιινέηηιιιιι
790 5349 967 5380 οηιηνη
1047 5349 1443 5380 ,ιιιΙ-ηιώηιηιοη-
1503 5352 1578 5380 ἷκε
1590 5357 1769 5380 ..ιι-ιε)-

1896 1887 2172 1951 turpatus.
2205 1878 2391 1934 Tertio
2418 1881 2638 1935 tandem
2674 1896 2807 1935 urso
2836 1895 2936 1949 pro
2965 1895 3127 1934 cervo
3163 1879 3477 1946 mandante,

1896 1972 2111 2027 dicebat
2131 1971 2277 2027 enim
2309 1987 2368 2027 se
2403 1987 2601 2042 magna
2622 1988 2750 2026 cum
2788 1986 2853 2026 eo
2877 1971 3024 2041 loqui
3046 1972 3200 2037 velle,
3226 1971 3479 2026 incautus

1896 2079 2092 2119 cervus
2136 2058 2373 2118 advenit.
2425 2061 2526 2117 Cui
2589 2078 2753 2117 ursus
2808 2062 3085 2127 arridens,
3142 2063 3301 2116 dente
3351 2078 3476 2133 eum

1896 2163 2117 2224 repente
2142 2162 2196 2208 et
2231 2169 2414 2224 ungue
2454 2152 2735 2224 discerpit,
2763 2153 2985 2223 vitaque
3026 2152 3297 2223 privatum
3328 2152 3479 2221 vulpi

1895 2246 2193 2318 assandum
2240 2246 2405 2300 dedit.
2472 2244 2645 2311 Quem
2689 2238 2821 2300 dum
2876 2260 3063 2300 assum
3120 2260 3251 2300 urso
3301 2245 3481 2314 vulpis

1895 2322 2315 2407 prtescntasset,
2357 2352 2452 2390 cur
2486 2335 2633 2389 illius
2673 2351 2704 2389 a
2739 2334 2899 2406 vulpe
2945 2334 3049 2388 sibi
3079 2334 3210 2388 dare
3254 2333 3476 2404 expetit.

1894 2428 1999 2485 Cui
2048 2429 2228 2501 volpis
2278 2444 2501 2484 cervum
2553 2444 2650 2483 eor
2702 2445 2811 2484 non
2863 2428 3121 2483 habuisse
3175 2426 3473 2498 respondit.

1897 2521 2075 2578 Ursus
2096 2528 2226 2577 vero
2251 2522 2381 2577 dum
2426 2537 2653 2592 prorsus
2675 2537 2898 2576 cervum
2929 2536 3027 2576 cor
3059 2519 3319 2575 habuisse
3340 2533 3478 2574 cou-

1896 2613 2165 2679 tenderet,
2201 2621 2256 2667 et
2283 2612 2415 2666 illud
2435 2611 2622 2665 statim
2653 2611 2758 2667 sibi
2798 2611 2916 2665 dari
2939 2610 3122 2675 vellet,
3153 2609 3329 2678 vulpis
3364 2610 3475 2663 ait:

1897 2703 2039 2759 Dum
2076 2704 2188 2759 tuis
2212 2703 2373 2757 tertio
2401 2702 2756 2772 petitionibus
2792 2701 2872 2756 sic
2899 2701 3186 2755 annuisset
3219 2698 3480 2768 improvi-s

1894 2798 2021 2864 dus,
2052 2795 2216 2851 corde
2237 2809 2362 2850 eum
2393 2794 2638 2849 caruisse
2658 2793 2911 2863 protinus
2936 2792 3343 2861 comprobatur.
3365 2789 3479 2844 Hac

1898 2895 2122 2943 narrata
2151 2886 2453 2959 fabella,.et
2475 2901 2576 2939 cur
2598 2900 2721 2940 eam
2745 2884 2960 2939 dixerat
2993 2883 3121 2937 Atto
3148 2882 3475 2953 intelligens,

1896 2979 2115 3039 turrim.
2155 2977 2438 3033 obsidione
2470 2977 2722 3042 durante,
2755 2976 2991 3045 amplius
3021 2990 3130 3029 non
3175 2972 3477 3035 descendit,

1898 3070 2030 3125 utile
2062 3069 2167 3125 sibi
2214 3068 2522 3137 exemplum
2576 3082 2882 3122 reservans.
2931 3065 3070 3119 Dum
3117 3080 3247 3119 vero
3303 3062 3480 3119 tribus

1898 3161 2057 3216 annis
2086 3167 2140 3216 ct
2174 3159 2460 3214 mensibus
2488 3174 2583 3213 sex
2621 3158 2763 3227 apud
2793 3156 3097 3213 Canossam
3128 3158 3481 3227 perdurasset

1897 3254 2112 3309 obsidio
2163 3253 2421 3318 crudelis,
2472 3252 2599 3305 Atto
2652 3250 2813 3306 tzedio
2869 3249 3116 3315 affectus,
3164 3250 3479 3320 imperatori

1898 3343 2121 3415 scripsit
2148 3343 2333 3399 Ottoni
2369 3352 2427 3398 ut
2448 3344 2832 3415 promissionis
2860 3343 2993 3398 olim
3025 3342 3129 3397 sibi
3147 3340 3323 3407 factae,
3348 3342 3479 3397 dum

1898 3437 1974 3492 illi
2007 3437 2318 3493 Adeleidam
2351 3437 2627 3507 copulavit
2669 3437 2917 3507 reginam
2946 3452 3054 3491 non
3093 3436 3400 3499 immemor,
3431 3437 3481 3489 ci

1899 3546 2189 3587 accurrere
2226 3529 2429 3585 auxilio
2454 3546 2561 3583 non
2609 3528 2867 3584 differret.
2897 3526 3024 3584 Otto
3054 3528 3220 3601 igitur
3255 3529 3483 3584 collecto

1899 3631 2240 3678 armatorum
2263 3622 2506 3677 exercitu
2529 3621 2585 3675 in
2624 3636 2817 3693 agrum
2840 3620 3213 3677 Veronenscm
3242 3620 3480 3685 advenit,

1899 3713 2218 3784 Padumque
2247 3713 2540 3780 transiens,
2574 3728 2699 3767 cum
2730 3712 3062 3784 Berengario
3092 3722 3282 3782 aperto
3309 3720 3484 3767 marte

1898 3812 2056 3874 parat
2098 3804 2406 3876 confligere.
2446 3804 2604 3870 Quod
2647 3805 2878 3860 audiens
2901 3804 3263 3875 Bercngarius
3298 3805 3483 3859 statim

1898 3896 1968 3949 ab
1997 3895 2282 3951 obsidione
2315 3896 2571 3949 decessit.
2611 3894 2712 3951 Cui
2748 3897 2801 3949 in
2830 3895 2995 3951 Prato
3023 3895 3271 3950 Fontano
3312 3897 3485 3965 impe-

1899 3996 2051 4041 rator
2097 3986 2293 4041 obvius
2332 3985 2508 4041 factus
2551 3987 2741 4056 grandi
2782 3987 2966 4043 subito
2990 3997 3182 4042 exorto
3207 3987 3479 4052 clamore,

1900 4079 2043 4133 inter
2087 4076 2473 4149 Berengarium
2502 4086 2555 4131 et
2583 4076 2836 4132 Ottonem
2872 4079 3043 4132 initur
3067 4078 3330 4149 prwlium.
3369 4078 3447 4132 Pu
3477 4108 3483 4115 -
3550 4062 3557 4069 ’

1901 4178 2100 4241 gnatur
2136 4170 2338 4225 acriter
2386 4169 2685 4241 utrinque:
2732 4169 2889 4223 multi
2923 4176 3109 4225 tamen
3152 4170 3281 4223 caesi
3330 4178 3480 4235 sunt,

1899 4260 2168 4330 multique
2193 4260 2418 4314 mortui.
2451 4257 2766 4329 Berengarii
2802 4258 3077 4314 exercitus
3098 4268 3249 4329 terga
3281 4260 3478 4326 vertit;

1898 4352 2143 4421 dumque
2168 4349 2442 4421 fugientes
2482 4348 2870 4419 Longobardos
2904 4347 3187 4403 Alemanni
3223 4349 3481 4418 inseque-

1831 4468 1875 4523 Ι)
1902 4447 2111 4507 rentur,
2140 4439 2507 4512 Berengarius
2531 4439 2762 4508 capitur,
2793 4448 2850 4493 et
2872 4437 3057 4493 Ottoni
3084 4446 3478 4509 prtesentatur;

1902 4548 2065 4604 quem
2109 4532 2351 4587 vinctum
2388 4531 2761 4602 compedibus,
2798 4530 2977 4600 quoad
3020 4529 3175 4596 vixit,
3208 4530 3481 4600 captivam

1900 4622 2146 4678 retinuit.

2510 4732 2740 4789 CAPUT
2781 4732 2866 4786 lii.

1902 4829 1981 4884 ‘De
2008 4828 2192 4898 prcelio
2223 4829 2364 4882 inter
2400 4824 2769 4898 Adalbertum,
2788 4840 2957 4898 regem
2988 4823 3015 4877 1
3023 4823 3189 4898 ξᾳ-ιὶω,
3206 4832 3253 4878 et
3273 4823 3505 4879 LitIml--

2184 4900 2367 4969 phum,
2389 4896 2598 4951 Ottouis
2629 4893 2969 4965 imperatoris
3006 4893 3198 4965 filium.

1971 4993 2104 5049 Post
2132 4994 2248 5047 haec
2287 4990 2614 5046 Adaibertus
2636 4985 2956 5059 Berengarii
3002 4987 3149 5043 filius
3188 5004 3225 5045 a
3269 4987 3487 5062 Longo-

1899 5084 2084 5140 bardis
2132 5083 2464 5139 sublimatur
2512 5078 2568 5137 in
2617 5092 2823 5147 regem.
2870 5075 2975 5135 Hic
3015 5078 3188 5135 armis
3235 5070 3495 5140 strenuus

1898 5191 2086 5250 pacem
2133 5190 2259 5230 cum
2317 5174 2515 5231 Ottone
2580 5185 2861 5241 nunquam
2924 5171 3113 5227 voluit.
3175 5172 3303 5228 Atto
3358 5186 3490 5229 vero

1899 5282 2065 5339 sagax
2088 5267 2327 5335 ingenio,
2351 5273 2406 5319 et
2436 5263 2623 5321 animo
2656 5262 2848 5331 ﬁdens,
2887 5262 3196 5321 Canossam
3234 5264 3498 5336 oppidum

2588 5350 2611 5380 Α
2626 5352 2903 5380 ,ὶαιμιιαιηι-

2958 5370 3174 5380 -..ΛΑ-...Α
3213 5369 3305 5380 -Αιι
3342 5368 3462 5380 Δηιδ-

1906 5378 1927 5380 ..
1956 5363 2231 5380 --Α--Δμ;;η
2282 5363 2513 5380 ...ιιι-..ιι
