3984 5380
472 235 612 292 1045

1449 239 1542 296 se
1578 238 1806 302 orans
1847 242 1904 296 s.
1944 237 2272 304 unseen"
2309 195 2761 304 APPENDICES.

3566 224 3711 295 [test

472 346 610 419 ipse,
661 355 744 409 vel
795 353 940 410 filius
989 355 1338 427 Lithulphus,
1387 357 1490 411 sibi
1538 357 1753 414 adesset
1797 358 2041 414 obsesso.
2077 361 2123 415 Λ
2149 357 2384 428 Oppidis,
2408 356 2637 411 Romam
2687 349 2945 424 perrexit,
2971 359 3081 406 eta
3117 363 3260 419 papa
3279 344 3450 415 hujus
3489 339 3713 398 nominis

471 439 599 498 Otto
648 445 830 516 itaque
876 447 1045 502 lilium
1099 464 1258 502 suum
1305 448 1659 520 Litliulphum
1713 465 1840 505 cum
1903 449 2047 504 mille

471 535 699 598 armatis
733 536 834 592 sibi
872 537 1022 594 misit
1050 539 1286 608 auxilio,
1331 539 1425 610 qui
1473 540 1530 594 in
1579 539 1788 594 Italiam
1821 539 2048 594 veniens

475 623 744 682 Veronam
795 629 1034 686 intravit.
1079 631 1240 698 Quod
1298 631 1529 692 audiens
1575 630 1903 692 Adalbertus
1949 645 2046 688 rex

469 719 814 802 obsidionem
832 721 964 789 licta
979 721 1246 794 Baligium
1268 723 1526 795 Perrexit.
1559 722 1892 793 Lithulphus
1915 737 2047 777 vero

475 809 684 866 Verona
727 813 948 884 exiens,
997 815 1305 886 vespertina
1353 817 1490 872 hora
1537 814 1784 870 Battonis
1829 823 2045 884 pratum

467 904 706 974 advenit,
737 906 830 961 ubi
854 908 1043 964 aderat
1063 908 1222 976 Atto;
1247 925 1277 964 a
1308 924 1420 979 quo
1460 917 1748 977 susceptus
1777 907 2043 972 hilariter,

466 995 646 1061 male,
696 997 876 1068 inquit
921 998 1070 1066 Atto,
1119 1009 1372 1072 gatoncm
1409 1014 1535 1054 cum
1580 1013 1737 1052 mere
1785 996 1842 1051 in
1891 1003 2044 1050 arcto
2138 1037 2144 1048 .

467 1089 690 1144 sacculo
718 1091 882 1146 simul
912 1106 1037 1148 esse
1060 1089 1255 1148 fertur.
1283 1091 1361 1147 Ad
1393 1105 1558 1162 quem
1604 1088 1951 1158 Lithulpbus,
1985 1095 2045 1141 ut

465 1179 575 1236 hoc
607 1181 712 1238 sibi
749 1185 1060 1260 enuclearet
1095 1185 1333 1256 enigma,
1371 1181 1650 1254 respondit
1680 1179 1836 1236 :Non
1867 1181 2041 1245 decet,

467 1271 648 1344 inquit
695 1275 858 1344 Atto,
897 1278 1036 1338 duos
1087 1277 1378 1334 comitatus
1405 1274 1461 1331 in
1515 1290 1624 1332 uno
1655 1273 1877 1330 homine
1923 1288 2045 1328 esse

467 1363 653 1422 simul.
695 1367 990 1440 Capiamus
1041 1370 1227 1442 igitur,
1259 1370 1437 1440 inquit
1467 1367 1816 1438 Lithnlpbus,
1862 1364 2044 1420 consi-

433 1471 444 1477 ·
467 1455 604 1512 lium
634 1459 770 1528 quid
793 1475 986 1518 sumus
1015 1461 1210 1519 acturi.
1233 1461 1361 1516 Atto
1385 1459 1699 1530 respondit:
1723 1457 1936 1511 Bonum
1960 1465 2044 1510 est

468 1555 630 1604 nocte
659 1549 760 1606 hac
790 1549 844 1604 in
876 1563 1008 1624 agro
1041 1553 1150 1610 isto
1182 1553 1492 1624 quiescere;
1530 1560 1604 1617 et,
1626 1549 1870 1620 corporis
1899 1562 2044 1603 cura:

469 1635 818 1706 insistentes,
851 1643 946 1710 qui
977 1642 1252 1700 Adalberti
1279 1645 1580 1700 exercitum
1618 1642 1862 1712 exploret
1914 1640 2042 1702 mit-

471 1737 672 1786 tamus.
697 1731 856 1799 Quod
879 1741 934 1789 et
955 1733 1162 1790 factum
1187 1746 1292 1792 est.
1323 1735 1596 1797 Reversus
1619 1733 1786 1805 igitur
1798 1732 2045 1798 nuntius,

467 1819 664 1877 Attene
722 1824 900 1894 primo
947 1827 1372 1896 inventoz'l‘anti
1400 1837 1548 1895 sunt,
1582 1827 1780 1897 inquit,
1837 1827 2044 1892 hostes,

467 1914 578 1987 [ut]
602 1915 649 1970 si
679 1919 855 1982 nostri
873 1921 1108 1991 pecudes
1128 1931 1332 1990 essent,
1374 1923 1442 1977 ab
1462 1921 1540 1978 eis
1565 1919 1776 1976 comedi
1800 1925 2041 1990 possent.

468 2006 623 2064 Tunc
654 2010 801 2080 Atto,
848 2013 1128 2071 silentium
1159 2015 1352 2070 nuntio
1399 2015 1708 2088 imponens,
1735 2012 1802 2068 ad
1829 2009 2044 2065 Lithul-

464 2103 637 2172 phum
679 2103 920 2171 accedit,
969 2115 1024 2161 et
1071 2114 1275 2168 retorta
1327 2107 1595 2162 sententia
1644 2103 1822 2159 nuntii
1879 2101 2044 2158 verba

465 2195 716 2253 mutavit.
765 2196 940 2264 Adeo,
987 2198 1194 2268 inquit,
1243 2199 1404 2269 pauci
1457 2206 1586 2254 sunt
1637 2200 1843 2264 hostes,
1889 2203 1950 2250 ut
1997 2194 2045 2250 si

467 2285 718 2343 bidentes
747 2289 917 2351 assati
946 2293 1152 2356 essent,
1182 2306 1377 2346 eorum
1409 2305 1517 2344 non
1561 2288 1867 2346 sufficerent
1886 2286 2045 2342 nobis

465 2394 684 2441 carnes.
720 2379 984 2436 Hortatur
1026 2381 1212 2452 itaque
1259 2382 1613 2453 Lithulphum
1644 2390 1704 2436 ut
1738 2381 1907 2436 armis
1951 2395 2043 2434 as-

463 2471 702 2540 sumptis
737 2472 914 2538 irruat
945 2473 1002 2533 in
1049 2475 1325 2531 Adalberti
1356 2475 1678 2539 exercitum.
1716 2473 2044 2552 Lithulphus

467 2563 655 2634 igitur,
677 2575 1064 2639 prorumpcute
1085 2583 1306 2634 aurora,
1329 2583 1455 2624 cum
1485 2568 1604 2622 suis
1631 2566 1857 2626 armatis
1879 2565 2043 2620 etiam

463 2657 538 2712 ad
569 2657 844 2718 Adalberti
869 2661 1166 2729 exercitum
1187 2659 1537 2731 prepinquat.
1570 2659 1870 2714 Senserunt
1890 2657 2043 2712 illum

463 2750 731 2814 excubiae,
757 2759 812 2806 et
831 2753 1018 2808 statim
1044 2753 1340 2808 Adalbcrto
1377 2751 1720 2808 nuntiarunt.
1761 2749 1881 2821 Ipse
1914 2765 2044 2805 vero

463 2851 753 2912 propterea
792 2844 1133 2915 stupefactus
1160 2845 1334 2916 jussit
1371 2845 1562 2900 rimari
1617 2844 1801 2914 qualia
1837 2850 2039 2909 essent,

463 2949 706 3005 suosque
749 2937 909 3008 signo
935 2938 1140 2994 vocari.
1171 2937 1402 3006 Interea,
1446 2937 1630 2993 audita
1654 2936 1854 3001 missa,
1901 2951 2044 2990 nune

2148 449 2358 507 Joanne
2389 447 2716 504 duodecimo
2751 444 2962 516 imperii
2992 441 3242 500 diadema
3269 435 3545 506 suscepit;
3570 431 3710 488 Atto-

2151 557 2276 598 nem
2307 551 2446 612 post
2480 542 2598 600 haec
2626 539 2838 610 magnis
2866 535 3064 592 ditavit
3092 529 3439 595 muneribus,
3477 537 3533 582 ct
3557 526 3712 582 mmi-

2149 643 2295 691 tatus
2335 633 2614 690 decoravit
2639 632 2870 686 honore.
2917 627 3026 696 Qui
3060 625 3280 682 tandem
3325 619 3626 681 decedens.
3651 616 3714 672 de

2148 728 2317 797 proba
2373 727 2601 782 muliere
2657 721 2936 794 lldegarda
2993 719 3217 784 nomine
3235 757 3260 784 ,_
3315 715 3461 770 duos
3510 707 3713 779 reliquit

2105 839 2115 846 '
2148 820 2310 888 ﬁlios,
2337 817 2738 879 Gothofredum
2763 815 3109 879 Brixiensem~
3137 811 3484 884 episcopum,
3509 811 3566 860 et
3582 800 3714 859 The-

2147 913 2389 970 daldum.

2752 1021 2980 1079 CAPUT
3017 1019 3112 1079 ιγ.

2148 1121 2226 1176 De
2255 1119 2525 1175 Thedaldo
2573 1118 2780 1171 Atlom's
2825 1114 2960 1184 ﬁlio,
3009 1121 3058 1166 et
3105 1111 3220 1184 ejus
3265 1107 3418 1178 ﬁliis.

2217 1168 2746 1259 hiemis
2758 1168 2808 1242 et
2825 1168 3093 1248 'Conrado,
3114 1168 3164 1235 ἐι
3185 1181 3250 1236 dc
3265 1168 3444 1232 'morte
3470 1168 3716 1228 Thrneldi

2215 1273 2262 1318 ct
2287 1261 2541 1319 Cattrau'i.
3019 1315 3022 1318 ,

2218 1377 2528 1434 Thedaldus
2557 1375 2722 1447 igitur
2747 1381 2874 1444 post
2903 1367 3122 1426 Attonis
3147 1366 3270 1436 ejus
3292 1359 3473 1434 patris
3497 1361 3718 1447 mortem

2147 1485 2364 1526 onmem
2393 1444 2681 1540 paternum
2700 1477 2927 1522 servans
2959 1462 3243 1522 honorem,
3269 1462 3324 1510 et
3349 1453 3582 1540 virtutes
3601 1444 3721 1540 imi-

2147 1571 2312 1630 tatus,
2335 1536 2513 1617 terras
2535 1567 2590 1615 et
2613 1557 2806 1628 oppida
2837 1553 3055 1626 propria
3085 1536 3718 1630 amplificans,principi—

2149 1655 2252 1717 bus
2288 1627 2496 1708 exstitit
2545 1627 2710 1704 notus
2749 1656 2804 1708 et
2835 1646 3056 1702 charus.
3088 1641 3190 1696 Cui
3219 1637 3463 1693 Joannes
3487 1627 3720 1702 pontifex

2149 1746 2320 1802 multa
2349 1745 2454 1800 sibi
2474 1741 2763 1800 dilectione
2791 1737 3119 1810 coniunctus
3149 1731 3431 1788 civitatem
3458 1719 3723 1782 concessit

2151 1839 2411 1894 feriarum
2444 1835 2616 1906 (955).
2639 1831 2942 1889 Canusium
2971 1835 3214 1886 castrum
3243 1820 3418 1887 multa
3451 1811 3720 1906 diligentia

2149 1905 2460 1987 custodivit.
2475 1905 2640 1983 Juxta
2670 1924 2838 1980 etiam
2857 1919 2992 1978 Padi
3014 1919 3243 1984 ﬂuenta,
3267 1914 3431 1983 longe
3452 1925 3485 1964 a
3509 1905 3720 1960 Mantua

2149 2022 2476 2080 milliaribus
2503 2019 2718 2084 decem,
2755 2015 2901 2072 idem
2930 2012 3156 2082 dignum
3200 1999 3514 2064 construxit
3539 2010 3720 2054 emno-

2149 2118 2299 2180 bium
2333 2113 2482 2186 quod
2517 2117 2743 2168 sanctus
2764 2104 3092 2164 Benedictus
3131 2099 3200 2157 de
3226 2094 3556 2186 Padolirone
3585 2103 3722 2186 nuu-

2149 2179 2400 2280 cupatur,
2453 2206 2508 2260 in
2552 2217 2663 2274 quo
2713 2198 3015 2256 monachos
3063 2193 3167 2251 sub
3215 2185 3498 2280 Benedicti

2147 2273 2404 2375 degentes
2437 2273 2690 2354 instituit.
2735 2291 3036 2362 Conjugem
3072 2283 3263 2342 habuit
3294 2279 3536 2375 Voiliam
3581 2273 3722 2345 (954i)

2148 2371 2390 2460 nomine,
2417 2407 2517 2448 sua
2539 2387 2794 2444 omnibus
2818 2385 3018 2454 pietate
3038 2379 3366 2451 placentem,
3392 2371 3462 2426 de
3487 2374 3724 2460 quagtres

2147 2457 2454 2560 procreavit
2479 2483 2620 2537 filios
2645 2499 2660 2535 :
2683 2475 3021 2533 Tbedaldum
3046 2468 3314 2532 videlicet,
3339 2462 3438 2560 qui
3460 2461 3565 2516 fuit
3591 2457 3719 2512 Are-

2149 2555 2276 2639 time
2309 2577 2464 2634 urbis
2496 2574 2810 2645 episcopus,
2838 2576 2896 2625 et
2922 2561 3266 2622 Bonifacium
3309 2555 3543 2614 militem
3588 2559 3719 2606 stre-

2146 2687 2342 2739 nuum,
2377 2667 2802 2736 Conradumque
2840 2659 3168 2732 prudentem
3209 2651 3414 2708 virum.
3466 2645 3722 2739 “oriente

2147 2733 2338 2836 igitur-
2361 2777 2554 2819 eorum
2597 2733 2750 2830 patre
2782 2751 3080 2817 Tbedaldo,
3111 2743 3476 2836 Bonifacium-
3493 2733 3721 2836 instituit

2146 2858 2416 2928 primatus
2437 2829 2648 2909 honore
2669 2847 2906 2920 gaudere
2927 2843 3048 2900 :eui
3069 2849 3424 2928 nummorum
3444 2829 3721 2887 duodenos

2147 2921 2338 3004 saccos
2359 2944 2592 3002 refertos
2616 2939 2866 3008 contulit,
2893 2951 3034 3007 quos
3059 2934 3114 2995 in
3141 2946 3242 2988 sua
3263 2921 3488 2986 camera
3507 2935 3723 2978 conser-

463 3025 634 3088 tiatur
651 3027 707 3094 ei
728 3029 877 3092 mille
897 3046 1128 3087 numero
1151 3031 1341 3088 hostes
1360 3045 1501 3086 esse.
1531 3030 1860 3096 Adalbertus
1879 3027 2043 3099 igitur
2071 3053 2114 3110 ο
2149 3037 2524 3095 γδῂει,νοιυίι
2543 3035 2710 3091 etiam
2742 3041 2824 3099 ut,
2861 3044 2928 3086 eo
2960 3031 3229 3102 praesente
3253 3020 3388 3086 lilio,
3425 3031 3533 3072 suo
3560 3012 3720 3068 Boni-

465 3135 562 3175 rex
609 3137 734 3178 cum
783 3123 974 3192 paucis
1010 3124 1238 3186 armatis
1267 3124 1436 3180 exivit
1464 3123 1530 3178 ad
1564 3122 1844 3194 praelium;
1879 3135 2042 3191 quem

461 3212 594 3275 dum,
631 3223 883 3276 Conscrta
915 3231 1096 3286 pugna
1138 3216 1387 3272 horribili
1415 3215 1742 3286 Lithulphus
1777 3213 1923 3269 ferro
1935 3213 2043 3267 im-

464 3310 707 3372 peteret,
760 3303 1083 3365 Adalbertus
1141 3306 1199 3361 in
1245 3321 1372 3362 eum
1425 3306 1640 3361 hastam
1679 3302 1946 3366 vibravit,
1989 3308 2044 3356 et

465 3395 746 3458 thoracem
772 3395 1078 3466 per-foratus,
1127 3415 1193 3454 ac
1227 3415 1324 3468 per
1357 3405 1545 3468 pectus
1595 3396 1852 3460 edocens,
1890 3394 2041 3449 illum

464 3487 576 3544 vita
602 3489 864 3559 privavit:
904 3492 1191 3548 Alemanni
1220 3507 1324 3548 suo
1351 3491 1595 3548 destituti
1630 3489 1768 3546 duce
1807 3501 2042 3542 moeren-

464 3587 550 3634 ωδ
595 3589 832 3641 tremore
875 3583 1132 3642 concussi
1163 3593 1294 3640 sunt
1325 3583 1530 3654 pariter
1578 3590 1632 3636 et
1681 3579 1894 3638 timore.
1936 3577 2043 3632 Sed

456 3672 612 3743 Atto,
643 3675 728 3734 vir
753 3676 1048 3749 singularis
1071 3674 1560 3748 magnanimitatis,
1585 3671 1768 3728 statim
1801 3669 2040 3734 advenit,

462 3775 521 3822 et
546 3783 644 3826 eos
691 3769 987 3826 cohortans
1035 3769 1106 3825 ad
1153 3769 1357 3825 bellum
1391 3767 1604 3824 viribus
1658 3763 1954 3834 resumptis
1988 3771 2045 3818 et

461 3859 686 3928 animis,
709 3877 780 3922 eo
805 3861 966 3932 duce,
994 3861 1288 3918 durissimo
1307 3860 1602 3931 proeliatur.
1631 3856 1892 3924 Tandem,
1918 3856 2044 3911 licet

461 3969 590 4008 cum
632 3970 830 4026 magna
879 3968 1108 4012 suorum
1163 3953 1338 4020 crede,
1381 3953 1509 4008 Atto
1551 3966 1676 4006 cum
1721 3948 1836 4004 suis
1869 3948 2044 4004 victor

458 4047 664 4116 existit,
697 4057 752 4104 et
785 4048 1033 4122 fugatum
1062 4047 1418 4104 Adalbertum
1451 4061 1619 4117 regno
1648 4042 1899 4115 privavit.
1938 4041 2042 4108 Qui

458 4140 612 4208 regni
655 4141 848 4203 amissi
886 4139 1262 4201 confusionem
1299 4154 1409 4194 non
1443 4137 1740 4202 sustinens,
1763 4141 2044 4205 pertrans—

469 4229 573 4284 ivit
627 4228 946 4298 Oceanum’,
1009 4247 1108 4288 seu
1166 4245 1319 4286 mare
1381 4227 1752 4294 Adriaticum,
1808 4225 2042 4296 amplius

461 4321 689 4376 minimc
732 4337 1072 4378 reversurus.
1129 4321 1211 4378 Ab
1259 4337 1327 4378 eo
1381 4336 1602 4393 quoque
1657 4318 2040 4390 Longobardi.

461 4411 673 4468 nullum
696 4413 802 4468 sibi
826 4428 1010 4484 regem
1040 4413 1272 4470 ulterius
1319 4391 1646 4468 statuerunt.
1692 4410 1817 4472 llaec
1859 4418 2041 4466 autem
2075 4391 2118 4446 Ῑ)

461 4513 582 4561 acta
632 4512 762 4561 sunt
811 4519 956 4563 anno
987 4504 1442 4575 octingentesimo
1471 4504 1667 4574 quinto
1705 4501 1922 4558 decimo
1956 4501 2041 4556 in-

460 4595 673 4652 rarnati
711 4593 872 4650 Verbi
903 4593 1019 4649 Dei.
1063 4593 1278 4664 Corpus
1329 4591 1608 4663 Lithulphi
1638 4591 1766 4646 Atto
1809 4591 2038 4656 habens,

458 4685 654 4744 educta
693 4700 762 4744 ex
785 4699 854 4741 eo
882 4685 1116 4752 viscera,
1148 4685 1207 4740 in
1227 4683 1458 4742 ecclesia
1495 4683 1551 4740 S.
1585 4682 1841 4753 Prosperi
1884 4697 2040 4752 sepe—

460 4775 596 4834 livit.
633 4775 848 4846 Corpus
895 4776 1116 4835 tandem
1162 4775 1324 4846 digne
1371 4774 1632 4833 condiens
1677 4773 2036 4836 aromatibus,

460 4867 602 4936 patri
624 4868 932 4926 transmisit
952 4867 1160 4937 Ottoni,
1187 4884 1426 4940 eumque
1459 4883 1556 4938 per
1575 4867 1848 4924 solemnes
1870 4867 2036 4922 inter-

459 4958 687 5014 nuntios
726 4960 981 5018 hortatur
1037 4978 1106 5020 ne
1159 4977 1258 5034 pro
1303 4975 1436 5018 nece
1486 4961 1618 5028 lilii,
1671 4961 1776 5031 qui.
1824 4958 2038 5015 fortiter

458 5051 756 5100 minitando
799 5067 1079 5100 (Hirrum-at
1125 5073 1368 5100 man-anc
1433 5057 1498 5100 ad
1554 5056 1762 5100 Italiam
1826 5054 2036 5100 tardius

2146 3131 2288 3200 facio
2328 3129 2529 3187 subditi
2587 3127 2674 3182 sui
2718 3121 2995 3185 ﬁdelitatis
3027 3119 3340 3188 iuramenta
3379 3113 3721 3180 praestarent.

2147 3199 2460 3279 Thedaldus
2501 3229 2685 3276 autem
2715 3217 2892 3289 ipsius
2921 3209 3184 3270 Bonifacii
3231 3207 3424 3271 frater,
3471 3199 3723 3256 Arctiuus

2145 3315 2456 3387 episcopus,
2487 3310 2768 3382 religionis
2800 3315 3004 3366 sanctas
3029 3303 3303 3360 maximus
3333 3296 3719 3387 cultor,_com-

2145 3382 2378 3463 missum
2423 3405 2799 3475 episcopatum
2833 3399 2938 3454 sibi
2989 3394 3219 3452 ﬁdeliter
3259 3384 3623 3461 gubernavit;
3663 3382 3722 3436 de

2145 3516 2256 3572 quo
2297 3501 2470 3555 fertur
2507 3513 2619 3552 non
2653 3491 3012 3552 omittendum
3046 3484 3378 3555 exemplum.
3422 3476 3532 3572 Hic
3557 3475 3720 3572 enim,

2144 3566 2274 3650 dum
2302 3594 2358 3648 in
2385 3601 2652 3662 tempore,
2669 3585 2820 3658 gravi
2841 3581 3080 3654 quadam
3105 3578 3386 3634 laboraret
3400 3566 3721 3641 aegritudine

2144 3683 2437 3753 corporali,
2466 3689 2522 3736 et
2566 3681 2635 3735 de
2677 3676 2911 3734 sanitate
2947 3671 3093 3726 illius
3133 3665 3330 3724 medici
3369 3663 3721 3753 (imperantes

2145 3747 2371 3831 omnino
2415 3747 2524 3826 nisi
2559 3767 2887 3824 adulterium
2916 3759 3300 3823 committeret,
3329 3762 3385 3809 ct
3417 3749 3586 3806 amici
3607 3747 3719 3818 ejus

2145 3869 2212 3923 ad
2242 3866 2374 3923 illud
2407 3863 2733 3936 patrandum
2771 3859 2951 3918 scelus
2985 3854 3326 3914 inducerent,
3354 3861 3458 3919 pro
3497 3844 3718 3900 muliere

2147 3963 2443 4026 miserunt;
2475 3972 2598 4028 quae
2631 3955 2763 4011 dum
2791 3950 3116 4014 advenisset,
3146 3943 3332 4002 statim
3361 3949 3495 3996 ante
3525 3939 3716 3994 lectum

2145 4069 2304 4108 suum
2327 4051 2504 4123 ignem
2525 4047 2694 4120 jussit
2711 4042 2955 4108 accendi,
2970 4040 3064 4111 qui
3089 4039 3229 4095 lecto
3248 4031 3716 4123 appropinquans,

2143 4152 2198 4198 et
2227 4119 2734 4214 jam'llammarum
2775 4132 3088 4190 incendium
3123 4127 3388 4189 sentiens,
3419 4121 3609 4178 subito
3639 4119 3717 4172 la-

2144 4211 2759 4308 crvmatusexelamavit
2776 4247 2790 4283 ι
2807 4226 2920 4293 Vm,
2937 4239 3018 4279 va:
3037 4221 3199 4284 mihi!
3224 4219 3360 4274 dum
3387 4217 3536 4272 hanc
3559 4211 3718 4308 modo

2144 4302 2364 4384 tenuem
2393 4321 2778 4380 ﬂammiculam
2803 4316 3029 4372 sufferre
3045 4327 3151 4369 non
3169 4323 3419 4382 possum,
3443 4302 3718 4378 quomodo

2144 4421 2190 4475 si
2236 4435 2322 4474 me
2355 4417 2530 4488 perire
2576 4412 2878 4484 contingat,
2920 4415 3112 4479 potero
3169 4399 3418 4459 barathri
3467 4394 3714 4454 incendia

2143 4509 2434 4582 superare?
2465 4507 2653 4563 Scelus
2677 4503 2879 4576 quippe
2907 4499 3053 4556 istud
3101 4496 3170 4552 ad
3197 4495 3351 4549 illum
3382 4507 3474 4548 mc
3495 4499 3712 4561 puteu

2142 4603 2430 4667 conducet,
2463 4600 2518 4654 in
2545 4612 2656 4668 quo
2682 4593 2927 4650 funditus
2959 4591 3064 4646 sub
3089 4595 3228 4644 tetra
3247 4585 3374 4656 igne
3397 4583 3578 4652 patiar
3593 4595 3710 4634 crn~

2139 4694 2334 4750 ciatus.
2352 4690 2510 4747 Absit
2530 4690 2714 4759 itaque
2731 4694 2812 4751 ut,
2827 4699 2928 4756 pro
2949 4677 3228 4750 temporali
3249 4674 3508 4739 sanitate,
3519 4679 3710 4726 aeterna

2141 4802 2229 4842 me
2271 4785 2554 4855 contingat
2591 4782 2764 4838 salute
2813 4775 3044 4849 privari!
3089 4771 3208 4831 Tali
3253 4769 3425 4841 igitur
3469 4764 3712 4834 exemplo

2139 4877 2382 4949 prudens
2423 4874 2656 4930 antistes
2680 4869 2956 4928 subditum
3001 4865 3105 4923 sibi
3132 4876 3349 4937 gregem
3378 4857 3615 4922 monuit,
3637 4864 3710 4949 et,

2140 4948 2251 5024 Deo
2283 4975 2578 5032 annuente,
2605 4963 2806 5020 meruit
2855 4959 3164 5015 sanitatem.
3215 4953 3418 5012 Mirum
3445 4949 3612 5007 etiam
3656 4948 3710 5002 in

2138 5057 2360 5100 modum
2394 5057 2695 5100 (latuslatus
2733 5060 2819 5100 est
2838 5048 3204 5100 Simoniacam
3232 5042 3582 5100 pravitatem.
3605 5037 3691 5094 Βε-
