3984 5380
196 343 276 400 10
289 344 353 399 δῖ’)

1095 343 1382 421 ΜῬΕΝῘ).
1419 345 1506 400 lll.
1546 375 1615 387 -—-
1652 340 2089 399 MONUMENTA
2130 341 2596 400 GREGORIANA.

3328 318 3478 398 nus

192 458 391 516 ﬁliam
421 458 591 524 duxit,
611 475 857 526 uxorem,
892 477 1015 531 qua:
1060 460 1287 532 Nogara:
1339 463 1456 517 sine
1491 461 1673 517 liberis
1697 462 1789 516 de—
1820 460 1863 516 Α
1892 459 1999 514 filia
2023 460 2287 516 remansit
2321 469 2373 515 et
2392 461 2587 515 haeres.
2626 458 2719 514 ESI.
2756 465 2937 513 tamen
2963 458 3269 528 aliquorum
3294 457 3480 528 opinio

196 548 407 607 functa
446 552 606 622 jacet.
642 552 889 623 Cumque
918 553 976 609 bi
1007 552 1207 611 fratres
1232 555 1433 609 divitiis
1458 554 1711 611 ﬂorerent
1744 562 1799 609 et

194 639 451 708 viribus,
496 643 553 698 in
585 651 891 703 tantumut
926 645 1178 701 hostibus
1219 653 1421 702 metum
1472 646 1795 713 incuterent,

196 735 377 789 multi
406 742 463 791 et
506 751 675 807 regno
697 736 861 792 vicini
907 737 962 793 in
1001 737 1265 793 Caviliolo
1309 738 1551 805 adunati,
1579 754 1675 793 eos
1705 754 1798 809 ag-

164 861 169 865 ~
198 828 369 898 gredi
408 837 464 884 et
487 829 762 885 debellare
793 831 1146 886 contendunt.
1187 830 1344 897 Quod
1381 830 1665 885 audientes
1694 830 1798 887 Bo-

182 920 455 978 .nifaeius
487 930 545 977 et
573 921 881 988 Conradus,
928 922 1157 979 viriliter
1202 923 1434 994 sumptis
1470 923 1641 980 armis
1678 923 1800 979 illos

146 1042 147 1045 η
196 1010 504 1081 invadunt,
526 1020 601 1078 et,
618 1011 853 1067 mirabili
880 1010 1127 1069 confecta
1157 1012 1593 1084 pugna,tandem
1612 1013 1799 1067 hostes

199 1100 344 1157 cesi
376 1100 657 1173 fugantur,
678 1108 737 1159 et
761 1116 985 1172 campus
1013 1102 1261 1159 horribili
1287 1111 1468 1174 strage
1498 1118 1801 1173 cruoreque

200 1193 394 1250 multo
419 1194 659 1263 repletur
684 1214 713 1248 :-
726 1194 915 1264 sicque
940 1193 1136 1251 fratres
1162 1196 1265 1266 ipsi
1287 1195 1525 1251 victores
1547 1210 1800 1264 perman-

197 1293 426 1346 serunt.
482 1284 773 1345 Conradus
818 1295 1001 1343 tamen
1037 1288 1092 1342 in
1134 1303 1201 1344 eo
1235 1289 1424 1359 praelia
1457 1289 1797 1351 vulneratur,

156 1399 161 1403 ·
199 1378 307 1447 qui
338 1385 470 1447 post
505 1376 715 1447 aliquot
753 1392 952 1444 annos,
990 1380 1133 1437 mala
1170 1380 1417 1437 vulneris
1458 1379 1645 1434 habita
1676 1379 1798 1433 dili-

200 1466 418 1535 gentia,
433 1465 684 1521 ultimum
710 1466 835 1523 vitae
857 1483 971 1524 sua:
998 1467 1198 1533 clausit
1220 1468 1383 1523 diem.
1407 1468 1578 1539 Cujus
1599 1483 1800 1537 corpus

203 1556 528 1614 Tbedaldus
568 1558 831 1619 Aretinus
869 1561 1191 1631 episcopus,
1246 1561 1415 1615 frater
1463 1561 1583 1631 ejus
1635 1575 1799 1630 supra

202 1650 553 1718 nominatus,
598 1650 652 1705 in
702 1650 1007 1709 Canusium
1052 1654 1311 1725 oppidum
1354 1654 1568 1721 detulit,
1591 1662 1647 1709 et
1672 1669 1800 1711 eum

200 1741 431 1812 magnis
458 1742 734 1813 exsequiis
756 1743 1021 1813 sepelivit,
1042 1759 1188 1805 anno
1214 1746 1529 1801 humanatae
1549 1745 1802 1801 divinita-

1899 551 2192 607 llenricum
2251 552 2417 624 hujus
2482 550 2722 607 nominis
2778 559 3034 629 quartum
3096 551 3479 620 imperatorem

1899 645 2198 715 genitorem
2231 644 2401 700 fuisse
2432 644 2626 699 matris
2660 643 2827 714 hujus
2867 642 3163 699 comitissze
3186 640 3482 705 Mathildis,

1899 735 2004 790 hoc
2029 736 2194 790 modo
2218 733 2468 790 videlicet
2498 754 2509 789 :
2540 733 2740 789 Dicunt
2761 741 2991 789 matrem
3029 731 3324 798 Mathiidis,
3349 731 3481 786 dum

1899 825 2052 896 virgo
2086 835 2251 891 esset,
2291 826 2345 895 in
2386 826 2645 896 juvenem
2696 825 2934 880 nobilem
2966 823 3259 890 exarsisse,
3287 835 3484 893 genere

1900 915 2225 983 Lucensem,
2272 918 2327 971 in
2380 917 2727 989 imperatoris
2758 918 2883 973 aula
2924 917 3361 980 ministrantem;
3387 913 3482 984 qui

1901 1007 2153 1073 tandem,
2207 1009 2309 1065 hac
2360 1009 2706 1080 imperatoris
2741 1009 2851 1065 ﬁlia
2897 1008 3144 1081 cognita,
3188 1006 3484 1064 commissa

1900 1099 2120 1166 timens,
2151 1116 2277 1155 cum
2331 1116 2395 1156 ea
2441 1100 2576 1157 abiit
2624 1110 2678 1157 et
2697 1100 2790 1157 diu
2845 1102 3067 1158 latitans
3107 1101 3274 1157 vitam
3305 1099 3478 1155 duxit.

1903 1188 2144 1246 Tandem
2182 1206 2308 1249 cum
2357 1193 2411 1248 in
2443 1193 2719 1250 civitatem
2746 1194 3041 1265 quamdam
3072 1194 3367 1264 imperator
3391 1206 3484 1247 ve-

1902 1280 2091 1349 nisset,
2140 1283 2196 1337 in
2248 1276 2408 1355 cujus
2445 1285 2760 1355 episcOpatu
2787 1283 3006 1355 juvenis
3039 1283 3129 1339 ille
3161 1298 3288 1340 cum
3318 1282 3485 1352 impe~

1902 1372 2100 1427 ratoris
2116 1374 2223 1427 filia
2238 1373 2486 1429 latitabat
2498 1393 2512 1441 ;
2526 1374 2744 1445 juvenis
2767 1373 2856 1429 ille
2872 1388 2988 1429 rem
3004 1371 3217 1443 aperuit
3227 1370 3484 1441 episcopo
3562 1420 3567 1424 .

1902 1463 2167 1529 civitatis;
2193 1464 2281 1520 ille
2306 1473 2488 1520 autem
2515 1464 2827 1535 imperatori
2857 1464 3121 1519 narravit.
3147 1462 3323 1533 Cujus
3356 1475 3453 1532 pre
3480 1489 3484 1494 -

1902 1554 2058 1609 cibus
2076 1555 2236 1609 venia
2271 1556 2562 1626 promissa,
2596 1564 2893 1626 utrumque
2913 1553 3117 1624 recepit
3134 1553 3203 1608 ad
3228 1552 3482 1624 gratiam.

1905 1642 2042 1698 Huic
2061 1644 2249 1717 juveni
2286 1661 2486 1703 nomen
2512 1654 2631 1704 erat
2672 1644 3004 1711 Bonifacius,
3034 1646 3132 1716 qui
3161 1660 3227 1699 ex
3250 1644 3486 1714 impera-

1904 1736 2039 1792 toris
2069 1736 2177 1791 tilia
2210 1737 2353 1793 hanc
2381 1738 2568 1809 genuit
2607 1737 2970 1804 comitissam,
3016 1752 3157 1807 quos
3192 1737 3488 1807 imperator

204 1833 284 1887 tis
310 1833 604 1891 millesimo
626 1835 922 1906 trigesimo.
958 1836 1035 1892 lbi
1058 1852 1278 1910 quoque
1306 1840 1470 1895 ambo
1510 1842 1802 1911 praeuenti-
1834 1816 1877 1870 Β
1903 1828 2057 1883 ειυΧίῑ
2078 1843 2142 1883 εκ
2168 1829 2382 1898 ἰητρενῆ
2408 1830 2638 1898 Viribus.
2666 1830 2746 1885 θίε
2780 1830 2952 1885 multa
2981 1828 3306 1884 concedens-

205 1925 328 1981 nati
370 1926 659 1997 pontifices
698 1928 1034 1987 Gothfredus
1073 1931 1374 1989 Brixiensis
1405 1934 1716 2006 episcopus,
1747 1943 1801 1990 et

206 2015 528 2078 Tbedaldus
560 2018 841 2089 Aretinus,
874 2021 1152 2094 lldegarda
1186 2026 1403 2082 Attouis
1433 2027 1657 2097 conjux,
1692 2026 1802 2082 Ro.

206 2106 456 2176 dulphus
476 2117 535 2163 et
560 2109 849 2168 Conradus
890 2111 1159 2171 Bonifaeii
1204 2116 1322 2182 filii,
1352 2125 1407 2173 et
1432 2116 1628 2186 Voilia,
1653 2117 1697 2173 Τ
1701 2120 1800 2174 he-

206 2198 360 2254 ὼΜὶ
397 2199 494 2256 filii
528 2202 745 2260 Attouis
789 2220 929 2261 uxor
972 2207 1077 2263 sub
1104 2224 1216 2265 uno
1258 2218 1388 2266 sunt
1432 2211 1635 2280 pariter
1666 2226 1801 2267 saxo

207 2297 477 2351 contenti.

838 2410 1068 2468 CAPUT
1110 2412 1172 2466 ν.

214 2498 291 2554 De
329 2497 615 2570 Bonifacio
647 2511 796 2571 patre
828 2502 1127 2571 Mat/tildis,
1161 2510 1211 2558 et
1234 2503 1466 2574 qualiter
1506 2503 1799 2560 Beatricem

802 2574 957 2629 duxit
978 2590 1212 2629 uxorem.

214 2724 217 2725 ν
282 2662 615 2722 Bonifacius.
645 2673 850 2732 autem,
885 2666 1139 2723 Conrado
1168 2666 1335 2723 fratre
1370 2666 1648 2733 defuncto,
1686 2684 1802 2723 ma—

210 2754 339 2824 gnis
376 2755 588 2810 exstitit
631 2756 815 2812 clarus
854 2757 1168 2816 virtutibus.
1208 2758 1308 2814 Hic
1335 2759 1483 2814 enim
1524 2759 1578 2813 in
1608 2758 1801 2829 puerili

211 2843 397 2901 adhuc
416 2854 597 2911 relate,
623 2845 844 2918 ingenio
870 2848 1045 2903 multo
1073 2848 1264 2918 viguit,
1296 2857 1350 2904 et
1375 2864 1539 2904 sensu
1570 2848 1801 2904 mirifico

212 2933 429 3008 polluit.
456 2935 583 2991 Fuit
607 2952 828 3008 quoque
863 2936 1039 2994 forma
1068 2953 1350 3009 procerus,
1378 2954 1608 3009 corpore
1638 2940 1801 2995 deco-

214 3041 335 3094 rus,
376 3038 502 3084 actu
547 3030 828 3099 providus,
859 3030 1068 3087 viribus
1115 3047 1261 3097 acer,
1298 3032 1523 3101 dapsilis
1563 3032 1797 3099 cunctis,

215 3116 284 3173 de
332 3132 447 3187 quo
478 3117 763 3190 Erythraea
810 3119 1002 3192 sibylla
1043 3121 1304 3190 praeclare
1349 3122 1635 3177 vaticinata
1669 3130 1794 3177 est:

215 3208 387 3280 Igitur
420 3211 568 3265 enim
604 3210 846 3267 futurum
876 3213 1070 3269 ducem
1108 3214 1269 3283 cujus
1314 3214 1553 3269 nominis
1596 3215 1801 3284 princi-

215 3303 368 3372 pium
393 3287 611 3370 erit'B.,
638 3305 732 3374 qui
759 3304 920 3361 dictis
960 3314 1016 3361 et
1058 3306 1271 3362 actibus
1307 3307 1586 3375 limpidus,
1618 3323 1801 3362 rerum

216 3396 485 3464 locuples,
513 3411 678 3466 opere
698 3397 979 3466 pacificus,
1002 3407 1057 3453 et
1075 3398 1131 3452 in
1160 3399 1360 3468 prazliis
1387 3400 1563 3455 victor
1586 3391 1799 3458 existet.

216 3484 422 3542 Habuit
446 3488 590 3543 idem
604 3488 918 3547 Bonifacius
938 3499 992 3546 et
1013 3490 1177 3546 aliam
1197 3493 1486 3564 coniugem
1514 3494 1801 3562 illustrem,

215 3582 433 3637 scilicet
479 3581 781 3639 Beatricem
824 3600 892 3639 ex
934 3584 1130 3651 Galiia,
1176 3586 1383 3641 scilicet
1427 3588 1595 3657 regali
1636 3589 1805 3660 stirpe

216 3674 586 3746 progenitam,
608 3677 782 3730 multo
811 3676 1008 3732 forma
1020 3677 1219 3732 decore
1243 3686 1298 3734 et
1325 3679 1606 3748 sapientiae
1630 3680 1805 3737 nitore

214 3766 482 3835 detatam,
510 3767 672 3838 cujus
699 3774 855 3838 pater
882 3767 1194 3836 Federicus,
1234 3778 1289 3825 et
1322 3780 1493 3824 mater
1532 3771 1805 3828 Mathiidis

216 3858 663 3915 exstiterunt.Ad
692 3874 857 3931 quam
876 3861 1316 3931 deeponsandam
1342 3878 1467 3917 cum
1491 3863 1805 3921 Bonifacius

218 3950 273 4004 in
314 3949 550 4005 Calliam
578 3956 935 4022 properaret,
971 3961 1183 4023 quanto
1214 3954 1422 4009 honore
1468 3957 1711 4025 polleret,
1752 3968 1805 4013 et

214 4058 394 4113 quam
439 4041 647 4113 ingenti
703 4054 924 4113 quoque
978 4043 1152 4114 gloria
1209 4043 1510 4109 emineret,
1561 4054 1805 4114 patenter

216 4134 481 4189 ostendit.
508 4134 646 4189 Nam
673 4137 966 4191 comitatus
992 4134 1403 4191 solemnissimo
1421 4136 1724 4207 principum
1751 4148 1805 4193 et

218 4226 490 4281 nobilium
519 4236 686 4294 centu,
737 4228 880 4282 inter
908 4236 1103 4283 cetera
1147 4242 1261 4283 sua:
1290 4227 1522 4298 insignia
1555 4232 1804 4300 magnifi-

198 4316 415 4373 centiae
466 4334 736 4389 equorum
780 4315 1049 4389 {pedibus
1080 4321 1246 4390 jussit
1303 4329 1588 4391 argenteas
1625 4326 1803 4380 soleas

218 4410 440 4480 apponi.
467 4408 601 4477 Qua:
624 4411 668 4466 si
692 4426 824 4466 casu
848 4412 1031 4482 aliquo
1056 4412 1348 4477 resilirent,
1387 4426 1549 4467 nemo
1576 4428 1803 4471 suorum

218 4517 568 4557 reassumerc
596 4503 943 4573 dignabatur,
970 4505 1063 4560 sed
1090 4505 1293 4574 passim
1324 4520 1422 4574 per
1456 4521 1618 4577 agros
1646 4518 1699 4564 et
1728 4526 1806 4565 sc-

219 4595 407 4659 mitas,
438 4610 473 4648 ιι
511 4596 923 4651 transeuntibus
959 4595 1303 4651 tollebantur.
1330 4595 1453 4652 "me
1476 4598 1578 4653 sibi
1606 4602 1805 4671 oppida

218 4695 273 4740 et
294 4686 478 4752 villas,
509 4702 701 4743 servos
721 4695 776 4743 et
796 4689 1026 4743 ancillas
1055 4690 1111 4744 in
1139 4689 1325 4744 Gallia:
1350 4690 1598 4760 partibus
1627 4694 1800 4748 dona—

215 4779 295 4833 vit
323 4779 380 4833 in
406 4779 610 4835 dotem.
644 4780 820 4847 Quam
847 4781 976 4836 dum
1005 4797 1255 4837 reversus
1288 4799 1319 4837 a
1345 4782 1517 4837 Callia
1542 4784 1596 4837 in
1639 4784 1802 4840 Lom-

217 4871 465 4925 hardiam
499 4872 744 4939 dueeret,
771 4888 973 4946 magno
1003 4889 1033 4928 a
1074 4874 1289 4929 cunctis
1308 4876 1587 4944 ‘applausu
1615 4885 1670 4930 et
1699 4878 1800 4932 ho-

219 4979 352 5018 nore
377 4964 704 5035 suscipitur.
743 4964 944 5020 Tribus
967 4967 1248 5021 mensibus
1275 4967 1585 5036 nuptiarum
1610 4970 1800 5022 convi—

219 5054 303 5109 via
328 5098 343 5121 ,
404 5056 671 5127 impensis
723 5057 1128 5126 profusioribus
1193 5058 1494 5129 grandique
1552 5060 1798 5114 omnium

219 5146 397 5202 luati‘tia
433 5149 823 5219 perdurarunt.
875 5148 933 5202 l'n
982 5150 1185 5220 quibus
1227 5149 1490 5220 quidquid
1543 5165 1801 5206 vasorum

222 5250 336 5296 erat
361 5250 589 5315 argento
628 5240 905 5305 rutilabat,
937 5251 991 5296 et
1034 5258 1172 5298 auro
1213 5242 1549 5310 Splendebat.
1594 5240 1670 5295 Ex
1704 5245 1806 5301 hac

959 5332 1277 5360 ΙΡΑιιηυιιηηηι

487 5334 688 5360 Ιξιυι-ρυ-
722 5332 905 5360 "Ann-:1
959 5332 1277 5360 πΑι-ΙΛνιίηυιηι
1330 5334 1535 5360 ηηξιῖιπηο
1602 5344 1651 5360 ΑΙ
1686 5333 1766 5360 11..

226 5328 344 5360 ΠΜ.
353 5334 459 5360 σιῖΛΑ

2516 1943 2744 2001 CAPUT
2784 1943 2873 2001 Vl.

1905 2036 1981 2091 De
2028 2039 2466 2107 confa‘deralione
2503 2037 2775 2109 Bonifatii
2826 2054 2944 2091 cum
2991 2037 3305 2108 imperatore
3346 2036 3484 2091 Con-

2410 2110 2561 2175 rado,
2593 2117 2644 2163 et
2663 2110 2780 2179 ejus
2807 2116 2990 2163 morte.

1908 2212 1919 2217 '
1973 2199 2262 2256 Conradus
2318 2202 2620 2273 imperator
2675 2201 2841 2272 hujus
2890 2196 3131 2257 nominis
3176 2199 3487 2266 secundus,

1903 2291 2032 2346 dum
2064 2292 2317 2349 Parmam
2351 2295 2625 2350 obsideret
2662 2292 2939 2359 rebellem,
2976 2294 3124 2349 hunc
3147 2290 3490 2348 Bonifacium

1903 2382 1969 2437 ad
1991 2400 2152 2439 suum
2185 2385 2492 2441 subsidium
2519 2386 2785 2442 evocavit.
2816 2385 2988 2456 Cujus
3012 2381 3186 2440 fultus
3214 2384 3491 2455 pmsidio,

1904 2483 2091 2548 utpote
2138 2478 2239 2532 viri
2269 2478 2478 2533 viribus
2507 2478 2713 2533 strenui
2737 2486 2791 2533 et
2813 2478 2982 2533 armis
3001 2477 3490 2545 cdocti,civitatem

1904 2571 2076 2641 ipsam
2094 2570 2357 2639 obtinuit;
2375 2586 2537 2642 quem
2563 2571 2666 2626 sibi
2686 2570 3036 2639 postmodum
3060 2570 3175 2640 ipse
3200 2569 3494 2640 imperator

1904 2663 2159 2717 astrinxit
2194 2662 2397 2718 fmdcre
2426 2662 2749 2732 juramcnti,
2786 2671 2841 2717 et
2888 2662 3062 2717 multo
3101 2662 3253 2716 illum
3285 2662 3494 2716 honore

1902 2755 2171 2824 provexit.
2222 2744 2473 2809 Posthaec
2509 2753 2753 2809 licnrico'
2776 2753 2943 2807 tertio
2984 2753 3308 2823 imperante,
3360 2752 3492 2807 dum

1904 2848 1969 2903 ad
1993 2848 2129 2902 bella
2163 2854 2355 2902 contra
2395 2845 2721 2917 Burgundos
2757 2845 2897 2899 idem
2924 2844 3283 2915 processisset
3316 2843 3492 2913 impe-

1904 2948 2075 3005 rator,
2110 2938 2375 3009 pratfatus
2408 2936 2723 2993 Bonifacius
2752 2937 2807 2990 in
2854 2937 3205 3007 imperatoris
3229 2936 3490 2991 auxilium

1902 3032 2256 3086 memoranda
2280 3030 2489 3100 pariter
2508 3038 2561 3085 et
2595 3028 2881 3099 magnifica
2904 3029 3016 3099 egit
3037 3028 3091 3082 in
3116 3030 3323 3084 hostes.
3348 3027 3491 3083 inter

1904 3138 2025 3192 quae
2050 3122 2195 3177 istud
2222 3122 2440 3177 silentio
2464 3121 2900 3191 praztercundum
2925 3120 3151 3175 minime
3170 3121 3322 3176 duxi.
3353 3118 3491 3174 Dum

1905 3216 2050 3271 enim
2099 3216 2154 3269 in
2185 3214 2470 3284 cujusdam
2503 3214 2669 3269 castri
2698 3213 2987 3268 obsidione
3031 3212 3235 3268 multos
3267 3209 3492 3265 Bonifa—

1905 3307 2024 3364 cius
2060 3321 2125 3362 ex
2148 3306 2634 3378 Burgundionibus
2666 3304 2814 3361 ferro
2849 3305 3104 3375 cepisset,
3141 3304 3381 3359 minatus
3410 3312 3489 3358 est

1904 3415 2097 3456 eorum
2135 3415 2299 3455 nasos
2329 3406 2383 3453 et
2407 3399 2687 3453 auriculas
2722 3396 2994 3453 mutitare.
3040 3394 3229 3452 Adfuit
3261 3394 3334 3450 ibi
3371 3410 3486 3449 mae

1906 3503 2064 3549 trona
2091 3492 2340 3564 quaedam
2366 3491 2562 3546 nobilis
2580 3499 2635 3548 et
2667 3490 2840 3556 dives,
2877 3505 3000 3561 qua:
3034 3496 3247 3545 tantum
3280 3488 3491 3559 argenti

1905 3599 2006 3654 pro
2030 3585 2123 3639 filii
2157 3584 2530 3653 redemptione
2552 3599 2611 3639 sc
2630 3584 2895 3638 datumm
2923 3591 3006 3638 est
3027 3580 3289 3653 pollicita»,
3314 3596 3492 3651 quan-

1907 3688 2021 3735 tum
2060 3680 2113 3733 in
2158 3679 2365 3735 trutina
2399 3679 2638 3749 positum
2670 3677 2844 3732 moles
2867 3675 3116 3745 corporis
3146 3674 3491 3745 ponderarct:

1905 3771 2005 3824 Cui
2033 3770 2367 3837 Bonifacius,
2383 3779 2545 3840 caput
2571 3768 3035 3839 qualicns:Absit-
3057 3768 3182 3832 hoc,
3212 3766 3408 3836 inquit,
3436 3773 3495 3819 ut

1906 3863 2094 3918 hostes
2123 3862 2269 3916 ferro
2291 3862 2434 3931 capti
2468 3861 2807 3916 redimantur
2834 3867 3063 3930 argento
3088 3860 3101 3913 ε
3150 3859 3277 3914 volo
3306 3865 3365 3912 ut
3388 3857 3494 3911 hu~

1900 3955 2143 4024 jusmodi
2194 3969 2354 4023 poma
2412 3954 2721 4022 posteritati
2776 3961 2971 4007 vestrae
3017 3952 3099 4008 sit"
3139 3951 3493 4022 opprobrium

1906 4044 2319 4115 sempiternum.
2335 4043 2528 4099 lncisis
2550 4044 2716 4115 igitur
2743 4044 2969 4099 naribus
2987 4052 3041 4098 et
3061 4044 3225 4099 sectis
3245 4043 3492 4104 auribus;

1907 4144 2016 4189 tres
2040 4134 2207 4203 jussit
2232 4136 2485 4189 onustari
2511 4134 2747 4204 clypeos.
2781 4131 2937 4188 Hunc
2976 4134 3274 4202 imperator
3296 4131 3492 4186 Henri-

1905 4242 2004 4281 cus
2027 4226 2167 4280 idem
2201 4224 2562 4288 Bonifacium,
2600 4226 2717 4280 sola
2761 4225 3078 4279 stimulante
3102 4225 3324 4290 invidia,
3367 4239 3493 4278 cum

1906 4317 2114 4371 videret
2147 4332 2273 4371 eum
2311 4316 2625 4387 magnificis
2677 4317 2891 4372 actibus
2942 4324 3248 4384 strenuum,
3295 4315 3495 4385 sacpius

1908 4410 2133 4464 tentavit
2161 4409 2290 4464 dolo
2318 4409 2588 4463 occidere.
2637 4408 2764 4475 Sed,
2806 4407 2920 4465 Deo
2962 4408 3306 4465 custodiente
3331 4416 3385 4463 et
3427 4422 3493 4461 eo

1842 4534 1884 4585 υ
1909 4517 2123 4572 semper
2149 4501 2380 4557 insidias
2409 4500 2812 4567 dissimulante,
2856 4500 3155 4572 imperator
3183 4515 3286 4555 suo
3327 4512 3494 4554 cona-

1913 4598 2058 4651 mine
2086 4595 2387 4651 frustratus
2415 4603 2518 4651 est.
2546 4594 2671 4649 Fuit
2700 4609 2920 4666 quoque
2948 4610 3094 4664 serpe
3112 4593 3308 4649 diebus
3325 4592 3492 4647 Boni—

1912 4691 2086 4745 facius
2110 4691 2164 4743 in
2191 4689 2393 4745 divinis
2425 4688 2714 4755 sollicitus,
2750 4701 2911 4743 savos
2940 4687 3089 4757 (955)
3118 4686 3285 4740 etiam
3319 4686 3496 4740 hono-

1911 4783 2052 4839 ravit
2073 4780 2380 4852 pontifices,
2404 4781 2722 4851 clerumque
2740 4780 2895 4835 valde
2920 4779 3129 4846 dilexit,
3151 4787 3208 4833 et
3225 4777 3497 4850 praecipue

1911 4874 2231 4930 monachos.
2258 4872 2364 4928 Pro
2383 4872 2569 4927 divino
2592 4878 2774 4925 autem
2798 4883 3005 4935 amore,
3036 4880 3090 4924 ct
3115 4866 3500 4925 munificentiae

1915 4982 2028 5023 suae
2060 4965 2140 5020 eis
2168 4965 2445 5021 dexteram
2495 4960 2737 5031 aperuit;
2790 4960 3097 5031 delictaque
3120 4961 3365 5032 propria
3396 4958 3502 5014 illis

1909 5058 2208 5124 conlidens,
2229 5056 2553 5124 condignam
2583 5054 2822 5121 sumpsit
2849 5051 3507 5121 poenitentiam.'l‘andcm

1910 5167 2034 5210 cum
2075 5158 2267 5204 votum
2303 5147 2543 5202 vovisset
2570 5143 2781 5199 Christi
2817 5143 3043 5201 visitare
3079 5147 3416 5215 sepulcrum,
3450 5148 3510 5195 et

1910 5258 2010 5317 pro
2040 5256 2137 5327 sua
2171 5235 2508 5310 expedienda
2553 5236 2997 5305 peregrinatione
3051 5239 3240 5294 omnia
3266 5232 3509 5303 comple-

2549 5326 2607 5360 ἷη
2638 5327 2800 5360 ηιιῖιίι-

2002 5340 2083 5360 ,ρει
2138 5333 2228 5360 ἔΙΙΑ
2268 5335 2496 5360 -.ΑΛΛηΙιι
2549 5327 2607 5360 in
2638 5327 2800 5360 ηιιῖηι-
2843 5344 3009 5360 ωσι-ιιι
3053 5337 3183 5360 σητιο
3224 5327 3507 5360 ιυιννιῖιπιω

2843 5344 3009 5360 manu.
