3984 5380
523 285 674 342 1047

1509 277 1601 331 ΑΒ
1639 273 1868 337 Οὶῖὶδέὶλ
1909 271 1968 325 S.
2008 259 2336 328 CfllZGORll
2373 258 2820 327 APPliiVillCliS.
2869 321 2878 332 θ

3654 249 3800 306 ίῧὲῧ

519 401 756 458 Mantum
787 407 1032 470 septums
1051 407 1150 454 ρει.
1175 397 1310 458 Post
1321 409 1484 466 quem
1499 393 1699 464 conjux
1723 389 1843 459 ejus
1869 383 2099 460 illustris
2125 382 2170 442 A
2195 386 2488 470 propterea
2496 375 2682 470 divina
2706 374 2918 429 occulta
2950 371 3153 470 ultione
3180 367 3535 470 postmodum
3563 369 3794 470 tidcata

519 493 802 550 eomitissa
839 490 1052 546 Beatrix
1077 489 1236 552 annis
1265 485 1574 558 quindecim
1620 480 1939 554 supervixit,
1967 476 2096 533 uni-

517 600 735 642 versam
767 583 1068 642 marchiam
1097 582 1198 636 rite
1232 580 1564 652 gubernans,
1582 576 1857 644 ﬁliamque
1881 569 2100 627 Matbil-

672 677 957 752 diligenter
985 673 1254 737 nutriens,
1281 671 1446 731 bonis
1469 685 1592 736 eam
1625 667 1872 724 moribus
1891 674 1946 720 et
1978 663 2094 718 vir-

514 748 722 842 tutibus
748 748 1080 825 informavit.
1107 765 1225 822 Duo
1251 763 1498 821 fundavit
1522 759 1876 826 monasteria,
1905 756 2097 826 Fraxi-

513 876 750 921 norense
813 860 1021 918 scilicet
1052 871 1133 924 .et
1185 858 1556 926 Canusinam,
1615 857 1831 926 illisque
1890 857 2094 927 praedia

511 969 711 1024 magna
730 953 972 1032 donavit.
985 953 1238 1024 Demum,
1252 951 1567 1006 inﬁrmitate
1586 959 1856 1019 correpta,
1881 947 2093 1006 decima

511 1055 703 1103 octava
749 1045 954 1117 Aprilis
991 1047 1102 1114 die,
1137 1061 1286 1105 anno
1321 1045 1511 1116 gratia:
1545 1041 1840 1098 millesimo
1875 1047 2093 1110 septua-e

509 1139 720 1208 gesitno
772 1147 946 1205 sexto,
986 1138 1222 1194 llenrico
1267 1146 1465 1208 quarto
1493 1137 1816 1206 imperante,
1863 1131 2093 1192 feliciter

508 1229 579 1286 ab
625 1230 732 1289 hac
766 1232 888 1292 luce
937 1231 1212 1302 migravit,
1269 1245 1470 1301 corpus
1527 1229 1649 1298 ejus
1699 1227 1844 1282 Pisis
1897 1225 2090 1282 condie

507 1329 626 1378 tum
649 1332 754 1378 est.

1105 1434 1335 1490 CAPUT
1376 1433 1488 1488 VH.

507 1526 586 1581 Bc
617 1529 763 1598 {ante
791 1529 1076 1588 comitium
1115 1527 1416 1592 Mat/u'ldis,
1439 1527 1574 1580 etde
1595 1526 1744 1596 {eum
1771 1535 1822 1579 et
1847 1525 2094 1594 opénimee

641 1637 644 1640 ~
1012 1639 1016 1643 .
1123 1599 1238 1670 ejus
1265 1599 1468 1653 mariti.

577 1690 854 1750 Matbildis
876 1690 1042 1763 igitur
1067 1691 1368 1757 comitissa,
1391 1689 1662 1746 defunctis
1685 1697 1838 1759 patre
1867 1686 2089 1742 Bonifa—

507 1783 594 1838 cio
625 1792 684 1842 et
719 1793 892 1841 matre
934 1783 1198 1851 Beatriee,
1234 1792 1353 1840 tum
1397 1798 1612 1840 morum
1644 1782 1934 1852 probitate,
1971 1789 2087 1835 tum

503 1875 926 1947 progenitorum'
965 1878 1224 1948 praeclara
1260 1877 1515 1947 prosapia
1566 1875 1756 1930 multis
1799 1875 1856 1928 iu
1905 1875 2092 1944 regnis

505 1975 636 2038 nota
657 1967 886 2024 ellieitur
911 1978 966 2024 et
983 1967 1220 2024 famosa.
1251 1967 1404 2024 Hanc
1431 1969 1577 2023 enim
1600 1968 1912 2022 Graecorum
1939 1966 2092 2036 prin-

513 2057 684 2128 eipes,
713 2058 1162 2130 Alemannorum,
1187 2060 1526 2128 Russonum,
1555 2059 1856 2126 Saxonum,
1905 2058 2094 2114 Friso—

505 2166 660 2218 num,
696 2151 1090 2221 Arvernorum,
1126 2152 1458 2220 Vasconum,
1496 2153 1856 2220 Francorum,
1885 2151 2091 2208 Lethe-

502 2242 788 2315 ringorum
819 2253 873 2301 et
902 2243 1308 2300 Britanniorum
1341 2245 1530 2300 multis
1560 2245 1891 2300 extollebant
1913 2245 2094 2301 laudi-

501 2332 628 2398 bus.
655 2344 710 2393 et
735 2336 908 2392 multa
937 2337 1046 2392 sibi
1087 2337 1231 2392 dona
1271 2337 1734 2393 transmittebant.
1778 2336 1921 2392 Inter
1949 2353 2092 2410 quos

501 2426 728 2484 Alexius
751 2426 1091 2496 Graecorum,
1111 2439 1169 2485 et
1191 2430 1615 2486 Alemannorum
1641 2445 1796 2502 reges
1817 2430 1938 2500 ejus
1957 2447 2092 2488 con-

499 2519 716 2591 jugium
735 2522 1028 2591 petierunt,
1047 2532 1101 2578 et
1121 2523 1446 2594 aliiquoque
1471 2523 1628 2578 multi
1649 2523 1897 2593 praeclari
1919 2523 2091 2581 duces

503 2621 557 2667 et
580 2614 876 2685 principes,
920 2615 1120 2686 quibus
1168 2616 1398 2686 placide,
1430 2631 1538 2673 non
1575 2624 1756 2670 tamen
1799 2615 2092 2672 edicaeitcr

503 2707 896 2776 respondebat;
937 2709 1054 2764 haec
1099 2709 1246 2764 enim
1291 2724 1505 2780 semper
1541 2717 1660 2764 erat
1701 2707 1840 2765 facie
1871 2709 2090 2776 hilaris,

503 2808 686 2854 mente
737 2800 950 2870 quieta,
1003 2815 1344 2872 corporcque
1405 2802 1634 2868 decora;
1691 2801 2084 2870 Teutonieam,

500 2888 898 2964 Francigenam
919 2902 973 2948 et
988 2893 1404 2950 Lombardicam
1430 2895 1632 2965 optime
1655 2895 2086 2966 novitliuguam.

500 2979 648 3037 Inter
695 2993 1028 3057 craterasque
1077 2988 1330 3044 nationes
1378 2986 1515 3042 imit
1579 3003 1766 3044 amore
1809 2988 2090 3058 prmeipuo

501 3071 860 3134 Lombardos.
893 3077 969 3134 De
995 3079 1114 3135 viro
1143 3089 1325 3138 autem
1361 3081 1532 3152 hujus
1550 3082 1844 3139 comitissa:
1868 3081 2086 3137 Mathil-
2113 3109 2156 3162 (τ

501 3165 588 3238 dis
629 3178 806 3226 exstat
852 3170 912 3240 in
948 3172 1144 3230 dubio.
1170 3173 1278 3230 Per
1317 3174 1434 3229 haec
1467 3173 1616 3230 enim
1654 3173 1823 3230 verba
1868 3173 2084 3232 videtur

501 3258 670 3328 hujus
723 3262 964 3319 historia:
1011 3265 1246 3336 scriptor
1295 3267 1524 3322 innuere
1573 3267 1911 3323 eomitissam
1941 3269 2084 3322 hanc

499 3367 612 3422 non
659 3355 917 3413 habuisse
961 3359 1241 3426 maritum,
1275 3376 1400 3416 cum
1438 3360 1495 3416 in
1529 3360 1884 3430 sequentibus
1915 3361 2084 3418 etiam

499 3451 647 3521 quod
671 3451 946 3519 habuerit,
960 3454 1046 3509 vel
1070 3453 1210 3510 ﬁlios
1242 3455 1508 3525 genuerit,
1531 3456 1733 3512 nullam
1769 3455 1900 3510 facit
1923 3471 2084 3512 men-

501 3543 728 3602 tionem.
776 3544 1048 3609 Seribitur
1099 3554 1278 3602 tamen
1307 3547 1363 3602 in
1394 3547 1535 3602 libro
1571 3547 1664 3618 qui
1691 3547 1892 3604 dicitur
1912 3547 2082 3618 Copia

503 3633 810 3708 Landulphi
853 3637 920 3693 de
954 3635 1012 3692 S.
1045 3635 1240 3704 Paulo,
1263 3639 1410 3709 quod
1439 3639 1507 3694 ad
1533 3654 1811 3695 secessum
1836 3639 2084 3699 residens

499 3723 610 3779 dux
654 3727 876 3797 quidam
933 3728 1154 3784 nomine
1189 3727 1528 3797 Gotbl‘ridus,
1590 3730 1860 3789 Gothfridi
1914 3731 2082 3800 illius,

499 3817 680 3886 gladio
719 3818 1008 3876 confossus
1055 3820 1283 3886 interiit,
1311 3821 1542 3893 conjuge
1565 3823 1751 3880 relicta
1800 3821 2080 3890 Mathilda,

501 3907 772 3966 Bonifacii
795 3927 859 3966 ae
884 3911 1148 3968 Beatrici-s
1174 3913 1466 3971 admodum
1491 3915 1797 3973 clarissima
1820 3917 1958 3984 tilia;
1985 3932 2084 3987 per

501 4002 650 4070 quod
697 4004 944 4059 nascitur
969 4005 1118 4075 quod
1166 4005 1282 4060 haec
1319 4007 1598 4064 comitissa
1639 4007 1800 4064 alicui
1828 4009 1945 4064 viro
1973 4025 2081 4063 nu-

496 4095 688 4165 pserit,
743 4097 872 4152 huic
918 4098 1126 4156 scilicet
1171 4097 1480 4155 Gotlit‘rido.
1533 4100 1630 4156 Est
1673 4110 1730 4156 et
1770 4101 2080 4172 aliquorum

501 4187 686 4256 opinio
714 4189 857 4258 quod
901 4189 1000 4252 iste
1031 4190 1352 4248 Gotht'ridus
1387 4193 1498 4250 tiu:
1541 4193 1707 4249 fuerit
1733 4192 2080 4264 Spoletanus,

500 4291 814 4348 quanquam
841 4281 897 4333 in
927 4282 1115 4338 eadem
1143 4282 1312 4352 Copia
1347 4284 1468 4352 ejus
1495 4301 1604 4338 nou
1637 4285 1953 4342 nominetur
1978 4287 2083 4341 dun

501 4372 676 4421 catus.
694 4367 1046 4438 Scribitenim
1061 4373 1576 4436 ElartiuusPolonus
1593 4374 1647 4430 in
1661 4373 1932 4431 Chronica
1955 4392 2080 4444 sua,

2199 467 2421 533 marito,
2460 466 2680 536 filioque
2729 479 2792 518 ca
2833 463 3126 536 superstite
3163 461 3614 542 privata,_multis
3632 462 3795 532 prius

2194 557 2462 624 bellorum
2509 555 2852 626 conﬂictibus
2895 547 2952 610 et
2989 554 3376 612 adversitatum
3425 553 3676 610 stimulis
3712 554 3786 609 la-

2195 649 2414 716 cessita,
2440 658 2498 704 ut
2517 639 2721 719 patebit
2743 647 2798 701 in
2825 646 3260 718 sequentibus,et
3281 660 3508 700 suorum
3533 645 3798 702 ultimam

2195 738 2520 808 decessisse,
2555 747 2608 794 et
2634 755 2734 810 pro
2756 754 2875 794 sua:
2897 737 3142 793 remedio
3165 738 3362 793 animae
3381 752 3507 807 quae
3531 739 3795 808 posside-

2195 831 2672 902 batapostolorum
2691 829 2960 902 elarigero
2981 829 3282 900 reliquisse.
3303 827 3581 884 Scribitur
3600 837 3797 886 autem

2193 922 2248 977 in
2278 921 2418 978 libro
2446 923 2542 994 qui
2581 921 2778 978 Darius
2812 919 3132 993 appellatur,
3172 921 3318 994 quod
3347 922 3467 977 haec
3498 922 3794 977 comitissa

2193 1013 2470 1071 Mathildis
2493 1031 2616 1070 cum
2652 1013 2767 1086 jam
2793 1013 3008 1069 duobus
3042 1012 3308 1069 fratribus
3329 1014 3621 1080 emortuis,
3641 1028 3790 1084 quos

2194 1106 2412 1163 llenrici
2437 1105 2784 1178 imperatoris
2809 1105 3104 1162 calliditate
3129 1105 3344 1162 occisos
3367 1105 3485 1162 fore
3505 1105 3788 1173 credebat,

2192 1215 2360 1270 seque
2391 1199 2565 1255 solam
2591 1200 2785 1254 videns
2826 1199 3198 1270 superstitem,
3233 1207 3487 1270 serpente
3523 1197 3620 1270 qui
3647 1197 3788 1254 olim

2192 1292 2556 1364 protoplastos
2583 1291 2636 1346 in
2661 1291 2916 1362 paradiso
2937 1289 3035 1345 Dei
3056 1290 3269 1362 decepit
3288 1290 3785 1360 callidior,ipsum-

2192 1399 2298 1453 que
2344 1398 2597 1454 quaerens
2630 1383 3017 1454 imperatorem
3063 1398 3094 1438 a
3146 1397 3315 1454 regno
3365 1381 3588 1454 privare
3638 1382 3790 1438 dolis

2191 1475 2555 1542 acutissimis,
2590 1491 2702 1530 non
2737 1475 2908 1532 armis
2955 1475 3235 1540 laborans,
3283 1475 3521 1546 septimo
3549 1475 3787 1532 adhaesi:

2190 1566 2472 1638 Gregorio,
2521 1567 2614 1639 qui
2662 1567 2817 1640 prius
2861 1566 3216 1638 lldeprandts
3255 1567 3440 1624 dictus
3490 1575 3604 1622 est.
3647 1565 3786 1635 Quae

2191 1675 2316 1714 cum
2357 1660 2536 1714 adhuc
2571 1659 2726 1730 virgo
2755 1658 3015 1730 Gigoncm
3058 1659 3237 1714 virum
3286 1658 3783 1730 prudentissimum

2124 1747 2163 1802 B
2187 1748 2618 1812 Nortbimandiae
2638 1749 2832 1807 ducem
2849 1752 3095 1807 duxisset
3120 1752 3174 1806 in
3200 1752 3480 1818 maritum,
3496 1767 3786 1822 perannos

2192 1859 2400 1914 paucos
2429 1859 2616 1900 secum
2640 1852 2870 1911 morata,
2903 1859 3068 1914 super
3097 1859 3154 1899 se
3177 1845 3290 1915 jam
3314 1845 3588 1916 pwnitens
3611 1845 3786 1900 alicu-

2185 1931 2279 2002 jus
2319 1931 2520 1988 habere
2567 1933 2896 2001 dominium,
2932 1934 3164 1989 consilio
3208 1933 3344 1989 inito
3389 1950 3522 1990 cum
3554 1937 3781 1997 vernula

2191 2021 2294 2075 sibi
2321 2021 2662 2089 ﬁdelissima,
2694 2023 2982 2093 ipsumque
3014 2023 3080 2077 ad
3111 2023 3358 2078 cloacam
3401 2040 3572 2094 super
3599 2024 3781 2080 lacum

2192 2113 2466 2168 sedentem
2495 2128 2593 2184 per
2617 2128 2898 2169 secessum
2923 2113 3172 2168 immisso
3193 2129 3326 2169 ense
3357 2113 3487 2169 fecit
3515 2114 3776 2169 interimi.

2190 2203 2327 2259 Cum
2353 2213 2536 2260 autem
2571 2205 2741 2260 robur
2765 2219 2796 2259 a
2827 2201 3026 2260 Tuscia
3068 2221 3241 2276 usque
3273 2204 3510 2260 Rectam
3550 2208 3779 2262 comita-

2189 2306 2281 2353 tus
2329 2297 2412 2352 sui
2466 2297 2582 2352 fere
2619 2299 2735 2353 sola
2773 2306 3072 2366 exerceret,
3111 2306 3382 2368 pactoque
3410 2300 3780 2354 sceretissim0

2191 2391 2378 2446 habito
2419 2406 2546 2445 eum
2595 2391 2786 2445 eodem
2837 2388 3176 2460 lldeprande,
3223 2389 3482 2447 Ecclesia
3521 2389 3780 2445 Romam:

2192 2491 2322 2538 tunc
2345 2483 2596 2548 diacono,
2629 2497 2730 2537 nec
2759 2497 2868 2536 non
2900 2486 3024 2536 cum
3061 2481 3485 2552 quamplurimis
3507 2479 3776 2551 religiosis

2191 2591 2219 2630 a
2257 2573 2459 2629 ﬁnibus
2498 2573 2681 2627 Albini
2721 2580 2776 2626 et
2817 2569 3017 2625 Bullini
3082 2571 3310 2641 sparsis,
3345 2581 3624 2642 quatenus
3657 2570 3776 2625 sine

2191 2681 2462 2720 consensu
2487 2663 2831 2734 imperatoris
2858 2663 2912 2716 in
2934 2663 3245 2733 pontificem
3271 2661 3586 2717 Romanum
3607 2662 3770 2733 elige-

2189 2764 2333 2821 rent,
2357 2764 2418 2810 ut
2437 2760 2854 2810 consecraretur
2883 2768 3104 2824 operam
3145 2751 3313 2807 dedit.
3362 2752 3470 2807 Sed
3501 2768 3572 2807 ne
3593 2767 3772 2807 sermo

2189 2861 2432 2917 praesens
2451 2845 2701 2900 videatur
2728 2853 2976 2900 mortuos
2991 2860 3121 2913 accu
3130 2859 3272 2910 sare,
3293 2844 3364 2898 ad
3385 2843 3772 2914 subsequentia

2190 2939 2536 3008 procedatur.

2769 3047 2998 3104 CAPIT
3039 3047 3168 3102 Vill.

2188 3122 2264 3176 De
2308 3139 2436 3192 pace
2478 3122 2620 3191 facta
2659 3137 2752 3191 per
2790 3122 3113 3174 comitissam
3146 3120 3285 3173 inter
3313 3129 3682 3188 nupera:ch
3718 3125 3768 3172 et

2979 3207 3090 3244 am.

2979 3207 3090 3244 am.

2256 3283 2386 3338 Post
2397 3289 2627 3338 mortem
2647 3281 2833 3352 itaque
2853 3207 3045 3336 Satiris
3055 3280 3352 3335 cornitissze
3372 3277 3770 3336 llathihlisdis-

2184 3366 2441 3428 currbnte
2467 3372 2752 3442 famaper
2791 3373 2983 3427 orbem
3015 3385 3201 3441 regem
3266 3368 3566 3426 Henrico
3613 3372 3769 3441 hujus

2184 3463 2428 3522 nominis
2458 3463 2550 3531 IV,
2578 3462 2900 3519 lldebrando
2923 3462 3302 3518 consentiente
3317 3503 3339 3529 ,
3363 3463 3468 3532 qui
3492 3472 3551 3518 et
3570 3461 3771 3534 thege-

2183 3557 2302 3612 rius
2329 3554 2437 3622 V'll,
2462 3571 2588 3610 cum
2613 3556 2731 3610 suis
2752 3554 3086 3619 fautoribus,
3103 3569 3250 3608 anno
3279 3553 3534 3623 ejusdem
3561 3553 3769 3610 [le-tiri

2182 3647 2446 3719 vigesimo
2488 3647 2690 3716 primo,
2723 3645 2826 3716 qui
2863 3645 2968 3702 fuit
2997 3661 3094 3703 an.
3122 3643 3286 3700 Dom.
3331 3643 3502 3712 {077,
3525 3658 3562 3698 ι
3589 3641 3774 3701 matris

2183 3737 2444 3794 Ecclesiae
2469 3746 2673 3792 sanctae
2689 3738 2900 3807 gremio
2917 3734 3659 3808 segregatnm,etAlemanni
3673 3737 3772 3792 duo

2183 3843 2294 3896 ces,
2322 3828 2530 3885 scilicet
2559 3827 2920 3894 Bertholdus,
2948 3826 3272 3898 Rodnlphus
3288 3834 3344 3882 et
3367 3825 3622 3898 Uuelpho
3651 3843 3769 3882 cum

2182 3922 2370 3976 multis
2417 3921 2714 3977 comitibus
2767 3929 2822 3974 et
2875 3919 3146 3990 episc0pis
3194 3919 3264 3974 ah
3297 3919 3427 3990 ejus
3460 3935 3524 3975 se
3563 3928 3774 3974 traxere

2182 4014 2461 4071 consortio
2480 4055 2496 4080 ,
2528 4028 2655 4069 eum
2678 4013 2848 4067 multa
2875 4011 3098 4067 infamia
3120 4011 3474 4076 denotantes;
3500 4013 3650 4082 quod
3672 4013 3770 4066 im-

2180 4111 2399 4171 perator
2427 4116 2752 4174 agnoscens,
2769 4102 2838 4158 ad
2859 4101 3245 4158 consobrinam
3269 4117 3426 4156 suam
3449 4101 3774 4158 Mathildam

2181 4195 2516 4260 comitissam
2549 4193 2815 4250 illustrem
2844 4194 3072 4250 nuntios
3097 4193 3299 4250 (Erexit
3317 4235 3333 4260 ,
3353 4203 3416 4250 ut
3436 4195 3562 4263 ipsa
3591 4195 3772 4250 consi-

2180 4287 2315 4342 lium
2357 4285 2672 4356 exquireret
2733 4286 3141 4356 propterqqu
3203 4300 3340 4356 papa
3388 4285 3770 4342 Lomhardiam

2179 4387 2516 4450 properaret,
2534 4377 3186 4450 promittenssatisfacere
3206 4377 3275 4432 de
3285 4377 3626 4433 commissis.
3639 4377 3772 4432 Prae

503 4458 646 4526 quod
673 4457 1332 4532 Gotbl‘ridusSpoletanus
1350 4465 1458 4520 dux
1483 4473 1539 4520 et
1557 4467 1839 4526 comitissa
1863 4466 2080 4522 Mathil-
2110 4461 2154 4516 Β
2179 4477 2408 4526 curante
2439 4469 2606 4539 igitur
2632 4469 2821 4524 eadem
2863 4468 3151 4523 comitissa
3181 4467 3486 4524 honoriﬁce
3511 4469 3770 4538 sumit.

501 4549 798 4614 disdevota
823 4551 932 4619 (ilia
953 4555 1130 4610 sancti
1155 4553 1325 4636 Petri,
1343 4554 1708 4622 Nortmannos
1731 4560 2038 4629 expulerint
2059 4581 2078 4618 ι

501 4643 600 4712 qui
652 4644 708 4698 in
751 4643 1127 4715 prtejudicium
1155 4644 1446 4713 Ecclesia,
1479 4647 1786 4706 Alexandro
1811 4667 1952 4722 papa
1985 4668 2076 4708 se-

501 4736 682 4800 cnndo
733 4736 1056 4808 praesidente
1098 4737 1320 4794 natione
1375 4738 1798 4809 Mediolanense,
1849 4759 2076 4814 regnum

501 4824 720 4897 Apuliae
743 4828 1083 4896 invaserunt,
1118 4838 1172 4896 et
1199 4831 1336 4886 lines
1365 4829 1678 4902 Campania
1700 4834 2076 4892 devastabaut.

503 4915 662 4988 Ponit
700 4933 918 4990 quoque
963 4917 1200 4988 Iacobus
1229 4921 1296 4977 de
1338 4921 1628 4994 Varagine,
1671 4926 1791 4990 0rd.
1825 4925 2077 4982 Fratrum

501 4999 874 5079 Praedicatorg
895 5001 1342 5084 archiepiscopus
1367 5013 1684 5083 Januensis,
1715 5017 1772 5071 in
1809 5017 2080 5084 Clu-unica

504 5115 627 5170 sua,
645 5091 936 5170 quod’haee
961 5101 1218 5172 llatbilda
1246 5107 1441 5162 tradita
1475 5109 1692 5179 nuptui,
1715 5125 1841 5166 cum
1870 5110 1937 5164 de
1964 5110 2083 5164 viro

504 5207 610 5267 suo
636 5190 1128 5270 ﬁlium'genuisset,
1155 5206 1373 5266 prapter
1397 5199 1614 5257 dolores
1637 5216 1780 5271 quos
1819 5201 1874 5256 in
1921 5210 2083 5271 partu

505 5287 784 5344 senserat,
821 5279 996 5350 noluit
1049 5295 1236 5352 postea
1274 5289 1391 5344 viro
1431 5306 1532 5346 suo
1575 5293 1860 5364 conjungi;
1890 5293 2083 5364 sicque

2181 4562 2274 4616 ubi
2300 4563 2466 4616 etiam
2509 4560 2806 4630 imperator
2834 4559 3108 4615 Henricus
3149 4557 3342 4614 adfuit.
3384 4558 3444 4614 In
3481 4561 3770 4630 praesentia

2183 4651 2350 4724 igitur
2373 4653 2760 4722 episcoporum
2779 4660 2832 4707 et
2860 4651 3196 4721 principum,
3219 4650 3362 4706 inter
3380 4666 3530 4720 quos
3545 4660 3667 4706 em
3683 4665 3772 4714 re:

2185 4743 2446 4807 nerabilis
2467 4741 2585 4815 Ugo
2621 4741 3004 4798 Cluniacensis
3031 4741 3222 4806 abbas,
3254 4741 3612 4810 imperatoris
3635 4740 3772 4796 flen-

2183 4835 2282 4891 rici
2325 4835 2380 4890 in
2415 4835 2634 4890 lavacro
2655 4842 2808 4904 pater
2829 4875 2846 4899 ,
2869 4833 2937 4888 de
2965 4848 3099 4903 pace
3125 4832 3484 4888 tractabatur.-
3527 4831 3769 4901 Cumque

2183 4927 2362 4982 tribus
2387 4927 2502 4997 jam
2543 4941 2708 4996 super
2737 4925 2827 4982 his
2853 4925 3106 4980 decursis
3131 4923 3352 4989 diebus,
3384 4923 3602 4980 nullum
3627 4922 3769 4993 pacis

2189 5025 2452 5074 tractatus
2491 5017 2783 5074 sortiretur
2833 5014 3084 5073 eﬂ'ectum
3104 5055 3121 5080 ,
3173 5014 3472 5084 imperator
3523 5013 3766 5072 abbatem

2188 5108 2434 5180 ligonem
2468 5107 2760 5164 humiliter.
2779 5105 3104 5176 deprecatus
3132 5112 3220 5162 est
3253 5112 3314 5158 ut
3349 5103 3458 5160 sibi
3500 5119 3606 5174 pro
3644 5116 3766 5174 pace

2187 5198 2478 5269 ﬁdejussor
2500 5197 2740 5264 existat;
2773 5195 2922 5266 quod
2957 5195 3047 5250 ille
3077 5193 3182 5250 sibi
3213 5208 3324 5248 non
3351 5193 3521 5250 licere
3550 5208 3766 5262 τρίβρ-
3802 5209 3806 5212 ·

2187 5291 2346 5357 deus,
2366 5299 2556 5346 astans
2573 5288 2853 5344 cornitissa
2873 5301 2973 5358 pro
2995 5285 3322 5354 imperatore
3341 5283 3764 5355 preeesingemio
