3984 5380
179 247 339 306 1049

1078 247 1365 305 ΑΡΡΕΝΙ).
1404 248 1493 306 ΠΙ.
1530 280 1604 294 --
1639 250 2075 310 BIONUMENIA
2110 254 2576 313 GREGORIANA.

3339 256 3478 312 ιυεο

175 378 300 433 que
341 362 658 434 supplicitu
710 362 944 419 allocuta
969 404 984 430 ,
1028 365 1245 420 tandem
1283 366 1494 422 annuit.
1540 364 1782 424 Credidit
1809 367 1855 405 ιι
1892 375 1976 423 tes
1997 369 2230 426 absolvit
2250 370 2319 426 ab
2340 370 2655 427 inﬁdelitate
2682 380 2737 425 et
2764 370 3024 441 perjurio.
3057 370 3215 438 Quod
3245 370 3477 441 impexa»

173 454 379 510 verbis
400 455 542 525 ejus,
574 455 836 526 petiitque
859 464 920 510 ut
944 455 1050 511 sibi
1075 466 1131 511 et
1159 456 1419 515 Ecclesiae
1440 458 1701 515 Romana;
1719 460 1790 515 ab

176 548 316 619 ipso
365 550 694 621 imperatore
736 549 1012 606 tldelitatis
1057 552 1429 607 ’uramentum
1479 562 1785 624 praestetur.

174 640 502 713 Imperator
527 644 709 714 itaque
742 644 810 699 ad
832 643 1182 714 prresentiam
1208 660 1361 716 papa:
1377 646 1540 702 nudis
1561 647 1791 718 pedibus

172 748 361 809 super
390 735 571 791 nivem
597 744 652 791 et
668 736 893 806 glaciem
927 735 1183 792 incedens
1206 737 1354 792 venit
1370 780 1384 803 ,
1412 748 1467 793 et
1486 739 1542 793 in
1565 739 1787 795 modum

173 827 377 883 crucis
415 843 476 884 se
512 826 567 883 in
613 837 814 885 terram
845 836 972 884 ante
1008 829 1175 899 pedes
1215 829 1490 900 pontificis
1521 830 1738 901 jactans
1771 845 1787 883 :

172 917 384 985 Parce,
426 919 624 992 inquit,
652 921 970 977 beatissime
1002 920 1186 989 Pater,
1221 939 1402 993 parce.
1439 922 1612 995 Cujus
1648 941 1789 996 papa

171 1013 482 1080 praesentia
512 1014 863 1069 miseratione
887 1022 1071 1069 motus
1090 1056 1106 1082 ,
1134 1014 1431 1081 benedixit,
1453 1023 1509 1070 et
1541 1016 1608 1071 ad
1638 1017 1789 1087 pacis

171 1106 444 1160 osculum
500 1104 751 1173 admisit,
790 1106 1069 1177 missaque
1116 1106 1434 1169 solemniter
1472 1108 1787 1177 decantata,

173 1199 444 1268 corporis
472 1207 528 1253 et
555 1198 840 1271 sanguinis
870 1199 1088 1254 Domini
1124 1200 1299 1255 nostri
1331 1198 1461 1256 Iesu
1494 1199 1699 1257 Christi
1732 1202 1788 1257 in

171 1290 340 1358 pacis
383 1298 440 1345 et
466 1292 775 1346 concordiae
821 1291 1039 1362 signum
1078 1306 1205 1346 eum
1240 1291 1370 1347 fecit
1404 1293 1790 1349 communione

172 1381 599 1452 participem,et
625 1384 678 1437 in
706 1399 888 1439 arcem
906 1383 1240 1440 Canusinam
1251 1401 1377 1440 eum
1388 1386 1789 1443 deduxitmira-

172 1472 372 1528 biliter
420 1475 772 1532 collaztantes.
831 1474 1030 1547 Sicque
1086 1475 1358 1534 Ilathilda:
1409 1494 1605 1551 magna
1658 1495 1792 1549 pru-

174 1564 372 1619 dentia
396 1566 738 1621 consolidata
762 1574 891 1622 sunt
922 1566 1064 1621 inter
1086 1566 1470 1638 imperatorem
1506 1576 1562 1623 et
1590 1584 1787 1639 papam

174 1656 342 1725 pacis
370 1655 602 1724 foedera,
640 1658 827 1714 invitis
852 1666 1031 1714 tamen
1049 1659 1381 1729 quibusdam
1414 1659 1706 1730 episcopis,
1733 1669 1789 1716 et

175 1746 237 1803 in
282 1747 386 1803 lite
438 1750 786 1806 manentibus
808 1793 823 1817 ,
885 1760 1048 1820 prout
1100 1750 1493 1822 subsequentia
1541 1752 1790 1808 declara-

174 1835 342 1892 bunt.

808 1930 1040 1988 CAPUT
1078 1933 1171 1989 IX.

179 2050 438 2126 Qualiter
462 2068 606 2123 papa
635 2061 689 2107 et
722 2054 1019 2126 comitiua,
1054 2056 1396 2125 imperatoris
1430 2056 1534 2126 ﬁde
1557 2068 1784 2125 mutata,

260 2123 494 2176 insidias
521 2133 818 2191 evaserunt,
845 2134 895 2179 et
918 2125 1020 2179 sibi
1048 2135 1097 2180 et
1127 2123 1239 2181 suis
1269 2123 1535 2182 adversati
1558 2140 1702 2185 sunt.

249 2235 391 2293 Post
413 2238 534 2293 haec
556 2237 872 2308 imperator,
897 2255 1036 2311 papa
1051 2239 1281 2297 dimisso
1306 2242 1359 2296 in
1381 2242 1579 2313 oppido
1604 2244 1788 2300 Canu-

178 2329 329 2396 sino,
355 2329 589 2402 Regium
636 2332 897 2402 perrexit,
942 2348 1108 2402 quam
1138 2332 1413 2389 civitatem
1446 2336 1671 2406 quidam
1693 2336 1788 2392 de-

178 2422 598 2494 populabantur
630 2422 899 2494 episcopi,
924 2424 1176 2480 vi‘delicet
1201 2424 1790 2493 Mutinensis,Cremo—

181 2516 381 2575 pensis
407 2522 462 2571 et
487 2514 875 2585 Bononiensis,
908 2517 975 2573 de
1001 2533 1134 2588 pace
1174 2519 1318 2573 inter
1364 2536 1562 2590 papam
1592 2528 1646 2575 et
1677 2520 1785 2577 im-

178 2618 500 2679 peratorem
542 2608 844 2678 plurimum
884 2618 1213 2666 metuentes.
1274 2609 1374 2667 His
1427 2619 1546 2665 erat
1593 2620 1788 2667 auctor

182 2700 489 2758 Guibcrtus
514 2700 961 2772 archiepiscopus
986 2700 1385 2767 Ravennensis,
1411 2702 1633 2758 natione
1652 2701 1788 2758 Par-

180 2793 415 2859 mensis,
442 2793 527 2847 vir
562 2793 762 2850 nobilis
799 2801 853 2849 et
875 2803 1121 2862 astutus;
1158 2794 1250 2851 hic
1284 2803 1465 2851 autem
1490 2796 1786 2866 imperato-

181 2883 261 2940 ris
289 2894 533 2938 mentem
567 2884 703 2940 adeo
724 2886 984 2954 pervertit
1014 2901 1044 2940 a
1083 2902 1242 2957 papa,
1270 2895 1328 2941 ut
1350 2887 1416 2942 de
1451 2888 1602 2958 pacis
1629 2904 1786 2943 eom-

184 2974 462 3042 positione
500 2974 773 3044 pmnitens
796 2990 993 3045 papam
1024 2977 1337 3046 conceperit
1366 2977 1661 3047 captivare.
1687 2977 1785 3034 Die

1892 469 1980 516 tor
2008 477 2313 531 agnoscens
2346 479 2473 519 cum
2516 462 2694 518 valido
2730 463 2970 519 exercitu
3002 463 3224 525 intravit
3245 461 3475 531 Italiam,

1889 566 2123 625 eamque
2158 564 2504 628 pervagatus,
2558 555 2781 612 castella
2811 554 2971 626 fregit
3017 564 3072 611 et
3099 557 3330 627 oppida;
3360 556 3477 613 sola

1891 654 2075 701 tamen
2100 647 2152 702 ei
2181 648 2381 703 restitit
2419 648 2698 704 comitissa
2729 647 3021 704 Mathildis.
3062 646 3268 704 Contra
3309 661 3478 719 quam

1890 739 2187 809 imperator
2221 753 2417 812 magna
2446 741 2811 797 exardescens
2836 741 2890 795 in
2923 741 3026 807 ira,
3058 741 3263 797 excitat
3285 742 3480 799 advera-

1890 847 1987 888 sus
2009 848 2128 887 eam
2157 830 2363 902 praelia,
2389 840 2741 902 terroresque
2781 832 3056 898 immittit,
3086 840 3142 887 et
3162 832 3480 889 obsidiones

1890 923 2165 991 minatur;
2210 923 2306 979 sed
2359 937 2485 978 cum
2539 922 2715 978 eidem
2776 923 3072 979 comitissae
3114 922 3482 979 innumerabi-

1890 1013 1961 1069 lia
1995 1022 2180 1070 essent
2223 1013 2494 1084 praesidia,
2524 1014 2594 1069 ab
2628 1013 2976 1084 imperatoris
3030 1014 3481 1086 oppressionibus

1889 1120 2107 1175 semper
2133 1114 2357 1161 strenue
2380 1121 2440 1162 se
2470 1104 2748 1161 defendit:
2778 1106 2926 1176 quod
2957 1106 3250 1178 imperator
3282 1106 3479 1163 adver-

1890 1203 2032 1263 tens,
2052 1212 2179 1251 mox
2205 1197 2517 1268 properavit
2535 1197 2604 1252 ad
2628 1196 2853 1264 Urbem,
2877 1212 3063 1268 quam,
3091 1214 3215 1254 cum
3239 1198 3343 1255 sibi
3366 1213 3478 1253 non

1890 1288 2292 1358 obtemperaret
2321 1289 2390 1343 ad
2417 1298 2628 1357 votum,
2660 1288 2949 1345 obsidione
2977 1289 3218 1355 vallavit,
3249 1303 3481 1359 eamque

1889 1380 2253 1450 depopulatus
2287 1390 2391 1447 est,
2440 1389 2497 1436 et
2535 1381 2740 1438 muenia
2776 1380 2949 1437 multa
2985 1380 3219 1451 dirupit;
3268 1388 3478 1451 postea,

1892 1469 2038 1527 Urbe
2065 1472 2308 1540 obtenta,
2335 1473 2526 1528 statuit
2543 1472 2600 1528 in
2627 1488 2712 1540 ea,
2730 1482 2792 1528 ut
2804 1473 3012 1529 dictum
3033 1479 3138 1539 est,
3157 1471 3480 1527 Guibertum

1891 1565 2203 1635 antipapam
2246 1564 2578 1621 Clementem
2628 1566 2977 1637 appellatum.
3016 1563 3310 1636 Gregorius
3348 1578 3480 1618 vero

1891 1673 2029 1728 papa
2045 1658 2648 1729 hisgraviteroﬂensus,
2667 1657 2962 1713 Rohertnm
2976 1656 3257 1712 Guiscardi
3272 1654 3481 1726 Apulia:

1889 1750 2175 1805 dominum
2205 1750 2260 1805 in
2285 1751 2447 1806 suum
2476 1751 2740 1805 auxilium
2768 1750 3034 1805 evocavit.
3061 1748 3235 1816 Quem
3262 1764 3387 1805 cum
3412 1749 3480 1803 de

1887 1840 2085 1912 Apulia
2114 1842 2422 1897 venientem
2445 1841 2740 1912 imperator
2771 1840 3035 1905 audisset,
3079 1842 3150 1897 ab
3187 1840 3332 1896 Urbe
3365 1840 3480 1895 dis-

1888 1934 2071 1990 cessit.
2126 1932 2233 1989 Sed
2282 1932 2579 1991 Guibcrtus
2623 1935 2899 2004 antipapa,
2934 1935 3174 2005 praemiis
3226 1940 3281 1988 et
3317 1932 3479 1988 donis

1884 2026 2273 2097 imperatorem
2313 2027 2578 2093 alliciens,
2597 2026 2842 2082 invasam
2879 2022 3024 2082 sedis
3052 2026 3365 2097 apostolica:
3386 2040 3481 2080 ca-

1887 2118 2136 2174 thedram
2158 2118 2464 2186 detinebat;
2491 2120 2585 2189 qui
2607 2119 2888 2189 pravitatis
2917 2119 3187 2174 haeretica:
3213 2119 3371 2174 limes
3396 2116 3479 2173 ef-

1887 2207 2085 2274 fectus,
2114 2209 2319 2264 multos
2348 2209 2405 2262 in
2441 2207 2588 2264 Urbe
2608 2217 2663 2264 et
2690 2210 2822 2265 orbe
2853 2210 3061 2280 pariter
3092 2210 3322 2265 vitiavit.
3357 2207 3481 2280 Ipse

1885 2300 2055 2365 enim,
2072 2300 2257 2356 divina
2288 2300 2541 2355 mandata
2568 2316 2858 2372 sepoucns,
2891 2303 3036 2374 leges
3056 2318 3243 2358 sacras
3266 2316 3479 2374 praeva-

1887 2392 2116 2461 ricahat,
2140 2390 2237 2449 Dei
2262 2393 2536 2449 Ecclesiae
2559 2394 2893 2449 destruebat.
2913 2394 3237 2466 Gregorium
3260 2407 3481 2465 quoque

1888 2501 2085 2556 papam
2118 2486 2379 2541 severiter
2406 2493 2749 2554 persecutus,
2774 2486 2977 2541 multos
3006 2487 3294 2555 episcopos
3319 2492 3375 2539 et
3397 2484 3482 2537 vi-

1888 2591 1983 2632 ros
2018 2578 2318 2633 catholicos
2348 2576 2533 2647 ﬂagris
2567 2578 2778 2643 amixit,
2809 2586 2864 2633 et
2906 2594 3190 2634 carcerum
3224 2578 3482 2648 squalore

1888 2668 2205 2734 maceravit,
2236 2668 2503 2738 imperiali
2538 2666 2724 2723 favore
2745 2668 3021 2724 suffultus.

2510 2802 2739 2858 CAPUT
2777 2803 2847 2861 Χ.

1887 2897 1964 2953 De
1991 2898 2236 2953 thesauro
2260 2915 2421 2970 quem
2459 2898 2603 2952 misit
2651 2915 2790 2970 papa
2815 2896 3182 2970 prochrlesia
3205 2895 3479 2954 Canusina

2155 2969 2226 3023 ad
2248 2967 2561 3022 instantiam
2593 2967 2876 3024 comitiast
2903 2967 3199 3021 Mathildis.

186 3065 355 3135 igitur
375 3064 409 3118 6
437 3080 505 3122 ex
535 3080 648 3137 quo
675 3066 1004 3123 discesserat
1040 3084 1070 3123 a
1112 3084 1250 3138 papa
1292 3068 1651 3127 Bibianellum
1700 3086 1787 3125 re-
1813 3067 1857 3125 C
1958 3058 2106 3115 Ῑηῐθι·
2136 3061 2252 3116 lucc
2284 3060 2561 3116 comitissa
2594 3059 2891 3127 MathildiS,
2937 3060 3027 3131 pio
3055 3061 3220 3116 corde
3242 3059 3484 3131 ﬂagrans

186 3154 412 3221 meavit,
437 3155 506 3209 ad
531 3169 696 3225 quem
727 3170 864 3225 papa
883 3197 898 3223 ,
924 3171 1026 3210 nec
1056 3172 1164 3210 non
1194 3165 1249 3211 ct
1283 3156 1564 3214 comitissa
1589 3157 1737 3231 (956)
1769 3178 1782 3214 :

186 3248 322 3318 petit
375 3247 676 3317 imperator
710 3262 837 3302 cum
878 3247 960 3303 eis
1004 3246 1337 3317 colloquium
1375 3249 1514 3303 ultra
1555 3247 1785 3317 Padum,

185 3337 337 3408 quod
382 3345 708 3403 annuentes,
750 3337 880 3392 dum
932 3338 1217 3393 transisset
1258 3338 1573 3409 imperator,
1622 3337 1788 3393 etiam

186 3430 294 3501 ipsi
337 3428 578 3484 transire
617 3429 971 3494 contendunt,
1016 3437 1293 3498 conceptae
1332 3429 1540 3485 fraudis
1587 3429 1785 3500 ignari.

184 3519 440 3592 Cumque
478 3519 832 3586 transissent,
862 3519 1098 3573 venitad
1128 3518 1467 3574 comitissam
1500 3520 1788 3576 insinuans

186 3626 311 3682 qua:
356 3606 617 3666 latebant.
669 3608 964 3665 Patefactis
1007 3609 1191 3680 itaque
1239 3609 1453 3665 insidiis
1486 3627 1624 3681 papa
1660 3627 1787 3666 cum

186 3702 474 3759 comitissa
506 3703 574 3757 ad
609 3701 870 3773 oppidum
910 3701 1094 3768 rediit,
1144 3703 1528 3772 imperatorem
1563 3703 1788 3758 minime

186 3795 494 3849 revisurus.
547 3791 675 3848 Haec
723 3793 1008 3848 audientes
1052 3792 1296 3863 episcopi
1334 3794 1633 3863 supradicti
1679 3794 1786 3849 laeti

186 3894 317 3939 sunt
346 3883 613 3949 eﬂ'ecti,et
636 3883 872 3937 maxime
896 3881 1215 3948 Guibertus,
1238 3882 1355 3952 qui,
1373 3883 1540 3952 hujus
1564 3883 1785 3939 seditio—

188 3976 275 4030 nis
308 3982 526 4040 auctor,
551 3974 736 4029 sedem
759 3974 1115 4045 apostolicam
1137 3982 1328 4028 contra
1352 3972 1675 4045 Gregorium
1698 3973 1785 4027 in-

184 4068 388 4122 vadere
419 4065 723 4135 satagebat.
764 4064 936 4132 Quem
974 4066 1193 4121 tandem
1221 4066 1519 4135 imperator
1548 4066 1787 4120 laudavit

186 4157 243 4211 in
266 4172 487 4227 papam.
521 4154 779 4211 Seditiosi
804 4170 1045 4226 namque
1065 4156 1354 4211 memorati
1377 4156 1619 4227 episc0pi
1642 4156 1786 4226 apud

186 4250 432 4305 Brixiam
461 4248 872 4315 convenientes,
910 4248 1089 4318 ipsum
1135 4247 1455 4303 Guihertum
1495 4232 1563 4303 in.
1588 4265 1785 4319 papam

185 4342 490 4414 elegerunt,
515 4340 850 4395 Clementem
877 4355 1005 4395 eum
1033 4350 1313 4396 vocantes.
1338 4340 1508 4407 Quem
1537 4350 1785 4412 postmo-

1888 3150 2152 3209 adversus
2174 3153 2558 3223 imperatorem
2581 3161 2635 3208 et
2652 3151 2970 3209 Guibertum
2997 3154 3330 3223 antipapam,
3358 3157 3481 3206 acta

1887 3257 2079 3297 eorum
2117 3243 2449 3309 abhorrens,
2479 3243 2662 3314 prrelia
2694 3244 2864 3299 multa
2886 3244 3085 3315 gessit,
3124 3252 3177 3298 et
3201 3258 3482 3313 quoscun-

1844 3400 1851 3407 .
1887 3347 1996 3403 que
2038 3332 2089 3387 ei
2132 3332 2485 3389 adversantes
2530 3350 2632 3405 pro
2669 3349 2831 3405 posse
2862 3333 3124 3391 confovit.
3172 3333 3293 3405 Ipsa
3330 3334 3479 3391 enim

1887 3424 2181 3494 episcopis,
2210 3424 2446 3492 clericis,
2464 3425 2751 3483 monachis
2780 3426 3101 3496 cunctisque
3124 3435 3240 3481 erat
3263 3424 3364 3480 fida
3394 3434 3484 3481 tu-

1889 3516 1993 3571 tela
2024 3517 2326 3573 catholicis.
2346 3516 2484 3573 Nam
2506 3534 2646 3589 quos
2670 3519 2723 3573 in
2752 3520 2857 3573 hac
2875 3520 3109 3593 procella
3126 3518 3480 3575 dissidiorum

1886 3608 2185 3680 imperator
2218 3611 2533 3680 damnabat,
2566 3613 2832 3683 spoliabat
2871 3622 2925 3668 et
2961 3613 3153 3668 exsilio
3182 3606 3481 3682 redigebat,

1882 3694 1955 3755 ad
1989 3716 2110 3756 eam
2136 3712 2511 3769 recurrentes,
2537 3703 2772 3776 benigno
2802 3720 2898 3759 eos
2932 3705 3218 3770 solamine,
3250 3713 3303 3759 et
3331 3704 3483 3759 salu-

1887 3791 1972 3845 bri
2004 3792 2208 3847 auxilio
2244 3793 2539 3848 refovebat.
2575 3793 2719 3849 Inter
2746 3812 2888 3865 quos
2922 3795 3011 3850 ille
3040 3796 3371 3851 venerabilis
3398 3795 3484 3850 vir

1886 3881 2179 3937 Anselmus
2232 3884 2554 3954 episcopus,
2601 3886 2726 3955 qui,
2771 3887 2993 3941 natione
3027 3886 3481 3952 Mediolanensis,

1888 3979 2077 4040 postea
2111 3988 2248 4042 papa
2285 3972 2408 4037 fuit,
2445 3983 2673 4027 vocatus
2702 3974 3009 4029 Alexander
3039 3974 3204 4045 hujus
3241 3976 3483 4029 nominis

1887 4063 2188 4130 secundus;
2228 4064 2316 4118 cui
2346 4064 2487 4119 idem
2516 4063 2812 4136 Gregorius
2838 4062 2927 4116 VII
2949 4076 3177 4135 paterno
3203 4080 3483 4119 commen-

1887 4155 2037 4211 davit
2073 4156 2269 4211 affectu
2315 4165 2377 4211 ut
2410 4157 2583 4227 ipsam
2626 4156 2744 4211 suis
2805 4156 3119 4212 salubribus
3158 4156 3379 4212 monitis
3427 4167 3484 4213 et

1888 4245 2141 4316 benignis
2186 4246 2583 4317 dogmatizaret
2626 4247 2912 4317 exemplis.
2959 4244 3077 4316 Ipsa
3121 4247 3267 4302 enim
3310 4246 3485 4301 comi-

1890 4338 2022 4393 tissa
2065 4354 2189 4392 cum
2234 4339 2424 4394 eodem
2478 4339 2737 4395 Anselmo
2782 4339 3060 4410 episcopo,
3099 4340 3194 4411 qui
3241 4349 3372 4395 tunc
3424 4340 3481 4394 in

186 4436 321 4491 dum
358 4435 657 4506 imperator
690 4448 875 4489 secum
904 4434 1112 4489 ducens
1149 4432 1379 4488 Romam
1400 4476 1414 4501 ,
1448 4434 1575 4490 fecit
1600 4435 1654 4489 in
1684 4451 1784 4505 pa-
1818 4421 1864 4475 Ι)
1890 4429 2231 4486 Lombardite
2276 4430 2525 4501 partibus
2571 4426 2814 4503 Gregorii
2858 4448 3010 4502 papae
3049 4441 3167 4487 erat
3219 4430 3480 4496 vicarius,

185 4547 313 4602 pam
356 4529 626 4596 benedici,
658 4537 714 4584 et
742 4530 812 4583 ah
833 4529 954 4600 ipso
986 4528 1042 4581 in
1071 4528 1159 4583 die
1196 4537 1389 4584 sancto
1415 4527 1641 4585 Paschaa
1682 4530 1786 4584 im-

186 4621 327 4692 perii
358 4620 612 4678 diadema
655 4618 913 4690 suscepit.
955 4617 1231 4675 Mathildis
1258 4627 1439 4675 autem
1481 4619 1781 4687 comitissa,

188 4714 305 4768 haec
334 4720 392 4767 et
423 4710 741 4781 hujusmodi
775 4718 895 4765 acta
918 4710 1242 4774 abhorrens,
1267 4724 1423 4779 papa:
1444 4725 1657 4780 semper
1687 4711 1785 4765 ad-

189 4804 349 4871 haesit
371 4800 659 4876 Gregorio,
688 4816 786 4872 per
816 4809 927 4857 tres
951 4815 1170 4856 menses
1196 4800 1440 4857 retinens
1481 4800 1784 4857 honoriﬁce

190 4893 248 4947 in
280 4893 482 4964 oppido
513 4890 817 4957 Canusino,
850 4891 945 4962 qui
967 4890 1298 4947 Canusinam
1328 4890 1493 4949 etiam
1515 4891 1787 4947 dedicavit

190 4984 517 5051 Ecclesiam,
555 4992 611 5038 et
637 4982 906 5039 libertatis
934 4981 1217 5054 privilegio
1244 4980 1485 5037 dotatam
1513 4997 1635 5036 eam
1659 4981 1789 5038 fecit

194 5063 494 5132 immunem
538 5091 682 5131 anno
725 5074 850 5129 Filii
893 5072 986 5128 Dei
1033 5074 1319 5133 humanati
1361 5072 1654 5128 millesimo
1695 5090 1786 5130 se-

194 5170 534 5196 -Iuono-Aa:mn
568 5169 797 5196 nnnl:mn
1098 5175 1279 5196 ‘nn\nn
1312 5164 1644 5196 ﬁﬁlli.ﬂ-:‘\II¢\
1695 5183 1757 5196 nn

1888 4523 2207 4579 thesaurum
2235 4522 2494 4579 Ecclesia:
2522 4522 2817 4580 Canusina:
2851 4525 3144 4595 postulavit
3168 4524 3349 4578 abbati
3373 4521 3482 4578 Ge—

1887 4614 2049 4668 rardo
2060 4614 2303 4684 ejusdem
2319 4612 2592 4681 Ecclesize,
2612 4614 2855 4669 uteidem
2879 4630 3028 4684 papa:
3045 4614 3368 4684 dirigeretu‘r
3384 4624 3486 4682 pro

1886 4703 2203 4760 defensione
2224 4704 2483 4760 Romana:
2507 4704 2763 4776 Ecclesia:
2782 4715 3003 4777 propter
3029 4705 3484 4776 persecutionem,

1887 4805 1948 4852 ut
1969 4797 2175 4854 dictum
2212 4807 2316 4865 est,
2353 4798 2597 4869 ejusdem
2633 4797 2880 4853 Guiberti
2915 4799 3176 4855 hmretici.
3213 4797 3314 4852 Cui
3347 4790 3490 4870 peti-

1890 4898 2023 4955 tioni
2058 4897 2199 4952 idem
2222 4897 2392 4955 abbas
2426 4913 2551 4953 cum
2589 4911 2752 4967 grege
2780 4897 2884 4954 sibi
2908 4898 3206 4954 commisso
3227 4913 3327 4968 pro
3357 4909 3494 4966 apo-

1880 4993 2095 5059 ,stolicae
2131 4992 2276 5047 sedis
2307 4989 2609 5046 reverentia
2650 4987 2885 5046 libenter
2925 4992 3141 5056 annuit,
3181 4998 3236 5046 et
3265 4991 3496 5046 thesau-

1888 5098 2014 5138 rum
2051 5080 2303 5136 alacriter
2335 5078 2562 5146 obtulit,
2608 5075 2866 5136 videlicet
2894 5093 3131 5138 coronas
3164 5080 3235 5136 24
3259 5124 3275 5149 ,
3304 5090 3357 5137 et
3389 5088 3499 5157 una

2016 5188 2106 5196 --.-
2138 5182 2243 5196 -..-4
2274 5184 2433 5196 -.ο-,ΑΛ
2488 5185 2609 5196 ...ι-κ
2640 5172 2915 5196 Λ“11Λ²οι--¹-
2947 5188 3047 5196 ιι..-
3092 5173 3271 5196 ΞΑΣΔΑ...
3310 5184 3472 5196 ---κικι-
