3984 5380
559 329 690 390 1051

1433 315 1438 319 ’
1529 316 1622 386 An
1659 295 1883 406 ornus
1913 315 1982 384 ‘s'.
2015 289 2349 396 'GnEGonu
2388 325 2830 388 APPENDICES.
2870 291 2878 299 ’

3663 332 3800 389 1052

525 482 530 487 -
552 444 674 510 Quo
695 444 928 501 Romam.
947 446 1265 506 transmisso
1297 429 1515 515 rogante
1540 430 1837 524 comitissa,
1867 445 2004 498 idem
2026 444 2126 507 Αρ-
2159 446 2204 502 A
2230 453 2468 510 sternata
2485 488 2500 511 ,
2525 444 2774 500 videlicet
2794 429 2965 500 aﬂzcl'o
2987 441 3241 524 Ecclesim
3262 441 3678 528 tepescéns,per
3701 447 3798 501 ite»

541 535 758 591 ,sclmus
785 536 1071 614 episcopus
1093 551 1242 612 papa:
1265 535 1523 605 vicarius,
1551 551 1652 608 pro
1679 535 2009 604 aliqu-amula
2034 551 2122 589 re-

495 693 498 697 _
537 611 1084 704 .staurationemblati
1107 611 1378 702 thesauri,
1415 613 1556 685 duas
1595 627 1830 706 capellas
1866 611 2034 680 in.....
2071 635 2127 681 et

494 774 496 777 .
551 733 726 776 unam.
751 721 804 786 in
849 721 1034 774 casula
1061 718 1317 788 Ecclesia:
1354 720 1645 784 Canusina:
1667 719 1968 788 supposuit.
1993 717 2122 773 Acta

551 818 677 862 sunt
707 810 822 864 lucc
845 825 991 866 anno
1015 810 1228 875 Domini
1251 802 1895 881 millesimoOctogesimo
1911 807 2120 880 quinto.

548 897 678 975 Post
701 900 820 957 tunc
853 916 998 958 anno
1027 902 1228 974 Christi
1267 888 1562 972 millesimo
1591 903 1923 972 octogesimo
1949 911 2122 969 sexto,

495 1031 500 1034 ι
549 990 689 1049 idem
721 990 1016 1066 Gregorius
1051 1008 1190 1066 papa
1224 994 1628 1064 quartadecima
1655 994 1740 1050 die
1771 991 1899 1048 Maii.
1927 993 2124 1068 migra-

531 1081 626 1144 -νίι
665 1083 958 1162 amulo,
995 1085 1166 1158 cujus
1209 1087 1474 1142 transitus
1517 1086 1702 1160 multis
1733 1085 1832 1146 fuit
1872 1087 2124 1158 maeroris

486 1217 514 1250 ί.
533 1171 790 1252 ἰιιφιὶτιᾱὶῃιίπ
805 1175 1078 1254 4)(ᾮῆξίομ
1098 1175 1220 1242 Quo
1243 1175 1521 1242 defuncto,
1558 1177 1776 1252 quidam
1800 1174 2124 1242 Desiderius

503 1307 506 1312 .
537 1264 751 1341 Inutilis
784 1259 998 1342 (laseiui
1023 1263 1194 1324 abbas
1229 1266 1281 1320 in
1313 1282 1506 1336 papam
1528 1260 1764 1338 cligitur,
1783 1264 1960 1338 dirius
1987 1283 2123 1336 pra:—

481 1425 486 1430 ἠ
521 1361 695 1431 ,ιρι-οη
728 1353 1046 1434 Victory-qui
1074 1373 1250 1432 pauco
1281 1367 1522 1429 tempore
1555 1359 1704 1416 vixit.
1735 1361 1833 1416 (lui
1863 1357 2122 1434 successu

485 1435 514 1520 ἰ
549 1437 990 1525 Qllomonaclms
1011 1437 1708 1520 Cluniacensis,cpiscopus
1729 1441 2119 1520 Ostiensis,di-

533 1525 956 1614 .ctusUrbauns
987 1537 1152 1610 hujus
1183 1540 1420 1596 nominis
1465 1529 1754 1598 secundus.
1801 1533 1899 1595 llic
1936 1543 2116 1598 omnia

499 1674 504 1682 .
550 1634 668 1684 acta
702 1628 1068 1700 imperatoris,
1101 1631 1424 1702 ct_Guiberti
1449 1633 1756 1700 damnavit,
1779 1643 1832 1688 et
1861 1635 1927 1690 ad
1949 1635 2118 1690 comi-

549 1717 736 1775 tissam
773 1719 827 1774 Β.
857 1721 1001 1777 Petri
1022 1723 1185 1780 tiliam
1217 1740 1346 1780 suas
1368 1725 1764 1783 exhortatorias
1798 1723 2006 1784 litteras
2033 1728 2115 1790 di—

549 1811 750 1881 rigens,
769 1827 992 1868 suorum
1017 1815 1228 1870 veniam
1251 1817 1353 1872 sibi
1384 1817 1614 1874 contulit
1639 1819 1977 1875 delictorum.

1159 1968 1388 2028 CAPUT
1424 1971 1514 2030 x1.

497 2119 514 2128 ..
549 2082 624 2137 De
649 2085 1077 2154 persecutionem
1100 2089 1428 2160 couiitissam
1449 2105 1544 2160 pro
1573 2088 1750 2158 favore
1773 2083 2046 2158 Ecclesia,
2079 2099 2128 2144 et

841 2233 846 2239 ι
905 2232 912 2238 1
1057 2157 1324 2213 Obsidione
1358 2157 1613 2214 Mantuae.

469 2330 476 2336 θ
615 2266 751 2324 Cum
793 2278 970 2326 autem
1007 2271 1180 2325 nuntii
1226 2288 1376 2350 papa}
1425 2283 1479 2328 et
1511 2274 1802 2330 comitissm
1837 2256 1964 2332 hinc
2003 2256 2128 2332 inde

471 2411 476 2416 .
549 2359 740 2426 crebro
769 2360 1157 2428 discurrerent,
1196 2380 1424 2434 regnum
1468 2363 1580 2422 fere
1603 2377 1792 2421 contra
1833 2383 1892 2423 se
1937 2351 2125 2422 eadem

499 2527 502 2531 ‘
549 2439 825 2530 comitissa
850 2455 1142 2517 commovit
1163 2453 1428 2512 Italicum.
1462 2455 1615 2512 Unde
1639 2459 1806 2512 multa
1831 2465 1959 2514 sunt
1985 2475 2124 2529 pra:-

465 2601 471 2610 ,
550 2541 621 2598 lia
643 2544 957 2626 subsecuta.
1000 2545 1075 2601 Ex
1107 2549 1320 2618 quibus.
1350 2565 1476 2620 pars
1509 2551 1798 2607 comitissa:
1825 2550 2016 2616 multis
2045 2553 2128 2607 vi-

547 2631 735 2686 ctoriis
769 2627 988 2690 claruit.
1012 2636 1090 2692 Eo
1116 2637 1278 2692 etiam
1315 2648 1555 2710 tempore
1581 2642 1736 2696 multi
1767 2658 1834 2697 cx
1857 2641 2022 2699 Italiae
2049 2643 2126 2698 ei-

547 2721 824 2792 vitatibus,
855 2725 992 2781 duce
1030 2728 1266 2798 quodam
1305 2728 1537 2797 Oberto,
1564 2733 1797 2801 arreptis
1828 2733 2025 2798 armis,
2057 2733 2125 2790 ad

548 2815 750 2876 Urbem
775 2831 1087 2894 properant,
1123 2839 1247 2880 cum
1283 2823 1498 2896 quibus
1540 2835 1658 2881 erat
1710 2826 1952 2898 Reginus
1987 2827 2123 2883 Par-

547 2911 752 2966 mensis
777 2913 1084 2984 episcopus.
1111 2913 1174 2968 lli
1203 2923 1375 2970 terras
1413 2917 1708 2972 comitisszc
1743 2927 2122 2988 pervagantes,

546 3000 894 3072 populatione
916 3019 1109 3074 magna
1127 3005 1180 3058 in
1201 3005 1281 3060 eis
1303 3005 1611 3060 szeviebant.
1631 3005 1875 3077 Dumque
1899 3007 1952 3061 in
1975 3023 2124 3062 cam-

460 3096 464 3098 '
546 3090 630 3159 pis
655 3090 926 3148 Sorbarire
947 3094 1316 3150 castrametati
1331 3106 1533 3164 essent,
1557 3098 1792 3168 quadam
1817 3107 1976 3154 nocte
1997 3098 2124 3154 dor-

2225 539 2503 608 gincnsem
2537 548 2592 592 ct
2627 537 2984 616 Mutinensem
3026 531 3318 608 comitatus
3357 539 3638 610 cquitans,
3674 553 3799 610 pro-

2225 625 2340 696 pria
2367 625 2632 682 fortblicia
2662 628 2966 698 reparabat.
3006 625 3211 684 llicmis
3227 630 3416 699 itaque
3444 637 3694 700 tempore
3713 646 3800 685 ca-

2223 725 2317 787 pto
2360 711 2907 791 Minoi-vianoppido,
2965 717 3208 772 Athesim
3257 719 3461 774 ﬂumen
3508 719 3805 790 imperator

2224 805 2413 875 paucis
2447 807 2738 862 comitatus
2773 797 3034 862 militibus
3059 805 3427 877 pertransivit.
3459 806 3620 876 Quod
3648 809 3801 868 intel-

2181 894 2186 898 ’
2225 897 2395 967 ligens
2426 898 2736 973 comitissa.
2779 897 2961 954 statim
2995 903 3180 956 contra
3223 913 3350 956 eum
3385 901 3532 956 mille
3563 911 3802 959 armatos

2221 989 2432 1059 equites
2467 987 2774 1044 destinavit.
2805 981 2909 1056 Qui
2939 1002 3062 1046 cum
3089 989 3294 1048 Padum
3320 1000 3374 1047 et
3400 989 3646 1049 Athesim
3683 1009 3802 1063 per-

2223 1079 2566 1146 transissent,
2606 1093 2701 1136 eos
2735 1077 3412 1150 diebusloctoimperator
3455 1093 3558 1138 sua”
3605 1082 3802 1140 astutia

2221 1171 2460 1250 evitavit.
2506 1171 2772 1242 Fingebat
2821 1171 2968 1228 enim
3015 1187 3074 1227 se
3121 1172 3265 1226 nolle
3311 1169 3608 1242 conﬂigere
3643 1171 3800 1238 bello,

2196 1261 2460 1333 'dumque
2489 1261 2560 1318 ob
2585 1262 2689 1319 hoc
2711 1269 2992 1318 manerent
3011 1261 3284 1332 intrepidi,
3308 1261 3603 1332 nullasque
3619 1261 3798 1332 suspi-

2222 1363 2476 1412 carentur
2509 1354 2758 1422 insidias,
2799 1355 3145 1424 imperatoris
3174 1354 3376 1411 milites
3409 1355 3552 1411 clam
3589 1355 3804 1412 imttnu

2185 1448 2382 1516 super
2427 1461 2523 1502 eos
2578 1446 2632 1500 in
2676 1447 2798 1503 loco
2846 1445 3064 1518 quidem
3109 1444 3243 1502 Tres
3271 1444 3599 1504 Comitatus.
3654 1436 3800 1502 Multi

2219 1538 2401 1609 itaque
2428 1537 2556 1594 caesi
2597 1545 2757 1604 sunt;
2796 1537 2952 1592 multi
2993 1537 3154 1592 etiam
3195 1536 3521 1607 capiuntur;
3559 1536 3654 1592 alii
3685 1543 3801 1591 tan-

2218 1621 2339 1686 dem
2364 1637 2674 1697 evaserunt,
2700 1643 2796 1699 per
2819 1628 2972 1684 devia
3002 1626 3290 1700 fugientes.
3337 1625 3518 1697 Hujus
3547 1627 3798 1698 proditio-

2217 1721 2304 1775 nis
2351 1728 2560 1776 auctor.
2600 1717 2718 1790 Ugo
2767 1720 2988 1790 quidam
3046 1733 3158 1779 suae
3218 1717 3523 1783 nobilitatis
3573 1717 3802 1788 degene-

2154 1807 2197 1862 B
2222 1824 2378 1868 rans.

2823 1941 3049 2006 CAPUT
3086 1942 3200 2003 XII.

2226 2057 2564 2130 Depm’datio
2589 2057 2769 2130 camilli
2807 2058 3140 2130 imperatoris
3175 2074 3207 2110 a
3232 2057 3528 2123 comitissa,
3556 2067 3604 2111 et
3625 2057 3690 2111 de
3724 2075 3802 2110 ρι-

2508 2127 2696 2182 ἐιογὶπ
2727 2139 2908 2186 contra
2942 2127 3178 2183 eumdem
3209 2135 3511 2186 consecuta.

2297 2261 2838 2333 Transactahieme,
2867 2261 3161 2332 imperator
3207 2275 3348 2318 eum.
3383 2259 3708 2318 Alamannis
3749 2269 3797 2314 et

2225 2352 2597 2424 Langobardis
2650 2353 2719 2408 ad
2766 2361 2981 2410 montes
3023 2352 3413 2410 Mutinensium
3461 2350 3796 2422 properavit;

2226 2445 2372 2515 cepit
2402 2454 2582 2500 autem
2610 2451 2850 2500 montem
2870 2443 3187 2502 Manrellum
3217 2451 3273 2502 et
3301 2451 3549 2500 amntem
3577 2441 3794 2507 Alfredi,

2227 2537 2317 2592 ubi
2348 2545 2641 2607 captuscst
2669 2535 2946 2592 Gcrardus
2974 2535 3198 2619 signifer
3219 2534 3540 2603 comitissai,
3559 2535 3629 2592 de
3648 2535 3796 2604 cujus

2225 2631 2477 2700 captione
2528 2629 2762 2686 multum
2809 2628 3001 2686 doluit.
3052 2627 3247 2684 Postea
3295 2636 3547 2684 castrum
3612 2626 3792 2681 Montis

2226 2720 2356 2776 Belli
2391 2720 2639 2788 obsedit;
2689 2720 2888 2776 fultum
2928 2720 3076 2776 enim
3111 2719 3371 2790 oppidum
3401 2719 3614 2774 auxilio
3635 2719 3794 2775 comi-

2225 2812 2375 2868 tissa:
2397 2828 2506 2867 non
2535 2813 2709 2882 potuit
2735 2812 3021 2868 debellare.
3057 2809 3212 2866 Tunc
3232 2811 3494 2881 antipapa
3513 2809 3794 2866 Guibertus

2223 2904 2299 2959 ad
2317 2904 2698 2974 imperatorem
2743 2905 2918 2971 venit;
2954 2912 3031 2970 et,
3081 2901 3127 2959 si
3171 2901 3498 2958 Guibcrtum
3527 2903 3585 2957 in
3614 2917 3792 2974 papam

2226 2993 2534 3050 Romanum
2563 3003 2976 3066 cognoscerent,
3008 2995 3064 3050 in
3097 3001 3282 3050 castro
3303 2993 3518 3052 obsessi
3543 3004 3600 3050 et
3624 2994 3792 3048 amicti

2225 3088 2386 3142 ttedio
2413 3087 2484 3142 ab
2511 3087 2835 3158 imperatore
2856 3086 3130 3142 licentiam
3167 3093 3434 3156 peterent,
3467 3100 3590 3140 eam
3621 3100 3678 3139 se
3703 3083 3789 3138 da-

463 3176 466 3180 ’
520 3177 776 3237 ἠιίειιῑθδ
801 3183 1074 3254 intrepidi,
1111 3199 1238 3241 ecce
1263 3196 1482 3256 repente
1503 3188 1704 3243 milites
1733 3188 2026 3244 comitissaa
2051 3189 2125 3243 ir-
2151 3171 2192 3227 (ἶ
2227 3186 2410 3234 iurum
2461 3179 2736 3249 130lliCilus
2775 3187 2879 3236 εδει
2931 3177 3088 3244 Ουοά
3128 3177 3414 3232 οοῐιιίιίεεα
3441 3191 3552 3231 1³011
3593 3175 3791 3240 θωπείας

497 3269 714 3348 [ικιιιιιιῑ
751 3289 914 3343 super
936 3274 1103 3345 ipsos,
1133 3275 1492 3334 vociferantes
1529 3295 1542 3331 :
1570 3276 1732 3332 Beate
1759 3276 1937 3345 Petro,
1972 3279 2126 3332 auxi-

459 3375 462 3380 ‘
544 3361 678 3416 liare
703 3363 830 3416 tuis.
858 3363 1030 3418 Tanto
1059 3365 1225 3436 igitur
1243 3366 1603 3438 expcrgefacti
1631 3376 1838 3423 terrore
1860 3370 2126 3424 clamore-

451 3460 458 3467 '
503 3449 674 3533 ‘q'quc,
722 3456 831 3504 tam
865 3453 1045 3509 subito
1085 3454 1368 3524 stupefacti
1407 3445 1664 3526 'strcpitn,
1705 3457 1834 3512 hinc
1880 3459 2006 3514 inde
2039 3459 2126 3514 di-

549 3541 742 3606 spcrsi,
774 3549 924 3611 terga
939 3554 1234 3600 verterunt.
1250 3545 1418 3602 Caesis
1441 3547 1622 3616 itaque
1637 3555 1691 3602 et
1715 3549 1913 3606 occisis
1937 3565 2125 3606 eorum

455 3659 461 3666 ο
548 3628 819 3698 plurimis,
873 3631 1030 3688 multi
1083 3652 1302 3707 quoque
1355 3654 1666 3694 remansere
1716 3641 1935 3710 captivi,
1986 3641 2126 3696 inter

526 3727 688 3787 'quos
731 3719 1035 3780 Ebemrdus
1063 3726 1375 3783 Parmensis
1413 3730 1700 3800 episcopus
1725 3729 1846 3786 fuit.
1877 3731 1954 3787 Eo
1992 3741 2122 3789 tem-

547 3825 682 3879 pore
713 3815 1004 3900 Ansel'mus
1030 3816 1292 3874 Lucensis
1317 3820 1607 3891 cpiscopus
1635 3822 1924 3880 defunctus
1943 3831 2045 3891 est,
2073 3833 2127 3879 et

547 3905 782 3962 Mantua:
803 3907 1064 3977 sepultus.
1094 3907 1201 3963 Sed
1231 3909 1286 3963 in
1312 3909 1632 3982 Gestisejus
1651 3913 1755 3984 legi
1777 3915 1921 3984 quod
1948 3915 2125 3972 factus

547 4013 708 4069 papa,
738 4005 790 4052 ct
817 3997 1120 4052 Alexander
1145 3998 1344 4066 dictus,
1369 4001 1422 4054 in
1449 4000 1801 4060 Lateranensi
1829 4007 2125 4076 requiescit

547 4088 794 4144 ecclesia.
841 4086 1110 4145 lleuricus
1143 4091 1306 4144 etiam
1343 4091 1638 4162 imperator
1687 4095 1741 4149 in
1788 4097 2120 4165 persecutio-

452 4175 456 4178 ’
547 4195 670 4234 nem
717 4177 1008 4246 Mathildis,
1042 4181 1254 4249 publice
1271 4181 1385 4251 jam
1416 4183 1469 4236 in
1507 4201 1638 4240 suos
1669 4185 1972 4254 advertens,
1997 4189 2122 4243 abs-

547 4271 668 4325 tulit
696 4272 742 4325 ei
773 4271 1036 4341 quidquid
1077 4271 1130 4325 in
1177 4271 1346 4327 Gallia
1377 4289 1444 4326 ex
1478 4273 1602 4344 ipso
1630 4275 1755 4346 jure
1791 4286 2038 4332 materno
2067 4288 2120 4333 ct

547 4369 768 4430 paterno
793 4361 1119 4431 possidebat,
1151 4360 1434 4432 Brigerino
1467 4373 1650 4418 castro
1668 4364 1931 4420 duntaxat
1961 4380 2119 4420 exce-

545 4460 656 4522 pto,
681 4463 1035 4508 cum'rcvcra
1075 4461 1218 4508 esset
1254 4453 1664 4524 inexpugnabile
1686 4464 1942 4511 castrum.
1990 4457 2118 4513 Post

519 4553 662 4618 June
685 4551 979 4622 imperator
999 4551 1272 4606 Mantuam
1289 4551 1691 4624 invasit,'quam
1714 4555 1942 4612 undenis
1959 4571 2114 4611 mcu-

545 4638 698 4698 s’ih‘u‘s
725 4641 840 4696 dira
865 4643 1146 4698 obsidione
1171 4641 1408 4698 vallavit.
1437 4645 1726 4702 Coinitissa
1745 4661 1876 4701 vero
1907 4663 2002 4718 per
2032 4649 2114 4702 in-

477 4725 479 4727 ’
545 4732 850 4787 ternuntios
904 4745 1033 4787 suos
1085 4745 1227 4800 smpe
1277 4727 1599 4788 Mantuanos
1640 4735 1707 4790 ad
1749 4739 2110 4793 constantiam

524 4817 890 4885 ‘bortabatur,
915 4824 1104 4893 eisque
1133 4825 1384 4880 victualia
1412 4827 1770 4882 ministrabat.
1798 4827 1903 4881 Sed
1931 4841 2118 4881 eorum

548 4909 652 4964 ﬁde
669 4921 879 4968 mutata
901 4929 1021 4970 sese
1042 4915 1355 4986 imperatori
1384 4919 1735 4984 tradiderunt,
1761 4919 1932 4973 inscia
1956 4919 2122 4972 comi-

473 5016 476 5020 ί
548 5001 702 5067 tissa,
735 5005 1056 5072 quibusdam
1079 5008 1372 5064 comitissa:
1399 5008 1708 5077 proceribus
1739 5025 1868 5064 casu
1891 5011 2125 5065 evaden-

551 5092 696 5136 IihllQ
735 5096 901 5136 ηιιὶ.ἰη
915 5097 1028 5136 inea
1052 5100 1272 5136 ιιῖυἶισιίο
1291 5102 1356 5136 αδ
1383 5099 1795 5136 ΜηηίησιηΛν-ιιηι
1820 5101 2121 5136 pulsabunt“

2227 3269 2551 3340 quibusdam
2591 3277 2772 3326 tamen
2809 3269 3174 3325 mediantibus
3214 3267 3538 3338 proceribus
3577 3275 3634 3322 ct
3669 3282 3792 3336 pra:-

2226 3362 2380 3430 latis;
2406 3363 2545 3418 inter
2569 3379 2712 3434 quos
2734 3379 2860 3420 cum
2884 3361 3201 3419 Ileribertus
3234 3360 3560 3432 Reginensis
3589 3361 3794 3431 episco-
3837 3383 3843 3391 -

2227 3471 2328 3525 pus
2367 3455 2614 3511 inclinari
2651 3456 2924 3512 videretur
2967 3456 3034 3511 ad
3065 3455 3216 3526 pacis
3265 3454 3590 3522 vinculum,
3640 3451 3794 3507 abbas

2224 3546 2442 3616 quidam
2478 3545 2713 3606 Joannes
2745 3548 2964 3604 nomine
3003 3546 3298 3604 comitissze
3323 3562 3516 3616 pacem
3545 3545 3662 3601 fieri
3687 3545 3794 3600 dis-

2225 3639 2417 3705 suasit,
2441 3639 2583 3694 hanc
2609 3655 2862 3696 asserens
2895 3655 3085 3710 pacem
3131 3638 3420 3694 catholica:
3449 3637 3649 3694 unitati
3689 3635 3795 3690 fore

2225 3729 2576 3786 contrariam.
2624 3731 2916 3788 Animatnr
2962 3731 3146 3801 itaque
3183 3729 3472 3786 comitissa
3509 3739 3569 3785 ut
3620 3727 3796 3784 inDe-

2225 3823 2375 3878 mino
2419 3823 2698 3879 confidens
2737 3823 2883 3880 vires
2923 3831 3229 3878 assumeret
3271 3819 3637 3878 fortitudinis.
3679 3819 3795 3874 [hec

2223 3924 2402 3970 autem
2452 3922 2572 3970 acta
2618 3923 2747 3970 sunt
2793 3915 2849 3970 in
2900 3915 3023 3971 loco
3063 3915 3157 3984 qui
3176 3913 3376 3974 dicitur
3421 3913 3790 3988 Carpinetutn.

2221 4005 2405 4062 Multis
2431 4007 2596 4078 igitur
2630 4007 2922 4074 machinis,
2963 4016 3020 4062 et
3043 4006 3165 4062 aliis
3190 4005 3405 4064 bellicis
3449 4005 3794 4079 apparatibus

2221 4097 2420 4176 Montis
2440 4098 2572 4154 Belli
2601 4108 2844 4155 castrum
2873 4106 3246 4170 oppugnatum
3273 4107 3376 4153 cst.
3407 4097 3604 4168 ibique
3627 4098 3792 4166 impe-

2219 4191 2419 4246 ratoris
2449 4191 2595 4247 ﬁlius
2621 4191 2830 4246 corruit
2871 4205 2981 4244 non
3011 4191 3128 4245 sine
3155 4189 3327 4260 patris
3373 4189 3568 4246 dolore
3593 4188 3790 4260 gravis-

2217 4281 2386 4348 simo;
2424 4282 2582 4352 cujus
2616 4297 2816 4352 corpus
2841 4280 3040 4336 deferri
3084 4279 3349 4336 Veronam
3375 4281 3571 4352 jussit,
3598 4288 3654 4335 et
3677 4295 3792 4336 con—

2215 4373 2380 4444 digne
2427 4372 2684 4427 tum-ulari
2733 4372 3002 4443 sepulcro.
3036 4370 3236 4428 Videns
3283 4373 3502 4428 tandem
3557 4381 3787 4428 castsum

2217 4464 2332 4518 fore
2353 4463 2787 4534 inexpugnabile,
2806 4463 2874 4519 ab
2885 4463 3168 4518 obsidione
3186 4463 3463 4531 discessit,
3476 4472 3534 4517 et
3554 4464 3610 4516 in
3627 4461 3788 4517 xli-lmi-

2216 4555 2341 4608 liam
2371 4553 2596 4610 veniens
2626 4570 2691 4610 se
2717 4553 2970 4608 Parmam
3007 4553 3164 4608 ﬁnxit
3197 4555 3366 4610 adire.
3403 4553 3511 4610 Sed
3536 4552 3784 4608 Camisia-

2217 4659 2344 4698 num
2376 4645 2592 4700 rediens
2615 4644 2856 4700 decrevit
2881 4645 3218 4700 Canusinam
3239 4654 3486 4701 castrum
3519 4644 3780 4704 invadere,

2214 4735 2282 4790 ad
2319 4736 2636 4790 memoriam
2666 4737 2929 4791 reducens
2957 4736 3010 4791 id
3038 4736 3185 4807 quod
3228 4751 3428 4808 passus
3462 4735 3640 4790 fuerat
3665 4735 3780 4789 dum

2213 4827 2280 4883 ad
2310 4841 2460 4896 papa:
2493 4827 2839 4896 praesentiam
2876 4843 3039 4896 super
3078 4827 3254 4882 nivem
3282 4835 3335 4881 et
3365 4827 3598 4897 glaciem
3635 4824 3780 4880 nudis

2212 4919 2438 4991 pedibus
2479 4917 2808 4974 incessisset.
2837 4916 3073 4973 Veniens
3101 4917 3265 4989 igitur
3307 4918 3376 4972 ad
3407 4916 3778 4974 debellandum

2216 5009 2392 5078 ipsum
2415 5011 2672 5066 Capussa:
2695 5019 2956 5075 castrum,
2983 5009 3182 5064 milites
3208 5009 3507 5062 comitisste
3535 5023 3594 5063 se
3622 5006 3776 5061 armis

2217 5101 2496 5136 onninnuni
2578 5109 2626 5136 nl
2669 5109 2916 5136 [πικρὴ-ειη
2964 5115 3138 5136 nnnnn
3183 5099 3399 5136 nonin"-
3443 5097 3773 5136 ἷιηΜι-ιιίιὶτῖς
