3984 5380
1093 256 1386 314 ΑΡΡΕΝΙ).
1429 255 1513 312 lll.
1569 283 1576 290 -

805 369 915 423 CM
939 369 1029 424 UT
1071 371 1206 425 Xlll.

201 461 466 527 Qualiter
503 461 834 529 imperatoris
869 461 1013 530 litim
1055 462 1604 526 aduexit-comitis”,
1641 471 1790 530 patre

379 531 586 597 relicto,
615 542 664 586 et
685 531 916 602 qualiter
947 531 1256 588 Ferrariam
1289 533 1626 603 recuperavit.

201 259 358 315 {0'53

277 646 526 716 Conligit
565 645 702 700 inter
747 647 862 701 haec
886 646 1233 716 imperatoris
1267 646 1450 702 infelix
1479 647 1786 717 augurium.

199 733 352 791 Nam
371 748 516 793 uer
530 737 650 807 ejus
673 737 858 808 regina
881 737 1162 804 Praxcdis,
1175 737 1352 808 ipsius
1370 739 1570 808 ﬂagitia
1591 739 1790 794 abhor-

196 841 364 894 rens,
417 838 632 884 secreto
675 843 804 883 cu
847 828 1134 884 cornitissa
1179 830 1432 884 tractavit
1475 830 1785 886 divortium.

197 917 370 985 Quod
399 919 605 976 factum
633 919 822 976 eadem
865 921 1144 976 comitissa
1179 921 1510 991 amplectens
1540 921 1787 988 libenter,

197 1009 490 1066 solemnes
535 1013 604 1066 ad
639 1011 1294 1068 cam-nmrtios.Verontc
1337 1012 1646 1077 destinavit,
1693 1012 1789 1082 qui

195 1101 462 1157 eamdem
486 1102 728 1173 reginam
747 1104 816 1157 ad
853 1102 1194 1159 Canusinam
1223 1103 1484 1173 oppidum
1522 1104 1790 1173 perduxe-

195 1195 360 1246 runt.
388 1190 470 1248 Eo
511 1207 732 1264 quoque
751 1203 1016 1264 tempore,
1050 1209 1196 1249 anno
1225 1195 1432 1250 scilicet
1461 1195 1790 1250 incarnatio—

195 1282 300 1339 nis
321 1282 624 1340 Dominicis:
657 1285 816 1352 1097,
846 1284 1099 1341 Urbanus
1143 1301 1282 1356 papa
1329 1287 1790 1342 comitisszeusus

189 1375 442 1431 consilio
469 1375 854 1434 Lombardiam
902 1378 1070 1444 venit,
1109 1386 1187 1444 et,
1229 1378 1464 1434 concilio
1505 1378 1792 1434 Placentia:

191 1466 504 1533 celebrato,
537 1468 732 1522 eodem
759 1469 970 1525 scilicet
991 1484 1138 1525 anno
1161 1469 1252 1525 die
1277 1468 1396 1525 Kal.
1424 1469 1583 1526 Mart.
1613 1469 1785 1541 im'pc-

193 1565 445 1613 ratorem
467 1567 523 1613 et
541 1557 862 1614 Guibertum
881 1559 1190 1631 arrtipapam
1213 1561 1482 1616 catholica
1501 1562 1786 1618 damnavit

193 1649 498 1717 sententia,
533 1659 590 1705 et
613 1651 905 1707 comitissre
925 1653 1044 1708 vale
1081 1653 1270 1707 dicens
1297 1655 1548 1708 transivit
1569 1655 1622 1708 in
1653 1653 1781 1710 Gal-

193 1739 356 1795 liam.
389 1739 785 1798 Consternatus
828 1743 915 1800 bis
952 1744 1270 1814 imperator,
1319 1745 1509 1801 accitis
1556 1745 1784 1802 Verona:
1815 1723 1858 1780 Β

191 1832 438 1900 civibus,
461 1831 690 1904 Nogarae
707 1843 951 1891 castrum
977 1836 1214 1894 obsedit.-
1242 1835 1400 1902 Quod
1440 1837 1668 1894 audiens
1695 1853 1782 1892 co-

193 1924 631 1981 nitissastatim
645 1927 926 1984 accersitis
950 1927 1348 1987 liutinensibus
1359 1928 1570 1986 Padum
1601 1938 1782 1985 trans-

193 2015 317 2070 ivit.
370 2015 627 2074 Sentiens
671 2027 856 2075 autem
905 2019 1202 2089 imperator
1261 2020 1382 2090 ejus
1447 2021 1776 2088 adventum,

191 2107 414 2164 viribus
453 2109 750 2165 destitutus
801 2121 856 2166 et
898 2111 1116 2177 animo,
1177 2111 1358 2170 statim
1406 2110 1588 2182 fugam
1630 2113 1776 2179 iniit,

189 2199 354 2256 omni
385 2201 748 2270 suppellectili
773 2203 831 2257 in
849 2202 1053 2260 castris
1075 2202 1282 2269 relicta,
1310 2219 1476 2274 quam
1499 2203 1778 2259 comitissa

192 2290 468 2346 militibus
495 2292 716 2362 reliquit
757 2293 812 2348 in
858 2295 1114 2364 praedam.
1147 2294 1402 2354 Castrum
1446 2295 1628 2365 itaque
1667 2293 1777 2349 No-

191 2393 340 2448 gara:
363 2383 446 2437 sic
465 2392 554 2438 est
563 2384 634 2438 ab
653 2385 933 2443 obsidione
953 2385 1260 2442 liberatum.
1274 2386 1503 2442 Additur
1522 2395 1778 2456 praetcrea

189 2482 246 2526 ct
271 2473 598 2544 imperatori
627 2491 791 2532 casus
821 2475 1080 2544 infestus,
1099 2477 1279 2547 ipsum
1310 2477 1607 2534 hostilitate
1636 2478 1780 2534 inva-

190 2563 360 2619 dente
401 2565 726 2622 domestica.
753 2565 888 2622 Nam
932 2567 1220 2624 Comedus
1247 2567 1368 2640 ejus
1395 2576 1576 2637 natus,
1608 2569 1778 2639 ipsius

189 2656 406 2712 stuelera
457 2672 774 2724 exsecraris,
804 2659 876 2713 ab
935 2673 1004 2714 eo
1048 2659 1330 2726 discessit,
1387 2669 1445 2714 et
1487 2661 1780 2716 comitissm

191 2747 446 2802 adhrsit.
469 2747 643 2818 cuius
670 2749 903 2804 consilio
939 2749 1104 2806 tiliam
1149 2749 1362 2820 Roget-ii
1387 2750 1595 2821 Apuliae
1626 2751 1777 2821 prin-

190 2841 330 2910 cipis
356 2840 518 2896 duxit
553 2856 802 2896 uxorem.
841 2841 918 2896 Eo
943 2851 1186 2913 tempore
1209 2841 1461 2899 Urbanus
1490 2859 1626 2914 papa
1667 2859 1780 2899 mo-

190 2932 356 2997 ritur,
383 2946 532 2988 anno
558 2931 764 2990 Christi
801 2933 958 3000 1099,
1002 2943 1126 3004 post
1173 2951 1332 3004 quem
1373 2934 1652 2991 Paschalis
1676 2937 1774 2992 eli-

190 3022 360 3092 gitur.
385 3022 595 3079 Contra
623 3039 790 3093 quem
834 3040 960 3078 cum
997 3025 1264 3080 niteretur
1310 3026 1603 3082 Cuibertus
1629 3027 1773 3082 auti-
1802 3063 1842 3119 ϐ

191 3131 331 3184 papa
362 3116 596 3186 populos
621 3117 856 3182 allicere,
897 3117 968 3172 de
993 3117 1172 3172 medio
1199 3117 1444 3172 sublatus
1481 3128 1585 3184 est,
1612 3135 1773 3174 suum

191 3222 380 3262 serum
421 3206 678 3262 deferens
703 3208 1008 3262 anathema.
1045 3207 1148 3274 Qui
1177 3209 1335 3262 antris
1359 3208 1430 3262 2i
1473 3207 1561 3263 Dei
1589 3209 1774 3266 Eccle-

191 3298 332 3353 siam
365 3300 638 3355 damnoso
661 3299 890 3355 dissidio
923 3299 1275 3369 perturbavit,
1311 3299 1377 3354 de
1405 3316 1516 3370 quo
1553 3302 1774 3372 quidam

195 3389 296 3445 hos
321 3391 525 3446 cecinit
551 3407 745 3447 versus
775 3409 788 3444 :

263 3481 510 3544 Fletibus
529 3492 580 3538 et
603 3482 856 3552 lacrymis
892 3483 944 3536 si
979 3483 1115 3552 forte
1137 3483 1272 3552 fores
1304 3483 1658 3549 redimendus,

264 3573 505 3633 Fletibus
525 3582 576 3628 et
604 3573 854 3643 lacrymis
885 3587 1044 3639 esses,
1073 3571 1338 3641 Cuibertc,
1374 3571 1670 3626 dolendus:

266 3662 374 3720 Sed
398 3665 534 3722 nulli
563 3665 786 3735 gemitus
807 3674 1027 3734 possunt
1057 3673 1149 3718 tua
1176 3664 1326 3732 facta
1354 3665 1542 3734 piare,’

265 3756 436 3820 Quem
459 3771 600 3817 mors
629 3772 732 3814 non
757 3757 928 3824 potuit
956 3756 1021 3810 de
1046 3756 1270 3825 perﬁdia
1294 3771 1549 3810 revocare.

195 3848 399 3912 Eodem
450 3848 615 3908 etiam
667 3855 906 3917 tempore
971 3846 1230 3918 praefatus
1274 3846 1560 3904 Conradus
1606 3862 1773 3916 unpe-

192 3949 345 3995 rator
386 3940 442 3994 in
470 3955 658 3995 mense
688 3937 832 3994 Julio
857 3939 1108 4006 moritur,
1139 3953 1282 3991 anno
1328 3937 1484 3991 tertio
1505 3946 1625 4006 post
1673 3936 1773 3990 Ur-

195 4032 319 4086 bani
359 4032 668 4097 decessum,
707 4039 761 4086 et
789 4030 1075 4088 Florentia:
1109 4029 1385 4098 sepelitur.
1416 4027 1770 4082 Postumium

194 4123 458 4178 Ferraria:
486 4123 685 4178 civitas
716 4122 1009 4177 comitissa:
1043 4119 1257 4174 rebellis
1290 4119 1536 4173 efﬁcitur.
1569 4118 1772 4174 Contra

191 4231 358 4285 quam
387 4215 628 4270 adunato
654 4214 894 4269 exercitu
939 4230 1006 4269 ex
1048 4211 1243 4268 Tuscis
1270 4219 1323 4265 et
1361 4210 1682 4266 Lomhardis
1709 4226 1773 4265 ac

189 4307 354 4367 etiam
382 4305 846 4370 Ravennatorum,
874 4306 1156 4374 classcque
1178 4302 1505 4374 Venetorum
1521 4303 1767 4368 collecta,

185 4412 312 4459 eam
339 4397 570 4463 obsedit,
595 4397 692 4462 sed
711 4411 844 4466 pace
871 4397 1191 4465 interposita
1223 4395 1290 4450 ad
1317 4395 1476 4448 tidem
1509 4394 1685 4448 rediit.

775 4529 1002 4587 CAPUT
1041 4528 1181 4583 XIV.

194 4623 434 4690 Qualiter
495 4624 769 4678 contizissa
831 4624 1072 4676 abbatem
1131 4620 1460 4674 Bcrnardum
1512 4635 1774 4674 «carcere

258 4695 524 4760 liberavit,
551 4693 692 4748 etde
718 4692 948 4748 Henrico
971 4693 1304 4761 imperatoris
1332 4689 1764 4760 lilio,qui,comi-

261 4766 394 4819 tiara
418 4765 650 4834 favente,
686 4779 899 4834 regnum
924 4763 1096 4834 patris
1127 4763 1376 4818 obtinuit.

260 4872 405 4928 Inter
431 4874 552 4928 haec
580 4872 859 4928 Paschalis
888 4888 1026 4942 papa
1056 4871 1414 4938 Bernarrlum,
1451 4869 1617 4924 Vallis
1641 4868 1769 4923 Am-

193 4964 387 5019 brosias
427 4964 702 5029 abbatem,
723 4969 781 5018 ct
815 4961 1074 5020 Romanae
1122 4961 1378 5018 Ecclesia:
1411 4961 1769 5025 cardinalcm,

194 5056 366 5114 virum
408 5056 600 5124 utique
621 5055 861 5110 maxima
885 5055 1231 5116 veneratione
1261 5054 1505 5124 dignum,
1532 5051 1604 5106 ob
1631 5059 1770 5106 tute-

195 5149 296 5178 ἀι’-ι
346 5145 622 5178 Πηθιιίιλῖο
655 5146 707 5178 :n
749 5144 772 5178 1
795 5145 1127 5178 ηηιινιιιιῖἶηπη
1163 5143 1357 5178 ιιῖιιηνῖὓ
1429 5141 1600 5178 nllnll'l
1640 5156 1764 5178 ('IIIII

1659 253 2094 312 ΜοΝυΜΕΝΤΑ
2133 254 2596 314 GREGORIANA.

1819 375 1866 434 Α
1895 378 2074 430 stante
2115 372 2316 442 itaque
2361 373 2714 433 solemnitate.
2763 373 3202 442 ghl‘iosissitltat,.
3227 375 3462 448 Virginis

3324 261 3464 318 lilii"

1895 463 2086 520 Matris
2121 465 2250 532 Dei,
2285 467 2356 520 ad
2399 467 2664 536 majorem
2695 467 3026 536 ecclesiam,
3057 484 3184 538 qua:
3223 469 3344 539 ejus
3374 479 3464 526 est

1891 553 2152 624 insignita
2168 557 2455 622 vocabulo,
2477 557 2700 614 missam
2729 558 3104 622 celebraturus
3125 560 3384 628 accessit;
3407 570 3462 618 et

1889 645 2026 705 dum
2065 646 2454 711 ibi,.univcrsa
2495 658 2708 706 astante
2733 649 2904 719 plebe,
2942 651 3460 722 post—evangelium

1890 738 2183 794 lectionem
2220 740 2422 809 populo
2467 741 2838 810 praedicasset,
2883 751 2942 799 et
2987 743 3265 800 nonnullis
3295 744 3458 801 verba

1889 828 2028 898 ejus,
2041 829 2136 898 qui
2157 829 2472 898 imperatori
2485 830 2835 890 adhaerebant
2847 872 2862 896 ,
2887 831 3075 900 gravia
3098 832 3456 897 exstitissent,

1887 917 2068 986 posito
2101 918 2230 973 vino
2258 927 2310 974 et
2329 933 2476 988 aqua
2499 919 2556 972 in
2587 919 2756 976 calice
2797 929 2856 976 ut
2893 919 3004 977 Deo
3030 920 3248 975 oberret
3288 921 3460 976 sacri-

1888 1010 2094 1074 ficium,
2117 1025 2348 1080 magnus
2375 1009 2430 1064 in
2455 1010 2690 1065 ecclesia
2717 1010 2962 1068 insonuit
2985 1011 3270 1078 tumultus,
3293 1028 3458 1069 sexus

1889 1101 2172 1158 hominum
2224 1101 2506 1172 utriusque
2551 1102 2704 1158 diras
2743 1102 3140 1174 blasphemias,
3177 1111 3231 1158 ct
3281 1104 3458 1160 minas

1889 1193 2158 1250 terribiles
2202 1193 2468 1250 adversus
2495 1192 2591 1248 Dei
2619 1193 2918 1262 hominem,
2961 1194 3168 1252 scilicet
3205 1194 3454 1250 abbatem

1887 1284 2226 1354 praidictnm,
2275 1283 2483 1342 nefarie
2540 1283 2932 1354 inclamantes,
2972 1293 3027 1341 ct
3075 1285 3253 1356 ipsum
3300 1303 3454 1342 reum

1883 1376 2051 1433 morti
2081 1377 2484 1446 adjudicantes,
2517 1386 2776 1448 tanquam
2819 1378 3162 1449 imperatoris
3199 1381 3456 1438 armatum

1884 1476 1942 1524 et
1965 1468 2238 1524 rebellem.
2270 1467 2330 1524 In
2355 1469 2667 1540 ipso-igitur
2691 1469 2921 1526 tumultu
2947 1469 3137 1529 fractis
3161 1479 3216 1526 ct
3243 1471 3456 1542 disper-

1886 1559 1962 1615 sis
1986 1561 2053 1617 de
2077 1559 2237 1616 altari
2264 1561 2453 1618 vitreis
2480 1561 2646 1627 vasis,
2672 1571 2728 1618 et
2773 1561 3009 1630 pretiosa
3047 1562 3248 1632 capella
3290 1578 3456 1632 quam

1885 1651 2167 1708 comitissa
2192 1651 2316 1707 diva
2367 1651 2554 1710 abbati
2593 1651 2815 1708 donavit
2844 1652 3150 1722 deprzedata
3169 1695 3185 1722 ,
3217 1653 3456 1710 universi

1881 1743 2094 1799 abbatis
2128 1743 2359 1800 comites
2385 1751 2442 1798 et
2459 1743 2642 1798 clerici
2669 1742 2951 1813 fugerunt;
2981 1742 3098 1813 ipse
3127 1759 3256 1798 vero
3285 1746 3454 1800 iuue-

1880 1836 2041 1905 pi-lns
2085 1852 2320 1892 manens
2349 1835 2562 1906 capitur
2604 1844 2658 1892 et
2703 1835 2910 1890 carceri
2956 1835 3312 1905 mancipatur.
3359 1835 3458 1890 llis

1879 1927 2164 1986 comitissa
2191 1944 2300 1984 non
2347 1927 2464 1986 sine
2498 1942 2695 1999 magno
2731 1925 2916 1982 dolore
2947 1926 3168 1993 auditis,
3198 1923 3452 1982 Parmam

1879 2016 1967 2072 die
2017 2016 2175 2072 tertio
2221 2032 2357 2086 cum.
2411 2015 2675 2074 militibus
2723 2016 2841 2074 suis
2886 2016 3192 2086 properavit
3230 2032 3243 2067 :
3290 2031 3454 2086 qmm

1879 2108 2240 2165 venerabilem
2292 2107 2474 2164 virum
2525 2107 2764 2174 liberari,
2792 2116 2846 2164 et
2885 2107 3068 2162 omnia
3093 2107 3345 2176 subrepta
3373 2123 3454 2162 re-

1880 2199 2028 2256 stitui
2068 2199 2402 2269 procuravit,
2439 2216 2552 2254 non
2594 2199 2736 2257 ultra
2783 2199 2851 2256 ad
2894 2199 3185 2254 vindictam
3229 2197 3458 2254 sceleris

1880 2291 2198 2360 procedens,
2213 2292 2418 2348 .abbate
2461 2301 2706 2363 rogante,
2731 2291 2826 2362 qui
2851 2291 3071 2357 multos,
3098 2299 3221 2360 post
3247 2290 3451 2344 bonum

1879 2384 2054 2456 pacis,
2085 2383 2308 2440 amavit.
2339 2383 2475 2441 Acta
2518 2400 2648 2442 vero
2693 2393 2825 2440 sunt
2863 2383 2978 2440 haec
3011 2397 3156 2444 anno
3195 2381 3314 2436 Filii
3357 2379 3452 2436 Dei

1879 2475 2055 2532 exorti
2113 2475 2270 2530 llO-i.
2327 2475 2529 2542 Eodem
2575 2485 2820 2546 tempore
2875 2475 3054 2532 minor
3107 2473 3453 2544 imperatoris

1878 2567 2024 2623 filius
2060 2567 2112 2620 in
2141 2576 2349 2637 patrem
2370 2567 2868 2632 cxcandcsecns,et
2901 2564 3152 2622 tuaximis
3175 2581 3299 2620 eum
3321 2579 3452 2635 pro—

1879 2658 1994 2714 bris
2021 2658 2262 2714 alliciens
2293 2659 2549 2712 iuvadere
2595 2673 2822 2726 regnum
2865 2657 3072 2712 nititur.
3117 2654 3238 2710 Uno
3267 2655 3453 2724 itaque

1879 2765 2004 2806 cum
2050 2757 2202 2819 patre
2240 2749 2426 2818 praalio
2476 2763 2802 2819 congressus
2838 2747 3010 2803 victor
3049 2746 3310 2812 edicitur;
3355 2746 3452 2802 sed

1879 2841 2174 2910 imperator
2207 2840 2441 2894 evadcns
2485 2839 2650 2894 vitam
2701 2853 2937 2894 maerore
2977 2837 3106 2909 egit,
3142 2845 3197 2895 et
3231 2836 3450 2890 demum

1878 2948 1985 2986 non
2015 2931 2184 2984 multo
2219 2939 2340 3000 post
2361 2929 2650 2986 defunctus
2675 2938 2758 2985 est
2793 2945 2936 2985 anno
2961 2927 3162 2984 Christi
3204 2927 3361 2990 “05,
3397 2933 3452 2981 ct

1881 3021 2050 3094 Spir-ie
2071 3022 2312 3092 sepultus
2335 3030 2438 3077 est.
2463 3020 2593 3077 Post
2621 3021 2778 3090 cujus
2803 3019 3010 3074 obitum
3045 3034 3180 3090 papa
3209 3016 3450 3072 Pascha--

1879 3116 1946 3170 lis
1969 3113 2350 3168 Lazmbardiam
2373 3113 2540 3178 venit,
2569 3121 2624 3168 ct
2653 3113 2896 3166 laetautcr
2916 3127 2945 3164 a
2969 3109 3245 3165 comitissa
3270 3123 3452 3174 susce:

1878 3214 2002 3275 plus
2037 3214 2152 3272 cst;
2177 3204 2271 3275 qui
2291 3205 2446 3274 juxta
2469 3203 2674 3266 Padum
2703 3203 2969 3274 synodum
3001 3216 3308 3256 convocans
3329 3199 3451 3254 loco

1877 3297 1969 3366 qui
2001 3297 2276 3352 Cuastalla
2319 3296 2537 3359 dicitur,
2567 3293 2782 3349 llcnrici
2823 3291 3064 3348 defuncti
3105 3291 3450 3362 imperatoris

1878 3389 2022 3442 illius
2053 3388 2318 3443 Henricus
2349 3387 2588 3453 nomine,
2619 3387 2711 3457 qui
2751 3387 2915 3456 hujus
2945 3383 3182 3440 nominis
3224 3382 3449 3453 quintus

1876 3479 1998 3545 fuit,
2032 3480 2238 3550 legatos
2263 3479 2328 3534 ad
2373 3495 2498 3533 cum
2529 3478 2696 3544 misit,
2735 3486 2922 3548 petens
2957 3485 3015 3530 ut
3057 3473 3161 3530 sibi
3189 3465 3448 3544 regnandi

1866 3569 1962 3639 .jus
1985 3571 2322 3636 concederet,
2358 3579 2412 3623 ct
2449 3577 2650 3623 salicta!
2686 3567 2832 3622 sedis
2861 3564 3170 3636 apostolica:
3201 3577 3258 3618 se
3285 3561 3450 3618 devo-

1772 3656 1777 3662 ’
1877 3670 1990 3716 tum
2025 3661 2138 3715 fore
2161 3660 2500 3732 promittens.
2528 3659 2678 3713 lianc
2707 3659 3029 3728 legationem
3053 3671 3188 3725 papa
3221 3654 3450 3708 libenter

1875 3753 2213 3824 amplexatus
2243 3763 2344 3808 est.
2395 3751 2688 3808 Comitissa
2729 3765 2858 3806 vero
2889 3749 2974 3804 his
3013 3747 3184 3818 patris
3213 3754 3268 3800 et
3307 3745 3450 3815 regis

1874 3845 1961 3914 pia
1987 3846 2147 3900 verba
2180 3845 2436 3899 laudavit.
2459 3852 2512 3898 et
2538 3859 2686 3914 papae
2711 3839 3073 3911 magniﬁcavit
3100 3851 3444 3907 responsum.

1874 3934 1954 3988 Eo
1990 3944 2231 4004 tempore
2255 3933 2578 3988 Parmenscs
2622 3933 2900 3987 venientes
2947 3931 3014 3984 ad
3047 3943 3272 3999 papam,
3311 3927 3446 3982 Ber-

1875 4028 2104 4082 nardum
2128 4027 2398 4092 abbatem,
2423 4023 2516 4094 qui
2547 4023 2721 4079 fuerat
2742 4024 2795 4077 in
2825 4039 2886 4076 ea
2909 4021 3144 4085 civitate,
3165 4027 3224 4074 ut
3238 4017 3444 4073 dictum

1873 4129 1978 4186 est,
2008 4118 2366 4191 ignominioso
2395 4123 2688 4182 tracmtus,
2735 4115 2838 4168 sibi
2888 4114 2941 4166 in
2977 4113 3289 4181 episcopum
3327 4109 3445 4163 dari

1875 4213 2164 4283 petierunt.
2198 4209 2313 4276 Qua
2337 4208 2594 4279 petitione
2620 4222 2754 4276 papa
2791 4205 3009 4273 gavisus
3031 4203 3283 4257 Parmam
3318 4217 3444 4256 cum

1880 4305 2074 4358 abbate
2118 4301 2282 4366 venit,
2311 4309 2364 4354 ct
2392 4299 2567 4368 ipsum
2600 4297 2652 4351 in
2690 4296 2933 4366 ejus-lem
2963 4294 3279 4364 episcopum
3307 4307 3442 4345 con-

1804 4407 1847 4462 1)
1873 4395 2125 4460 secrevit,
2153 4395 2449 4448 decernens
2473 4397 2653 4444 autem
2680 4388 2974 4443 Ecclesium
3006 4385 3351 4440 Parmenscm
3376 4383 3442 4436 ad

1878 4488 2178 4544 Ilornanam
2198 4493 2442 4556 spectare
2465 4483 2648 4538 sedem
2677 4498 2822 4538 anno
2845 4478 3047 4534 Christi
3077 4475 3228 4544 “06,
3253 4474 3445 4564 deinde

1878 4580 2105 4636 Romam
2140 4592 2392 4633 reversus
2414 4575 2680 4645 est'papa.

2473 4689 2702 4746 CAPUT
2741 4689 2855 4744 XV.

1876 4790 1952 4846 De
1971 4803 2098 4859 pace
2129 4787 2445 4859 cetzﬁrmata
2472 4784 2608 4836 inter
2633 4784 2997 4859 imperatorem
3025 4787 3072 4833 et
3099 4779 3446 4859 comitissam,

1941 4852 1991 4914 ct
2015 4852 2246 4928 qualiter
2289 4859 2576 4926 imperator
2631 4853 2774 4922 regni
2827 4852 3073 4904 diadema
3128 4852 3356 4919 suscepit.
3421 4855 3453 4896 ιι

1939 4945 2102 5002 papa.

1937 5044 2076 5100 Post
2114 5042 2231 5097 haec
2264 5053 2390 5098 cum
2435 5035 2732 5103 imperator
2755 5031 3024 5089 Henricus
3057 5031 3232 5103 hujus
3277 5028 3462 5090 nomi-

1871 5140 1959 5178 nia
1993 5130 2038 5176 ν
2065 5131 2312 5176 civitates
2352 5136 2411 5176 nt
2442 5123 2633 5176 onnida
2661 5123 2981 5176 delwllando
3009 5131 3367 5176 “rosum-arvi.
3412 5117 3468 5170 ill
