3984 5380
566 353 707 410 Ιοόδ

1547 350 1640 405 AD
1671 347 1903 406 OPERA
1941 344 2377 407 εξοιιεαοηῐῐ
2407 347 2861 411 ΑΡΡΕΝΙΠΕΕΒκ
2917 349 2928 364 ’

3709 347 3842 406 1056

561 477 620 524 et
654 468 722 522 al
747 467 1084 523 eomitissam
1107 465 1417 522 Matliildem
1441 466 1792 532 divertentes,
1824 461 1982 521 ab'ea
2009 466 2148 520 bila-
2178 467 2225 525 Α
2250 464 2364 522 liae
2389 466 2554 537 igitur
2574 467 2869 523 rebellione
2879 467 3134 533 durante,
3159 465 3482 538 bujusmodi
3510 464 3837 520 turbatioms

566 559 704 616 riter
725 567 856 616 sunt
879 559 1138 630 suscepti,
1159 567 1234 626 et,
1259 559 1474 630 magnis
1499 557 1789 630 gratiﬁcati
1809 559 2150 626 muneribus,

565 652 636 707 ad
657 651 1039 722 imperatorem
1077 649 1294 706 tandem
1337 658 1697 706 reverterunt.
1747 647 1942 704 Statim
1979 649 2152 720 impii-

567 751 721 800 rator
761 743 1069 799 coadunato
1095 741 1340 798 exercitu
1387 741 1773 797 Lombardiam
1817 742 2059 809 intravit,
2101 751 2156 798 et

565 833 818 891 civitates
859 848 928 889 ac
974 843 1158 889 castra
1197 833 1583 904 depopulatus,
1631 843 1862 890 cunctos
1909 834 2030 904 ejus
2073 834 2154 890 ira

567 925 910 982 Lombardos
943 925 1260 996 perterruit.
1289 925 1435 982 Inter
1477 926 1578 982 bas
1614 925 1860 982 civitates
1887 943 2012 982 cum
2041 925 2153 982 No-

565 1016 720 1072 varia
748 1017 802 1072 in
826 1017 1122 1073 rebellione
1150 1014 1470 1088 persisteret
1491 1059 1506 1084 ,
1546 1034 1608 1072 ea
1642 1032 1931 1083 succensa,
1964 1034 2154 1074 muros

563 1109 691 1180 ejus
709 1109 902 1176 diruit,
945 1109 1288 1180 multamque
1316 1109 1441 1164 inde
1477 1109 1600 1163 auri
1623 1117 1678 1163 et
1705 1108 1912 1180 argenti
1941 1110 2157 1180 suppel-

566 1200 802 1257 lectilem
830 1202 1161 1272 asportavit;
1194 1202 1309 1256 sola
1345 1201 1542 1256 civitas
1587 1200 1876 1256 Mediolani
1915 1201 2154 1272 impera-

569 1295 676 1350 tori
703 1309 813 1350 non
857 1295 1251 1366 obtemperath
1277 1293 1345 1348 ad
1393 1301 1604 1348 votum.
1651 1293 1904 1364 Cumque
1932 1302 2156 1364 propter

569 1386 887 1456 huiusmodi
935 1386 1250 1442 invasiones
1293 1384 1576 1441 comitissa
1618 1385 2002 1455 imperatorem
2054 1386 2154 1441 ba-

568 1478 723 1535 heret
744 1494 995 1544 exosum,
1019 1478 1284 1550 ﬂagrabat
1305 1493 1432 1534 cum
1469 1493 1533 1533 ea
1565 1491 1755 1548 pacem
1795 1477 2014 1532 habere.
2049 1476 2156 1532 lm-

569 1579 793 1642 perator
828 1571 1186 1627 nihilominus
1215 1585 1409 1641 usque
1447 1569 1516 1625 ad
1556 1567 1723 1624 Thari
1752 1568 1924 1640 ripam
1967 1571 2152 1637 venit;

571 1661 856 1720 comitissa
914 1677 1044 1718 vero
1097 1677 1128 1717 a
1179 1661 1424 1718 Canossa
1485 1659 1847 1716 Bibianellum
1895 1661 2151 1732 perrexit.

571 1752 814 1810 Tandem
851 1754 996 1812 inter
1023 1770 1144 1810 eam
1173 1762 1227 1809 et
1251 1753 1640 1824 imperatorem
1665 1751 1827 1824 legati
1864 1754 2036 1809 multo
2057 1754 2157 1809 ba-

571 1845 686 1901 bito
711 1853 946 1902 tractatu
971 1861 1160 1917 pacem
1188 1853 1437 1902 mutuam
1459 1845 1876 1913 conﬁrmarunt,
1907 1861 2071 1916 quam
2099 1862 2160 1902 se

571 1947 914 1995 servaturum
941 1939 1225 1995 comitissa
1252 1938 1564 2010 spopondit,
1604 1936 1868 1993 Romanae
1895 1938 2161 1994 duntaxat

567 2027 828 2088 Ecclesiae
857 2030 1116 2087 ﬁdelitate
1157 2040 1391 2087 servata.
1438 2029 1536 2087 llis
1569 2030 1828 2102 peractis,
1862 2033 2162 2103 imperator

569 2133 668 2192 per
689 2131 928 2177 montem
952 2121 1224 2180 But-donis
1255 2123 1405 2195 (957)
1427 2122 1684 2178 transivit
1705 2123 1764 2178 in
1788 2122 2068 2190 Tusciam,
2093 2124 2161 2179 de

571 2213 732 2284 cujus
768 2214 1004 2270 alventu
1045 2213 1210 2271 Tusci
1240 2215 1576 2285 trepidantes
1616 2216 1666 2272 ei
1711 2215 1916 2271 tributa
1945 2215 2160 2287 persolé

571 2313 727 2360 vnnt.
774 2305 1064 2362 Florentiae
1100 2305 1293 2362 Natale
1335 2305 1552 2361 Domini
1601 2307 1914 2363 celebravit.
1955 2307 2160 2363 Urbem

574 2385 856 2452 Aretinam
902 2392 1092 2455 fractis
1130 2399 1306 2454 muris
1348 2399 1693 2469 consumpsit
1733 2399 2005 2455 incendio.
2056 2399 2163 2456 Ve-

577 2488 740 2544 niens
763 2488 982 2544 tandem
1005 2487 1238 2545 Romam
1267 2498 1470 2561 quarto
1489 2489 1614 2546 ldus
1637 2489 1942 2558 Februarii,
1971 2509 2001 2547 a
2021 2508 2163 2563 papa

573 2588 630 2635 et
661 2581 808 2636 clero
834 2597 899 2638 ac
940 2583 1144 2654 popqu
1179 2582 1412 2638 solemni
1448 2583 1800 2652 processione
1840 2583 2159 2654 suscipitur.

571 2670 790 2730 latrans
815 2689 945 2732 vero
988 2674 1132 2730 beati
1159 2675 1309 2732 Petri
1347 2675 1651 2742 basilicam,
1685 2685 1739 2731 et
1781 2676 1850 2732 ad
1881 2676 2164 2734 universos

574 2766 846 2822 scalarum
869 2767 1070 2839 gradus
1099 2783 1276 2840 genua
1307 2767 1691 2834 ﬁectcns,ante
1717 2768 1887 2824 altare
1915 2769 1982 2824 ad
2011 2769 2164 2841 pacis

571 2849 828 2914 osculum
871 2875 903 2914 a
945 2875 1085 2930 papa
1112 2860 1432 2930 suscipitur,
1467 2860 1796 2932 promittens
1825 2859 1876 2916 ei
1903 2861 2165 2918 ecclesias

576 2946 672 3005 Dei
697 2966 804 3006 non
832 2951 1209 3020 venditurum,
1235 2969 1337 3009 nec
1361 2953 1717 3008 investituras
1743 2951 2018 3008 {acturum
2057 2953 2165 3009 nisi

573 3057 673 3112 per
698 3058 850 3114 papa:
875 3044 1172 3100 licentiam.
1205 3043 1452 3116 Cumque
1487 3061 1626 3116 papa
1670 3045 1737 3100 ad
1791 3045 2164 3101 coronandum

2255 559 2491 615 civitatis
2509 574 2676 615 casus
2700 558 2875 614 eidem
2901 558 3197 614 comitissa:
3215 558 3461 614 emersit.
3493 556 3642 614 Cum
3665 566 3838 616 autem

2255 648 2311 704 in
2339 657 2526 705 monte
2546 648 2808 705 Baruntio
2837 647 3119 706 comitissa
3147 657 3394 706 maneret
3421 650 3676 722 graviter
3699 650 3840 704 inﬁr-

2256 752 2424 810 mata,
2453 741 2617 798 fallax
2641 742 2710 798 de
2727 740 2851 812 ejus
2870 751 3050 798 morte
3061 741 3210 798 fama
3222 743 3534 813 personuit.
3565 741 3840 798 Iantuani

2255 835 2421 908 igitur
2439 835 2633 906 gavisi,
2670 842 2726 890 et
2753 833 2958 890 famam
2989 834 3133 889 hanc
3151 834 3525 906 divulgantes,
3571 833 3840 905 Ilipaltam

2256 927 2552 983 comitissa:
2578 935 2820 983 castrum
2858 927 3023 982 tertio
3051 927 3120 981 ab
3153 927 3292 982 urbe
3318 925 3559 982 Mantuae
3589 925 3844 982 milliaria

2255 1017 2468 1074 distans
2493 1019 2775 1074 invadunt.
2807 1017 3078 1074 Custodes
3099 1032 3234 1074 vero
3275 1019 3469 1086 castri,
3509 1028 3633 1074 tum
3662 1033 3732 1074 ex
3757 1034 3844 1074 su-

2255 1110 2368 1166 bita
2397 1110 2702 1190 invasione,
2731 1119 2846 1166 tum
2872 1126 2939 1166 ex
2961 1109 3097 1165 ialm
3127 1111 3431 1189 comitissa:
3459 1109 3609 1166 tanta
3637 1110 3848 1182 prolata

2252 1203 2454 1259 timore
2482 1203 2657 1258 multo
2681 1203 2950 1274 percussi,
2975 1211 3220 1258 castrum
3251 1202 3565 1258 Mantuanis
3588 1203 3696 1258 hac
3717 1217 3840 1258 ene

2256 1294 2462 1351 ditione
2495 1295 2838 1350 tradiderunt
2869 1313 2882 1350 :
2913 1304 2974 1350 ut
3003 1295 3281 1361 videlicet,
3329 1295 3378 1350 si
3421 1295 3633 1350 viveret
3673 1296 3840 1350 comi-

2257 1387 2415 1454 tissa,
2463 1396 2655 1443 contra
2701 1403 2822 1442 eam
2861 1387 3178 1442 nullatenus
3225 1395 3529 1442 teneretur.
3561 1385 3670 1442 Sed
3697 1384 3842 1441 Hau-

2257 1480 2431 1534 tuani'
2455 1479 2694 1550 perﬁdiae
2721 1479 2882 1534 vitio‘
2903 1479 3094 1550 repleti
3115 1521 3132 1546 ,
3168 1477 3358 1534 habito
3383 1480 3554 1534 castri
3579 1479 3838 1544 dominio,

2259 1572 2619 1628 decreverunt
2649 1565 2781 1626 illud
2817 1572 3072 1627 incendio
3107 1570 3395 1641 dissipare.
3437 1569 3650 1626 Interea
3679 1585 3840 1623 vene-

2257 1664 2447 1720 rabilis
2477 1663 2789 1720 Manl‘redus
2813 1663 3103 1735 cpiscopus
3126 1661 3404 1718 Mantuam
3435 1663 3588 1718 venit
3607 1661 3840 1718 referens

2259 1757 2596 1812 comitissam
2632 1756 2832 1813 vivere.
2855 1755 3012 1824 Quod
3065 1755 3291 1811 audiens
3325 1754 3568 1826 populus
3613 1752 3842 1808 Ianua-

2261 1865 2388 1917 nus,
2422 1849 2504 1904 ira
2527 1848 2804 1915 frendens,
2826 1849 2917 1903 vix
2961 1863 3161 1904 manus
3187 1848 3260 1903 ab
3284 1849 3407 1919 ipso
3440 1846 3728 1911 continuit,
3751 1844 3838 1900 sed

2255 1941 2478 2013 generis
2525 1941 2648 2011 ejus
2691 1939 2950 1997 nobilitas
2992 1955 3186 1997 eorum
3227 1939 3497 2010 repressit
3539 1937 3834 1993 audaciam.

2257 2032 2518 2089 Castrum
2548 2049 2679 2089 vero
2708 2031 2938 2105 Ripaltae
2972 2032 3204 2088 ﬂamma:
3229 2039 3286 2087 et
3312 2032 3492 2086 ruinte
3525 2031 3838 2095 traditur,et

2260 2141 2358 2196 per
2381 2142 2626 2182 mensem
2652 2127 2778 2181 inde
2805 2125 3081 2182 Mantuam
3107 2125 3284 2196 spolia
3324 2123 3678 2180 deferuntur.
3720 2121 3838 2176 lla:

2261 2227 2442 2274 autem
2467 2219 2650 2274 omnia
2685 2217 3022 2274 comitissam
3055 2219 3375 2273 latuerunt:
3407 2217 3670 2273 nolebant
3700 2214 3834 2270 enim

2259 2309 2446 2366 ﬁdeles
2477 2310 2597 2382 ejus
2623 2310 2943 2383 aegritudine
2970 2311 3224 2366 atllictam
3261 2309 3369 2364 hoc
3403 2306 3702 2363 damnabili
3745 2321 3834 2360 rn-

2262 2419 2416 2460 more
2438 2402 2775 2459 contristari.
2816 2403 3051 2458 Sanitati
3079 2401 3295 2457 tandem
3337 2400 3626 2464 restituta,
3660 2397 3833 2469 cogni-

2260 2504 2428 2568 toque
2448 2496 2610 2567 quale
2647 2497 2752 2552 sibi
2774 2494 3054 2550 Mantuani
3075 2495 3338 2550 damnum
3363 2492 3688 2556 intulerant,
3713 2489 3834 2545 dixit

2263 2595 2479 2658 tempus
2514 2589 2708 2644 adesse
2751 2587 2900 2660 quod
2945 2586 3062 2642 suis
3124 2593 3245 2641 erat
3283 2585 3569 2640 demeritis
3628 2581 3831 2637 lamna

2265 2680 2652 2737 subvertenda.
2686 2678 2830 2735 Suos
2849 2678 3018 2750 igitur
3049 2679 3302 2732 hortatur
3336 2676 3406 2732 ad
3427 2676 3651 2741 bellum,
3685 2682 3735 2730 et
3754 2689 3837 2728 ar-

2265 2781 2411 2827 mata
2443 2772 2620 2829 classe
2654 2772 2722 2828 ad
2743 2771 2979 2827 Mantuae
2997 2770 3339 2826 obsidionem
3359 2769 3687 2839 properavit.
3703 2765 3832 2820 Dum

2265 2872 2447 2918 autem
2501 2863 2682 2934 gravis
2724 2861 3050 2918 Mantuanos
3099 2868 3335 2916 arctaret
3383 2858 3618 2925 obsidio,
3652 2872 3836 2928 magno

2265 2953 2464 3008 timore
2505 2953 2842 3009 consternati
2885 2951 3233 3008 defensiones
3283 2965 3478 3006 eorum
3502 2950 3558 3004 in
3601 2949 3688 3004 div
3719 2965 3834 3003 rsas

2267 3047 2496 3101 trahunt
2536 3046 2856 3102 sententias.
2886 3043 3117 3112 Quidam
3145 3045 3292 3100 enim
3325 3041 3688 3098 resistendum
3718 3055 3836 3094 esse

574 3150 705 3190 eum
745 3151 804 3191 se
834 3146 1072 3206 pararet,
1102 3137 1340 3208 perﬁdiae
1368 3153 1556 3193 semen
1586 3138 1818 3193 (emulus
1851 3138 2004 3208 pacis
2029 3137 2166 3208 inje—
2193 3159 2234 3216 (ς
2267 3137 2590 3206 decernunt,
2633 3153 2762 3208 pars
2803 3136 3076 3193 inﬁrmior
3120 3135 3322 3190 mtenia
3354 3133 3507 3189 exire
3549 3131 3828 3187 contendit.

574 3227 672 3294 cit,
699 3228 1039 3299 propositum
1076 3238 1131 3284 et
1181 3230 1516 3300 promissum
1545 3229 1892 3302 imperatoris
1920 3238 2160 3286 mutans.

575 3314 714 3376 Nam
735 3320 890 3392 petiit
917 3337 950 3376 a
978 3337 1116 3393 papa
1139 3321 1244 3378 sibi
1261 3322 1355 3393 jus
1382 3322 1610 3378 concedi
1649 3323 1704 3377 in
1732 3322 1930 3379 dandis
1955 3321 2167 3394 episco-

577 3411 800 3483 palibus
817 3422 873 3470 et
897 3413 1136 3470 abbatiis
1160 3430 1256 3485 per
1280 3415 1489 3486 virgam
1514 3423 1569 3470 et
1595 3415 1882 3482 annulum,
1905 3413 2168 3486 quemad-

579 3503 806 3559 modum
851 3505 938 3560 sui
984 3505 1416 3575 praedecessorcs
1471 3507 1740 3563 hactenus
1793 3507 2164 3562 contulerunt.

577 3593 741 3660 Quod
783 3601 908 3651 eum
954 3611 1094 3668 papa
1126 3605 1412 3664 retineret,
1460 3597 1642 3668 ipsum
1693 3597 1990 3668 imperator
2041 3613 2169 3652 cum

579 3685 819 3760 prcelatis
852 3695 908 3744 et
947 3687 1100 3744 omni
1153 3688 1306 3744 curia
1349 3689 1664 3760 captivavit.
1707 3687 1852 3744 Inter
1891 3705 2032 3762 quos
2067 3688 2171 3746 fuit

580 3775 892 3836 Bernardus
925 3779 1239 3862 Parmensis
1269 3780 1583 3853 episcopus,
1609 3790 1664 3836 et
1691 3780 1888 3837 Senior
1927 3780 2170 3853 Reginus

583 3871 894 3942 cpiscopus.
929 3872 1037 3929 Pro
1064 3875 1264 3945 quibus
1285 3873 1561 3946 episcopis
1583 3883 1639 3930 et
1666 3874 1880 3930 caeteris
1905 3871 2170 3930 Lombar-

582 3963 668 4018 dis
693 3965 920 4034 captivis
941 3965 1026 4021 vir
1045 3967 1244 4023 nobilis
1270 3976 1324 4022 ct
1361 3956 1646 4038 eloquens,
1691 3965 1970 4022 Arduiuus
1998 3965 2170 4021 comi-

582 4055 733 4112 tissa:
761 4055 994 4127 legatus,
1021 4058 1405 4130 imperatorem
1455 4059 1773 4130 alloquitur,
1811 4068 1866 4114 et
1897 4058 2048 4130 pacis
2070 4053 2169 4129 pa-

583 4155 734 4204 ctum
757 4164 1216 4217 commemorans,
1231 4152 1466 4208 libertati
1488 4151 1674 4208 donati
1699 4160 1844 4208 sunt.
1871 4151 2172 4222 imperator

583 4241 824 4308 tandem,
859 4241 929 4296 ad
950 4257 1047 4298 cor
1073 4243 1288 4300 rediens
1321 4253 1374 4300 et
1398 4243 1580 4299 futura
1614 4245 1852 4315 pericula
1896 4253 2166 4310 metuens,

583 4347 782 4406 papam
810 4341 867 4388 et
894 4335 1146 4405 prtelatos
1181 4336 1471 4403 relaxavit,
1497 4347 1572 4404 et,
1602 4353 1734 4407 pace
1759 4353 1886 4392 cum
1916 4352 1982 4392 eo
2005 4336 2168 4402 facta,

582 4426 654 4482 ab
670 4426 790 4498 ipso
806 4426 1140 4498 imperialem
1163 4428 1592 4485 benedictionem
1614 4438 1668 4485 et
1691 4428 1902 4499 imperii
1921 4429 2167 4484 diadema

2269 3229 2384 3286 llae
2421 3231 2642 3286 tandem
2675 3229 3028 3284 ﬂuctuatione
3058 3226 3274 3297 trepidi,
3297 3225 3636 3288 vacillantes,
3676 3239 3704 3277 a
3739 3237 3830 3276 co—

2267 3322 2480 3378 mitissa
2503 3321 2721 3392 utrique
2739 3319 3013 3391 supplices
3032 3319 3307 3389 petierunt
3336 3316 3576 3371 veniam.
3605 3313 3834 3383 Cumque

2267 3409 2550 3471 comitissa
2573 3428 2762 3470 eorum
2785 3413 2981 3483 legatis
3008 3427 3171 3466 aures
3196 3409 3462 3480 praeberet
3496 3408 3757 3470 adversas,
3780 3415 3835 3460 et

2269 3507 2440 3562 torvis
2457 3521 2555 3562 eos
2582 3504 2853 3576 aspiceret
2876 3503 3073 3568 oculis,
3096 3500 3408 3556 mitissimis
3437 3508 3620 3555 tamen
3643 3495 3831 3568 suppli-

2269 3597 2582 3654 cationibus
2617 3603 2671 3651 et
2696 3609 2984 3666 procerum
3006 3607 3235 3648 suorum
3281 3590 3698 3646 instantissimis
3720 3601 3832 3658 pre-

2270 3689 2426 3745 cibus
2461 3686 2582 3758 ejus
2621 3686 2870 3757 placatus
2913 3691 2999 3739 est
3044 3681 3282 3738 animus.
3324 3679 3616 3736 Civitatem
3671 3680 3834 3749 itaque

2271 3780 2377 3837 sibi
2437 3778 2819 3843 tradiderunt,
2885 3775 3164 3832 ﬁdelitatis
3220 3773 3540 3844 juramenta
3613 3769 3834 3826 universi

2270 3877 2624 3943 praestantes,
2661 3875 2718 3922 et
2766 3881 2994 3922 censum
3047 3879 3290 3920 annuum
3334 3852 3672 3919 pollicentes.
3717 3859 3834 3914 Acta

2271 3968 2401 4017 sunt
2421 3960 2538 4014 haec
2580 3955 2830 4012 Bundoni
2853 3953 3004 4025 (958)
3033 3953 3090 4008 in
3117 3967 3306 4008 mense
3334 3948 3594 4007 Octobris
3619 3967 3752 4006 anno
3775 3949 3834 4017 ab

2253 4049 2556 4106 ‘incarnato
2579 4046 2672 4103 Dei
2697 4046 2835 4102 Filio
2868 4044 3027 4099 1014.

2835 4163 3066 4220 CAPUT
3118 4164 3164 4218 Χ
3177 4163 3281 4219 Vll.

2273 4259 2520 4328 Qualiter
2555 4277 2681 4332 erga
2722 4259 2822 4314 Dei
2864 4259 3065 4332 cultum
3101 4259 3263 4332 fuerit
3309 4256 3520 4325 devota,
3559 4266 3609 4311 et
3649 4257 3712 4312 de
3737 4257 3834 4325 rjtu

2807 4329 3038 4384 transitu
3077 4329 3328 4401 glorioso.

2342 4421 2574 4480 lllustris
2597 4423 2782 4493 itaque
2809 4421 3087 4478 comitissa
3114 4421 3290 4488 miris,
3320 4419 3528 4478 ﬂorens
3549 4417 3834 4480 virtutibus,

584 4517 844 4588 suscepit.
882 4517 1262 4575 Investituram
1285 4535 1506 4592 quoque
1547 4521 1712 4590 virgm
1738 4531 1792 4576 et
1829 4520 2018 4576 annuli
2065 4519 2170 4578 sibi
2202 4527 2248 4582 D
2272 4516 2442 4573 cultui
2463 4515 2650 4572 divino
2672 4530 2888 4584 semper
2907 4522 3026 4569 erat
3051 4513 3279 4581 intenta,
3305 4512 3498 4583 inopes
3525 4518 3836 4570 sustentans.

585 4611 861 4667 concessit
903 4627 1050 4667 anno
1093 4611 1297 4666 Christi
1331 4611 1748 4668 ll-ltJlediens
1792 4613 1959 4685 igitur
1999 4615 2171 4684 impe-

584 4711 738 4758 rator
765 4701 1151 4759 Lombardiam
1182 4702 1538 4759 Bibianellum
1568 4705 1736 4771 venit,
1767 4705 1859 4759 ubi
1889 4707 2169 4761 comitissa

590 4795 882 4863 residebat,
900 4809 976 4866 et,
998 4798 1176 4854 tribus
1201 4797 1396 4854 diebus
1416 4814 1543 4854 cum
1575 4814 1638 4854 ea
1665 4806 1930 4866 moratus,
1954 4799 2170 4856 tandem

588 4885 648 4939 in
680 4884 1058 4942 Alemanniam
1085 4889 1346 4960 pervenit.
1927 4895 1933 4900 ’

1173 5001 1402 5057 CAPUT
1440 5000 1582 5056 XVI.

589 5086 674 5141 De
716 5087 992 5145 rebellium
1043 5091 1310 5159 Mantum,
1347 5103 1408 5176 et
1455 5093 1689 5164 qualiter
1731 5110 1786 5149 se
1834 5091 2174 5148 reddiderunt

1223 5174 1523 5219 comitissw.

665 5245 809 5300 Cum
853 5255 1032 5302 autem
1079 5253 1267 5308 eadem
1310 5255 1592 5312 comitissa
1644 5255 1922 5311 Matliildis
1968 5255 2171 5320 duces,

595 5339 876 5378 nni-anima
927 5345 1148 5378 οηνηῖοοο

1173 5359 1482 5378 οιοηη-ηηηιιο
1534 5369 1596 5380 ,ιιι
1621 5351 1864 5380 ηἶοοῖοηιηη
1891 5360 1937 5380 nl
1978 5351 2169 5380 na-n:.'n

2274 4624 2565 4680 oppressos
2615 4607 2884 4672 relevans,
2929 4615 2983 4661 et
3040 4605 3140 4660 Dei
3179 4604 3417 4660 famulos
3463 4603 3834 4674 perbonorans.

2273 4700 2401 4758 Haec
2444 4709 2499 4758 et
2543 4708 2748 4756 sanctae
2795 4698 3069 4770 religioni,
3101 4695 3421 4768 psalmodiis
3447 4704 3508 4750 et
3527 4693 3835 4750 orationibus

2265 4793 2492 4850 assidue
2515 4791 2848 4857 intendebat,
2881 4791 3146 4846 ecclesias
3165 4797 3220 4844 et
3245 4787 3344 4843 Dei
3373 4787 3665 4842 ministros
3691 4798 3832 4863 para-

2274 4886 2474 4942 mentis
2496 4893 2552 4941 et
2579 4884 2728 4941 vasis
2763 4885 2936 4939 sacris
2963 4881 3252 4952 magniﬁce
3269 4878 3484 4934 ditavit.
3533 4877 3663 4933 Fuit
3695 4877 3836 4932 etiam

2277 4977 2630 5036 scientiarum
2681 4975 2865 5032 studio
2904 4975 3171 5040 dedicata,
3221 4980 3280 5028 et
3319 4969 3632 5026 liberalium
3661 4968 3831 5024 artium

2277 5071 2500 5145 grandis
2519 5069 2847 5126 bibliotheca
2870 5066 2976 5123 sibi
3001 5081 3110 5121 non
3134 5063 3325 5120 deluit.
3349 5061 3460 5118 Pro
3490 5061 3696 5132 Christi
3713 5073 3829 5132 quo-

2255 5173 2387 5237 ‘que
2409 5163 2652 5222 Ecclesia
2675 5162 2860 5235 praelia
2883 5161 3055 5216 multa
3084 5157 3275 5232 gessit.
3286 5156 3426 5212 Cum
3438 5166 3625 5212 autem
3641 5158 3693 5212 in
3713 5155 3829 5208 Boc-

2278 5259 2421 5315 deno
2442 5273 2582 5329 pago
2617 5271 2830 5312 moram
2852 5253 3113 5318 traheret,
3136 5250 3327 5306 volens
3355 5248 3432 5304 ibi
3455 5245 3649 5302 Natale
3673 5242 3826 5302 Dolui-

2280 5351 2334 5380 .ιῖ
2360 5349 2634 5380 ΛΛΙΛιι-ειηη
2676 5348 2820 5380 vani!
2846 5346 2910 5380 ll“
2935 5361 3055 5380 nona
3081 5356 3313 5380 magna]:
3447 5338 3722 5380 mli-innisi
3745 5334 3826 5380 p.-
