  <div class='ocr_page' id='page_1' title='image "/cluster/home/n/w/nwhite01/storage/ocr_20150623/148/hvd.32044015471840/526.png"; bbox 0 0 3984 5380; ppageno 0'>
   <div class='ocr_carea' id='block_1_1' title="bbox 149 281 304 339">
    <p class='ocr_par' dir='ltr' id='par_1_1' title="bbox 149 281 304 339">
     <span class='ocr_line' id='line_1_1' title="bbox 149 281 304 339; baseline 0 -1"><span class='ocrx_word' id='word_1_1' title='bbox 149 281 304 339; x_wconf 71' lang='grc'><strong>1051</strong></span> 
     </span>
    </p>
   </div>
   <div class='ocr_carea' id='block_1_2' title="bbox 1058 267 2569 351">
    <p class='ocr_par' dir='ltr' id='par_1_2' title="bbox 1058 267 2569 351">
     <span class='ocr_line' id='line_1_2' title="bbox 1058 267 2569 351; baseline -0.001 -18"><span class='ocrx_word' id='word_1_2' title='bbox 1058 276 1348 334; x_wconf 77' lang='grc' dir='ltr'><strong>ΔΡΡΕΝΙ).</strong></span> <span class='ocrx_word' id='word_1_3' title='bbox 1391 267 1480 333; x_wconf 79' lang='lat' dir='ltr'><strong>lli.</strong></span> <span class='ocrx_word' id='word_1_4' title='bbox 1524 306 1591 318; x_wconf 88' lang='lat'><strong>-</strong></span> <span class='ocrx_word' id='word_1_5' title='bbox 1627 271 2064 351; x_wconf 64' lang='lat' dir='ltr'><strong>HONUMENTA</strong></span> <span class='ocrx_word' id='word_1_6' title='bbox 2101 268 2569 334; x_wconf 71' lang='lat' dir='ltr'><strong>CREGORIANA.</strong></span> 
     </span>
    </p>
   </div>
   <div class='ocr_carea' id='block_1_3' title="bbox 3302 274 3445 336">
    <p class='ocr_par' dir='ltr' id='par_1_3' title="bbox 3302 274 3445 336">
     <span class='ocr_line' id='line_1_3' title="bbox 3302 274 3445 336; baseline 0.014 -2"><span class='ocrx_word' id='word_1_7' title='bbox 3302 274 3445 336; x_wconf 66' lang='lat'><strong>£058</strong></span> 
     </span>
    </p>
   </div>
   <div class='ocr_carea' id='block_1_4' title="bbox 148 385 3449 462">
    <p class='ocr_par' dir='ltr' id='par_1_4' title="bbox 148 385 3449 462">
     <span class='ocr_line' id='line_1_4' title="bbox 148 385 3449 462; baseline -0.001 -13"><span class='ocrx_word' id='word_1_8' title='bbox 148 393 257 449; x_wconf 82' lang='lat' dir='ltr'><strong>Dei</strong></span> <span class='ocrx_word' id='word_1_9' title='bbox 283 389 592 448; x_wconf 86' lang='lat' dir='ltr'><strong>reverentia</strong></span> <span class='ocrx_word' id='word_1_10' title='bbox 612 387 680 447; x_wconf 88' lang='lat' dir='ltr'><strong>ad</strong></span> <span class='ocrx_word' id='word_1_11' title='bbox 709 385 946 445; x_wconf 78' lang='lat' dir='ltr'><strong>cilicium</strong></span> <span class='ocrx_word' id='word_1_12' title='bbox 971 390 1231 459; x_wconf 85' lang='lat' dir='ltr'><strong>perrexit,</strong></span> <span class='ocrx_word' id='word_1_13' title='bbox 1268 398 1325 446; x_wconf 90' lang='lat' dir='ltr'><strong>et</strong></span> <span class='ocrx_word' id='word_1_14' title='bbox 1372 389 1567 446; x_wconf 90' lang='lat' dir='ltr'><strong>devote</strong></span> <span class='ocrx_word' id='word_1_15' title='bbox 1593 388 1753 446; x_wconf 60' lang='lat' dir='ltr'><strong>audi»</strong></span> <span class='ocrx_word' id='word_1_16' title='bbox 1783 390 1831 448; x_wconf 75' lang='grc' dir='ltr'><strong>Α</strong></span> <span class='ocrx_word' id='word_1_17' title='bbox 1857 388 1947 443; x_wconf 87' lang='lat' dir='ltr'><strong>ubi</strong></span> <span class='ocrx_word' id='word_1_18' title='bbox 1974 397 2030 444; x_wconf 83' lang='lat' dir='ltr'><strong>et</strong></span> <span class='ocrx_word' id='word_1_19' title='bbox 2052 389 2429 460; x_wconf 66' lang='lat' dir='ltr'><strong>progenitores</strong></span> <span class='ocrx_word' id='word_1_20' title='bbox 2456 390 2578 458; x_wconf 61' lang='lat' dir='ltr'><strong>ejus</strong></span> <span class='ocrx_word' id='word_1_21' title='bbox 2606 388 2918 460; x_wconf 64' lang='lat' dir='ltr'><strong>quiescunt,</strong></span> <span class='ocrx_word' id='word_1_22' title='bbox 2942 388 3073 462; x_wconf 91' lang='lat' dir='ltr'><strong>quia</strong></span> <span class='ocrx_word' id='word_1_23' title='bbox 3095 396 3282 446; x_wconf 85' lang='lat' dir='ltr'><strong>tamen</strong></span> <span class='ocrx_word' id='word_1_24' title='bbox 3300 405 3449 448; x_wconf 83' lang='lat' dir='ltr'><strong>sem-</strong></span> 
     </span>
    </p>
   </div>
   <div class='ocr_carea' id='block_1_5' title="bbox 146 482 1752 555">
    <p class='ocr_par' dir='ltr' id='par_1_5' title="bbox 146 482 1752 555">
     <span class='ocr_line' id='line_1_5' title="bbox 146 482 1752 555; baseline -0.002 -14"><span class='ocrx_word' id='word_1_25' title='bbox 146 486 238 541; x_wconf 76' lang='lat' dir='ltr'><strong>vit</strong></span> <span class='ocrx_word' id='word_1_26' title='bbox 265 505 279 540; x_wconf 92' lang='lat'><strong>:</strong></span> <span class='ocrx_word' id='word_1_27' title='bbox 311 485 411 541; x_wconf 85' lang='lat' dir='ltr'><strong>sed</strong></span> <span class='ocrx_word' id='word_1_28' title='bbox 457 484 786 540; x_wconf 89' lang='lat' dir='ltr'><strong>immensum</strong></span> <span class='ocrx_word' id='word_1_29' title='bbox 822 482 1002 538; x_wconf 88' lang='lat' dir='ltr'><strong>noctis</strong></span> <span class='ocrx_word' id='word_1_30' title='bbox 1032 482 1156 555; x_wconf 87' lang='lat' dir='ltr'><strong>gelu</strong></span> <span class='ocrx_word' id='word_1_31' title='bbox 1189 482 1328 537; x_wconf 88' lang='lat' dir='ltr'><strong>adeo</strong></span> <span class='ocrx_word' id='word_1_32' title='bbox 1348 482 1472 552; x_wconf 88' lang='lat' dir='ltr'><strong>ejus</strong></span> <span class='ocrx_word' id='word_1_33' title='bbox 1506 482 1752 539; x_wconf 84' lang='lat' dir='ltr'><strong>membra</strong></span> 
     </span>
    </p>
   </div>
   <div class='ocr_carea' id='block_1_6' title="bbox 147 572 1752 647">
    <p class='ocr_par' dir='ltr' id='par_1_6' title="bbox 147 572 1752 647">
     <span class='ocr_line' id='line_1_6' title="bbox 147 572 1752 647; baseline -0.003 -14"><span class='ocrx_word' id='word_1_34' title='bbox 147 577 394 647; x_wconf 72' lang='lat' dir='ltr'><strong>diriguit</strong></span> <span class='ocrx_word' id='word_1_35' title='bbox 416 584 474 631; x_wconf 88' lang='lat' dir='ltr'><strong>et</strong></span> <span class='ocrx_word' id='word_1_36' title='bbox 519 590 719 645; x_wconf 90' lang='lat' dir='ltr'><strong>corpus</strong></span> <span class='ocrx_word' id='word_1_37' title='bbox 768 572 977 641; x_wconf 83' lang='lat' dir='ltr'><strong>aﬁlixit,</strong></span> <span class='ocrx_word' id='word_1_38' title='bbox 1005 583 1067 629; x_wconf 89' lang='lat' dir='ltr'><strong>ut</strong></span> <span class='ocrx_word' id='word_1_39' title='bbox 1094 573 1442 644; x_wconf 81' lang='lat' dir='ltr'><strong>postmodum</strong></span> <span class='ocrx_word' id='word_1_40' title='bbox 1474 573 1616 629; x_wconf 87' lang='lat' dir='ltr'><strong>lecto</strong></span> <span class='ocrx_word' id='word_1_41' title='bbox 1652 574 1752 629; x_wconf 82' lang='lat' dir='ltr'><strong>de-</strong></span> 
     </span>
    </p>
   </div>
   <div class='ocr_carea' id='block_1_7' title="bbox 152 665 1754 738">
    <p class='ocr_par' dir='ltr' id='par_1_7' title="bbox 152 665 1754 738">
     <span class='ocr_line' id='line_1_7' title="bbox 152 665 1754 738; baseline -0.001 -12"><span class='ocrx_word' id='word_1_42' title='bbox 152 669 451 726; x_wconf 78' lang='lat' dir='ltr'><strong>cumberet</strong></span> <span class='ocrx_word' id='word_1_43' title='bbox 480 683 643 738; x_wconf 65' lang='lat' dir='ltr'><strong>aegra.</strong></span> <span class='ocrx_word' id='word_1_44' title='bbox 688 665 1115 736; x_wconf 85' lang='lat' dir='ltr'><strong>Superveniente</strong></span> <span class='ocrx_word' id='word_1_45' title='bbox 1160 673 1343 721; x_wconf 82' lang='lat' dir='ltr'><strong>autem</strong></span> <span class='ocrx_word' id='word_1_46' title='bbox 1397 665 1754 737; x_wconf 80' lang='lat' dir='ltr'><strong>apparitionis</strong></span> 
     </span>
    </p>
   </div>
   <div class='ocr_carea' id='block_1_8' title="bbox 150 758 1757 831">
    <p class='ocr_par' dir='ltr' id='par_1_8' title="bbox 150 758 1757 831">
     <span class='ocr_line' id='line_1_8' title="bbox 150 758 1757 831; baseline -0.001 -15"><span class='ocrx_word' id='word_1_47' title='bbox 150 763 270 827; x_wconf 76' lang='lat' dir='ltr'><strong>die,</strong></span> <span class='ocrx_word' id='word_1_48' title='bbox 314 762 515 816; x_wconf 86' lang='lat' dir='ltr'><strong>iterum</strong></span> <span class='ocrx_word' id='word_1_49' title='bbox 566 758 820 831; x_wconf 83' lang='lat' dir='ltr'><strong>languida</strong></span> <span class='ocrx_word' id='word_1_50' title='bbox 848 758 1078 815; x_wconf 87' lang='lat' dir='ltr'><strong>missam</strong></span> <span class='ocrx_word' id='word_1_51' title='bbox 1128 758 1357 825; x_wconf 81' lang='lat' dir='ltr'><strong>audivit,</strong></span> <span class='ocrx_word' id='word_1_52' title='bbox 1386 767 1441 814; x_wconf 90' lang='lat' dir='ltr'><strong>et</strong></span> <span class='ocrx_word' id='word_1_53' title='bbox 1462 758 1660 815; x_wconf 82' lang='lat' dir='ltr'><strong>iterum</strong></span> <span class='ocrx_word' id='word_1_54' title='bbox 1686 758 1757 814; x_wconf 42' lang='lat' dir='ltr'><strong>le,</strong></span> 
     </span>
    </p>
   </div>
   <div class='ocr_carea' id='block_1_9' title="bbox 150 850 1752 922">
    <p class='ocr_par' dir='ltr' id='par_1_9' title="bbox 150 850 1752 922">
     <span class='ocr_line' id='line_1_9' title="bbox 150 850 1752 922; baseline -0.001 -16"><span class='ocrx_word' id='word_1_55' title='bbox 150 859 252 907; x_wconf 79' lang='lat' dir='ltr'><strong>cto</strong></span> <span class='ocrx_word' id='word_1_56' title='bbox 280 852 561 908; x_wconf 76' lang='lat' dir='ltr'><strong>decubuit.</strong></span> <span class='ocrx_word' id='word_1_57' title='bbox 603 850 852 922; x_wconf 85' lang='lat' dir='ltr'><strong>Cumque</strong></span> <span class='ocrx_word' id='word_1_58' title='bbox 900 850 1069 907; x_wconf 82' lang='lat' dir='ltr'><strong>abbas</strong></span> <span class='ocrx_word' id='word_1_59' title='bbox 1096 851 1167 907; x_wconf 91' lang='lat' dir='ltr'><strong>ab</strong></span> <span class='ocrx_word' id='word_1_60' title='bbox 1194 866 1258 906; x_wconf 87' lang='lat' dir='ltr'><strong>ea</strong></span> <span class='ocrx_word' id='word_1_61' title='bbox 1287 851 1583 919; x_wconf 81' lang='lat' dir='ltr'><strong>recederet,</strong></span> <span class='ocrx_word' id='word_1_62' title='bbox 1613 850 1752 922; x_wconf 88' lang='lat' dir='ltr'><strong>ipsa,</strong></span> 
     </span>
    </p>
   </div>
   <div class='ocr_carea' id='block_1_10' title="bbox 153 943 1757 1016">
    <p class='ocr_par' dir='ltr' id='par_1_10' title="bbox 153 943 1757 1016">
     <span class='ocr_line' id='line_1_10' title="bbox 153 943 1757 1016; baseline 0.002 -19"><span class='ocrx_word' id='word_1_63' title='bbox 153 944 283 1013; x_wconf 81' lang='lat' dir='ltr'><strong>ejus</strong></span> <span class='ocrx_word' id='word_1_64' title='bbox 313 944 571 1014; x_wconf 82' lang='lat' dir='ltr'><strong>precibus</strong></span> <span class='ocrx_word' id='word_1_65' title='bbox 599 943 793 1011; x_wconf 89' lang='lat' dir='ltr'><strong>ﬁdens,</strong></span> <span class='ocrx_word' id='word_1_66' title='bbox 821 944 984 1014; x_wconf 89' lang='lat' dir='ltr'><strong>pallia</strong></span> <span class='ocrx_word' id='word_1_67' title='bbox 1004 952 1295 1014; x_wconf 74' lang='lat' dir='ltr'><strong>vestesque</strong></span> <span class='ocrx_word' id='word_1_68' title='bbox 1316 959 1523 1012; x_wconf 88' lang='lat' dir='ltr'><strong>sacras,</strong></span> <span class='ocrx_word' id='word_1_69' title='bbox 1562 960 1757 1016; x_wconf 85' lang='lat' dir='ltr'><strong>argen-</strong></span> 
     </span>
    </p>
   </div>
   <div class='ocr_carea' id='block_1_11' title="bbox 156 1036 1762 1109">
    <p class='ocr_par' dir='ltr' id='par_1_11' title="bbox 156 1036 1762 1109">
     <span class='ocr_line' id='line_1_11' title="bbox 156 1036 1762 1109; baseline 0.001 -19"><span class='ocrx_word' id='word_1_70' title='bbox 156 1045 251 1090; x_wconf 86' lang='lat' dir='ltr'><strong>tea</strong></span> <span class='ocrx_word' id='word_1_71' title='bbox 276 1052 436 1102; x_wconf 85' lang='lat' dir='ltr'><strong>vasa,</strong></span> <span class='ocrx_word' id='word_1_72' title='bbox 466 1051 565 1091; x_wconf 89' lang='lat' dir='ltr'><strong>nec</strong></span> <span class='ocrx_word' id='word_1_73' title='bbox 587 1051 696 1090; x_wconf 92' lang='lat' dir='ltr'><strong>non</strong></span> <span class='ocrx_word' id='word_1_74' title='bbox 722 1044 777 1091; x_wconf 89' lang='lat' dir='ltr'><strong>et</strong></span> <span class='ocrx_word' id='word_1_75' title='bbox 807 1051 1026 1093; x_wconf 89' lang='lat' dir='ltr'><strong>crucem</strong></span> <span class='ocrx_word' id='word_1_76' title='bbox 1069 1044 1317 1092; x_wconf 87' lang='lat' dir='ltr'><strong>sanctam</strong></span> <span class='ocrx_word' id='word_1_77' title='bbox 1342 1036 1572 1109; x_wconf 87' lang='lat' dir='ltr'><strong>gemmis</strong></span> <span class='ocrx_word' id='word_1_78' title='bbox 1599 1053 1762 1093; x_wconf 91' lang='lat' dir='ltr'><strong>orna-</strong></span> 
     </span>
    </p>
   </div>
   <div class='ocr_carea' id='block_1_12' title="bbox 158 1127 1759 1199">
    <p class='ocr_par' dir='ltr' id='par_1_12' title="bbox 158 1127 1759 1199">
     <span class='ocr_line' id='line_1_12' title="bbox 158 1127 1759 1199; baseline 0.003 -17"><span class='ocrx_word' id='word_1_79' title='bbox 158 1136 302 1193; x_wconf 83' lang='lat' dir='ltr'><strong>tam,</strong></span> <span class='ocrx_word' id='word_1_80' title='bbox 332 1128 383 1183; x_wconf 89' lang='lat' dir='ltr'><strong>ei</strong></span> <span class='ocrx_word' id='word_1_81' title='bbox 404 1129 492 1199; x_wconf 89' lang='lat' dir='ltr'><strong>pia</strong></span> <span class='ocrx_word' id='word_1_82' title='bbox 532 1127 625 1183; x_wconf 88' lang='lat' dir='ltr'><strong>Dei</strong></span> <span class='ocrx_word' id='word_1_83' title='bbox 677 1128 876 1184; x_wconf 81' lang='lat' dir='ltr'><strong>cultrix</strong></span> <span class='ocrx_word' id='word_1_84' title='bbox 900 1129 1143 1184; x_wconf 85' lang='lat' dir='ltr'><strong>donavit.</strong></span> <span class='ocrx_word' id='word_1_85' title='bbox 1198 1128 1554 1187; x_wconf 77' lang='lat' dir='ltr'><strong>Adveniente‘</strong></span> <span class='ocrx_word' id='word_1_86' title='bbox 1575 1141 1759 1187; x_wconf 86' lang='lat' dir='ltr'><strong>autem</strong></span> 
     </span>
    </p>
   </div>
   <div class='ocr_carea' id='block_1_13' title="bbox 156 1219 1759 1294">
    <p class='ocr_par' dir='ltr' id='par_1_13' title="bbox 156 1219 1759 1294">
     <span class='ocr_line' id='line_1_13' title="bbox 156 1219 1759 1294; baseline 0.003 -19"><span class='ocrx_word' id='word_1_87' title='bbox 156 1219 625 1291; x_wconf 85' lang='lat' dir='ltr'><strong>quadragesimali</strong></span> <span class='ocrx_word' id='word_1_88' title='bbox 648 1220 879 1291; x_wconf 82' lang='lat' dir='ltr'><strong>jejunio,</strong></span> <span class='ocrx_word' id='word_1_89' title='bbox 915 1236 1063 1289; x_wconf 89' lang='lat' dir='ltr'><strong>cum,</strong></span> <span class='ocrx_word' id='word_1_90' title='bbox 1100 1220 1415 1278; x_wconf 81' lang='lat' dir='ltr'><strong>inﬁmitate</strong></span> <span class='ocrx_word' id='word_1_91' title='bbox 1443 1222 1759 1294; x_wconf 87' lang='lat' dir='ltr'><strong>debilis,je—</strong></span> 
     </span>
    </p>
   </div>
   <div class='ocr_carea' id='block_1_14' title="bbox 156 1311 1757 1386">
    <p class='ocr_par' dir='ltr' id='par_1_14' title="bbox 156 1311 1757 1386">
     <span class='ocr_line' id='line_1_14' title="bbox 156 1311 1757 1386; baseline 0.004 -19"><span class='ocrx_word' id='word_1_92' title='bbox 156 1311 362 1381; x_wconf 80' lang='lat' dir='ltr'><strong>iuuare</strong></span> <span class='ocrx_word' id='word_1_93' title='bbox 388 1314 757 1381; x_wconf 84' lang='lat' dir='ltr'><strong>contenderet,</strong></span> <span class='ocrx_word' id='word_1_94' title='bbox 787 1322 1029 1370; x_wconf 80' lang='lat' dir='ltr'><strong>astantes</strong></span> <span class='ocrx_word' id='word_1_95' title='bbox 1080 1314 1325 1386; x_wconf 86' lang='lat' dir='ltr'><strong>episcopi</strong></span> <span class='ocrx_word' id='word_1_96' title='bbox 1353 1317 1757 1384; x_wconf 85' lang='lat' dir='ltr'><strong>contradicunt,</strong></span> 
     </span>
    </p>
   </div>
   <div class='ocr_carea' id='block_1_15' title="bbox 156 1405 1761 1478">
    <p class='ocr_par' dir='ltr' id='par_1_15' title="bbox 156 1405 1761 1478">
     <span class='ocr_line' id='line_1_15' title="bbox 156 1405 1761 1478; baseline 0.002 -17"><span class='ocrx_word' id='word_1_97' title='bbox 156 1405 543 1471; x_wconf 84' lang='lat' dir='ltr'><strong>decernentes,</strong></span> <span class='ocrx_word' id='word_1_98' title='bbox 559 1414 618 1460; x_wconf 90' lang='lat' dir='ltr'><strong>ut</strong></span> <span class='ocrx_word' id='word_1_99' title='bbox 647 1407 830 1477; x_wconf 84' lang='lat' dir='ltr'><strong>potius</strong></span> <span class='ocrx_word' id='word_1_100' title='bbox 852 1406 1622 1478; x_wconf 82' lang='lat' dir='ltr'><strong>jejunium&#39;eleemosynarum</strong></span> <span class='ocrx_word' id='word_1_101' title='bbox 1649 1410 1761 1464; x_wconf 87' lang='lat' dir='ltr'><strong>lar-</strong></span> 
     </span>
    </p>
   </div>
   <div class='ocr_carea' id='block_1_16' title="bbox 159 1497 1763 1570">
    <p class='ocr_par' dir='ltr' id='par_1_16' title="bbox 159 1497 1763 1570">
     <span class='ocr_line' id='line_1_16' title="bbox 159 1497 1763 1570; baseline 0.003 -18"><span class='ocrx_word' id='word_1_102' title='bbox 159 1497 374 1569; x_wconf 85' lang='lat' dir='ltr'><strong>gitione</strong></span> <span class='ocrx_word' id='word_1_103' title='bbox 404 1498 754 1567; x_wconf 83' lang='lat' dir='ltr'><strong>persolveret.</strong></span> <span class='ocrx_word' id='word_1_104' title='bbox 786 1497 1180 1554; x_wconf 88' lang='lat' dir='ltr'><strong>Succrescente</strong></span> <span class='ocrx_word' id='word_1_105' title='bbox 1209 1514 1339 1554; x_wconf 88' lang='lat' dir='ltr'><strong>vero</strong></span> <span class='ocrx_word' id='word_1_106' title='bbox 1358 1498 1640 1570; x_wconf 78' lang='lat' dir='ltr'><strong>languore,</strong></span> <span class='ocrx_word' id='word_1_107' title='bbox 1672 1516 1763 1557; x_wconf 82' lang='lat' dir='ltr'><strong>ec-</strong></span> 
     </span>
    </p>
   </div>
   <div class='ocr_carea' id='block_1_17' title="bbox 158 1589 1764 1663">
    <p class='ocr_par' dir='ltr' id='par_1_17' title="bbox 158 1589 1764 1663">
     <span class='ocr_line' id='line_1_17' title="bbox 158 1589 1764 1663; baseline 0.003 -19"><span class='ocrx_word' id='word_1_108' title='bbox 158 1589 366 1645; x_wconf 78' lang='lat' dir='ltr'><strong>clesias</strong></span> <span class='ocrx_word' id='word_1_109' title='bbox 389 1589 509 1657; x_wconf 88' lang='lat' dir='ltr'><strong>Dei,</strong></span> <span class='ocrx_word' id='word_1_110' title='bbox 530 1590 767 1646; x_wconf 79' lang='lat' dir='ltr'><strong>maxime</strong></span> <span class='ocrx_word' id='word_1_111' title='bbox 791 1589 1128 1648; x_wconf 82' lang='lat' dir='ltr'><strong>Canusinam</strong></span> <span class='ocrx_word' id='word_1_112' title='bbox 1143 1633 1159 1658; x_wconf 95' lang='lat'><strong>,</strong></span> <span class='ocrx_word' id='word_1_113' title='bbox 1187 1591 1406 1662; x_wconf 69' lang='lat' dir='ltr'><strong>prmdiis</strong></span> <span class='ocrx_word' id='word_1_114' title='bbox 1429 1592 1764 1663; x_wconf 87' lang='lat' dir='ltr'><strong>ampliﬁcare</strong></span> 
     </span>
    </p>
   </div>
   <div class='ocr_carea' id='block_1_18' title="bbox 158 1681 1763 1748">
    <p class='ocr_par' dir='ltr' id='par_1_18' title="bbox 158 1681 1763 1748">
     <span class='ocr_line' id='line_1_18' title="bbox 158 1681 1763 1748; baseline 0.001 -9"><span class='ocrx_word' id='word_1_115' title='bbox 158 1682 417 1748; x_wconf 86' lang='lat' dir='ltr'><strong>studens,</strong></span> <span class='ocrx_word' id='word_1_116' title='bbox 454 1683 505 1737; x_wconf 90' lang='lat' dir='ltr'><strong>ei</strong></span> <span class='ocrx_word' id='word_1_117' title='bbox 536 1683 706 1737; x_wconf 81' lang='lat' dir='ltr'><strong>multa</strong></span> <span class='ocrx_word' id='word_1_118' title='bbox 739 1682 982 1739; x_wconf 87' lang='lat' dir='ltr'><strong>donavit.</strong></span> <span class='ocrx_word' id='word_1_119' title='bbox 1038 1681 1298 1739; x_wconf 87' lang='lat' dir='ltr'><strong>Famulos</strong></span> <span class='ocrx_word' id='word_1_120' title='bbox 1349 1699 1483 1740; x_wconf 88' lang='lat' dir='ltr'><strong>suos</strong></span> <span class='ocrx_word' id='word_1_121' title='bbox 1510 1685 1763 1741; x_wconf 86' lang='lat' dir='ltr'><strong>innume-</strong></span> 
     </span>
    </p>
   </div>
   <div class='ocr_carea' id='block_1_19' title="bbox 1861 480 3448 553">
    <p class='ocr_par' dir='ltr' id='par_1_19' title="bbox 1861 480 3448 553">
     <span class='ocr_line' id='line_1_19' title="bbox 1861 480 3448 553; baseline 0.002 -18"><span class='ocrx_word' id='word_1_122' title='bbox 1861 495 1958 550; x_wconf 86' lang='lat' dir='ltr'><strong>pcr</strong></span> <span class='ocrx_word' id='word_1_123' title='bbox 1975 495 2101 535; x_wconf 89' lang='lat' dir='ltr'><strong>eum</strong></span> <span class='ocrx_word' id='word_1_124' title='bbox 2127 480 2319 537; x_wconf 84' lang='lat' dir='ltr'><strong>devote</strong></span> <span class='ocrx_word' id='word_1_125' title='bbox 2345 480 2535 548; x_wconf 88' lang='lat' dir='ltr'><strong>coluit,</strong></span> <span class='ocrx_word' id='word_1_126' title='bbox 2561 490 2689 537; x_wconf 80' lang='lat' dir='ltr'><strong>ante</strong></span> <span class='ocrx_word' id='word_1_127' title='bbox 2726 481 2879 552; x_wconf 87' lang='lat' dir='ltr'><strong>pium</strong></span> <span class='ocrx_word' id='word_1_128' title='bbox 2918 497 3102 553; x_wconf 82' lang='lat' dir='ltr'><strong>regem</strong></span> <span class='ocrx_word' id='word_1_129' title='bbox 3132 496 3234 553; x_wconf 87' lang='lat' dir='ltr'><strong>pro</strong></span> <span class='ocrx_word' id='word_1_130' title='bbox 3260 497 3326 538; x_wconf 89' lang='lat' dir='ltr'><strong>ea</strong></span> <span class='ocrx_word' id='word_1_131' title='bbox 3350 498 3448 539; x_wconf 79' lang='lat' dir='ltr'><strong>ve-</strong></span> 
     </span>
    </p>
   </div>
   <div class='ocr_carea' id='block_1_20' title="bbox 1860 572 3450 646">
    <p class='ocr_par' dir='ltr' id='par_1_20' title="bbox 1860 572 3450 646">
     <span class='ocr_line' id='line_1_20' title="bbox 1860 572 3450 646; baseline 0.004 -21"><span class='ocrx_word' id='word_1_132' title='bbox 1860 572 2009 626; x_wconf 86' lang='lat' dir='ltr'><strong>niam</strong></span> <span class='ocrx_word' id='word_1_133' title='bbox 2035 572 2393 642; x_wconf 87' lang='lat' dir='ltr'><strong>deprccetur;</strong></span> <span class='ocrx_word' id='word_1_134' title='bbox 2441 587 2552 628; x_wconf 86' lang='lat' dir='ltr'><strong>non</strong></span> <span class='ocrx_word' id='word_1_135' title='bbox 2582 581 2767 630; x_wconf 90' lang='lat' dir='ltr'><strong>tamen</strong></span> <span class='ocrx_word' id='word_1_136' title='bbox 2816 574 3008 630; x_wconf 85' lang='lat' dir='ltr'><strong>scribit</strong></span> <span class='ocrx_word' id='word_1_137' title='bbox 3053 575 3111 631; x_wconf 90' lang='lat' dir='ltr'><strong>in</strong></span> <span class='ocrx_word' id='word_1_138' title='bbox 3166 589 3280 646; x_wconf 87' lang='lat' dir='ltr'><strong>quo</strong></span> <span class='ocrx_word' id='word_1_139' title='bbox 3326 575 3450 631; x_wconf 88' lang='lat' dir='ltr'><strong>loco</strong></span> 
     </span>
    </p>
   </div>
   <div class='ocr_carea' id='block_1_21' title="bbox 1861 662 3450 723">
    <p class='ocr_par' dir='ltr' id='par_1_21' title="bbox 1861 662 3450 723">
     <span class='ocr_line' id='line_1_21' title="bbox 1861 662 3450 723; baseline 0.003 -4"><span class='ocrx_word' id='word_1_140' title='bbox 1861 662 2026 719; x_wconf 78' lang='lat' dir='ltr'><strong>fuerit</strong></span> <span class='ocrx_word' id='word_1_141' title='bbox 2045 665 2329 720; x_wconf 88' lang='lat' dir='ltr'><strong>tumulata.</strong></span> <span class='ocrx_word' id='word_1_142' title='bbox 2364 663 2567 721; x_wconf 77' lang='lat' dir='ltr'><strong>Verum</strong></span> <span class='ocrx_word' id='word_1_143' title='bbox 2602 673 2785 722; x_wconf 88' lang='lat' dir='ltr'><strong>tamen</strong></span> <span class='ocrx_word' id='word_1_144' title='bbox 2818 667 3161 723; x_wconf 85' lang='lat' dir='ltr'><strong>mausoleum</strong></span> <span class='ocrx_word' id='word_1_145' title='bbox 3203 666 3450 723; x_wconf 83' lang='lat' dir='ltr'><strong>ostendi-</strong></span> 
     </span>
    </p>
   </div>
   <div class='ocr_carea' id='block_1_22' title="bbox 1862 758 3455 816">
    <p class='ocr_par' dir='ltr' id='par_1_22' title="bbox 1862 758 3455 816">
     <span class='ocr_line' id='line_1_22' title="bbox 1862 758 3455 816; baseline 0.001 -3"><span class='ocrx_word' id='word_1_146' title='bbox 1862 767 1952 813; x_wconf 89' lang='lat' dir='ltr'><strong>tur</strong></span> <span class='ocrx_word' id='word_1_147' title='bbox 1988 758 2042 813; x_wconf 91' lang='lat' dir='ltr'><strong>in</strong></span> <span class='ocrx_word' id='word_1_148' title='bbox 2066 759 2403 815; x_wconf 85' lang='lat' dir='ltr'><strong>monasterio</strong></span> <span class='ocrx_word' id='word_1_149' title='bbox 2435 759 2495 813; x_wconf 88' lang='lat' dir='ltr'><strong>S.</strong></span> <span class='ocrx_word' id='word_1_150' title='bbox 2520 759 2796 816; x_wconf 83' lang='lat' dir='ltr'><strong>Benedicti</strong></span> <span class='ocrx_word' id='word_1_151' title='bbox 2820 760 2888 815; x_wconf 87' lang='lat' dir='ltr'><strong>de</strong></span> <span class='ocrx_word' id='word_1_152' title='bbox 2917 758 3245 815; x_wconf 71' lang='lat' dir='ltr'><strong>Padolfrone</strong></span> <span class='ocrx_word' id='word_1_153' title='bbox 3296 758 3455 815; x_wconf 74' lang='lat' dir='ltr'><strong>Man-</strong></span> 
     </span>
    </p>
   </div>
   <div class='ocr_carea' id='block_1_23' title="bbox 1864 848 3449 921">
    <p class='ocr_par' dir='ltr' id='par_1_23' title="bbox 1864 848 3449 921">
     <span class='ocr_line' id='line_1_23' title="bbox 1864 848 3449 921; baseline 0.001 -17"><span class='ocrx_word' id='word_1_154' title='bbox 1864 856 2043 905; x_wconf 64' lang='lat' dir='ltr'><strong>tuanae</strong></span> <span class='ocrx_word' id='word_1_155' title='bbox 2066 848 2341 917; x_wconf 70' lang='lat' dir='ltr'><strong>dimccsis,</strong></span> <span class='ocrx_word' id='word_1_156' title='bbox 2368 866 2399 905; x_wconf 90' lang='lat' dir='ltr'><strong>a</strong></span> <span class='ocrx_word' id='word_1_157' title='bbox 2437 851 2675 921; x_wconf 80' lang='lat' dir='ltr'><strong>quodam</strong></span> <span class='ocrx_word' id='word_1_158' title='bbox 2712 850 2953 906; x_wconf 83' lang='lat' dir='ltr'><strong>Tedaldo</strong></span> <span class='ocrx_word' id='word_1_159' title='bbox 2979 848 3248 906; x_wconf 80' lang='lat' dir='ltr'><strong>Bonifacii</strong></span> <span class='ocrx_word' id='word_1_160' title='bbox 3292 857 3449 921; x_wconf 84' lang='lat' dir='ltr'><strong>patre</strong></span> 
     </span>
    </p>
   </div>
   <div class='ocr_carea' id='block_1_24' title="bbox 1863 941 3450 1013">
    <p class='ocr_par' dir='ltr' id='par_1_24' title="bbox 1863 941 3450 1013">
     <span class='ocr_line' id='line_1_24' title="bbox 1863 941 3450 1013; baseline -0.001 -14"><span class='ocrx_word' id='word_1_161' title='bbox 1863 941 2123 1013; x_wconf 75' lang='lat' dir='ltr'><strong>genitoris</strong></span> <span class='ocrx_word' id='word_1_162' title='bbox 2171 942 2465 998; x_wconf 75' lang='lat' dir='ltr'><strong>comitissa:</strong></span> <span class='ocrx_word' id='word_1_163' title='bbox 2502 943 2660 1013; x_wconf 86' lang='lat' dir='ltr'><strong>juxta</strong></span> <span class='ocrx_word' id='word_1_164' title='bbox 2710 942 2920 999; x_wconf 88' lang='lat' dir='ltr'><strong>Padum</strong></span> <span class='ocrx_word' id='word_1_165' title='bbox 2953 942 3201 1009; x_wconf 81' lang='lat' dir='ltr'><strong>fundato,</strong></span> <span class='ocrx_word' id='word_1_166' title='bbox 3250 943 3450 1013; x_wconf 87' lang='lat' dir='ltr'><strong>quoda</strong></span> 
     </span>
    </p>
   </div>
   <div class='ocr_carea' id='block_1_25' title="bbox 1864 1033 3457 1106">
    <p class='ocr_par' dir='ltr' id='par_1_25' title="bbox 1864 1033 3457 1106">
     <span class='ocr_line' id='line_1_25' title="bbox 1864 1033 3457 1106; baseline 0.003 -19"><span class='ocrx_word' id='word_1_167' title='bbox 1864 1034 2084 1090; x_wconf 79' lang='lat' dir='ltr'><strong>Mantua</strong></span> <span class='ocrx_word' id='word_1_168' title='bbox 2114 1035 2302 1089; x_wconf 81' lang='lat' dir='ltr'><strong>decem</strong></span> <span class='ocrx_word' id='word_1_169' title='bbox 2362 1035 2635 1090; x_wconf 87' lang='lat' dir='ltr'><strong>milliariis</strong></span> <span class='ocrx_word' id='word_1_170' title='bbox 2674 1036 2862 1103; x_wconf 85' lang='lat' dir='ltr'><strong>distat,</strong></span> <span class='ocrx_word' id='word_1_171' title='bbox 2908 1036 2963 1090; x_wconf 92' lang='lat' dir='ltr'><strong>in</strong></span> <span class='ocrx_word' id='word_1_172' title='bbox 3014 1050 3127 1106; x_wconf 82' lang='lat' dir='ltr'><strong>quo</strong></span> <span class='ocrx_word' id='word_1_173' title='bbox 3156 1033 3360 1094; x_wconf 87' lang='lat' dir='ltr'><strong>dicitur</strong></span> <span class='ocrx_word' id='word_1_174' title='bbox 3394 1042 3457 1092; x_wconf 81' lang='lat' dir='ltr'><strong>et</strong></span> 
     </span>
    </p>
   </div>
   <div class='ocr_carea' id='block_1_26' title="bbox 1865 1125 3451 1200">
    <p class='ocr_par' dir='ltr' id='par_1_26' title="bbox 1865 1125 3451 1200">
     <span class='ocr_line' id='line_1_26' title="bbox 1865 1125 3451 1200; baseline 0.001 -18"><span class='ocrx_word' id='word_1_175' title='bbox 1865 1125 2109 1182; x_wconf 78' lang='lat' dir='ltr'><strong>creditur</strong></span> <span class='ocrx_word' id='word_1_176' title='bbox 2136 1126 2425 1182; x_wconf 80' lang='lat' dir='ltr'><strong>wmulata.</strong></span> <span class='ocrx_word' id='word_1_177' title='bbox 2459 1126 2554 1181; x_wconf 80' lang='lat' dir='ltr'><strong>Est</strong></span> <span class='ocrx_word' id='word_1_178' title='bbox 2583 1128 2730 1182; x_wconf 73' lang='lat' dir='ltr'><strong>enim</strong></span> <span class='ocrx_word' id='word_1_179' title='bbox 2782 1129 3006 1200; x_wconf 76' lang='lat' dir='ltr'><strong>grandis</strong></span> <span class='ocrx_word' id='word_1_180' title='bbox 3045 1143 3173 1184; x_wconf 84' lang='lat' dir='ltr'><strong>arca</strong></span> <span class='ocrx_word' id='word_1_181' title='bbox 3219 1127 3451 1199; x_wconf 76' lang='lat' dir='ltr'><strong>lapidea,</strong></span> 
     </span>
    </p>
   </div>
   <div class='ocr_carea' id='block_1_27' title="bbox 1865 1219 3456 1292">
    <p class='ocr_par' dir='ltr' id='par_1_27' title="bbox 1865 1219 3456 1292">
     <span class='ocr_line' id='line_1_27' title="bbox 1865 1219 3456 1292; baseline 0.001 -18"><span class='ocrx_word' id='word_1_182' title='bbox 1865 1236 1931 1274; x_wconf 81' lang='lat' dir='ltr'><strong>cx</strong></span> <span class='ocrx_word' id='word_1_183' title='bbox 1956 1219 2353 1274; x_wconf 77' lang='lat' dir='ltr'><strong>candidissimo</strong></span> <span class='ocrx_word' id='word_1_184' title='bbox 2407 1235 2473 1275; x_wconf 89' lang='lat' dir='ltr'><strong>ac</strong></span> <span class='ocrx_word' id='word_1_185' title='bbox 2502 1220 2887 1291; x_wconf 77' lang='lat' dir='ltr'><strong>limpidissimo</strong></span> <span class='ocrx_word' id='word_1_186' title='bbox 2917 1221 3213 1291; x_wconf 88' lang='lat' dir='ltr'><strong>alabastro,</strong></span> <span class='ocrx_word' id='word_1_187' title='bbox 3234 1236 3359 1292; x_wconf 62' lang='lat' dir='ltr'><strong>quae</strong></span> <span class='ocrx_word' id='word_1_188' title='bbox 3383 1221 3456 1276; x_wconf 90' lang='lat' dir='ltr'><strong>ob</strong></span> 
     </span>
    </p>
   </div>
   <div class='ocr_carea' id='block_1_28' title="bbox 1864 1311 3454 1384">
    <p class='ocr_par' dir='ltr' id='par_1_28' title="bbox 1864 1311 3454 1384">
     <span class='ocr_line' id='line_1_28' title="bbox 1864 1311 3454 1384; baseline 0.001 -16"><span class='ocrx_word' id='word_1_189' title='bbox 1864 1312 1985 1382; x_wconf 89' lang='lat' dir='ltr'><strong>ejus</strong></span> <span class='ocrx_word' id='word_1_190' title='bbox 2010 1311 2329 1369; x_wconf 76' lang='lat' dir='ltr'><strong>memoriam</strong></span> <span class='ocrx_word' id='word_1_191' title='bbox 2359 1312 2416 1367; x_wconf 90' lang='lat' dir='ltr'><strong>in</strong></span> <span class='ocrx_word' id='word_1_192' title='bbox 2440 1328 2634 1384; x_wconf 88' lang='lat' dir='ltr'><strong>magna</strong></span> <span class='ocrx_word' id='word_1_193' title='bbox 2656 1314 2957 1377; x_wconf 81' lang='lat' dir='ltr'><strong>reverentia</strong></span> <span class='ocrx_word' id='word_1_194' title='bbox 2981 1320 3247 1371; x_wconf 75' lang='lat' dir='ltr'><strong>servatur.</strong></span> <span class='ocrx_word' id='word_1_195' title='bbox 3271 1313 3454 1384; x_wconf 86' lang='lat' dir='ltr'><strong>Ipsum</strong></span> 
     </span>
    </p>
   </div>
   <div class='ocr_carea' id='block_1_29' title="bbox 1866 1403 3457 1476">
    <p class='ocr_par' dir='ltr' id='par_1_29' title="bbox 1866 1403 3457 1476">
     <span class='ocr_line' id='line_1_29' title="bbox 1866 1403 3457 1476; baseline 0.003 -19"><span class='ocrx_word' id='word_1_196' title='bbox 1866 1403 2086 1475; x_wconf 86' lang='lat' dir='ltr'><strong>quidem</strong></span> <span class='ocrx_word' id='word_1_197' title='bbox 2115 1404 2430 1459; x_wconf 69' lang='lat' dir='ltr'><strong>coenobium</strong></span> <span class='ocrx_word' id='word_1_198' title='bbox 2485 1406 2557 1459; x_wconf 88' lang='lat' dir='ltr'><strong>ab</strong></span> <span class='ocrx_word' id='word_1_199' title='bbox 2609 1420 2713 1460; x_wconf 89' lang='lat' dir='ltr'><strong>avo</strong></span> <span class='ocrx_word' id='word_1_200' title='bbox 2765 1406 2887 1476; x_wconf 90' lang='lat' dir='ltr'><strong>ejus</strong></span> <span class='ocrx_word' id='word_1_201' title='bbox 2926 1413 3303 1461; x_wconf 84' lang='lat' dir='ltr'><strong>constructum</strong></span> <span class='ocrx_word' id='word_1_202' title='bbox 3338 1420 3457 1461; x_wconf 88' lang='lat' dir='ltr'><strong>am-</strong></span> 
     </span>
    </p>
   </div>
   <div class='ocr_carea' id='block_1_30' title="bbox 1866 1495 3456 1567">
    <p class='ocr_par' dir='ltr' id='par_1_30' title="bbox 1866 1495 3456 1567">
     <span class='ocr_line' id='line_1_30' title="bbox 1866 1495 3456 1567; baseline 0.002 -17"><span class='ocrx_word' id='word_1_203' title='bbox 1866 1495 2131 1567; x_wconf 88' lang='lat' dir='ltr'><strong>plissimis</strong></span> <span class='ocrx_word' id='word_1_204' title='bbox 2146 1496 2354 1552; x_wconf 80' lang='lat' dir='ltr'><strong>dolavit</strong></span> <span class='ocrx_word' id='word_1_205' title='bbox 2382 1497 2848 1567; x_wconf 82' lang='lat' dir='ltr'><strong>possessionibus,</strong></span> <span class='ocrx_word' id='word_1_206' title='bbox 2869 1506 2924 1554; x_wconf 88' lang='lat' dir='ltr'><strong>et</strong></span> <span class='ocrx_word' id='word_1_207' title='bbox 2946 1498 3130 1553; x_wconf 87' lang='lat' dir='ltr'><strong>aureis</strong></span> <span class='ocrx_word' id='word_1_208' title='bbox 3152 1498 3456 1567; x_wconf 83' lang='lat' dir='ltr'><strong>argenteis-</strong></span> 
     </span>
    </p>
   </div>
   <div class='ocr_carea' id='block_1_31' title="bbox 1868 1588 3457 1661">
    <p class='ocr_par' dir='ltr' id='par_1_31' title="bbox 1868 1588 3457 1661">
     <span class='ocr_line' id='line_1_31' title="bbox 1868 1588 3457 1661; baseline 0.002 -19"><span class='ocrx_word' id='word_1_209' title='bbox 1868 1603 1976 1658; x_wconf 90' lang='lat' dir='ltr'><strong>que</strong></span> <span class='ocrx_word' id='word_1_210' title='bbox 2001 1588 2149 1644; x_wconf 85' lang='lat' dir='ltr'><strong>vasis</strong></span> <span class='ocrx_word' id='word_1_211' title='bbox 2190 1597 2249 1643; x_wconf 83' lang='lat' dir='ltr'><strong>et</strong></span> <span class='ocrx_word' id='word_1_212' title='bbox 2272 1589 2452 1659; x_wconf 84' lang='lat' dir='ltr'><strong>palliis</strong></span> <span class='ocrx_word' id='word_1_213' title='bbox 2478 1605 2542 1645; x_wconf 90' lang='lat' dir='ltr'><strong>ac</strong></span> <span class='ocrx_word' id='word_1_214' title='bbox 2563 1589 2730 1644; x_wconf 90' lang='lat' dir='ltr'><strong>etiam</strong></span> <span class='ocrx_word' id='word_1_215' title='bbox 2760 1590 3095 1661; x_wconf 85' lang='lat' dir='ltr'><strong>paramentis</strong></span> <span class='ocrx_word' id='word_1_216' title='bbox 3112 1590 3457 1661; x_wconf 85' lang='lat' dir='ltr'><strong>pretiosissi-</strong></span> 
     </span>
    </p>
   </div>
   <div class='ocr_carea' id='block_1_32' title="bbox 1868 1680 3460 1753">
    <p class='ocr_par' dir='ltr' id='par_1_32' title="bbox 1868 1680 3460 1753">
     <span class='ocr_line' id='line_1_32' title="bbox 1868 1680 3460 1753; baseline 0.002 -17"><span class='ocrx_word' id='word_1_217' title='bbox 1868 1681 1975 1737; x_wconf 87' lang='lat' dir='ltr'><strong>mis</strong></span> <span class='ocrx_word' id='word_1_218' title='bbox 1995 1681 2189 1736; x_wconf 89' lang='lat' dir='ltr'><strong>ditavit</strong></span> <span class='ocrx_word' id='word_1_219' title='bbox 2210 1683 2526 1753; x_wconf 82' lang='lat' dir='ltr'><strong>pariterque</strong></span> <span class='ocrx_word' id='word_1_220' title='bbox 2554 1682 2851 1738; x_wconf 83' lang='lat' dir='ltr'><strong>decoravit.</strong></span> <span class='ocrx_word' id='word_1_221' title='bbox 2903 1680 2983 1739; x_wconf 85' lang='lat' dir='ltr'><strong>Ibi</strong></span> <span class='ocrx_word' id='word_1_222' title='bbox 3041 1683 3205 1739; x_wconf 88' lang='lat' dir='ltr'><strong>etiam</strong></span> <span class='ocrx_word' id='word_1_223' title='bbox 3243 1682 3460 1739; x_wconf 75' lang='lat' dir='ltr'><strong>libellus</strong></span> 
     </span>
    </p>
   </div>
   <div class='ocr_carea' id='block_1_33' title="bbox 160 1752 3461 1848">
    <p class='ocr_par' dir='ltr' id='par_1_33' title="bbox 160 1752 3461 1848">
     <span class='ocr_line' id='line_1_33' title="bbox 160 1752 3461 1848; baseline 0.001 -20"><span class='ocrx_word' id='word_1_224' title='bbox 160 1788 258 1829; x_wconf 87' lang='lat' dir='ltr'><strong>ros</strong></span> <span class='ocrx_word' id='word_1_225' title='bbox 282 1780 416 1844; x_wconf 84' lang='lat' dir='ltr'><strong>post</strong></span> <span class='ocrx_word' id='word_1_226' title='bbox 451 1773 573 1845; x_wconf 86' lang='lat' dir='ltr'><strong>ejus</strong></span> <span class='ocrx_word' id='word_1_227' title='bbox 617 1783 851 1830; x_wconf 86' lang='lat' dir='ltr'><strong>mortem</strong></span> <span class='ocrx_word' id='word_1_228' title='bbox 912 1775 1180 1847; x_wconf 83' lang='lat' dir='ltr'><strong>ingenuos</strong></span> <span class='ocrx_word' id='word_1_229' title='bbox 1235 1792 1359 1833; x_wconf 89' lang='lat' dir='ltr'><strong>esse</strong></span> <span class='ocrx_word' id='word_1_230' title='bbox 1403 1777 1589 1847; x_wconf 87' lang='lat' dir='ltr'><strong>jussit.</strong></span> <span class='ocrx_word' id='word_1_231' title='bbox 1622 1776 1763 1834; x_wconf 84' lang='lat' dir='ltr'><strong>Ante</strong></span> <span class='ocrx_word' id='word_1_232' title='bbox 1795 1752 1837 1814; x_wconf 71' lang='grc' dir='ltr'><strong><em>Β</em></strong></span> <span class='ocrx_word' id='word_1_233' title='bbox 1865 1773 2099 1829; x_wconf 77' lang='lat' dir='ltr'><strong>habetur</strong></span> <span class='ocrx_word' id='word_1_234' title='bbox 2125 1775 2180 1829; x_wconf 91' lang='lat' dir='ltr'><strong>in</strong></span> <span class='ocrx_word' id='word_1_235' title='bbox 2206 1752 2479 1831; x_wconf 86' lang='lat' dir='ltr'><strong>thesauris</strong></span> <span class='ocrx_word' id='word_1_236' title='bbox 2500 1775 2835 1843; x_wconf 89' lang='lat' dir='ltr'><strong>reconditus,</strong></span> <span class='ocrx_word' id='word_1_237' title='bbox 2849 1784 3075 1848; x_wconf 85' lang='lat' dir='ltr'><strong>argento</strong></span> <span class='ocrx_word' id='word_1_238' title='bbox 3093 1775 3377 1831; x_wconf 81' lang='lat' dir='ltr'><strong>redimitus</strong></span> <span class='ocrx_word' id='word_1_239' title='bbox 3405 1782 3461 1830; x_wconf 88' lang='lat' dir='ltr'><strong>et</strong></span> 
     </span>
    </p>
   </div>
   <div class='ocr_carea' id='block_1_34' title="bbox 160 1865 1763 1940">
    <p class='ocr_par' dir='ltr' id='par_1_34' title="bbox 160 1865 1763 1940">
     <span class='ocr_line' id='line_1_34' title="bbox 160 1865 1763 1940; baseline 0.004 -22"><span class='ocrx_word' id='word_1_240' title='bbox 160 1865 395 1919; x_wconf 84' lang='lat' dir='ltr'><strong>domum</strong></span> <span class='ocrx_word' id='word_1_241' title='bbox 424 1882 645 1937; x_wconf 89' lang='lat' dir='ltr'><strong>quoque</strong></span> <span class='ocrx_word' id='word_1_242' title='bbox 673 1867 728 1922; x_wconf 92' lang='lat' dir='ltr'><strong>in</strong></span> <span class='ocrx_word' id='word_1_243' title='bbox 758 1883 868 1938; x_wconf 90' lang='lat' dir='ltr'><strong>qua</strong></span> <span class='ocrx_word' id='word_1_244' title='bbox 893 1884 1036 1940; x_wconf 64' lang='lat' dir='ltr'><strong>aegra</strong></span> <span class='ocrx_word' id='word_1_245' title='bbox 1074 1868 1217 1924; x_wconf 89' lang='lat' dir='ltr'><strong>lecto</strong></span> <span class='ocrx_word' id='word_1_246' title='bbox 1256 1868 1495 1939; x_wconf 88' lang='lat' dir='ltr'><strong>jacebat,</strong></span> <span class='ocrx_word' id='word_1_247' title='bbox 1545 1869 1615 1925; x_wconf 90' lang='lat' dir='ltr'><strong>ad</strong></span> <span class='ocrx_word' id='word_1_248' title='bbox 1666 1868 1763 1925; x_wconf 89' lang='lat' dir='ltr'><strong>Dei</strong></span> 
     </span>
    </p>
   </div>
   <div class='ocr_carea' id='block_1_35' title="bbox 163 1957 1766 2030">
    <p class='ocr_par' dir='ltr' id='par_1_35' title="bbox 163 1957 1766 2030">
     <span class='ocr_line' id='line_1_35' title="bbox 163 1957 1766 2030; baseline 0.003 -17"><span class='ocrx_word' id='word_1_249' title='bbox 163 1957 438 2013; x_wconf 78' lang='lat' dir='ltr'><strong>honorem</strong></span> <span class='ocrx_word' id='word_1_250' title='bbox 486 1958 592 2013; x_wconf 91' lang='lat' dir='ltr'><strong>sub</strong></span> <span class='ocrx_word' id='word_1_251' title='bbox 635 1959 798 2014; x_wconf 89' lang='lat' dir='ltr'><strong>titulo</strong></span> <span class='ocrx_word' id='word_1_252' title='bbox 823 1960 1058 2030; x_wconf 87' lang='lat' dir='ltr'><strong>apostoli</strong></span> <span class='ocrx_word' id='word_1_253' title='bbox 1103 1959 1294 2017; x_wconf 80' lang='lat' dir='ltr'><strong>Jacobi</strong></span> <span class='ocrx_word' id='word_1_254' title='bbox 1324 1960 1570 2018; x_wconf 71' lang='lat' dir='ltr'><strong>Zebedzei</strong></span> <span class='ocrx_word' id='word_1_255' title='bbox 1590 1962 1766 2018; x_wconf 87' lang='lat' dir='ltr'><strong>eccle-</strong></span> 
     </span>
    </p>
   </div>
   <div class='ocr_carea' id='block_1_36' title="bbox 163 2048 1768 2125">
    <p class='ocr_par' dir='ltr' id='par_1_36' title="bbox 163 2048 1768 2125">
     <span class='ocr_line' id='line_1_36' title="bbox 163 2048 1768 2125; baseline 0.004 -22"><span class='ocrx_word' id='word_1_256' title='bbox 163 2048 306 2103; x_wconf 85' lang='lat' dir='ltr'><strong>siam</strong></span> <span class='ocrx_word' id='word_1_257' title='bbox 329 2049 499 2119; x_wconf 88' lang='lat' dir='ltr'><strong>jussit</strong></span> <span class='ocrx_word' id='word_1_258' title='bbox 525 2049 805 2119; x_wconf 81' lang='lat' dir='ltr'><strong>fabricari,</strong></span> <span class='ocrx_word' id='word_1_259' title='bbox 836 2068 1001 2123; x_wconf 89' lang='lat' dir='ltr'><strong>quam</strong></span> <span class='ocrx_word' id='word_1_260' title='bbox 1023 2053 1188 2109; x_wconf 91' lang='lat' dir='ltr'><strong>etiam</strong></span> <span class='ocrx_word' id='word_1_261' title='bbox 1219 2054 1554 2125; x_wconf 86' lang='lat' dir='ltr'><strong>paramentis</strong></span> <span class='ocrx_word' id='word_1_262' title='bbox 1576 2055 1768 2110; x_wconf 84' lang='lat' dir='ltr'><strong>ditavit</strong></span> 
     </span>
    </p>
   </div>
   <div class='ocr_carea' id='block_1_37' title="bbox 162 2141 1769 2218">
    <p class='ocr_par' dir='ltr' id='par_1_37' title="bbox 162 2141 1769 2218">
     <span class='ocr_line' id='line_1_37' title="bbox 162 2141 1769 2218; baseline 0.006 -24"><span class='ocrx_word' id='word_1_263' title='bbox 162 2147 221 2195; x_wconf 87' lang='lat' dir='ltr'><strong>et</strong></span> <span class='ocrx_word' id='word_1_264' title='bbox 274 2141 455 2213; x_wconf 88' lang='lat' dir='ltr'><strong>agris,</strong></span> <span class='ocrx_word' id='word_1_265' title='bbox 487 2158 655 2214; x_wconf 89' lang='lat' dir='ltr'><strong>quam</strong></span> <span class='ocrx_word' id='word_1_266' title='bbox 683 2144 954 2201; x_wconf 80' lang='lat' dir='ltr'><strong>dedicavit</strong></span> <span class='ocrx_word' id='word_1_267' title='bbox 982 2146 1162 2202; x_wconf 86' lang='lat' dir='ltr'><strong>adhuc</strong></span> <span class='ocrx_word' id='word_1_268' title='bbox 1205 2162 1270 2201; x_wconf 89' lang='lat' dir='ltr'><strong>ea</strong></span> <span class='ocrx_word' id='word_1_269' title='bbox 1303 2147 1519 2203; x_wconf 84' lang='lat' dir='ltr'><strong>vivente</strong></span> <span class='ocrx_word' id='word_1_270' title='bbox 1553 2147 1769 2218; x_wconf 91' lang='lat' dir='ltr'><strong>episco—</strong></span> 
     </span>
    </p>
   </div>
   <div class='ocr_carea' id='block_1_38' title="bbox 165 2231 1766 2308">
    <p class='ocr_par' dir='ltr' id='par_1_38' title="bbox 165 2231 1766 2308">
     <span class='ocr_line' id='line_1_38' title="bbox 165 2231 1766 2308; baseline 0.007 -23"><span class='ocrx_word' id='word_1_271' title='bbox 165 2247 269 2301; x_wconf 82' lang='lat' dir='ltr'><strong>pus</strong></span> <span class='ocrx_word' id='word_1_272' title='bbox 310 2231 577 2306; x_wconf 81' lang='lat' dir='ltr'><strong>Reginus.</strong></span> <span class='ocrx_word' id='word_1_273' title='bbox 608 2234 857 2308; x_wconf 90' lang='lat' dir='ltr'><strong>Cumque</strong></span> <span class='ocrx_word' id='word_1_274' title='bbox 904 2238 1180 2296; x_wconf 86' lang='lat' dir='ltr'><strong>laboraret</strong></span> <span class='ocrx_word' id='word_1_275' title='bbox 1223 2239 1278 2295; x_wconf 93' lang='lat' dir='ltr'><strong>in</strong></span> <span class='ocrx_word' id='word_1_276' title='bbox 1308 2241 1591 2307; x_wconf 83' lang='lat' dir='ltr'><strong>extremis,</strong></span> <span class='ocrx_word' id='word_1_277' title='bbox 1624 2242 1766 2297; x_wconf 91' lang='lat' dir='ltr'><strong>idem</strong></span> 
     </span>
    </p>
   </div>
   <div class='ocr_carea' id='block_1_39' title="bbox 165 2324 1768 2399">
    <p class='ocr_par' dir='ltr' id='par_1_39' title="bbox 165 2324 1768 2399">
     <span class='ocr_line' id='line_1_39' title="bbox 165 2324 1768 2399; baseline 0.004 -19"><span class='ocrx_word' id='word_1_278' title='bbox 165 2324 460 2396; x_wconf 79' lang='lat' dir='ltr'><strong>episcopus</strong></span> <span class='ocrx_word' id='word_1_279' title='bbox 510 2325 754 2398; x_wconf 76' lang='lat' dir='ltr'><strong>Reginus</strong></span> <span class='ocrx_word' id='word_1_280' title='bbox 784 2344 989 2399; x_wconf 88' lang='lat' dir='ltr'><strong>corpus</strong></span> <span class='ocrx_word' id='word_1_281' title='bbox 1036 2325 1383 2386; x_wconf 89' lang='lat' dir='ltr'><strong>Dominicum</strong></span> <span class='ocrx_word' id='word_1_282' title='bbox 1418 2330 1468 2387; x_wconf 91' lang='lat' dir='ltr'><strong>ei</strong></span> <span class='ocrx_word' id='word_1_283' title='bbox 1525 2331 1768 2397; x_wconf 85' lang='lat' dir='ltr'><strong>tradidit,</strong></span> 
     </span>
    </p>
   </div>
   <div class='ocr_carea' id='block_1_40' title="bbox 168 2415 1768 2495">
    <p class='ocr_par' dir='ltr' id='par_1_40' title="bbox 168 2415 1768 2495">
     <span class='ocr_line' id='line_1_40' title="bbox 168 2415 1768 2495; baseline 0.007 -26"><span class='ocrx_word' id='word_1_284' title='bbox 168 2415 393 2473; x_wconf 85' lang='lat' dir='ltr'><strong>mittens</strong></span> <span class='ocrx_word' id='word_1_285' title='bbox 414 2417 471 2472; x_wconf 92' lang='lat' dir='ltr'><strong>in</strong></span> <span class='ocrx_word' id='word_1_286' title='bbox 500 2419 622 2489; x_wconf 86' lang='lat' dir='ltr'><strong>ejus</strong></span> <span class='ocrx_word' id='word_1_287' title='bbox 644 2420 901 2477; x_wconf 85' lang='lat' dir='ltr'><strong>manibus</strong></span> <span class='ocrx_word' id='word_1_288' title='bbox 928 2436 1148 2478; x_wconf 89' lang='lat' dir='ltr'><strong>crucem</strong></span> <span class='ocrx_word' id='word_1_289' title='bbox 1173 2421 1411 2490; x_wconf 88' lang='lat' dir='ltr'><strong>Christi;</strong></span> <span class='ocrx_word' id='word_1_290' title='bbox 1446 2439 1614 2495; x_wconf 89' lang='lat' dir='ltr'><strong>quam</strong></span> <span class='ocrx_word' id='word_1_291' title='bbox 1636 2424 1768 2480; x_wconf 91' lang='lat' dir='ltr'><strong>dum</strong></span> 
     </span>
    </p>
   </div>
   <div class='ocr_carea' id='block_1_41' title="bbox 169 2509 1772 2586">
    <p class='ocr_par' dir='ltr' id='par_1_41' title="bbox 169 2509 1772 2586">
     <span class='ocr_line' id='line_1_41' title="bbox 169 2509 1772 2586; baseline 0.005 -23"><span class='ocrx_word' id='word_1_292' title='bbox 169 2509 460 2579; x_wconf 86' lang='lat' dir='ltr'><strong>bajularet,</strong></span> <span class='ocrx_word' id='word_1_293' title='bbox 499 2519 555 2567; x_wconf 90' lang='lat' dir='ltr'><strong>et</strong></span> <span class='ocrx_word' id='word_1_294' title='bbox 604 2512 660 2568; x_wconf 91' lang='lat' dir='ltr'><strong>in</strong></span> <span class='ocrx_word' id='word_1_295' title='bbox 689 2527 754 2568; x_wconf 89' lang='lat' dir='ltr'><strong>ea</strong></span> <span class='ocrx_word' id='word_1_296' title='bbox 802 2514 998 2569; x_wconf 89' lang='lat' dir='ltr'><strong>crebra</strong></span> <span class='ocrx_word' id='word_1_297' title='bbox 1042 2514 1231 2586; x_wconf 86' lang='lat' dir='ltr'><strong>ﬁgeret</strong></span> <span class='ocrx_word' id='word_1_298' title='bbox 1257 2517 1487 2572; x_wconf 89' lang='lat' dir='ltr'><strong>oscula:</strong></span> <span class='ocrx_word' id='word_1_299' title='bbox 1521 2515 1654 2583; x_wconf 88' lang='lat' dir='ltr'><strong>Oro,</strong></span> <span class='ocrx_word' id='word_1_300' title='bbox 1685 2517 1772 2571; x_wconf 84' lang='lat' dir='ltr'><strong>in-</strong></span> 
     </span>
    </p>
   </div>
   <div class='ocr_carea' id='block_1_42' title="bbox 168 2600 1767 2679">
    <p class='ocr_par' dir='ltr' id='par_1_42' title="bbox 168 2600 1767 2679">
     <span class='ocr_line' id='line_1_42' title="bbox 168 2600 1767 2679; baseline 0.005 -24"><span class='ocrx_word' id='word_1_301' title='bbox 168 2600 306 2670; x_wconf 84' lang='lat' dir='ltr'><strong>quit,</strong></span> <span class='ocrx_word' id='word_1_302' title='bbox 328 2610 404 2669; x_wconf 87' lang='lat' dir='ltr'><strong>te,</strong></span> <span class='ocrx_word' id='word_1_303' title='bbox 432 2602 673 2671; x_wconf 89' lang='lat' dir='ltr'><strong>Christe,</strong></span> <span class='ocrx_word' id='word_1_304' title='bbox 711 2621 875 2676; x_wconf 81' lang='lat' dir='ltr'><strong>quem</strong></span> <span class='ocrx_word' id='word_1_305' title='bbox 897 2622 1114 2677; x_wconf 87' lang='lat' dir='ltr'><strong>semper</strong></span> <span class='ocrx_word' id='word_1_306' title='bbox 1141 2608 1308 2675; x_wconf 91' lang='lat' dir='ltr'><strong>colui,</strong></span> <span class='ocrx_word' id='word_1_307' title='bbox 1339 2624 1554 2679; x_wconf 88' lang='lat' dir='ltr'><strong>semper</strong></span> <span class='ocrx_word' id='word_1_308' title='bbox 1567 2609 1767 2675; x_wconf 89' lang='lat' dir='ltr'><strong>amavi,</strong></span> 
     </span>
    </p>
   </div>
   <div class='ocr_carea' id='block_1_43' title="bbox 170 2693 1772 2771">
    <p class='ocr_par' dir='ltr' id='par_1_43' title="bbox 170 2693 1772 2771">
     <span class='ocr_line' id='line_1_43' title="bbox 170 2693 1772 2771; baseline 0.003 -24"><span class='ocrx_word' id='word_1_309' title='bbox 170 2701 227 2748; x_wconf 92' lang='lat' dir='ltr'><strong>ut</strong></span> <span class='ocrx_word' id='word_1_310' title='bbox 262 2693 511 2749; x_wconf 87' lang='lat' dir='ltr'><strong>sordium</strong></span> <span class='ocrx_word' id='word_1_311' title='bbox 544 2710 791 2751; x_wconf 86' lang='lat' dir='ltr'><strong>mearum</strong></span> <span class='ocrx_word' id='word_1_312' title='bbox 808 2696 1050 2768; x_wconf 84' lang='lat' dir='ltr'><strong>digneris</strong></span> <span class='ocrx_word' id='word_1_313' title='bbox 1075 2699 1341 2754; x_wconf 90' lang='lat' dir='ltr'><strong>mundare</strong></span> <span class='ocrx_word' id='word_1_314' title='bbox 1364 2699 1597 2771; x_wconf 84' lang='lat' dir='ltr'><strong>piacula.</strong></span> <span class='ocrx_word' id='word_1_315' title='bbox 1639 2697 1772 2754; x_wconf 86' lang='lat' dir='ltr'><strong>Post</strong></span> 
     </span>
    </p>
   </div>
   <div class='ocr_carea' id='block_1_44' title="bbox 173 2785 1772 2863">
    <p class='ocr_par' dir='ltr' id='par_1_44' title="bbox 173 2785 1772 2863">
     <span class='ocr_line' id='line_1_44' title="bbox 173 2785 1772 2863; baseline 0.006 -25"><span class='ocrx_word' id='word_1_316' title='bbox 173 2785 284 2842; x_wconf 62' lang='lat' dir='ltr'><strong>haec</strong></span> <span class='ocrx_word' id='word_1_317' title='bbox 308 2794 565 2841; x_wconf 86' lang='lat' dir='ltr'><strong>sanctum</strong></span> <span class='ocrx_word' id='word_1_318' title='bbox 588 2789 864 2858; x_wconf 88' lang='lat' dir='ltr'><strong>accipiens</strong></span> <span class='ocrx_word' id='word_1_319' title='bbox 892 2799 1323 2859; x_wconf 86' lang='lat' dir='ltr'><strong>sacramentum,</strong></span> <span class='ocrx_word' id='word_1_320' title='bbox 1346 2808 1550 2863; x_wconf 90' lang='lat' dir='ltr'><strong>corpus</strong></span> <span class='ocrx_word' id='word_1_321' title='bbox 1565 2790 1772 2847; x_wconf 87' lang='lat' dir='ltr'><strong>Christi</strong></span> 
     </span>
    </p>
   </div>
   <div class='ocr_carea' id='block_1_45' title="bbox 170 2877 1771 2955">
    <p class='ocr_par' dir='ltr' id='par_1_45' title="bbox 170 2877 1771 2955">
     <span class='ocr_line' id='line_1_45' title="bbox 170 2877 1771 2955; baseline 0.005 -24"><span class='ocrx_word' id='word_1_322' title='bbox 170 2877 379 2933; x_wconf 85' lang='lat' dir='ltr'><strong>scilicet</strong></span> <span class='ocrx_word' id='word_1_323' title='bbox 410 2880 950 2949; x_wconf 87' lang='lat' dir='ltr'><strong>reverendissimum,</strong></span> <span class='ocrx_word' id='word_1_324' title='bbox 982 2883 1104 2937; x_wconf 85' lang='lat' dir='ltr'><strong>ait:</strong></span> <span class='ocrx_word' id='word_1_325' title='bbox 1157 2882 1239 2938; x_wconf 91' lang='lat' dir='ltr'><strong>Tu</strong></span> <span class='ocrx_word' id='word_1_326' title='bbox 1272 2899 1399 2955; x_wconf 89' lang='lat' dir='ltr'><strong>spes</strong></span> <span class='ocrx_word' id='word_1_327' title='bbox 1454 2900 1576 2940; x_wconf 88' lang='lat' dir='ltr'><strong>mea</strong></span> <span class='ocrx_word' id='word_1_328' title='bbox 1607 2885 1771 2939; x_wconf 89' lang='lat' dir='ltr'><strong>unica</strong></span> 
     </span>
    </p>
   </div>
   <div class='ocr_carea' id='block_1_46' title="bbox 172 2971 1771 3049">
    <p class='ocr_par' dir='ltr' id='par_1_46' title="bbox 172 2971 1771 3049">
     <span class='ocr_line' id='line_1_46' title="bbox 172 2971 1771 3049; baseline 0.004 -24"><span class='ocrx_word' id='word_1_329' title='bbox 172 2980 223 3025; x_wconf 91' lang='lat' dir='ltr'><strong>et</strong></span> <span class='ocrx_word' id='word_1_330' title='bbox 250 2971 531 3043; x_wconf 78' lang='lat' dir='ltr'><strong>singulare</strong></span> <span class='ocrx_word' id='word_1_331' title='bbox 566 2971 858 3045; x_wconf 80' lang='lat' dir='ltr'><strong>refugium,</strong></span> <span class='ocrx_word' id='word_1_332' title='bbox 885 2991 1075 3045; x_wconf 66' lang='lat' dir='ltr'><strong>quaeso</strong></span> <span class='ocrx_word' id='word_1_333' title='bbox 1125 2992 1213 3031; x_wconf 90' lang='lat' dir='ltr'><strong>me</strong></span> <span class='ocrx_word' id='word_1_334' title='bbox 1262 2976 1469 3031; x_wconf 88' lang='lat' dir='ltr'><strong>salvam</strong></span> <span class='ocrx_word' id='word_1_335' title='bbox 1530 2975 1771 3049; x_wconf 82' lang='lat' dir='ltr'><strong>digneris</strong></span> 
     </span>
    </p>
   </div>
   <div class='ocr_carea' id='block_1_47' title="bbox 173 3064 1768 3140">
    <p class='ocr_par' dir='ltr' id='par_1_47' title="bbox 173 3064 1768 3140">
     <span class='ocr_line' id='line_1_47' title="bbox 173 3064 1768 3140; baseline 0.003 -21"><span class='ocrx_word' id='word_1_336' title='bbox 173 3064 471 3134; x_wconf 85' lang='lat' dir='ltr'><strong>suscipere,</strong></span> <span class='ocrx_word' id='word_1_337' title='bbox 523 3072 580 3120; x_wconf 89' lang='lat' dir='ltr'><strong>et</strong></span> <span class='ocrx_word' id='word_1_338' title='bbox 624 3066 741 3121; x_wconf 64' lang='lat' dir='ltr'><strong>haec</strong></span> <span class='ocrx_word' id='word_1_339' title='bbox 795 3065 985 3123; x_wconf 86' lang='lat' dir='ltr'><strong>dicens</strong></span> <span class='ocrx_word' id='word_1_340' title='bbox 1043 3069 1300 3140; x_wconf 80' lang='lat' dir='ltr'><strong>migravit</strong></span> <span class='ocrx_word' id='word_1_341' title='bbox 1327 3069 1397 3124; x_wconf 89' lang='lat' dir='ltr'><strong>ad</strong></span> <span class='ocrx_word' id='word_1_342' title='bbox 1455 3067 1768 3136; x_wconf 88' lang='lat' dir='ltr'><strong>Dominum,</strong></span> 
     </span>
    </p>
   </div>
   <div class='ocr_carea' id='block_1_48' title="bbox 173 3155 1767 3231">
    <p class='ocr_par' dir='ltr' id='par_1_48' title="bbox 173 3155 1767 3231">
     <span class='ocr_line' id='line_1_48' title="bbox 173 3155 1767 3231; baseline 0.004 -22"><span class='ocrx_word' id='word_1_343' title='bbox 173 3170 318 3213; x_wconf 84' lang='lat' dir='ltr'><strong>anno</strong></span> <span class='ocrx_word' id='word_1_344' title='bbox 361 3155 679 3214; x_wconf 71' lang='lat' dir='ltr'><strong>bumanataa</strong></span> <span class='ocrx_word' id='word_1_345' title='bbox 705 3156 1016 3215; x_wconf 83' lang='lat' dir='ltr'><strong>Divinitatis</strong></span> <span class='ocrx_word' id='word_1_346' title='bbox 1074 3160 1234 3225; x_wconf 74' lang='lat'><strong>“15,</strong></span> <span class='ocrx_word' id='word_1_347' title='bbox 1276 3159 1543 3231; x_wconf 88' lang='lat' dir='ltr'><strong>vigesima</strong></span> <span class='ocrx_word' id='word_1_348' title='bbox 1568 3167 1767 3230; x_wconf 86' lang='lat' dir='ltr'><strong>quarta</strong></span> 
     </span>
    </p>
   </div>
   <div class='ocr_carea' id='block_1_49' title="bbox 173 3246 1770 3322">
    <p class='ocr_par' dir='ltr' id='par_1_49' title="bbox 173 3246 1770 3322">
     <span class='ocr_line' id='line_1_49' title="bbox 173 3246 1770 3322; baseline 0.004 -20"><span class='ocrx_word' id='word_1_349' title='bbox 173 3248 258 3303; x_wconf 86' lang='lat' dir='ltr'><strong>die</strong></span> <span class='ocrx_word' id='word_1_350' title='bbox 285 3246 441 3314; x_wconf 81' lang='lat' dir='ltr'><strong>Julii,</strong></span> <span class='ocrx_word' id='word_1_351' title='bbox 467 3249 648 3305; x_wconf 63' lang='lat' dir='ltr'><strong>aetatis</strong></span> <span class='ocrx_word' id='word_1_352' title='bbox 670 3258 853 3305; x_wconf 90' lang='lat' dir='ltr'><strong>autem</strong></span> <span class='ocrx_word' id='word_1_353' title='bbox 882 3267 998 3307; x_wconf 65' lang='lat' dir='ltr'><strong>suae</strong></span> <span class='ocrx_word' id='word_1_354' title='bbox 1031 3267 1178 3307; x_wconf 88' lang='lat' dir='ltr'><strong>anno</strong></span> <span class='ocrx_word' id='word_1_355' title='bbox 1212 3251 1305 3318; x_wconf 90' lang='lat'><strong>69,</strong></span> <span class='ocrx_word' id='word_1_356' title='bbox 1334 3252 1428 3322; x_wconf 90' lang='lat' dir='ltr'><strong>qui</strong></span> <span class='ocrx_word' id='word_1_357' title='bbox 1466 3250 1569 3306; x_wconf 80' lang='lat' dir='ltr'><strong>fuit</strong></span> <span class='ocrx_word' id='word_1_358' title='bbox 1590 3268 1770 3309; x_wconf 88' lang='lat' dir='ltr'><strong>annus</strong></span> 
     </span>
    </p>
   </div>
   <div class='ocr_carea' id='block_1_50' title="bbox 174 3338 1773 3415">
    <p class='ocr_par' dir='ltr' id='par_1_50' title="bbox 174 3338 1773 3415">
     <span class='ocr_line' id='line_1_50' title="bbox 174 3338 1773 3415; baseline 0.004 -23"><span class='ocrx_word' id='word_1_359' title='bbox 174 3339 388 3409; x_wconf 77' lang='lat' dir='ltr'><strong>imperii</strong></span> <span class='ocrx_word' id='word_1_360' title='bbox 420 3338 645 3397; x_wconf 84' lang='lat' dir='ltr'><strong>Henrici</strong></span> <span class='ocrx_word' id='word_1_361' title='bbox 665 3340 712 3395; x_wconf 66' lang='grc' dir='ltr'>Υ</span> <span class='ocrx_word' id='word_1_362' title='bbox 737 3349 985 3411; x_wconf 84' lang='lat' dir='ltr'><strong>octavus,</strong></span> <span class='ocrx_word' id='word_1_363' title='bbox 1024 3343 1078 3398; x_wconf 91' lang='lat' dir='ltr'><strong>in</strong></span> <span class='ocrx_word' id='word_1_364' title='bbox 1109 3343 1236 3399; x_wconf 84' lang='lat' dir='ltr'><strong>sede</strong></span> <span class='ocrx_word' id='word_1_365' title='bbox 1265 3344 1567 3414; x_wconf 86' lang='lat' dir='ltr'><strong>apostolica</strong></span> <span class='ocrx_word' id='word_1_366' title='bbox 1586 3343 1773 3415; x_wconf 62' lang='lat' dir='ltr'><strong>praesi-</strong></span> 
     </span>
    </p>
   </div>
   <div class='ocr_carea' id='block_1_51' title="bbox 173 3430 1772 3507">
    <p class='ocr_par' dir='ltr' id='par_1_51' title="bbox 173 3430 1772 3507">
     <span class='ocr_line' id='line_1_51' title="bbox 173 3430 1772 3507; baseline 0.004 -23"><span class='ocrx_word' id='word_1_367' title='bbox 173 3430 336 3485; x_wconf 88' lang='lat' dir='ltr'><strong>dente</strong></span> <span class='ocrx_word' id='word_1_368' title='bbox 360 3430 615 3488; x_wconf 87' lang='lat' dir='ltr'><strong>Paschali</strong></span> <span class='ocrx_word' id='word_1_369' title='bbox 643 3433 811 3504; x_wconf 84' lang='lat' dir='ltr'><strong>hujus</strong></span> <span class='ocrx_word' id='word_1_370' title='bbox 843 3434 1087 3493; x_wconf 87' lang='lat' dir='ltr'><strong>nominis</strong></span> <span class='ocrx_word' id='word_1_371' title='bbox 1107 3434 1172 3501; x_wconf 87' lang='lat' dir='ltr'><strong>ll,</strong></span> <span class='ocrx_word' id='word_1_372' title='bbox 1195 3434 1447 3507; x_wconf 86' lang='lat' dir='ltr'><strong>Philippo</strong></span> <span class='ocrx_word' id='word_1_373' title='bbox 1475 3435 1643 3507; x_wconf 85' lang='lat' dir='ltr'><strong>hujus</strong></span> <span class='ocrx_word' id='word_1_374' title='bbox 1666 3449 1772 3491; x_wconf 88' lang='lat' dir='ltr'><strong>no-</strong></span> 
     </span>
    </p>
   </div>
   <div class='ocr_carea' id='block_1_52' title="bbox 176 3521 1204 3598">
    <p class='ocr_par' dir='ltr' id='par_1_52' title="bbox 176 3521 1204 3598">
     <span class='ocr_line' id='line_1_52' title="bbox 176 3521 1204 3598; baseline 0.006 -23"><span class='ocrx_word' id='word_1_375' title='bbox 176 3521 343 3577; x_wconf 86' lang='lat' dir='ltr'><strong>inis</strong></span> <span class='ocrx_word' id='word_1_376' title='bbox 367 3521 389 3575; x_wconf 89' lang='lat' dir='ltr'><strong>l</strong></span> <span class='ocrx_word' id='word_1_377' title='bbox 418 3532 681 3595; x_wconf 85' lang='lat' dir='ltr'><strong>regnante</strong></span> <span class='ocrx_word' id='word_1_378' title='bbox 698 3524 1037 3581; x_wconf 84' lang='lat' dir='ltr'><strong>Francorum</strong></span> <span class='ocrx_word' id='word_1_379' title='bbox 1058 3541 1204 3598; x_wconf 88' lang='lat' dir='ltr'><strong>rege.</strong></span> 
     </span>
    </p>
   </div>
   <div class='ocr_carea' id='block_1_53' title="bbox 752 3637 1201 3694">
    <p class='ocr_par' dir='ltr' id='par_1_53' title="bbox 752 3637 1201 3694">
     <span class='ocr_line' id='line_1_53' title="bbox 752 3637 1201 3694; baseline 0 -1"><span class='ocrx_word' id='word_1_380' title='bbox 752 3637 982 3694; x_wconf 80' lang='lat' dir='ltr'><strong>CAPUT</strong></span> <span class='ocrx_word' id='word_1_381' title='bbox 1014 3637 1201 3693; x_wconf 72' lang='lat' dir='ltr'><strong>XVIII.</strong></span> 
     </span>
    </p>
   </div>
   <div class='ocr_carea' id='block_1_54' title="bbox 378 3729 1394 3802">
    <p class='ocr_par' dir='ltr' id='par_1_54' title="bbox 378 3729 1394 3802">
     <span class='ocr_line' id='line_1_54' title="bbox 378 3729 1394 3802; baseline 0.005 -19"><span class='ocrx_word' id='word_1_382' title='bbox 378 3792 384 3797; x_wconf 11' lang='grc' dir='ltr'>ἢ</span> <span class='ocrx_word' id='word_1_383' title='bbox 561 3729 642 3784; x_wconf 83' lang='lat' dir='ltr'><strong>De</strong></span> <span class='ocrx_word' id='word_1_384' title='bbox 667 3730 784 3801; x_wconf 70' lang='lat' dir='ltr'><strong>ejus</strong></span> <span class='ocrx_word' id='word_1_385' title='bbox 816 3731 1105 3802; x_wconf 74' lang='lat' dir='ltr'><strong>sepultum</strong></span> <span class='ocrx_word' id='word_1_386' title='bbox 1131 3733 1394 3802; x_wconf 71' lang='lat' dir='ltr'><strong>opinione.</strong></span> 
     </span>
    </p>
   </div>
   <div class='ocr_carea' id='block_1_55' title="bbox 248 3818 1779 3894">
    <p class='ocr_par' dir='ltr' id='par_1_55' title="bbox 248 3818 1779 3894">
     <span class='ocr_line' id='line_1_55' title="bbox 248 3818 1779 3894; baseline 0.003 -18"><span class='ocrx_word' id='word_1_387' title='bbox 248 3818 328 3876; x_wconf 90' lang='lat' dir='ltr'><strong>De</strong></span> <span class='ocrx_word' id='word_1_388' title='bbox 348 3821 633 3891; x_wconf 86' lang='lat' dir='ltr'><strong>sepultura</strong></span> <span class='ocrx_word' id='word_1_389' title='bbox 654 3822 821 3894; x_wconf 86' lang='lat' dir='ltr'><strong>hujus</strong></span> <span class='ocrx_word' id='word_1_390' title='bbox 850 3823 1148 3881; x_wconf 70' lang='lat' dir='ltr'><strong>comitissae</strong></span> <span class='ocrx_word' id='word_1_391' title='bbox 1176 3823 1455 3881; x_wconf 87' lang='lat' dir='ltr'><strong>Matbildis</strong></span> <span class='ocrx_word' id='word_1_392' title='bbox 1504 3825 1654 3881; x_wconf 89' lang='lat' dir='ltr'><strong>nulla</strong></span> <span class='ocrx_word' id='word_1_393' title='bbox 1681 3838 1779 3881; x_wconf 79' lang='lat' dir='ltr'><strong>ex-</strong></span> 
     </span>
    </p>
   </div>
   <div class='ocr_carea' id='block_1_56' title="bbox 176 3912 1779 3989">
    <p class='ocr_par' dir='ltr' id='par_1_56' title="bbox 176 3912 1779 3989">
     <span class='ocr_line' id='line_1_56' title="bbox 176 3912 1779 3989; baseline 0.004 -23"><span class='ocrx_word' id='word_1_394' title='bbox 176 3925 371 3981; x_wconf 82' lang='lat' dir='ltr'><strong>presse</strong></span> <span class='ocrx_word' id='word_1_395' title='bbox 398 3912 636 3969; x_wconf 85' lang='lat' dir='ltr'><strong>historia</strong></span> <span class='ocrx_word' id='word_1_396' title='bbox 676 3916 940 3984; x_wconf 85' lang='lat' dir='ltr'><strong>continet,</strong></span> <span class='ocrx_word' id='word_1_397' title='bbox 965 3931 1133 3989; x_wconf 90' lang='lat' dir='ltr'><strong>quam</strong></span> <span class='ocrx_word' id='word_1_398' title='bbox 1179 3916 1502 3972; x_wconf 89' lang='lat' dir='ltr'><strong>invenerim.</strong></span> <span class='ocrx_word' id='word_1_399' title='bbox 1551 3915 1779 3973; x_wconf 79' lang='lat' dir='ltr'><strong>Videtur</strong></span> 
     </span>
    </p>
   </div>
   <div class='ocr_carea' id='block_1_57' title="bbox 176 4004 1779 4078">
    <p class='ocr_par' dir='ltr' id='par_1_57' title="bbox 176 4004 1779 4078">
     <span class='ocr_line' id='line_1_57' title="bbox 176 4004 1779 4078; baseline 0.002 -21"><span class='ocrx_word' id='word_1_400' title='bbox 176 4013 364 4059; x_wconf 87' lang='lat' dir='ltr'><strong>tamen</strong></span> <span class='ocrx_word' id='word_1_401' title='bbox 395 4004 686 4062; x_wconf 76' lang='lat' dir='ltr'><strong>manifeste</strong></span> <span class='ocrx_word' id='word_1_402' title='bbox 710 4008 858 4078; x_wconf 90' lang='lat' dir='ltr'><strong>quod</strong></span> <span class='ocrx_word' id='word_1_403' title='bbox 880 4008 1025 4078; x_wconf 88' lang='lat' dir='ltr'><strong>apud</strong></span> <span class='ocrx_word' id='word_1_404' title='bbox 1043 4006 1344 4064; x_wconf 89' lang='lat' dir='ltr'><strong>Canossam</strong></span> <span class='ocrx_word' id='word_1_405' title='bbox 1371 4008 1640 4063; x_wconf 87' lang='lat' dir='ltr'><strong>tumulata</strong></span> <span class='ocrx_word' id='word_1_406' title='bbox 1668 4023 1779 4061; x_wconf 81' lang='lat' dir='ltr'><strong>non</strong></span> 
     </span>
    </p>
   </div>
   <div class='ocr_carea' id='block_1_58' title="bbox 176 4095 1779 4171">
    <p class='ocr_par' dir='ltr' id='par_1_58' title="bbox 176 4095 1779 4171">
     <span class='ocr_line' id='line_1_58' title="bbox 176 4095 1779 4171; baseline 0.002 -23"><span class='ocrx_word' id='word_1_407' title='bbox 176 4096 269 4149; x_wconf 90' lang='lat' dir='ltr'><strong>sit.</strong></span> <span class='ocrx_word' id='word_1_408' title='bbox 301 4095 645 4167; x_wconf 89' lang='lat' dir='ltr'><strong>Compilator</strong></span> <span class='ocrx_word' id='word_1_409' title='bbox 691 4100 837 4154; x_wconf 89' lang='lat' dir='ltr'><strong>enim</strong></span> <span class='ocrx_word' id='word_1_410' title='bbox 898 4099 1226 4171; x_wconf 60' lang='lat' dir='ltr'><strong>supradictae</strong></span> <span class='ocrx_word' id='word_1_411' title='bbox 1277 4098 1554 4167; x_wconf 65' lang='lat' dir='ltr'><strong>Historiae,</strong></span> <span class='ocrx_word' id='word_1_412' title='bbox 1606 4115 1638 4154; x_wconf 92' lang='lat' dir='ltr'><strong>a</strong></span> <span class='ocrx_word' id='word_1_413' title='bbox 1668 4114 1779 4170; x_wconf 91' lang='lat' dir='ltr'><strong>quo</strong></span> 
     </span>
    </p>
   </div>
   <div class='ocr_carea' id='block_1_59' title="bbox 178 4188 1782 4264">
    <p class='ocr_par' dir='ltr' id='par_1_59' title="bbox 178 4188 1782 4264">
     <span class='ocr_line' id='line_1_59' title="bbox 178 4188 1782 4264; baseline 0.002 -19"><span class='ocrx_word' id='word_1_414' title='bbox 178 4188 300 4245; x_wconf 73' lang='lat' dir='ltr'><strong>tunc</strong></span> <span class='ocrx_word' id='word_1_415' title='bbox 336 4199 556 4260; x_wconf 88' lang='lat' dir='ltr'><strong>sumpta</strong></span> <span class='ocrx_word' id='word_1_416' title='bbox 581 4199 732 4260; x_wconf 89' lang='lat' dir='ltr'><strong>sunt,</strong></span> <span class='ocrx_word' id='word_1_417' title='bbox 755 4192 811 4246; x_wconf 90' lang='lat' dir='ltr'><strong>in</strong></span> <span class='ocrx_word' id='word_1_418' title='bbox 859 4194 1103 4248; x_wconf 89' lang='lat' dir='ltr'><strong>carmine</strong></span> <span class='ocrx_word' id='word_1_419' title='bbox 1132 4209 1243 4264; x_wconf 93' lang='lat' dir='ltr'><strong>quo</strong></span> <span class='ocrx_word' id='word_1_420' title='bbox 1263 4193 1384 4263; x_wconf 90' lang='lat' dir='ltr'><strong>ejus</strong></span> <span class='ocrx_word' id='word_1_421' title='bbox 1417 4199 1653 4248; x_wconf 88' lang='lat' dir='ltr'><strong>mortem</strong></span> <span class='ocrx_word' id='word_1_422' title='bbox 1685 4190 1782 4248; x_wconf 89' lang='lat' dir='ltr'><strong>de-</strong></span> 
     </span>
    </p>
   </div>
   <div class='ocr_carea' id='block_1_60' title="bbox 179 4278 1783 4355">
    <p class='ocr_par' dir='ltr' id='par_1_60' title="bbox 179 4278 1783 4355">
     <span class='ocr_line' id='line_1_60' title="bbox 179 4278 1783 4355; baseline 0.004 -23"><span class='ocrx_word' id='word_1_423' title='bbox 179 4278 380 4347; x_wconf 87' lang='lat' dir='ltr'><strong>plorat,</strong></span> <span class='ocrx_word' id='word_1_424' title='bbox 410 4291 532 4337; x_wconf 88' lang='lat' dir='ltr'><strong>orat</strong></span> <span class='ocrx_word' id='word_1_425' title='bbox 556 4280 615 4338; x_wconf 92' lang='lat' dir='ltr'><strong>S.</strong></span> <span class='ocrx_word' id='word_1_426' title='bbox 652 4283 1000 4352; x_wconf 85' lang='lat' dir='ltr'><strong>Apollonium</strong></span> <span class='ocrx_word' id='word_1_427' title='bbox 1050 4284 1320 4340; x_wconf 89' lang='lat' dir='ltr'><strong>Canusini</strong></span> <span class='ocrx_word' id='word_1_428' title='bbox 1366 4283 1551 4355; x_wconf 90' lang='lat' dir='ltr'><strong>oppidi</strong></span> <span class='ocrx_word' id='word_1_429' title='bbox 1598 4293 1783 4355; x_wconf 88' lang='lat' dir='ltr'><strong>patro—</strong></span> 
     </span>
    </p>
   </div>
   <div class='ocr_carea' id='block_1_61' title="bbox 181 4374 1782 4448">
    <p class='ocr_par' dir='ltr' id='par_1_61' title="bbox 181 4374 1782 4448">
     <span class='ocr_line' id='line_1_61' title="bbox 181 4374 1782 4448; baseline 0.004 -24"><span class='ocrx_word' id='word_1_430' title='bbox 181 4380 336 4439; x_wconf 82' lang='lat' dir='ltr'><strong>nu‘m,</strong></span> <span class='ocrx_word' id='word_1_431' title='bbox 387 4374 538 4443; x_wconf 88' lang='lat' dir='ltr'><strong>quod</strong></span> <span class='ocrx_word' id='word_1_432' title='bbox 563 4416 579 4442; x_wconf 91' lang='lat'><strong>,</strong></span> <span class='ocrx_word' id='word_1_433' title='bbox 619 4374 748 4430; x_wconf 91' lang='lat' dir='ltr'><strong>licet</strong></span> <span class='ocrx_word' id='word_1_434' title='bbox 791 4374 1060 4446; x_wconf 90' lang='lat' dir='ltr'><strong>injustum</strong></span> <span class='ocrx_word' id='word_1_435' title='bbox 1108 4377 1182 4433; x_wconf 91' lang='lat' dir='ltr'><strong>sit</strong></span> <span class='ocrx_word' id='word_1_436' title='bbox 1238 4384 1299 4432; x_wconf 92' lang='lat' dir='ltr'><strong>ut</strong></span> <span class='ocrx_word' id='word_1_437' title='bbox 1352 4377 1470 4448; x_wconf 86' lang='lat' dir='ltr'><strong>ipsa</strong></span> <span class='ocrx_word' id='word_1_438' title='bbox 1503 4377 1782 4433; x_wconf 87' lang='lat' dir='ltr'><strong>comitissa</strong></span> 
     </span>
    </p>
   </div>
   <div class='ocr_carea' id='block_1_62' title="bbox 1864 1865 3460 1939">
    <p class='ocr_par' dir='ltr' id='par_1_62' title="bbox 1864 1865 3460 1939">
     <span class='ocr_line' id='line_1_62' title="bbox 1864 1865 3460 1939; baseline 0.001 -18"><span class='ocrx_word' id='word_1_439' title='bbox 1864 1882 2022 1933; x_wconf 88' lang='lat' dir='ltr'><strong>auro,</strong></span> <span class='ocrx_word' id='word_1_440' title='bbox 2052 1869 2110 1922; x_wconf 91' lang='lat' dir='ltr'><strong>in</strong></span> <span class='ocrx_word' id='word_1_441' title='bbox 2138 1883 2251 1939; x_wconf 91' lang='lat' dir='ltr'><strong>quo</strong></span> <span class='ocrx_word' id='word_1_442' title='bbox 2275 1869 2391 1924; x_wconf 69' lang='lat' dir='ltr'><strong>haec</strong></span> <span class='ocrx_word' id='word_1_443' title='bbox 2412 1865 2653 1924; x_wconf 80' lang='lat' dir='ltr'><strong>Historia</strong></span> <span class='ocrx_word' id='word_1_444' title='bbox 2666 1869 2891 1924; x_wconf 86' lang='lat' dir='ltr'><strong>metrice</strong></span> <span class='ocrx_word' id='word_1_445' title='bbox 2910 1876 2997 1924; x_wconf 90' lang='lat' dir='ltr'><strong>est</strong></span> <span class='ocrx_word' id='word_1_446' title='bbox 3012 1869 3305 1939; x_wconf 86' lang='lat' dir='ltr'><strong>descripta.</strong></span> <span class='ocrx_word' id='word_1_447' title='bbox 3331 1866 3460 1923; x_wconf 58' lang='lat' dir='ltr'><strong>litae</strong></span> 
     </span>
    </p>
   </div>
   <div class='ocr_carea' id='block_1_63' title="bbox 1863 1960 3459 2029">
    <p class='ocr_par' dir='ltr' id='par_1_63' title="bbox 1863 1960 3459 2029">
     <span class='ocr_line' id='line_1_63' title="bbox 1863 1960 3459 2029; baseline 0.001 -15"><span class='ocrx_word' id='word_1_448' title='bbox 1863 1960 2029 2016; x_wconf 83' lang='lat' dir='ltr'><strong>etiam</strong></span> <span class='ocrx_word' id='word_1_449' title='bbox 2064 1961 2369 2029; x_wconf 87' lang='lat' dir='ltr'><strong>eomitissa,</strong></span> <span class='ocrx_word' id='word_1_450' title='bbox 2400 1970 2463 2017; x_wconf 91' lang='lat' dir='ltr'><strong>ut</strong></span> <span class='ocrx_word' id='word_1_451' title='bbox 2481 1962 2740 2017; x_wconf 87' lang='lat' dir='ltr'><strong>scribitur</strong></span> <span class='ocrx_word' id='word_1_452' title='bbox 2763 1962 2819 2016; x_wconf 90' lang='lat' dir='ltr'><strong>in</strong></span> <span class='ocrx_word' id='word_1_453' title='bbox 2844 1960 3157 2029; x_wconf 77' lang='lat' dir='ltr'><strong>Chronicis,</strong></span> <span class='ocrx_word' id='word_1_454' title='bbox 3180 1976 3459 2029; x_wconf 77' lang='lat' dir='ltr'><strong>cumam-</strong></span> 
     </span>
    </p>
   </div>
   <div class='ocr_carea' id='block_1_64' title="bbox 1865 2047 3458 2125">
    <p class='ocr_par' dir='ltr' id='par_1_64' title="bbox 1865 2047 3458 2125">
     <span class='ocr_line' id='line_1_64' title="bbox 1865 2047 3458 2125; baseline 0.001 -18"><span class='ocrx_word' id='word_1_455' title='bbox 1865 2047 2129 2123; x_wconf 67' lang='lat' dir='ltr'><strong>pliséimis</strong></span> <span class='ocrx_word' id='word_1_456' title='bbox 2161 2053 2466 2111; x_wconf 88' lang='lat' dir='ltr'><strong>abundaret</strong></span> <span class='ocrx_word' id='word_1_457' title='bbox 2499 2053 2965 2125; x_wconf 87' lang='lat' dir='ltr'><strong>possessionibus,</strong></span> <span class='ocrx_word' id='word_1_458' title='bbox 3002 2061 3058 2110; x_wconf 90' lang='lat' dir='ltr'><strong>et</strong></span> <span class='ocrx_word' id='word_1_459' title='bbox 3088 2054 3202 2109; x_wconf 83' lang='lat' dir='ltr'><strong>ﬁlio</strong></span> <span class='ocrx_word' id='word_1_460' title='bbox 3239 2053 3458 2110; x_wconf 60' lang='lat' dir='ltr'><strong>herede</strong></span> 
     </span>
    </p>
   </div>
   <div class='ocr_carea' id='block_1_65' title="bbox 1866 2147 3465 2219">
    <p class='ocr_par' dir='ltr' id='par_1_65' title="bbox 1866 2147 3465 2219">
     <span class='ocr_line' id='line_1_65' title="bbox 1866 2147 3465 2219; baseline -0.001 -18"><span class='ocrx_word' id='word_1_461' title='bbox 1866 2153 2099 2214; x_wconf 87' lang='lat' dir='ltr'><strong>careret,</strong></span> <span class='ocrx_word' id='word_1_462' title='bbox 2136 2155 2313 2202; x_wconf 89' lang='lat' dir='ltr'><strong>totum</strong></span> <span class='ocrx_word' id='word_1_463' title='bbox 2341 2147 2735 2219; x_wconf 88' lang='lat' dir='ltr'><strong>patrimonium</strong></span> <span class='ocrx_word' id='word_1_464' title='bbox 2756 2163 2918 2203; x_wconf 86' lang='lat' dir='ltr'><strong>suum</strong></span> <span class='ocrx_word' id='word_1_465' title='bbox 2944 2162 3111 2218; x_wconf 88' lang='lat' dir='ltr'><strong>super</strong></span> <span class='ocrx_word' id='word_1_466' title='bbox 3132 2147 3305 2202; x_wconf 76' lang='lat' dir='ltr'><strong>altare</strong></span> <span class='ocrx_word' id='word_1_467' title='bbox 3335 2161 3465 2203; x_wconf 84' lang='lat' dir='ltr'><strong>san-</strong></span> 
     </span>
    </p>
   </div>
   <div class='ocr_carea' id='block_1_66' title="bbox 1866 2237 3466 2310">
    <p class='ocr_par' dir='ltr' id='par_1_66' title="bbox 1866 2237 3466 2310">
     <span class='ocr_line' id='line_1_66' title="bbox 1866 2237 3466 2310; baseline -0.001 -16"><span class='ocrx_word' id='word_1_468' title='bbox 1866 2241 1939 2294; x_wconf 85' lang='lat' dir='ltr'><strong>eti</strong></span> <span class='ocrx_word' id='word_1_469' title='bbox 1970 2239 2119 2295; x_wconf 87' lang='lat' dir='ltr'><strong>Petri</strong></span> <span class='ocrx_word' id='word_1_470' title='bbox 2160 2241 2378 2307; x_wconf 87' lang='lat' dir='ltr'><strong>obtulit,</strong></span> <span class='ocrx_word' id='word_1_471' title='bbox 2409 2249 2464 2296; x_wconf 90' lang='lat' dir='ltr'><strong>et</strong></span> <span class='ocrx_word' id='word_1_472' title='bbox 2515 2239 2610 2296; x_wconf 89' lang='lat' dir='ltr'><strong>Dei</strong></span> <span class='ocrx_word' id='word_1_473' title='bbox 2634 2239 2920 2296; x_wconf 88' lang='lat' dir='ltr'><strong>ecclesiam</strong></span> <span class='ocrx_word' id='word_1_474' title='bbox 2962 2247 3325 2310; x_wconf 85' lang='lat' dir='ltr'><strong>sanctumque</strong></span> <span class='ocrx_word' id='word_1_475' title='bbox 3362 2237 3466 2293; x_wconf 88' lang='lat' dir='ltr'><strong>Pe-</strong></span> 
     </span>
    </p>
   </div>
   <div class='ocr_carea' id='block_1_67' title="bbox 1869 2329 3466 2402">
    <p class='ocr_par' dir='ltr' id='par_1_67' title="bbox 1869 2329 3466 2402">
     <span class='ocr_line' id='line_1_67' title="bbox 1869 2329 3466 2402; baseline -0.001 -17"><span class='ocrx_word' id='word_1_476' title='bbox 1869 2339 2016 2385; x_wconf 90' lang='lat' dir='ltr'><strong>trum</strong></span> <span class='ocrx_word' id='word_1_477' title='bbox 2046 2331 2154 2387; x_wconf 87' lang='lat' dir='ltr'><strong>sibi</strong></span> <span class='ocrx_word' id='word_1_478' title='bbox 2189 2330 2319 2387; x_wconf 78' lang='lat' dir='ltr'><strong>fecit</strong></span> <span class='ocrx_word' id='word_1_479' title='bbox 2364 2332 2657 2388; x_wconf 61' lang='lat' dir='ltr'><strong>heredem.</strong></span> <span class='ocrx_word' id='word_1_480' title='bbox 2691 2331 2847 2399; x_wconf 87' lang='lat' dir='ltr'><strong>Quod</strong></span> <span class='ocrx_word' id='word_1_481' title='bbox 2869 2329 3265 2402; x_wconf 88' lang='lat' dir='ltr'><strong>patrimonium</strong></span> <span class='ocrx_word' id='word_1_482' title='bbox 3301 2329 3466 2385; x_wconf 81' lang='lat' dir='ltr'><strong>hodie</strong></span> 
     </span>
    </p>
   </div>
   <div class='ocr_carea' id='block_1_68' title="bbox 1868 2420 3465 2497">
    <p class='ocr_par' dir='ltr' id='par_1_68' title="bbox 1868 2420 3465 2497">
     <span class='ocr_line' id='line_1_68' title="bbox 1868 2420 3465 2497; baseline -0.002 -18"><span class='ocrx_word' id='word_1_483' title='bbox 1868 2424 2074 2479; x_wconf 90' lang='lat' dir='ltr'><strong>dicitur</strong></span> <span class='ocrx_word' id='word_1_484' title='bbox 2096 2424 2492 2497; x_wconf 87' lang='lat' dir='ltr'><strong>patrimonium</strong></span> <span class='ocrx_word' id='word_1_485' title='bbox 2526 2425 2584 2479; x_wconf 88' lang='lat' dir='ltr'><strong>S.</strong></span> <span class='ocrx_word' id='word_1_486' title='bbox 2616 2423 2782 2492; x_wconf 87' lang='lat' dir='ltr'><strong>Petri,</strong></span> <span class='ocrx_word' id='word_1_487' title='bbox 2812 2424 2960 2495; x_wconf 87' lang='lat' dir='ltr'><strong>quod</strong></span> <span class='ocrx_word' id='word_1_488' title='bbox 2989 2432 3075 2479; x_wconf 88' lang='lat' dir='ltr'><strong>est</strong></span> <span class='ocrx_word' id='word_1_489' title='bbox 3104 2439 3136 2479; x_wconf 88' lang='lat' dir='ltr'><strong>a</strong></span> <span class='ocrx_word' id='word_1_490' title='bbox 3171 2420 3465 2477; x_wconf 83' lang='lat' dir='ltr'><strong>Radicafa-</strong></span> 
     </span>
    </p>
   </div>
   <div class='ocr_carea' id='block_1_69' title="bbox 1870 2515 2655 2590">
    <p class='ocr_par' dir='ltr' id='par_1_69' title="bbox 1870 2515 2655 2590">
     <span class='ocr_line' id='line_1_69' title="bbox 1870 2515 2655 2590; baseline 0 -19"><span class='ocrx_word' id='word_1_491' title='bbox 1870 2530 1943 2571; x_wconf 91' lang='lat' dir='ltr'><strong>no</strong></span> <span class='ocrx_word' id='word_1_492' title='bbox 1968 2532 2143 2587; x_wconf 88' lang='lat' dir='ltr'><strong>usque</strong></span> <span class='ocrx_word' id='word_1_493' title='bbox 2166 2515 2443 2572; x_wconf 79' lang='lat' dir='ltr'><strong>Cezanum</strong></span> <span class='ocrx_word' id='word_1_494' title='bbox 2481 2516 2655 2590; x_wconf 81' lang='lat'><strong>(959).</strong></span> 
     </span>
    </p>
   </div>
   <div class='ocr_carea' id='block_1_70' title="bbox 1892 2629 3432 2701">
    <p class='ocr_par' dir='ltr' id='par_1_70' title="bbox 1892 2629 3432 2701">
     <span class='ocr_line' id='line_1_70' title="bbox 1892 2629 3432 2701; baseline 0.001 -17"><span class='ocrx_word' id='word_1_495' title='bbox 1892 2629 2131 2701; x_wconf 75' lang='lat' dir='ltr'><strong>Explicit</strong></span> <span class='ocrx_word' id='word_1_496' title='bbox 2155 2630 2403 2686; x_wconf 76' lang='lat' dir='ltr'><strong>Historia</strong></span> <span class='ocrx_word' id='word_1_497' title='bbox 2430 2632 2785 2688; x_wconf 77' lang='lat' dir='ltr'><strong>memoranda:</strong></span> <span class='ocrx_word' id='word_1_498' title='bbox 2814 2632 3103 2687; x_wconf 77' lang='lat' dir='ltr'><strong>comitissa:</strong></span> <span class='ocrx_word' id='word_1_499' title='bbox 3129 2629 3432 2685; x_wconf 77' lang='lat' dir='ltr'><strong>Mat/zildis.</strong></span> 
     </span>
    </p>
   </div>
   <div class='ocr_carea' id='block_1_71' title="bbox 1941 2722 3468 2794">
    <p class='ocr_par' dir='ltr' id='par_1_71' title="bbox 1941 2722 3468 2794">
     <span class='ocr_line' id='line_1_71' title="bbox 1941 2722 3468 2794; baseline 0.001 -18"><span class='ocrx_word' id='word_1_500' title='bbox 1941 2722 2102 2778; x_wconf 84' lang='lat' dir='ltr'><strong>Anno</strong></span> <span class='ocrx_word' id='word_1_501' title='bbox 2128 2722 2285 2778; x_wconf 91' lang='lat' dir='ltr'><strong>Dom.</strong></span> <span class='ocrx_word' id='word_1_502' title='bbox 2334 2723 2494 2790; x_wconf 68' lang='grc'><strong>1445,</strong></span> <span class='ocrx_word' id='word_1_503' title='bbox 2540 2723 2628 2779; x_wconf 90' lang='lat' dir='ltr'><strong>die</strong></span> <span class='ocrx_word' id='word_1_504' title='bbox 2662 2725 2696 2779; x_wconf 90' lang='lat'><strong>9</strong></span> <span class='ocrx_word' id='word_1_505' title='bbox 2736 2723 2943 2779; x_wconf 82' lang='lat' dir='ltr'><strong>mensis</strong></span> <span class='ocrx_word' id='word_1_506' title='bbox 2977 2723 3228 2794; x_wconf 85' lang='lat' dir='ltr'><strong>Augusti,</strong></span> <span class='ocrx_word' id='word_1_507' title='bbox 3259 2724 3354 2791; x_wconf 89' lang='lat' dir='ltr'><strong>qui</strong></span> <span class='ocrx_word' id='word_1_508' title='bbox 3380 2729 3468 2777; x_wconf 83' lang='lat' dir='ltr'><strong>(st</strong></span> 
     </span>
    </p>
   </div>
   <div class='ocr_carea' id='block_1_72' title="bbox 1870 2814 3465 2887">
    <p class='ocr_par' dir='ltr' id='par_1_72' title="bbox 1870 2814 3465 2887">
     <span class='ocr_line' id='line_1_72' title="bbox 1870 2814 3465 2887; baseline 0.001 -19"><span class='ocrx_word' id='word_1_509' title='bbox 1870 2815 2055 2885; x_wconf 76' lang='lat' dir='ltr'><strong>vig’lia</strong></span> <span class='ocrx_word' id='word_1_510' title='bbox 2096 2815 2152 2869; x_wconf 92' lang='lat' dir='ltr'><strong>S.</strong></span> <span class='ocrx_word' id='word_1_511' title='bbox 2187 2814 2468 2869; x_wconf 87' lang='lat' dir='ltr'><strong>Laurentii</strong></span> <span class='ocrx_word' id='word_1_512' title='bbox 2493 2824 2618 2885; x_wconf 84' lang='lat' dir='ltr'><strong>post</strong></span> <span class='ocrx_word' id='word_1_513' title='bbox 2653 2831 2932 2887; x_wconf 85' lang='lat' dir='ltr'><strong>vesperas,</strong></span> <span class='ocrx_word' id='word_1_514' title='bbox 2967 2815 3296 2871; x_wconf 88' lang='lat' dir='ltr'><strong>translatum</strong></span> <span class='ocrx_word' id='word_1_515' title='bbox 3334 2815 3465 2870; x_wconf 91' lang='lat' dir='ltr'><strong>olim</strong></span> 
     </span>
    </p>
   </div>
   <div class='ocr_carea' id='block_1_73' title="bbox 1872 2904 3464 2978">
    <p class='ocr_par' dir='ltr' id='par_1_73' title="bbox 1872 2904 3464 2978">
     <span class='ocr_line' id='line_1_73' title="bbox 1872 2904 3464 2978; baseline -0.001 -16"><span class='ocrx_word' id='word_1_516' title='bbox 1872 2922 2073 2977; x_wconf 87' lang='lat' dir='ltr'><strong>corpus</strong></span> <span class='ocrx_word' id='word_1_517' title='bbox 2117 2922 2327 2978; x_wconf 75' lang='lat' dir='ltr'><strong>magna:</strong></span> <span class='ocrx_word' id='word_1_518' title='bbox 2361 2916 2414 2963; x_wconf 92' lang='lat' dir='ltr'><strong>ct</strong></span> <span class='ocrx_word' id='word_1_519' title='bbox 2451 2907 2805 2964; x_wconf 67' lang='lat' dir='ltr'><strong>nobilissimae</strong></span> <span class='ocrx_word' id='word_1_520' title='bbox 2839 2909 3136 2965; x_wconf 78' lang='lat' dir='ltr'><strong>comitissae</strong></span> <span class='ocrx_word' id='word_1_521' title='bbox 3166 2904 3464 2973; x_wconf 79' lang='lat' dir='ltr'><strong>Mathildis,</strong></span> 
     </span>
    </p>
   </div>
   <div class='ocr_carea' id='block_1_74' title="bbox 1874 2998 3468 3072">
    <p class='ocr_par' dir='ltr' id='par_1_74' title="bbox 1874 2998 3468 3072">
     <span class='ocr_line' id='line_1_74' title="bbox 1874 2998 3468 3072; baseline 0 -19"><span class='ocrx_word' id='word_1_522' title='bbox 1874 2998 2173 3069; x_wconf 91' lang='lat' dir='ltr'><strong>imperialis</strong></span> <span class='ocrx_word' id='word_1_523' title='bbox 2193 3000 2428 3069; x_wconf 81' lang='lat' dir='ltr'><strong>generis,</strong></span> <span class='ocrx_word' id='word_1_524' title='bbox 2452 3016 2579 3069; x_wconf 66' lang='lat' dir='ltr'><strong>quae</strong></span> <span class='ocrx_word' id='word_1_525' title='bbox 2628 2998 2731 3055; x_wconf 81' lang='lat' dir='ltr'><strong>fuit</strong></span> <span class='ocrx_word' id='word_1_526' title='bbox 2756 3000 3031 3072; x_wconf 73' lang='lat' dir='ltr'><strong>praecipua</strong></span> <span class='ocrx_word' id='word_1_527' title='bbox 3080 3007 3135 3056; x_wconf 87' lang='lat' dir='ltr'><strong>et</strong></span> <span class='ocrx_word' id='word_1_528' title='bbox 3173 2998 3468 3070; x_wconf 86' lang='lat' dir='ltr'><strong>singularis</strong></span> 
     </span>
    </p>
   </div>
   <div class='ocr_carea' id='block_1_75' title="bbox 1798 3090 3469 3173">
    <p class='ocr_par' dir='ltr' id='par_1_75' title="bbox 1798 3090 3469 3173">
     <span class='ocr_line' id='line_1_75' title="bbox 1798 3090 3469 3173; baseline 0.001 -26"><span class='ocrx_word' id='word_1_529' title='bbox 1798 3116 1839 3173; x_wconf 73' lang='grc' dir='ltr'>ο</span> <span class='ocrx_word' id='word_1_530' title='bbox 1872 3091 2110 3148; x_wconf 82' lang='lat' dir='ltr'><strong>dotatrix</strong></span> <span class='ocrx_word' id='word_1_531' title='bbox 2134 3092 2300 3162; x_wconf 76' lang='lat' dir='ltr'><strong>hujus</strong></span> <span class='ocrx_word' id='word_1_532' title='bbox 2326 3092 2644 3147; x_wconf 88' lang='lat' dir='ltr'><strong>monasterii</strong></span> <span class='ocrx_word' id='word_1_533' title='bbox 2696 3090 2753 3146; x_wconf 91' lang='lat' dir='ltr'><strong>S.</strong></span> <span class='ocrx_word' id='word_1_534' title='bbox 2788 3091 3066 3148; x_wconf 87' lang='lat' dir='ltr'><strong>Benedicti</strong></span> <span class='ocrx_word' id='word_1_535' title='bbox 3092 3093 3160 3147; x_wconf 90' lang='lat' dir='ltr'><strong>de</strong></span> <span class='ocrx_word' id='word_1_536' title='bbox 3184 3091 3469 3148; x_wconf 87' lang='lat' dir='ltr'><strong>Padcliro-</strong></span> 
     </span>
    </p>
   </div>
   <div class='ocr_carea' id='block_1_76' title="bbox 1871 3181 3470 3257">
    <p class='ocr_par' dir='ltr' id='par_1_76' title="bbox 1871 3181 3470 3257">
     <span class='ocr_line' id='line_1_76' title="bbox 1871 3181 3470 3257; baseline -0.002 -16"><span class='ocrx_word' id='word_1_537' title='bbox 1871 3201 1959 3251; x_wconf 89' lang='lat' dir='ltr'><strong>ne,</strong></span> <span class='ocrx_word' id='word_1_538' title='bbox 1999 3193 2125 3256; x_wconf 91' lang='lat' dir='ltr'><strong>post</strong></span> <span class='ocrx_word' id='word_1_539' title='bbox 2153 3192 2362 3257; x_wconf 89' lang='lat' dir='ltr'><strong>patrem</strong></span> <span class='ocrx_word' id='word_1_540' title='bbox 2386 3200 2547 3240; x_wconf 91' lang='lat' dir='ltr'><strong>suum</strong></span> <span class='ocrx_word' id='word_1_541' title='bbox 2573 3181 2916 3240; x_wconf 82' lang='lat' dir='ltr'><strong>Bonifacium</strong></span> <span class='ocrx_word' id='word_1_542' title='bbox 2963 3184 3188 3240; x_wconf 55' lang='lat' dir='ltr'><strong>marchi&#39;</strong></span> <span class='ocrx_word' id='word_1_543' title='bbox 3215 3199 3360 3251; x_wconf 86' lang='lat' dir='ltr'><strong>nem,</strong></span> <span class='ocrx_word' id='word_1_544' title='bbox 3411 3192 3470 3241; x_wconf 84' lang='lat' dir='ltr'><strong>et</strong></span> 
     </span>
    </p>
   </div>
   <div class='ocr_carea' id='block_1_77' title="bbox 1870 3274 3479 3349">
    <p class='ocr_par' dir='ltr' id='par_1_77' title="bbox 1870 3274 3479 3349">
     <span class='ocr_line' id='line_1_77' title="bbox 1870 3274 3479 3349; baseline -0.002 -15"><span class='ocrx_word' id='word_1_545' title='bbox 1870 3286 1995 3349; x_wconf 89' lang='lat' dir='ltr'><strong>post</strong></span> <span class='ocrx_word' id='word_1_546' title='bbox 2016 3292 2179 3334; x_wconf 88' lang='lat' dir='ltr'><strong>avum</strong></span> <span class='ocrx_word' id='word_1_547' title='bbox 2207 3292 2369 3333; x_wconf 90' lang='lat' dir='ltr'><strong>suum</strong></span> <span class='ocrx_word' id='word_1_548' title='bbox 2396 3274 2735 3332; x_wconf 86' lang='lat' dir='ltr'><strong>Thedaldum</strong></span> <span class='ocrx_word' id='word_1_549' title='bbox 2758 3276 3136 3332; x_wconf 89' lang='lat' dir='ltr'><strong>marcbionem</strong></span> <span class='ocrx_word' id='word_1_550' title='bbox 3165 3284 3223 3332; x_wconf 91' lang='lat' dir='ltr'><strong>et</strong></span> <span class='ocrx_word' id='word_1_551' title='bbox 3261 3274 3479 3331; x_wconf 56' lang='lat' dir='ltr'><strong>funda-i</strong></span> 
     </span>
    </p>
   </div>
   <div class='ocr_carea' id='block_1_78' title="bbox 1872 3368 3472 3445">
    <p class='ocr_par' dir='ltr' id='par_1_78' title="bbox 1872 3368 3472 3445">
     <span class='ocr_line' id='line_1_78' title="bbox 1872 3368 3472 3445; baseline -0.003 -18"><span class='ocrx_word' id='word_1_552' title='bbox 1872 3380 2048 3427; x_wconf 91' lang='lat' dir='ltr'><strong>torem</strong></span> <span class='ocrx_word' id='word_1_553' title='bbox 2074 3369 2240 3441; x_wconf 88' lang='lat' dir='ltr'><strong>hujus</strong></span> <span class='ocrx_word' id='word_1_554' title='bbox 2267 3369 2612 3435; x_wconf 88' lang='lat' dir='ltr'><strong>monasterii,</strong></span> <span class='ocrx_word' id='word_1_555' title='bbox 2638 3368 2787 3439; x_wconf 91' lang='lat' dir='ltr'><strong>quod</strong></span> <span class='ocrx_word' id='word_1_556' title='bbox 2820 3368 2977 3439; x_wconf 90' lang='lat' dir='ltr'><strong>prius</strong></span> <span class='ocrx_word' id='word_1_557' title='bbox 3031 3376 3260 3424; x_wconf 87' lang='lat' dir='ltr'><strong>steterat</strong></span> <span class='ocrx_word' id='word_1_558' title='bbox 3302 3383 3472 3445; x_wconf 84' lang='lat' dir='ltr'><strong>super</strong></span> 
     </span>
    </p>
   </div>
   <div class='ocr_carea' id='block_1_79' title="bbox 1873 3456 3473 3530">
    <p class='ocr_par' dir='ltr' id='par_1_79' title="bbox 1873 3456 3473 3530">
     <span class='ocr_line' id='line_1_79' title="bbox 1873 3456 3473 3530; baseline 0 -19"><span class='ocrx_word' id='word_1_559' title='bbox 1873 3464 2001 3512; x_wconf 89' lang='lat' dir='ltr'><strong>octo</strong></span> <span class='ocrx_word' id='word_1_560' title='bbox 2026 3456 2311 3514; x_wconf 89' lang='lat' dir='ltr'><strong>columnas</strong></span> <span class='ocrx_word' id='word_1_561' title='bbox 2333 3459 2389 3513; x_wconf 93' lang='lat' dir='ltr'><strong>in</strong></span> <span class='ocrx_word' id='word_1_562' title='bbox 2418 3459 2672 3530; x_wconf 79' lang='lat' dir='ltr'><strong>ingressu</strong></span> <span class='ocrx_word' id='word_1_563' title='bbox 2710 3458 2953 3515; x_wconf 75' lang='lat' dir='ltr'><strong>ecclesia:</strong></span> <span class='ocrx_word' id='word_1_564' title='bbox 2976 3458 3120 3514; x_wconf 86' lang='lat' dir='ltr'><strong>inter</strong></span> <span class='ocrx_word' id='word_1_565' title='bbox 3154 3458 3389 3530; x_wconf 90' lang='lat' dir='ltr'><strong>primam</strong></span> <span class='ocrx_word' id='word_1_566' title='bbox 3417 3462 3473 3512; x_wconf 81' lang='lat' dir='ltr'><strong>et</strong></span> 
     </span>
    </p>
   </div>
   <div class='ocr_carea' id='block_1_80' title="bbox 1874 3549 3472 3622">
    <p class='ocr_par' dir='ltr' id='par_1_80' title="bbox 1874 3549 3472 3622">
     <span class='ocr_line' id='line_1_80' title="bbox 1874 3549 3472 3622; baseline 0.001 -18"><span class='ocrx_word' id='word_1_567' title='bbox 1874 3549 2187 3604; x_wconf 89' lang='lat' dir='ltr'><strong>columnam</strong></span> <span class='ocrx_word' id='word_1_568' title='bbox 2238 3549 2558 3617; x_wconf 88' lang='lat' dir='ltr'><strong>secundam,</strong></span> <span class='ocrx_word' id='word_1_569' title='bbox 2602 3566 2634 3605; x_wconf 92' lang='lat' dir='ltr'><strong>a</strong></span> <span class='ocrx_word' id='word_1_570' title='bbox 2676 3549 2916 3606; x_wconf 89' lang='lat' dir='ltr'><strong>sinistris</strong></span> <span class='ocrx_word' id='word_1_571' title='bbox 2965 3549 3142 3622; x_wconf 89' lang='lat' dir='ltr'><strong>ipsius</strong></span> <span class='ocrx_word' id='word_1_572' title='bbox 3197 3550 3472 3616; x_wconf 61' lang='lat' dir='ltr'><strong>ecclesiae,</strong></span> 
     </span>
    </p>
   </div>
   <div class='ocr_carea' id='block_1_81' title="bbox 1876 3634 3471 3721">
    <p class='ocr_par' dir='ltr' id='par_1_81' title="bbox 1876 3634 3471 3721">
     <span class='ocr_line' id='line_1_81' title="bbox 1876 3634 3471 3721; baseline 0 -26"><span class='ocrx_word' id='word_1_573' title='bbox 1876 3640 2141 3710; x_wconf 89' lang='lat' dir='ltr'><strong>quoniam</strong></span> <span class='ocrx_word' id='word_1_574' title='bbox 2170 3640 2285 3711; x_wconf 90' lang='lat' dir='ltr'><strong>jam</strong></span> <span class='ocrx_word' id='word_1_575' title='bbox 2308 3656 2410 3712; x_wconf 91' lang='lat' dir='ltr'><strong>pro</strong></span> <span class='ocrx_word' id='word_1_576' title='bbox 2438 3634 2637 3713; x_wconf 83' lang='lat' dir='ltr'><strong>magna</strong></span> <span class='ocrx_word' id='word_1_577' title='bbox 2661 3641 2863 3721; x_wconf 61' lang='lat' dir='ltr'><strong>(mole)</strong></span> <span class='ocrx_word' id='word_1_578' title='bbox 2887 3642 3022 3711; x_wconf 62' lang='lat' dir='ltr'><strong>ipsa:</strong></span> <span class='ocrx_word' id='word_1_579' title='bbox 3045 3642 3316 3698; x_wconf 67' lang='lat' dir='ltr'><strong>columnae</strong></span> <span class='ocrx_word' id='word_1_580' title='bbox 3344 3648 3471 3696; x_wconf 90' lang='lat' dir='ltr'><strong>octo</strong></span> 
     </span>
    </p>
   </div>
   <div class='ocr_carea' id='block_1_82' title="bbox 1878 3729 3476 3791">
    <p class='ocr_par' dir='ltr' id='par_1_82' title="bbox 1878 3729 3476 3791">
     <span class='ocr_line' id='line_1_82' title="bbox 1878 3729 3476 3791; baseline 0.002 -5"><span class='ocrx_word' id='word_1_581' title='bbox 1878 3729 2064 3787; x_wconf 71' lang='lat' dir='ltr'><strong>fracta:</strong></span> <span class='ocrx_word' id='word_1_582' title='bbox 2091 3741 2285 3788; x_wconf 90' lang='lat' dir='ltr'><strong>erant:</strong></span> <span class='ocrx_word' id='word_1_583' title='bbox 2309 3741 2364 3788; x_wconf 90' lang='lat' dir='ltr'><strong>et</strong></span> <span class='ocrx_word' id='word_1_584' title='bbox 2395 3733 2723 3789; x_wconf 87' lang='lat' dir='ltr'><strong>collocatum</strong></span> <span class='ocrx_word' id='word_1_585' title='bbox 2752 3732 2856 3789; x_wconf 79' lang='lat' dir='ltr'><strong>fuit</strong></span> <span class='ocrx_word' id='word_1_586' title='bbox 2884 3731 3116 3791; x_wconf 90' lang='lat' dir='ltr'><strong>ulterius</strong></span> <span class='ocrx_word' id='word_1_587' title='bbox 3142 3735 3198 3789; x_wconf 92' lang='lat' dir='ltr'><strong>in</strong></span> <span class='ocrx_word' id='word_1_588' title='bbox 3234 3732 3476 3790; x_wconf 88' lang='lat' dir='ltr'><strong>sinistris</strong></span> 
     </span>
    </p>
   </div>
   <div class='ocr_carea' id='block_1_83' title="bbox 1873 3821 3475 3895">
    <p class='ocr_par' dir='ltr' id='par_1_83' title="bbox 1873 3821 3475 3895">
     <span class='ocr_line' id='line_1_83' title="bbox 1873 3821 3475 3895; baseline 0.001 -17"><span class='ocrx_word' id='word_1_589' title='bbox 1873 3823 2031 3895; x_wconf 78' lang='lat' dir='ltr'><strong>juxta</strong></span> <span class='ocrx_word' id='word_1_590' title='bbox 2058 3824 2319 3894; x_wconf 88' lang='lat' dir='ltr'><strong>parietem</strong></span> <span class='ocrx_word' id='word_1_591' title='bbox 2347 3824 2677 3879; x_wconf 79' lang='lat' dir='ltr'><strong>ecclesiae‘ex</strong></span> <span class='ocrx_word' id='word_1_592' title='bbox 2722 3826 2890 3880; x_wconf 90' lang='lat' dir='ltr'><strong>latere</strong></span> <span class='ocrx_word' id='word_1_593' title='bbox 2917 3826 3122 3881; x_wconf 70' lang='lat' dir='ltr'><strong>tumba:</strong></span> <span class='ocrx_word' id='word_1_594' title='bbox 3152 3822 3209 3880; x_wconf 89' lang='lat' dir='ltr'><strong>S.</strong></span> <span class='ocrx_word' id='word_1_595' title='bbox 3260 3821 3475 3879; x_wconf 85' lang='lat' dir='ltr'><strong>Simeo-</strong></span> 
     </span>
    </p>
   </div>
   <div class='ocr_carea' id='block_1_84' title="bbox 1879 3916 3474 3989">
    <p class='ocr_par' dir='ltr' id='par_1_84' title="bbox 1879 3916 3474 3989">
     <span class='ocr_line' id='line_1_84' title="bbox 1879 3916 3474 3989; baseline -0.003 -15"><span class='ocrx_word' id='word_1_596' title='bbox 1879 3918 2000 3989; x_wconf 85' lang='lat' dir='ltr'><strong>nis;</strong></span> <span class='ocrx_word' id='word_1_597' title='bbox 2034 3925 2225 3987; x_wconf 86' lang='lat' dir='ltr'><strong>aperto</strong></span> <span class='ocrx_word' id='word_1_598' title='bbox 2261 3917 2416 3986; x_wconf 87' lang='lat' dir='ltr'><strong>prius</strong></span> <span class='ocrx_word' id='word_1_599' title='bbox 2454 3916 2670 3971; x_wconf 88' lang='lat' dir='ltr'><strong>tumulo</strong></span> <span class='ocrx_word' id='word_1_600' title='bbox 2707 3917 2775 3972; x_wconf 90' lang='lat' dir='ltr'><strong>ad</strong></span> <span class='ocrx_word' id='word_1_601' title='bbox 2801 3917 3251 3973; x_wconf 85' lang='lat' dir='ltr'><strong>certiticationem</strong></span> <span class='ocrx_word' id='word_1_602' title='bbox 3275 3916 3474 3970; x_wconf 83' lang='lat' dir='ltr'><strong>verita-</strong></span> 
     </span>
    </p>
   </div>
   <div class='ocr_carea' id='block_1_85' title="bbox 1880 4005 3474 4076">
    <p class='ocr_par' dir='ltr' id='par_1_85' title="bbox 1880 4005 3474 4076">
     <span class='ocr_line' id='line_1_85' title="bbox 1880 4005 3474 4076; baseline -0.003 -13"><span class='ocrx_word' id='word_1_603' title='bbox 1880 4009 1952 4063; x_wconf 87' lang='lat' dir='ltr'><strong>tis</strong></span> <span class='ocrx_word' id='word_1_604' title='bbox 1978 4022 2164 4063; x_wconf 90' lang='lat' dir='ltr'><strong>coram</strong></span> <span class='ocrx_word' id='word_1_605' title='bbox 2207 4006 2509 4061; x_wconf 87' lang='lat' dir='ltr'><strong>reverendo</strong></span> <span class='ocrx_word' id='word_1_606' title='bbox 2546 4006 2779 4061; x_wconf 84' lang='lat' dir='ltr'><strong>domino</strong></span> <span class='ocrx_word' id='word_1_607' title='bbox 2816 4006 3066 4062; x_wconf 88' lang='lat' dir='ltr'><strong>Cuidone</strong></span> <span class='ocrx_word' id='word_1_608' title='bbox 3108 4007 3175 4061; x_wconf 87' lang='lat' dir='ltr'><strong>de</strong></span> <span class='ocrx_word' id='word_1_609' title='bbox 3216 4005 3474 4076; x_wconf 83' lang='lat' dir='ltr'><strong>Gonzaga</strong></span> 
     </span>
    </p>
   </div>
   <div class='ocr_carea' id='block_1_86' title="bbox 1881 4091 3477 4166">
    <p class='ocr_par' dir='ltr' id='par_1_86' title="bbox 1881 4091 3477 4166">
     <span class='ocr_line' id='line_1_86' title="bbox 1881 4091 3477 4166; baseline -0.001 -17"><span class='ocrx_word' id='word_1_610' title='bbox 1881 4094 2276 4150; x_wconf 72' lang='lat' dir='ltr'><strong>rczediﬁcatore</strong></span> <span class='ocrx_word' id='word_1_611' title='bbox 2304 4095 2481 4166; x_wconf 83' lang='lat' dir='ltr'><strong>ipsius</strong></span> <span class='ocrx_word' id='word_1_612' title='bbox 2514 4095 2854 4161; x_wconf 89' lang='lat' dir='ltr'><strong>monasterii,</strong></span> <span class='ocrx_word' id='word_1_613' title='bbox 2883 4104 2939 4149; x_wconf 90' lang='lat' dir='ltr'><strong>ct</strong></span> <span class='ocrx_word' id='word_1_614' title='bbox 2966 4094 3190 4149; x_wconf 86' lang='lat' dir='ltr'><strong>domino</strong></span> <span class='ocrx_word' id='word_1_615' title='bbox 3235 4091 3477 4148; x_wconf 88' lang='lat' dir='ltr'><strong>Eusebio</strong></span> 
     </span>
    </p>
   </div>
   <div class='ocr_carea' id='block_1_87' title="bbox 1883 4183 3476 4256">
    <p class='ocr_par' dir='ltr' id='par_1_87' title="bbox 1883 4183 3476 4256">
     <span class='ocr_line' id='line_1_87' title="bbox 1883 4183 3476 4256; baseline -0.002 -14"><span class='ocrx_word' id='word_1_616' title='bbox 1883 4186 2078 4242; x_wconf 89' lang='lat' dir='ltr'><strong>abbate</strong></span> <span class='ocrx_word' id='word_1_617' title='bbox 2102 4186 2275 4256; x_wconf 88' lang='lat' dir='ltr'><strong>ipsius</strong></span> <span class='ocrx_word' id='word_1_618' title='bbox 2302 4184 2646 4252; x_wconf 87' lang='lat' dir='ltr'><strong>monasterii,</strong></span> <span class='ocrx_word' id='word_1_619' title='bbox 2668 4201 2734 4241; x_wconf 90' lang='lat' dir='ltr'><strong>ac</strong></span> <span class='ocrx_word' id='word_1_620' title='bbox 2762 4193 3034 4241; x_wconf 87' lang='lat' dir='ltr'><strong>conventu</strong></span> <span class='ocrx_word' id='word_1_621' title='bbox 3062 4183 3309 4255; x_wconf 87' lang='lat' dir='ltr'><strong>ejusdem</strong></span> <span class='ocrx_word' id='word_1_622' title='bbox 3351 4198 3476 4239; x_wconf 89' lang='lat' dir='ltr'><strong>mo-</strong></span> 
     </span>
    </p>
   </div>
   <div class='ocr_carea' id='block_1_88' title="bbox 1883 4276 3475 4348">
    <p class='ocr_par' dir='ltr' id='par_1_88' title="bbox 1883 4276 3475 4348">
     <span class='ocr_line' id='line_1_88' title="bbox 1883 4276 3475 4348; baseline -0.004 -13"><span class='ocrx_word' id='word_1_623' title='bbox 1883 4280 2110 4335; x_wconf 89' lang='lat' dir='ltr'><strong>nasterii</strong></span> <span class='ocrx_word' id='word_1_624' title='bbox 2136 4288 2191 4335; x_wconf 90' lang='lat' dir='ltr'><strong>et</strong></span> <span class='ocrx_word' id='word_1_625' title='bbox 2218 4278 2407 4334; x_wconf 89' lang='lat' dir='ltr'><strong>multis</strong></span> <span class='ocrx_word' id='word_1_626' title='bbox 2430 4278 2582 4345; x_wconf 88' lang='lat' dir='ltr'><strong>aliis;</strong></span> <span class='ocrx_word' id='word_1_627' title='bbox 2620 4285 2678 4332; x_wconf 91' lang='lat' dir='ltr'><strong>et</strong></span> <span class='ocrx_word' id='word_1_628' title='bbox 2720 4282 3002 4348; x_wconf 81' lang='lat' dir='ltr'><strong>comperto</strong></span> <span class='ocrx_word' id='word_1_629' title='bbox 3028 4276 3218 4332; x_wconf 80' lang='lat' dir='ltr'><strong>eodem</strong></span> <span class='ocrx_word' id='word_1_630' title='bbox 3244 4286 3475 4345; x_wconf 82' lang='lat' dir='ltr'><strong>corpore</strong></span> 
     </span>
    </p>
   </div>
   <div class='ocr_carea' id='block_1_89' title="bbox 1884 4367 3475 4443">
    <p class='ocr_par' dir='ltr' id='par_1_89' title="bbox 1884 4367 3475 4443">
     <span class='ocr_line' id='line_1_89' title="bbox 1884 4367 3475 4443; baseline -0.006 -15"><span class='ocrx_word' id='word_1_631' title='bbox 1884 4373 2120 4443; x_wconf 86' lang='lat' dir='ltr'><strong>integro,</strong></span> <span class='ocrx_word' id='word_1_632' title='bbox 2150 4372 2338 4439; x_wconf 89' lang='lat' dir='ltr'><strong>unico,</strong></span> <span class='ocrx_word' id='word_1_633' title='bbox 2368 4386 2437 4426; x_wconf 85' lang='lat' dir='ltr'><strong>ac</strong></span> <span class='ocrx_word' id='word_1_634' title='bbox 2467 4368 2729 4436; x_wconf 86' lang='lat' dir='ltr'><strong>femineo,</strong></span> <span class='ocrx_word' id='word_1_635' title='bbox 2758 4376 2814 4423; x_wconf 91' lang='lat' dir='ltr'><strong>et</strong></span> <span class='ocrx_word' id='word_1_636' title='bbox 2841 4382 3029 4425; x_wconf 88' lang='lat' dir='ltr'><strong>coram</strong></span> <span class='ocrx_word' id='word_1_637' title='bbox 3056 4367 3138 4424; x_wconf 89' lang='lat' dir='ltr'><strong>eis</strong></span> <span class='ocrx_word' id='word_1_638' title='bbox 3162 4367 3351 4423; x_wconf 87' lang='lat' dir='ltr'><strong>clauso</strong></span> <span class='ocrx_word' id='word_1_639' title='bbox 3378 4384 3392 4421; x_wconf 89' lang='lat'><strong>:</strong></span> <span class='ocrx_word' id='word_1_640' title='bbox 3418 4370 3475 4421; x_wconf 89' lang='lat' dir='ltr'><strong>et</strong></span> 
     </span>
    </p>
   </div>
   <div class='ocr_carea' id='block_1_90' title="bbox 181 4460 2723 4540">
    <p class='ocr_par' dir='ltr' id='par_1_90' title="bbox 181 4460 2723 4540">
     <span class='ocr_line' id='line_1_90' title="bbox 181 4460 2723 4540; baseline 0 -24"><span class='ocrx_word' id='word_1_641' title='bbox 181 4477 343 4518; x_wconf 83' lang='lat' dir='ltr'><strong>suum</strong></span> <span class='ocrx_word' id='word_1_642' title='bbox 375 4465 432 4519; x_wconf 90' lang='lat' dir='ltr'><strong>in</strong></span> <span class='ocrx_word' id='word_1_643' title='bbox 456 4465 577 4537; x_wconf 89' lang='lat' dir='ltr'><strong>ejus</strong></span> <span class='ocrx_word' id='word_1_644' title='bbox 602 4467 835 4523; x_wconf 88' lang='lat' dir='ltr'><strong>ecclesia</strong></span> <span class='ocrx_word' id='word_1_645' title='bbox 884 4469 1198 4539; x_wconf 88' lang='lat' dir='ltr'><strong>sepulcrum</strong></span> <span class='ocrx_word' id='word_1_646' title='bbox 1253 4468 1458 4525; x_wconf 87' lang='lat' dir='ltr'><strong>habere</strong></span> <span class='ocrx_word' id='word_1_647' title='bbox 1483 4468 1779 4540; x_wconf 88' lang='lat' dir='ltr'><strong>respuerit,</strong></span> <span class='ocrx_word' id='word_1_648' title='bbox 1812 4463 1859 4518; x_wconf 93' lang='lat' dir='ltr'><strong>D</strong></span> <span class='ocrx_word' id='word_1_649' title='bbox 1883 4475 1970 4523; x_wconf 88' lang='lat' dir='ltr'><strong>est</strong></span> <span class='ocrx_word' id='word_1_650' title='bbox 1988 4467 2148 4537; x_wconf 81' lang='lat' dir='ltr'><strong>juxta</strong></span> <span class='ocrx_word' id='word_1_651' title='bbox 2179 4466 2352 4520; x_wconf 88' lang='lat' dir='ltr'><strong>altare</strong></span> <span class='ocrx_word' id='word_1_652' title='bbox 2389 4461 2446 4518; x_wconf 83' lang='lat' dir='ltr'><strong>S.</strong></span> <span class='ocrx_word' id='word_1_653' title='bbox 2474 4460 2723 4518; x_wconf 74' lang='lat' dir='ltr'><strong>Justinze.</strong></span> 
     </span>
    </p>
   </div>
   <div class='ocr_carea' id='block_1_91' title="bbox 188 4585 608 4599">
    <p class='ocr_par' dir='ltr' id='par_1_91' title="bbox 188 4585 608 4599">
     <span class='ocr_line' id='line_1_91' title="bbox 188 4585 608 4599; baseline 0.002 -3"><span class='ocrx_word' id='word_1_654' title='bbox 188 4585 608 4599; x_wconf 57' lang='lat'><strong>.—-———</strong></span> 
     </span>
    </p>
   </div>
   <div class='ocr_carea' id='block_1_92' title="bbox 188 4578 3413 4617">
    <p class='ocr_par' dir='ltr' id='par_1_92' title="bbox 188 4578 3413 4617">
     <span class='ocr_line' id='line_1_92' title="bbox 188 4578 3413 4617; baseline -0.002 -3"><span class='ocrx_word' id='word_1_655' title='bbox 188 4578 3413 4617; x_wconf 41' lang='grc' dir='ltr'>ω</span> 
     </span>
    </p>
   </div>
   <div class='ocr_carea' id='block_1_93' title="bbox 510 4743 3156 4857">
    <p class='ocr_par' dir='ltr' id='par_1_93' title="bbox 510 4743 3156 4857">
     <span class='ocr_line' id='line_1_93' title="bbox 510 4743 3156 4857; baseline -0.002 -21"><span class='ocrx_word' id='word_1_656' title='bbox 510 4746 661 4838; x_wconf 90' lang='lat' dir='ltr'><strong>DE</strong></span> <span class='ocrx_word' id='word_1_657' title='bbox 727 4746 1279 4841; x_wconf 81' lang='lat' dir='ltr'><strong>AUCTORE</strong></span> <span class='ocrx_word' id='word_1_658' title='bbox 1354 4746 2147 4857; x_wconf 83' lang='lat' dir='ltr'><strong>SEQUENTIUM</strong></span> <span class='ocrx_word' id='word_1_659' title='bbox 2217 4743 3156 4840; x_wconf 81' lang='lat' dir='ltr'><strong>OPUSCULORUM.</strong></span> 
     </span>
    </p>
   </div>
   <div class='ocr_carea' id='block_1_94' title="bbox 1286 4894 2375 5014">
    <p class='ocr_par' dir='ltr' id='par_1_94' title="bbox 1286 4894 2375 5014">
     <span class='ocr_line' id='line_1_94' title="bbox 1286 4894 2375 5014; baseline -0.001 -18"><span class='ocrx_word' id='word_1_660' title='bbox 1286 4939 1646 5013; x_wconf 71' lang='lat' dir='ltr'><strong>(Gnarssnus,</strong></span> <span class='ocrx_word' id='word_1_661' title='bbox 1674 4938 1813 5013; x_wconf 89' lang='lat' dir='ltr'><strong>Opp.</strong></span> <span class='ocrx_word' id='word_1_662' title='bbox 1851 4949 1967 4997; x_wconf 90' lang='lat' dir='ltr'><strong>tom</strong></span> <span class='ocrx_word' id='word_1_663' title='bbox 1991 4938 2081 5008; x_wconf 78' lang='lat' dir='ltr'><strong>Vl,</strong></span> <span class='ocrx_word' id='word_1_664' title='bbox 2105 4956 2230 5014; x_wconf 85' lang='lat' dir='ltr'><strong>pag.</strong></span> <span class='ocrx_word' id='word_1_665' title='bbox 2258 4940 2375 5012; x_wconf 78' lang='lat'><strong>25.)</strong></span> 
     </span>
    </p>
   </div>
   <div class='ocr_carea' id='block_1_95' title="bbox 1655 5097 2050 5113">
    <p class='ocr_par' dir='ltr' id='par_1_95' title="bbox 1655 5097 2050 5113">
     <span class='ocr_line' id='line_1_95' title="bbox 1655 5097 2050 5113; baseline 0.003 -1"><span class='ocrx_word' id='word_1_666' title='bbox 1655 5097 2050 5113; x_wconf 70' lang='lat'><strong>——————</strong></span> 
     </span>
    </p>
   </div>
   <div class='ocr_carea' id='block_1_96' title="bbox 220 5202 3498 5306">
    <p class='ocr_par' dir='ltr' id='par_1_96' title="bbox 220 5202 3498 5306">
     <span class='ocr_line' id='line_1_96' title="bbox 220 5202 3498 5306; baseline -0.003 -22"><span class='ocrx_word' id='word_1_667' title='bbox 220 5232 225 5235; x_wconf 85' lang='grc'><em>’</em></span> <span class='ocrx_word' id='word_1_668' title='bbox 261 5226 668 5299; x_wconf 69' lang='lat' dir='ltr'><strong>Manuscriptus</strong></span> <span class='ocrx_word' id='word_1_669' title='bbox 693 5226 866 5286; x_wconf 71' lang='lat' dir='ltr'><strong>cades</strong></span> <span class='ocrx_word' id='word_1_670' title='bbox 891 5226 1220 5306; x_wconf 17' lang='lat' dir='ltr'><strong>cartbgdralis</strong></span> <span class='ocrx_word' id='word_1_671' title='bbox 1248 5222 1502 5306; x_wconf 58' lang='lat' dir='ltr'><strong>ecclesia:</strong></span> <span class='ocrx_word' id='word_1_672' title='bbox 1533 5219 1957 5306; x_wconf 62' lang='lat' dir='ltr'><strong>Ratisbonensis</strong></span> <span class='ocrx_word' id='word_1_673' title='bbox 1997 5230 2281 5306; x_wconf 76' lang='lat' dir='ltr'><strong>auctorem</strong></span> <span class='ocrx_word' id='word_1_674' title='bbox 2309 5225 2473 5306; x_wconf 71' lang='lat' dir='ltr'><strong>vocat</strong></span> <span class='ocrx_word' id='word_1_675' title='bbox 2510 5211 2860 5306; x_wconf 57' lang='lat' dir='ltr'><strong>Berngieum.</strong></span> <span class='ocrx_word' id='word_1_676' title='bbox 2897 5218 3162 5306; x_wconf 73' lang='lat' dir='ltr'><strong>Suspicor</strong></span> <span class='ocrx_word' id='word_1_677' title='bbox 3182 5202 3338 5306; x_wconf 66' lang='lat' dir='ltr'><strong>illum</strong></span> <span class='ocrx_word' id='word_1_678' title='bbox 3366 5223 3498 5306; x_wconf 37' lang='lat' dir='ltr'><strong>esse.</strong></span> 
     </span>
    </p>
   </div>
  </div>
