3984 5380
524 368 664 429 i063

1508 359 1601 414 AD
1634 352 1866 413 OPERA
1900 351 1961 412 S.
2002 344 2333 410 GREGOR“
2372 340 2820 406 APPENDICES.

3662 346 3802 401 ιθοι

522 470 779 550 inentum,
803 479 939 553 quod
972 493 1064 550 per
1091 475 1247 533 illum
1271 475 1457 529 datum
1478 481 1576 541 est,
1600 474 1656 526 in
1674 470 1805 526 aliis
1831 444 2116 542 perfectio-
2145 466 2187 523 Α
2216 463 2452 522 Nicaenis
2483 465 2740 521 Patribus
2794 473 2968 520 ratam
3017 478 3140 520 esse
3185 462 3458 535 probavit,
3505 478 3635 553 cum
3677 480 3802 519 eum

522 594 641 633 nem
656 591 776 631 sua:
796 575 1007 628 virtutis
1032 569 1263 624 obtinuit
1280 568 1347 635 ,ei
1364 574 1539 621 autem
1563 565 1737 636 obfuit
1757 560 2117 635 (963).[Quod
2156 576 2161 579 ·

521 684 641 722 cum
669 667 748 719 ita
774 664 865 717 sit.
897 661 995 716 Ed.
1021 657 1211 730 Rom.]
1233 657 1533 728 aliquorum
1556 656 1611 709 in
1633 662 1840 708 tantum
1864 669 1918 707 se
1944 660 2121 707 exten-

520 755 825 815 ditcuriosa
838 752 1090 823 suspicio,
1112 757 1170 804 ut
1182 750 1570 819 imaginentur,
1585 745 1792 818 prolato
1807 761 1839 798 a
1858 758 2003 816 papa
2015 742 2117 797 Fe-

521 850 563 904 li
575 866 620 904 :e
622 847 851 919 judicio,
871 852 1053 915 postea
1064 842 1228 912 ine/lic
1236 840 1469 894 aciterin
1480 837 1831 892 sacramentis
1842 850 1965 906 qua:
1975 832 2116 890 Aca-

522 941 641 997 cius
662 936 957 1008 usurpavit,
979 934 1173 1004 egisse;
1212 948 1275 985 ac
1295 929 1516 1002 proinde
1546 926 1806 1001 [perinde,
1833 926 1912 980 sic
1950 923 2110 978 Rom.

521 1028 648 1102 Ed]
675 1045 760 1086 eos
818 1035 1047 1081 metuere
1114 1024 1205 1094 qui
1247 1021 1325 1076 vel
1361 1022 1417 1074 in
1471 1014 1949 1073 consecrationibus
1974 1057 1989 1081 ,
2036 1012 2114 1068 vel

521 1126 579 1179 in
607 1121 923 1193 baptismate
940 1118 1203 1188 mysteria
1226 1114 1426 1168 tradita
1463 1115 1822 1181 susceperunt,
1850 1123 1914 1161 ne
1952 1107 2113 1160 irrita

521 1215 775 1286 beneﬁcia
797 1212 976 1267 diuina
992 1209 1289 1274 videantur,
1306 1204 1657 1267 meminerint,
1677 1201 1734 1254 in
1754 1199 1889 1255 hanc
1908 1208 2113 1287 partem

519 1324 721 1382 quoque
764 1307 889 1380 [hac
920 1320 1123 1378 quoque
1154 1311 1323 1374 parte.
1349 1299 1448 1354 Ed.
1488 1296 1674 1372 Rom.]
1706 1296 1956 1350 similiter
1996 1303 2112 1347 tra-

521 1411 729 1456 ctatum
753 1397 1041 1471 praevalere
1069 1396 1414 1466 superiorem,
1439 1392 1566 1463 quia
1602 1406 1704 1444 non
1743 1389 1856 1443 sine
1883 1394 2112 1457 usurpa-

523 1494 663 1547 tione
702 1489 988 1546 sacerdotii
1036 1486 1377 1558 adiudicatus
1417 1484 1513 1536 hoc
1533 1481 1668 1554 egit;
1709 1482 1766 1535 in
1795 1497 1897 1551 quo
1937 1480 2109 1533 virtu-

523 1592 627 1639 tem
647 1599 803 1639 suam
825 1579 1178 1637 obtinentibus
1204 1576 1492 1649 mysteriis,
1521 1576 1578 1628 in
1603 1575 1700 1628 hoc
1733 1589 1933 1645 quoque
1961 1571 2107 1638 aliis,

521 1693 615 1732 res
648 1677 750 1730 sibi
781 1690 1004 1747 persona
1042 1688 1146 1738 non
1177 1671 1375 1725 nocuit.
1419 1667 1563 1722 Nam
1598 1667 1667 1720 ad
1698 1665 1853 1720 illum
1886 1665 2110 1736 pertinet

521 1768 833 1859 [pertinuit
872 1764 969 1859 Ed:
1014 1762 1199 1836 Rom.]
1225 1761 1364 1859 quod
1401 1760 1527 1859 tuba
1574 1757 1847 1859 Davidica
1874 1758 2107 1859 canitur;

521 1850 878 1915 uerumtamen
931 1856 1071 1911 Deus
1124 1852 1497 1926 conquassubit
1545 1852 1724 1922 capita
1770 1850 2112 1903 inimicorum

521 1966 758 2017 suorum,
783 1951 1026 2005 verticem
1064 1947 1250 2018 capilli
1275 1944 1763 2019 perambulantinm
1804 1943 1860 1996 in
1903 1941 2112 1996 deliciis

522 2042 634 2116 [ed.
662 2043 820 2099 Rom.
854 2040 1113 2113 delictis.]
1136 2042 1248 2094 suis
1272 2037 1445 2113 (Psal.
1475 2034 1670 2108 vau.)
1696 2033 1839 2089 Nam
1869 2033 2113 2105 superbia

521 2151 726 2205 semper
764 2133 889 2201 sibi,
929 2149 1032 2187 non
1085 2132 1209 2186 aliis
1253 2131 1384 2203 facit
1416 2130 1660 2194 ruinam;
1694 2127 1832 2199 quod
1867 2128 2113 2181 universa

524 2226 928 2298 Scripturarum
975 2233 1203 2279 testatur
1255 2224 1569 2301 auctoritas.
1625 2219 1778 2277 Sicut
1819 2220 1979 2295 etiam
2022 2236 2114 2290 per

525 2317 789 2390 Spiritum
812 2327 1054 2371 sanctum
1075 2316 1276 2369 dicitur
1297 2317 1351 2369 in
1372 2314 1626 2385 propheta
1650 2329 1669 2368 :
1701 2312 1824 2367 Non
1852 2311 2115 2366 habitabit

525 2410 583 2464 in
610 2410 780 2464 medio
823 2409 1011 2463 domus
1047 2424 1177 2462 mea:
1215 2408 1304 2478 qui
1347 2406 1481 2478 facit
1504 2406 1804 2477 superbiam
1836 2402 2011 2475 (Psal.
2036 2401 2110 2473 c).

532 2499 682 2556 Unde
715 2503 836 2555 cum
881 2501 984 2554 sibi
1025 2499 1316 2569 sacerdotis
1361 2514 1548 2552 nomen
1597 2497 1938 2552 vindicaverit
1986 2512 2113 2551 cor:-

526 2594 827 2661 demnatus,
861 2595 917 2646 in
944 2593 1112 2664 ipsius
1156 2592 1399 2646 verticem
1441 2588 1700 2662 superbia:
1749 2597 1923 2643 tumor
1964 2589 2108 2659 ἰηῙῖἑο

526 2694 643 2742 ctus
669 2695 777 2752 est;
803 2686 931 2757 quia
956 2701 1057 2738 non
1082 2683 1327 2755 populus,
1356 2685 1445 2754 qui
1472 2683 1527 2737 in
1552 2682 1862 2737 ministeriis
1893 2679 2113 2755 [mysre-

527 2777 627 2832 l'iis
661 2775 760 2830 Ed.
812 2772 999 2847 Rom.]
1041 2776 1237 2828 donum
1264 2774 1430 2845 ipsius
1460 2772 1693 2839 sitiebat,
1727 2772 1975 2827 exclusus
1996 2778 2113 2825 est:

526 2864 639 2923 sed
668 2869 849 2922 anima
889 2866 1006 2921 sola
1042 2865 1159 2932 illa,
1192 2883 1310 2938 qua:
1347 2872 1673 2938 peccaverat,
1715 2864 1866 2936 justo
1903 2863 2113 2934 judicio

525 2960 756 3031 propria:
779 2959 948 3031 culpa:
976 2968 1088 3014 erat
1111 2958 1357 3013 obnoxia.
1812 2948 1813 2951 “

599 3050 733 3107 Item
762 3052 953 3108 beatus
976 3051 1316 3124 Augustinus
1343 3050 1634 3107 Vincentio
1657 3050 1955 3106 Donatistae
1984 3048 2117 3105 seri-

2218 574 2329 614 non
2354 558 2782 614 reordinandum
2809 572 2933 613 esse
2955 555 3239 628 judicavit,
3271 556 3367 613 sed
3396 548 3684 626 acceptum
3706 573 3802 612 or—

2216 650 2401 707 dinem
2446 650 2833 707 administrare
2901 650 3255 721 permitteret.
3322 646 3457 704 Item
3524 646 3801 705 Niczennm

2217 744 2513 799 concilium
2552 743 2781 799 clericos
2828 741 3262 798 Novatianorum
3312 757 3440 797 cum
3477 742 3669 798 ordine
3712 758 3801 797 re-

2216 836 2377 906 cepit.
2422 835 2614 891 ltidem
2656 834 2975 891 Africanum
3013 835 3307 890 concilium
3350 835 3418 890 de
3458 832 3804 891 clericisDo-

2215 928 2546 984 natistarum
2593 924 2740 994 fecit,
2776 927 3027 984 videlicet
3072 935 3131 981 ut
3183 926 3521 982 reconciliati
3556 926 3799 981 ordinem

2214 1020 2421 1076 utiliter
2460 1003 2926 1086 administrarent,
2948 1034 3113 1090 quem
3159 1027 3312 1073 extra
3350 1017 3660 1073 Ecclesium
3686 1018 3803 1072 sine

2213 1111 2428 1179 effectu,
2475 1112 2582 1167 hoc
2638 1119 2726 1166 est
2775 1113 2893 1166 sine
2939 1111 3112 1166 salute
3163 1112 3398 1178 animm,
3458 1111 3574 1165 imo
3621 1109 3801 1180 perni-

2215 1204 2363 1260 ciose
2393 1204 2781 1275 percepisscnt.
2808 1201 2948 1259 Hinc
2974 1201 3036 1257 Β.
3074 1201 3415 1275 Augustinus
3458 1201 3707 1257 scribens
3732 1202 3801 1257 ad

2211 1295 2551 1353 Bonifacium
2571 1296 2637 1351 de
2661 1295 2874 1352 clericis
2891 1295 3296 1351 Donatistarum
3319 1297 3635 1352 conversis:
3662 1295 3796 1365 Sint,

2212 1385 2408 1457 inquit,
2435 1388 2491 1441 in
2536 1386 2777 1441 Ecclesia
2807 1386 3009 1451 clerici,
3045 1386 3411 1458 sint-episcopi
3458 1388 3687 1456 utiliter,
3710 1391 3798 1460 qni

2211 1489 2395 1534 contra
2417 1480 2571 1534 illam
2599 1464 2817 1551 fuerunt
2840 1477 3122 1534 hostiliter.
3151 1477 3353 1557 Omnes
3376 1495 3510 1535 sane
3532 1480 3799 1552 ejusmodi

2212 1574 2531 1639 sententias,
2559 1589 2681 1644 qum
2706 1560 3175 1628 consecrationem
3196 1571 3334 1628 loris
3361 1571 3570 1627 iactam
3598 1574 3655 1628 in
3676 1583 3793 1628 tan-

2211 1674 2327 1721 tum
2355 1665 2620 1721 damnant
2672 1673 2731 1720 ut
2757 1680 2881 1720 eam
2927 1681 3037 1720 non
3077 1665 3182 1720 nisi
3223 1664 3641 1721 damnationem
3689 1666 3795 1722 sive

2217 1758 2646 1819 exsecrationem
2680 1766 2735 1813 et
2766 1756 3196 1812 maledictionem
3218 1756 3425 1823 dicant,
3447 1762 3559 1813 nan
3591 1759 3659 1814 ad
3688 1758 3794 1828 ipsa

2219 1858 2584 1918 sacramenta,
2617 1850 2713 1906 sed
2747 1851 2813 1906 ad
2838 1848 3088 1906 eﬂ‘ectum
3118 1865 3307 1905 eorum
3331 1865 3576 1922 congrue
3611 1850 3796 1909 reteri-

2215 1965 2358 2017 mus,
2409 1963 2478 2003 ne
2527 1948 2719 2003 eadem
2779 1956 3123 2004 sacramenta
3177 1947 3467 2002 essumare
3496 1948 3793 2012 videamur,

2214 2056 2337 2111 qure
2383 2040 2558 2094 sancti
2604 2037 2794 2095 Patres
2828 2039 2885 2094 in
2932 2039 3272 2095 inconversis
3310 2038 3523 2112 integra
3547 2056 3670 2096 esse
3700 2040 3794 2095 do-

2214 2142 2467 2202 cuerunt,
2498 2149 2624 2189 eum
2650 2148 2942 2193 conversos
2970 2148 3083 2191 non
3106 2133 3505 2199 reordinarent,
3535 2134 3632 2188 sed
3671 2131 3795 2189 foris

2216 2233 2497 2296 acceptum
2522 2226 2777 2285 ordinem
2807 2223 3189 2281 administrare
3212 2224 3611 2295 permitterent.

2285 2316 2419 2372 lllud
2440 2332 2658 2388 quoque
2681 2316 2828 2388 (964)
2852 2316 3001 2387 quod
3028 2315 3089 2369 B.
3115 2315 3368 2387 Pelagius
3387 2331 3533 2387 papa
3555 2316 3795 2372 scribens

2214 2409 2521 2464 illustribus
2558 2408 2712 2475 viris,
2750 2407 2961 2464 Viatori
2983 2415 3038 2463 et
3056 2406 3366 2474 Pancratio,
3394 2407 3529 2462 dicit
3558 2424 3572 2459 :
3600 2406 3794 2477 Corpus

2216 2500 2433 2555 Domini
2455 2517 2560 2554 non
2580 2517 2710 2566 esse,
2749 2500 2889 2571 quod
2913 2499 3284 2553 schi‘smaticus
3307 2500 3548 2569 conﬁcit,
3576 2500 3651 2555 ita
3677 2516 3795 2555 con-

2216 2610 2348 2665 grue
2375 2575 2710 2664 intelligitur,
2735 2600 2796 2646 ut
2820 2578 2923 2663 ipsi
2946 2607 3053 2647 non
3078 2591 3149 2646 sit
3195 2606 3397 2662 corpus
3433 2591 3651 2647 Domini
3669 2592 3795 2648 e5:-

2216 2687 2384 2753 ctive;
2417 2685 2560 2741 sicut
2585 2701 2616 2740 e
2642 2685 2920 2740 contrario
2943 2684 2999 2738 in
3028 2684 3194 2741 missa
3222 2693 3415 2739 oratur
3438 2701 3472 2738 a
3497 2685 3795 2752 sacerdote,

2217 2785 2278 2833 ut
2318 2778 2415 2849 ﬁat
2452 2776 2600 2831 nobis
2638 2792 2825 2847 corpus
2864 2774 3120 2840 Domini;
3154 2776 3406 2832 videlicet
3455 2778 3527 2832 ad
3572 2777 3793 2835 salutem

2215 2868 2430 2924 anima).
2463 2867 2600 2922 llinc
2627 2876 2681 2922 et
2723 2876 2944 2923 sanctus
2974 2866 3270 2939 Gregorius
3311 2868 3365 2921 in
3404 2868 3548 2923 Dial.
3586 2870 3721 2925 libro
3744 2884 3798 2923 iv

2219 2948 2360 3031 (cap.
2394 2959 2483 3031 59)
2511 2979 2522 3013 :
2554 2956 2719 3024 Tunc,
2745 2959 2940 3030 inquit,
2990 2975 3104 3013 rere
3145 2975 3240 3029 pro
3278 2958 3427 3012 nobis
3469 2959 3646 3013 hostia
3691 2959 3794 3013 Deo

2215 3052 2339 3119 erit,
2373 3067 2491 3104 cum
2531 3067 2625 3105 nos
2668 3051 2806 3121 ipsos
2857 3050 3089 3105 hostium
3116 3051 3419 3121 fecerimus.
3452 3050 3554 3107 Est
3584 3053 3793 3123 quidem

527 3144 667 3200 bens
704 3161 716 3198 :
746 3141 1017 3210 Ecclesiw,
1046 3144 1243 3215 inquit,
1275 3151 1395 3198 sunt
1419 3143 1597 3198 omnia
1630 3151 1963 3198 sacramenta
2000 3140 2114 3197 Do-
2142 3168 2185 3228 ο
2217 3145 2383 3200 etiam
2443 3143 2823 3215 peccatoribus
2890 3152 2946 3218 et
2996 3144 3216 3216 indigne
3274 3145 3626 3201 sumentibus
3675 3160 3795 3201 vera

530 3237 728 3290 minica
742 3252 761 3301 ;
792 3244 914 3307 qua:
958 3237 1034 3313 sic
1063 3236 1264 3311 habetis
1294 3245 1343 3290 et
1369 3235 1532 3305 da:is,
1560 3235 1820 3307 quomodo
1846 3234 2115 3290 habebam-

528 3334 618 3378 tnr
655 3332 705 3379 et
741 3324 1008 3380 dabantur
1036 3325 1197 3380 etiam
1238 3335 1518 3398 antequam
1566 3325 1688 3379 inde
1718 3324 1957 3380 exiretis.
1995 3322 2118 3386 Non

530 3422 706 3469 tamen
729 3414 844 3468 ideo
871 3432 974 3469 non
996 3414 1199 3469 habetis
1240 3416 1377 3486 quod
1424 3432 1528 3468 non
1553 3415 1680 3468 estis
1711 3412 1785 3468 ibi
1834 3414 1970 3469 unde
1996 3422 2120 3467 sunt

527 3521 648 3580 quae
675 3506 900 3561 habetis.
934 3505 1002 3560 Et
1035 3514 1159 3579 post
1189 3523 1358 3577 pauca
1393 3526 1405 3561 :
1439 3506 1728 3561 Nobiscum
1752 3507 1877 3561 estis
1899 3507 1955 3559 in
1975 3521 2121 3576 syme
2157 3544 2160 3549 .

531 3596 671 3665 bolo,
699 3598 753 3651 in
790 3598 1072 3677 baptismo,
1111 3600 1168 3654 in
1201 3599 1405 3655 steteris
1428 3594 1776 3654 sacramentis
1803 3614 1821 3651 :
1844 3598 1899 3651 in
1927 3598 2119 3668 spiritu

532 3700 712 3744 autem
746 3690 972 3745 unitatis
1002 3696 1064 3745 et
1092 3691 1301 3746 vinculo
1329 3692 1500 3763 pacis,
1532 3690 1589 3745 in
1618 3691 1736 3763 ipsa
1771 3689 1993 3762 denique
2027 3706 2120 3746 ca-

533 3781 733 3837 tholica
761 3778 1005 3837 Ecclesia
1032 3782 1304 3838 nobiscum
1332 3800 1436 3837 non
1466 3784 1612 3837 estis.
1694 3838 1697 3840 ,
2042 3855 2045 3858 ν
2108 3834 2113 3837 .

612 3862 721 3930 Sed
756 3873 841 3929 ha:
879 3874 1182 3942 sententiae,
1215 3873 1321 3930 etsi
1345 3862 1594 3941 diversae,
1624 3889 1655 3928 a
1676 3866 1903 3929 veritate
1936 3860 2119 3931 tamen

530 3966 751 4022 deviare
778 3972 1049 4038 nuSquam
1079 3966 1399 4038 probantur,
1431 3963 1479 4023 si
1519 3974 1890 4037 competenter
1917 3954 2117 4022 intelli-

533 4066 751 4130 gantur,
781 4059 1032 4115 videlicet
1054 4060 1100 4114 si
1123 4056 1435 4130 superiores
1471 4058 1755 4115 sententiae
1774 4058 1844 4113 ad
1864 4057 2116 4117 etl‘ectum

532 4150 790 4226 baptismi
817 4151 1143 4219 referantur,
1168 4151 1263 4222 qui
1316 4166 1590 4221 nusquam
1626 4165 1746 4205 esse
1776 4164 1938 4220 posse
1963 4158 2117 4205 extra

532 4244 834 4301 Ecclesium
856 4244 1125 4299 veraciter
1152 4242 1438 4310 asseritur,
1464 4249 1518 4297 et
1553 4240 1841 4297 inferiores
1876 4240 1947 4297 ad
1974 4241 2117 4297 veri-

533 4345 703 4392 tatem
746 4344 1218 4393 sacramentorum
1246 4334 1574 4403 referantur,
1600 4350 1724 4405 qua:
1750 4333 1940 4389 eadem
1977 4333 2117 4389 inte-

531 4425 729 4502 gritate
773 4435 828 4483 et
864 4428 1026 4484 bonis
1058 4435 1113 4483 et
1171 4428 1330 4483 malis
1380 4428 1573 4507 adesse
1616 4428 1935 4495 creduntur,
1966 4444 2033 4483 ae
2066 4429 2117 4486 si

2218 3235 2425 3292 Christi
2463 3251 2614 3301 caro,
2641 3250 2915 3307 verusque
2961 3235 3223 3307 sanguis;
3267 3236 3364 3293 sed
3394 3238 3657 3305 essentia,
3692 3253 3795 3293 non

2220 3326 2428 3386 salubri
2453 3327 2758 3385 efﬁcientia.
2804 3326 2877 3383 De
2902 3327 3117 3395 effectu,
3156 3328 3404 3399 inquam,
3451 3331 3795 3397 sacramenti,

2219 3437 2330 3479 non
2357 3408 2425 3501 de
2454 3421 2574 3492 ipso
2610 3429 2957 3477 sacramento
2996 3420 3131 3476 illud
3176 3421 3386 3476 dictum
3438 3431 3801 3493 competenter

2220 3513 2668 3585 interpretamur,
2704 3529 2774 3569 ne
2794 3514 2958 3569 beato
2979 3511 3287 3584 Augustino
3316 3514 3697 3577 contradicere
3718 3514 3799 3568 vi,

2219 3606 2466 3662 deamur.
2497 3605 2604 3674 Qui
2624 3605 2846 3662 Eleusin
2872 3612 2928 3661 et
2961 3603 3105 3660 felici
3133 3606 3501 3677 grammatico
3539 3608 3797 3671 scribens.

2218 3698 2385 3753 etiam
2410 3697 2725 3761 Donatistas
2752 3707 2808 3755 et
2851 3698 2909 3767 in
2940 3697 3284 3759 dissensione
3336 3706 3394 3754 et
3426 3700 3489 3753 in
3512 3699 3803 3756 schismate

2220 3789 2532 3865 sacriﬁcare
2562 3797 2814 3846 testatur.
2854 3788 3002 3846 Idem
3025 3789 3095 3844 ad
3115 3788 3460 3845 Bonifacium
3488 3804 3504 3844 :
3531 3789 3801 3859 Hererici,

2220 3882 2420 3954 inquit,
2454 3899 2557 3937 non
2582 3891 2829 3953 quierunt
2855 3879 3120 3952 Spiritum
3144 3890 3388 3937 sanctum
3416 3883 3527 3939 nisi
3561 3884 3622 3937 in
3656 3882 3803 3938 Chri-

2219 3974 2289 4026 sti
2319 3989 2553 4044 corpore,
2580 3971 2732 4044 cujus
2767 3971 2956 4027 habent
2981 3972 3563 4043 forissacramentum,
3585 3976 3679 4029 sed
3701 3991 3803 4029 res

2218 4066 2393 4135 ipsam
2418 4081 2522 4137 non
2540 4073 2718 4119 tenent
2734 4064 2906 4135 intus,
2930 4063 3093 4133 cujus,
3108 4063 3245 4131 illud
3278 4074 3357 4119 est
3391 4076 3801 4131 sacramentum,

2217 4165 2266 4210 et
2302 4156 2418 4210 ideo
2467 4155 2569 4210 sibi
2602 4156 2871 4227 judicium
2923 4157 3247 4218 manducent
3302 4165 3365 4211 et
3411 4157 3633 4225 bibunt;
3675 4175 3802 4212 unus

2216 4248 2357 4302 enim
2393 4248 2546 4318 panis
2572 4257 2963 4303 sacramentum
2985 4256 3065 4304 est
3093 4248 3339 4304 unitatis.

2289 4337 2616 4417 Hujusmodi
2662 4339 3075 4396 distinctionem
3130 4341 3272 4395 inter
3302 4351 3715 4397 sacramentum
3751 4352 3803 4399 et

2215 4430 2336 4501 ejus
2360 4429 2614 4486 etlectum
2633 4446 2760 4487 cum
2785 4431 3010 4501 quidam
3039 4447 3106 4487 ex
3149 4431 3391 4502 antiquis
3418 4430 3681 4489 Patribus
3705 4434 3802 4489 nli-

534 4538 646 4578 uno
671 4537 781 4589 ore
801 4520 907 4593 ipsi
946 4522 1121 4577 sancti
1152 4519 1344 4577 Patres
1364 4521 1522 4577 nobis
1561 4521 1926 4577 communiter
1960 4519 2098 4577 dice-
2143 4521 2188 4579 D
2214 4538 2319 4577 nus
2347 4522 2705 4590 attenderem,
2720 4522 2789 4577 ad
2811 4522 2917 4578 hoc
2934 4522 3271 4579 devenerunt
3298 4531 3361 4579 ut
3386 4532 3442 4579 et
3472 4526 3801 4596 baptism

530 4623 656 4672 rem
687 4623 880 4670 :extra
922 4612 1222 4669 Ecclesiam
1277 4628 1378 4669 nec
1422 4620 1570 4685 sunt
1594 4629 1698 4670 nec
1747 4614 1887 4668 tiunt
1927 4628 2115 4669 saera—

534 4716 723 4765 menta
750 4704 1015 4773 effective,
1044 4706 1101 4761 id
1138 4715 1224 4775 est
1257 4692 1383 4778 cum
1407 4707 1583 4762 salute
1613 4707 1843 4775 animas;
1873 4715 2117 4763 attamen

530 4798 726 4855 eadem
748 4797 1033 4865 inutiliter,
1076 4796 1186 4855 imo
1211 4796 1542 4871 perniciose,
1567 4807 1621 4854 et
1638 4814 1762 4855 esse
1781 4807 1837 4855 et
1867 4798 1988 4856 ﬁeri
2006 4814 2117 4854 non

534 4880 891 4962 denegamus.
934 4886 993 4942 Si
1031 4887 1179 4944 enim
1227 4903 1292 4943 ea
1339 4895 1492 4942 extra
1541 4885 1843 4953 Eeelesiam
1880 4903 2006 4946 esse
2030 4878 2133 4944 vel

536 4979 654 5036 ﬁeri
684 4980 903 5051 penitus
946 4976 1296 5051 denegarem,
1351 4977 1661 5034 nullatenus
1694 4978 1887 5036 eadem
1930 4979 1986 5034 in
2024 4996 2115 5035 re-

534 5070 843 5133 conciliatis
865 5079 984 5126 rata
1023 5070 1302 5128 baberent.
1330 5068 1469 5127 Nam
1504 5071 1803 5153 praedictus
1828 5086 1967 5142 papa
1989 5069 2113 5131 .Leo

535 5160 769 5214 clericos
803 5161 1185 5214 hereticorum
1209 5177 1334 5214 cum
1368 5159 1560 5214 ordine
1602 5162 1772 5214 recini
1816 5163 2109 5214 concessit.

2218 4614 2279 4668 in
2305 4612 2500 4669 haeresi
2523 4621 2840 4683 susceptum
2878 4614 3018 4671 nihil
3043 4630 3166 4672 esse
3200 4624 3479 4687 putarent,
3503 4618 3669 4674 beato
3691 4619 3801 4673 An-

2217 4705 2438 4777 gustino
2496 4714 2792 4767 attestante
2847 4707 2904 4762 in
2957 4707 3053 4765 lib.
3130 4723 3185 4765 vr
3244 4716 3434 4764 contra
3493 4706 3799 4767 Donatista

2219 4799 2361 4868 (cap.
2389 4796 2441 4868 1)
2466 4816 2478 4852 :
2505 4796 2615 4852 Nec
2634 4798 2697 4852 ob
2727 4797 2900 4866 aliud,
2946 4799 3145 4871 inquit,
3182 4801 3353 4856 visum
3380 4810 3462 4856 est
3488 4803 3797 4874 quibusdam

2215 4876 2381 4950 etiam
2421 4890 2643 4961 egregiis
2686 4892 2813 4945 viris
2853 4892 3185 4949 antistitibus
3235 4892 3460 4961 Christi,
3507 4897 3653 4951 inter
3678 4910 3796 4967 qua

2216 4980 2479 5052 praecipue
2500 4980 2684 5037 beatus
2714 4980 3013 5052 Cyprianus
3040 4982 3327 5051 eminebat,
3364 5000 3474 5037 non
3514 5002 3629 5040 esse
3659 5001 3795 5056 posse

2220 5071 2362 5140 apud
2393 5057 2662 5127 htereticos
2696 5071 2780 5127 vel
2809 5073 3175 5137 schismaticos
3216 5074 3547 5146 baptismum
3580 5075 3789 5142 Christi,

2219 5163 2327 5214 nisi
2353 5164 2479 5214 auia
2507 5179 2611 5214 non
2635 5164 3063 5214 distimmebatur
3082 5176 3478 5214 sacramenta-
3526 5170 3596 5214 ab
3617 5170 3791 5214 nlla].
