3984 5380
167 390 325 455 1969

1069 390 1355 454 API’END.
1398 392 1484 454 lll.
1527 430 1596 440 —
1631 392 2065 456 κοκυιιεΝτΑ
2104 394 2570 457 GREGOBIANA.

3306 400 3446 456 10Ἱῆ

165 496 470 568 stationem
498 518 806 589 sanctorum
829 506 1072 573 Patrum,
1092 509 1399 589 apostolica!
1423 509 1761 565 auctoritatis
1790 510 1835 571 Α
1864 504 2282 578 demjudicabit.
2334 507 2515 579 Neque
2546 508 2689 561 enim
2735 507 2801 560 ab
2862 506 3120 577 Augusto,
3164 522 3327 579 neque
3378 510 3445 564 ab

164 618 300 659 reos
323 599 737 673 perniciossime
758 586 1015 655 cilicium.
1045 586 1150 654 Sed
1188 600 1241 653 in
1276 600 1381 655 bac
1409 613 1596 656 eorum
1623 616 1762 671 pra:-

164 692 491 763 snmptione
548 707 649 746 nec
699 690 801 761 ipsi
843 698 1133 761 peccarent
1188 704 1288 743 nec
1341 689 1478 745 alios
1534 704 1759 759 peccare

162 783 438 848 facerent,
465 783 510 837 si
549 784 840 853 cujuslibet
884 782 1090 854 praelati
1133 780 1189 835 in
1247 778 1490 837 Ecclesia
1540 780 1758 852 privile-

162 874 345 945 gium,
372 888 479 928 non
506 874 633 928 dico
664 872 891 928 Romani
924 870 1216 943 pontiﬁcis.
1242 871 1536 941 primatum
1583 879 1757 926 atten-

160 963 384 1019 derem.
422 963 520 1021 Est
563 964 708 1020 enim
766 964 1018 1039 generale
1065 963 1404 1035 privilegium
1443 964 1757 1035 hujusmodi

160 1055 548 1124 praelatorum',
568 1055 721 1126 juxta
745 1053 1143 1111 institutionem
1171 1062 1483 1109 sanctorum
1509 1052 1757 1120 Patrum,

161 1154 230 1200 ut
266 1146 520 1201 subditos
538 1144 804 1217 judicent,
829 1160 929 1200 nee
970 1143 1174 1200 subditi
1205 1159 1397 1198 eorum
1421 1142 1645 1213 judiciis
1673 1154 1755 1199 te-

160 1252 320 1293 mere
354 1238 638 1303 resultent,
663 1236 863 1309 quibus
892 1237 1098 1306 absque
1143 1235 1293 1289 omni
1328 1235 1761 1291 contradictione

162 1329 474 1385 secundum
539 1344 774 1385 canones
823 1328 1042 1384 obedire
1081 1326 1299 1383 debent.
1350 1328 1628 1400 Scriptum
1674 1337 1759 1382 est

159 1421 357 1475 enim:
398 1418 516 1475 Non
542 1414 624 1476 est
647 1420 939 1490 discipulus
968 1436 1129 1490 supra
1184 1420 1499 1491 magistrum
1533 1419 1752 1490 (Matth.

160 1512 255 1579 x);
296 1520 353 1567 et
376 1532 390 1567 :
416 1511 523 1579 Qui
550 1512 751 1567 resistit
786 1513 1055 1583 potestati,
1081 1510 1181 1566 Dei
1203 1512 1531 1566 ordinationi
1556 1513 1757 1567 resistit

162 1602 348 1674 (Rom.
376 1605 459 1673 n).
485 1601 554 1657 Et
583 1602 632 1659 si
672 1603 779 1658 hoc
818 1600 1047 1674 apostoli
1089 1601 1158 1657 de
1195 1599 1441 1656 saeculari
1491 1610 1756 1671 potestate

159 1695 442 1761 dixerunt,
466 1693 596 1766 quid
624 1710 727 1750 nos
776 1694 881 1751 sub
916 1692 1285 1749 ecclesiastica
1340 1700 1608 1763 potestate
1655 1692 1753 1748 de-

160 1793 356 1857 gentes
386 1800 548 1858 agere
564 1785 849 1852 debemus,
878 1784 970 1839 ubi
1012 1783 1375 1840 inobedientia
1408 1798 1507 1855 pro
1552 1785 1752 1840 ariola-

159 1876 314 1932 tione
341 1884 397 1931 et
430 1876 733 1932 idololatria
792 1883 1078 1947 reputatur
1134 1874 1192 1946 (1
1211 1874 1337 1949 Reg.
1370 1874 1491 1948 Li)?
1524 1874 1583 1931 Si
1622 1891 1753 1947 ergo

162 1968 487 2024 inobediens
533 1967 915 2025 ecclesiasticae
968 1967 1253 2040 potestati,
1302 1964 1510 2024 scilicet
1553 1967 1755 2024 divinae

159 2059 518 2127 ordinationi,
546 2076 645 2130 pro
672 2060 953 2116 idololatra
976 2060 1170 2115 merito
1194 2058 1503 2131 deputatur,
1529 2058 1659 2131 quid
1684 2059 1752 2115 de

162 2151 257 2206 illo
281 2152 618 2209 censendum
646 2160 731 2208 est
759 2152 853 2223 qui
872 2152 1119 2207 eamdem
1166 2157 1488 2224 potestatem
1530 2151 1750 2224 penitus

161 2245 432 2317 abrogare
459 2242 722 2301 conatur?
748 2240 942 2300 Videat
988 2253 1170 2299 autem
1218 2243 1445 2316 quilibet
1494 2242 1750 2315 praelatus

160 2352 328 2407 quam
358 2336 463 2393 sibi
488 2337 845 2393 reverentiam
888 2353 919 2392 a
957 2335 1192 2393 subditis
1239 2336 1438 2409 exigat,
1477 2352 1578 2392 nec
1627 2350 1748 2392 eam

161 2426 415 2484 Rsmano
462 2427 703 2501 pontiﬁci
754 2428 1021 2500 denegare
1062 2427 1226 2496 velit,
1250 2445 1281 2484 a
1306 2445 1416 2500 quo
1440 2427 1621 2485 omnis
1655 2434 1761 2485 ec-‘

162 2521 475 2578 eiesiastica
504 2529 744 2592 potestas
787 2521 1049 2592 procedit.
1097 2520 1352 2592 Nunquid
1390 2521 1539 2577 enim
1590 2535 1748 2578 suam

161 2623 489 2686 potestatem
514 2615 698 2670 statim
741 2613 950 2669 irritam
974 2611 1088 2669 fore
1109 2612 1396 2684 judicabit,
1424 2613 1472 2669 si
1500 2612 1595 2684 qui
1629 2622 1750 2669 tan-

164 2716 280 2763 tum
302 2724 372 2764 ex
394 2705 657 2778 subjectis
676 2705 795 2778 ejus
815 2705 889 2761 ita
912 2705 1310 2777 judicaverint?
1353 2703 1611 2777 Nunquid
1632 2715 1749 2761 sta-

163 2796 262 2854 tim
300 2815 461 2855 suam
505 2797 868 2869 praelationem
899 2796 1014 2867 ipse
1037 2796 1343 2869 denegabit,
1367 2796 1413 2851 si
1433 2796 1653 2867 quidam
1682 2810 1749 2852 ex

163 2888 281 2944 suis
299 2887 497 2944 ovibus
519 2903 644 2943 eum
670 2903 769 2960 pro
787 2887 1011 2958 praelato
1032 2886 1232 2942 habere
1260 2885 1572 2942 noluerint?
1595 2885 1747 2941 Nunr

162 2981 296 3053 quid
329 2997 488 3037 suam
525 2981 843 3037 canonicam
875 2980 1493 3039 excommunicationem
1532 2977 1587 3034 in
1615 2978 1748 3033 sub-

161 3074 308 3129 ditas
332 3073 548 3129 irritam
578 3071 952 3139 arbitrabitur,
975 3071 1021 3128 si
1056 3072 1279 3143 quidam
1303 3078 1516 3126 tantum
1538 3084 1752 3126 eorum-

1863 602 2007 653 omni
2038 598 2201 666 clero,
2230 614 2397 670 usque
2426 614 2458 653 α
2487 598 2716 669 regibus,
2749 612 2908 669 neque
2962 616 2993 651 a
3044 599 3237 669 populo
3278 599 3445 669 fades:

1853 690 2206 759 judicabitur.
3096 704 3097 711 ‘
3258 716 3263 722 ·

1933 779 2131 836 Beatus
2166 776 2347 837 autem
2393 785 2579 837 noster
2624 779 2919 851 Gregorius
2970 792 3130 852 papa,
3181 784 3445 839 canonice

1862 871 2079 941 quidem
2109 872 2413 939 ordinatus,
2439 882 2498 928 ut
2539 883 2726 926 sancta
2775 871 3015 927 Ecclesia
3046 870 3292 929 Romana
3315 874 3446 931 lide-

1862 963 2068 1020 lissime
2106 973 2357 1031 testatur,
2388 965 2457 1019 ab
2495 964 2751 1019 omnibus
2779 964 3067 1020 catholicis
3102 965 3268 1035 judcx
3315 967 3443 1020 uni~
3480 974 3485 980 '

1862 1058 2089 1114 versalis
2108 1056 2369 1114 Ecclesia!
2411 1066 2464 1112 et
2503 1073 2602 1128 pro
2648 1057 2894 1113 Romano
2934 1057 3190 1128 pontiﬁce
3231 1056 3447 1128 semper

1862 1151 2183 1217 habebatur,
2210 1149 2357 1221 quod
2396 1159 2451 1206 et
2496 1146 2599 1221 ipsi
2646 1150 2767 1220 ejus
2802 1150 3260 1205 excomnmnicati
3285 1151 3353 1205 de
3380 1166 3447 1205 co

1856 1242 2257 1312 iudicaverunt,
2280 1257 2404 1297 cum
2431 1241 2501 1297 ad
2519 1240 2640 1311 ejus
2665 1241 3163 1297 reconciliationem
3192 1256 3444 1312 saepenu-

1861 1348 2014 1388 mero
2041 1331 2395 1399 rccurrerint,
2446 1332 2574 1388 licet
2630 1332 2698 1387 ad
2749 1330 3014 1387 vomitum
3055 1346 3218 1387 suum
3257 1342 3444 1402 postea

1860 1423 2036 1479 redire
2056 1436 2163 1479 non
2190 1421 2490 1478 timuerint.
2514 1419 2807 1492 Nunquam
2833 1436 2965 1477 sane
2990 1420 3211 1492 aliquod
3233 1421 3447 1503 crimen

1860 1515 1914 1569 in
1944 1514 2036 1569 illo
2085 1515 2169 1570 vel
2208 1514 2278 1570 ab
2308 1512 2549 1569 inimicis
2578 1514 2858 1569 inventum
2890 1522 2975 1568 est
3005 1513 3091 1568 vel
3132 1514 3444 1583 probatum,

1859 1607 2003 1679 quod
2024 1616 2345 1678 susceptum
2374 1606 2480 1662 sibi
2518 1605 2767 1661 illicitum
2795 1603 2997 1662 faceret
3027 1606 3286 1662 cilicium.
3337 1606 3446 1664 Sed

1859 1700 1906 1754 si
1942 1699 2088 1771 quod
2139 1700 2245 1755 tale
2291 1700 2500 1754 crimen
2544 1698 2879 1765 admisisset,
2928 1699 3178 1770 nunquid
3227 1700 3447 1757 tandem

1860 1791 2156 1859 inauditus,
2193 1807 2301 1846 non
2342 1791 2628 1848 confessus
2674 1806 2778 1848 nec
2841 1791 3125 1847 convictus
3182 1792 3447 1849 canonico

1789 1852 1832 1909 B
1856 1880 2106 1937 damnari
2135 1852 2338 1951 posset,
2354 1880 2568 1935 etiamsi
2599 1880 2825 1937 ultimus
2854 1880 3211 1937 ecclesiastiCi
3234 1880 3447 1939 Ordinis

1853 1971 2183 2027 exstitisset?
2193 1968 2449 2041 Nunquid
2467 1970 2529 2042 [Ι.
2543 1967 2758 2044 Nonne]
2773 1971 2919 2026 enim
2944 1964 3184 2043 legitime
3205 1971 3443 2029 cilicium

1854 2077 2015 2118 suum
2027 2072 2326 2129 exerceret,
2339 2078 2515 2133 usque
2529 2061 2658 2117 dum
2671 2062 2937 2118 canonice
2945 2062 3224 2133 judicatus
3244 2063 3315 2119 ab
3327 2064 3446 2119 olli-4

1852 2153 1939 2209 cio
1962 2168 2179 2209 cessare
2195 2150 2517 2223 juberetur?
2536 2151 2602 2207 Et
2617 2152 2721 2209 hoc
2743 2153 2931 2223 utique
2954 2151 3220 2211 Dominus
3249 2165 3441 2211 noster

1852 2244 2147 2317 Gregorius
2184 2260 2321 2316 papa
2369 2259 2714 2316 nequaquam
2745 2244 2954 2313 abnuit,
2984 2246 3118 2316 quin
3154 2262 3307 2302 more
3340 2264 3443 2303 cu-

1846 2336 2075 2408 juslibet
2106 2337 2288 2392 clerici
2314 2336 2578 2393 duntaxat
2602 2337 2868 2392 canonice
2900 2337 3199 2394 audiretur.
3246 2338 3313 2394 Et
3341 2340 3457 2413 hoc

1851 2428 2133 2501 privilegio
2168 2426 2399 2483 Romani
2427 2428 2700 2499 pontiﬁcis
2738 2429 3103 2503 incongruum
3134 2447 3258 2490 esse
3288 2433 3443 2489 vide-

1853 2529 2029 2588 retur;
2056 2519 2352 2577 adversarii
2376 2528 2559 2576 autem
2582 2520 2703 2593 ejus
2723 2537 2823 2577 nec
2853 2522 2959 2577 hoc
2978 2528 3222 2595 unquam
3245 2540 3445 2582 conce—

1851 2602 1981 2671 dere
2000 2613 2309 2669 voluerunt.
2340 2610 2476 2667 Nam
2513 2613 2568 2670 in
2597 2613 2689 2668 tali
2735 2614 3139 2670 examinatione
3184 2626 3239 2672 et
3282 2616 3435 2674 illum

1850 2692 2297 2777 expurgandum,
2342 2713 2396 2759 et
2450 2720 2509 2759 se
2554 2705 2950 2760 contumeliose
2981 2704 3447 2784 [contumeliosch

1851 2795 2255 2855 criminationis
2292 2794 2651 2870 inculpandos
2700 2795 2817 2850 fore
2866 2812 2975 2869 non
3031 2798 3439 2861 dubitaverunt.

1851 2887 1996 2959 Ergo
2024 2888 2350 2943 sententiam
2382 2887 2695 2959 apostolica:
2724 2886 3077 2946 auctoritatis
3103 2890 3158 2945 in
3207 2892 3441 2965 apertis-

1852 2979 2025 3038 simos
2080 2988 2433 3037 contumaces
2457 2981 2526 3036 ab
2554 2997 2621 3036 eo
2649 2981 3027 3051 depromptum
3058 2982 3243 3038 nullus
3275 2984 3441 3038 Chri—

1852 3058 2075 3129 stianus.
2097 3071 2307 3128 irritam
2332 3071 2622 3145 judicabit,
2645 3073 2737 3144 qui
2762 3070 3449 3161 canonicis’sanetionihua

162 3165 285 3220 dem
323 3166 668 3221 subditon
702 3165 806 3221 hoc
843 3180 1088 3221 asserere
1114 3164 1507 3234 conantur,qui
1534 3171 1745 3219 tantum
1775 3190 1816 3247 ε
1853 3173 2167 3221 sanctorum
2204 3160 2429 3219 Patrum
2459 3163 2835 3219 contradicere
2867 3150 3125 3219 noluerit.
3156 3163 3265 3236 ipsi
3292 3150 3442 3225 enini

164 3254 397 3330 [tamen]
425 3265 653 3313 eotenus
676 3256 746 3323 ei,
780 3266 838 3312 ut
862 3256 1103 3329 legitimo
1146 3255 1374 3327 pastori,
1403 3254 1745 3323 obedierunt,

162 3357 220 3405 et
249 3349 554 3405 sententias
596 3348 717 3419 ejus
761 3349 817 3403 in
866 3348 1003 3404 alios
1044 3357 1194 3404 ratas
1226 3362 1349 3404 esse
1384 3347 1748 3403 censuerunt?

161 3435 422 3512 Nunquid
449 3440 775 3496 sententiam
797 3455 953 3496 suam
976 3439 1183 3511 judicio
1209 3440 1551 3496 subditorum
1574 3448 1747 3495 retra-

164 3530 323 3599 ctari,
346 3530 550 3587 nedum
603 3530 820 3602 penitus
868 3529 1136 3586 annullari
1185 3547 1426 3602 unquam
1478 3529 1749 3601 patietur?

161 3619 280 3677 Non
324 3621 504 3694 plane.
547 3621 689 3691 Ergo
710 3619 1088 3687 reverentiam,
1115 3636 1282 3693 quam
1312 3622 1427 3695 ipse
1453 3637 1484 3677 a
1512 3620 1747 3678 subditis

162 3715 279 3771 suis
298 3714 405 3770 sibi
431 3714 620 3787 exigit,
642 3714 803 3770 etiam
834 3713 936 3785 ipsi
969 3713 1191 3786 praelato
1221 3729 1342 3781 suo,
1358 3713 1514 3786 juxta
1543 3722 1745 3770 statuta

162 3815 480 3863 sanctorum
516 3806 764 3875 Patrum,
803 3806 1081 3878 rependat,
1111 3815 1165 3861 et
1189 3805 1460 3879 praecipue
1488 3806 1745 3879 episcopo

163 3897 313 3955 sedis
337 3898 664 3971 apostolicae.

234 3989 412 4060 Hujus
439 3990 629 4062 utique
666 3991 989 4047 sententiam
1024 3988 1199 4046 sancti
1238 3987 1429 4046 Patres
1470 4005 1742 4061 nusquam

162 4081 469 4148 retractari,
498 4082 698 4137 nedum
736 4080 1025 4148 adnuilari,
1055 4081 1126 4136 ab
1153 4080 1336 4152 aliquo
1357 4081 1741 4152 permiserunt.

163 4170 304 4228 Hinc
338 4173 530 4228 beatus
556 4170 813 4230 Nicolaus
841 4188 979 4244 papa
1000 4172 1231 4246 primus,
1254 4172 1509 4229 omnibus
1536 4173 1745 4243 episco-

163 4264 249 4334 pis
272 4263 519 4321 scribens
564 4264 715 4335 (968)
759 4263 1042 4331 :Nemiui,
1076 4263 1270 4337 inquit,
1293 4264 1501 4319 licitum
1552 4272 1630 4319 est
1680 4264 1746 4319 de

162 4355 302 4411 sedis
330 4357 637 4428 apostolica
670 4356 883 4427 judicio
905 4355 1173 4428 judicare,
1196 4365 1291 4410 aut
1329 4355 1477 4411 illius
1541 4363 1745 4410 senten-

166 4448 296 4504 tiam
317 4459 605 4506 retractare
623 4450 1222 4522 permissum,videlicet
1244 4460 1462 4523 propter
1486 4447 1747 4509 Romana:

1848 3267 1903 3314 et
1941 3256 2286 3312 temerariam
2317 3255 2609 3327 cujuslibet
2661 3254 2938 3311 inferioris
2969 3257 3212 3329 episcopi
3242 3258 3441 3337 duntay

1851 3357 1943 3406 xat
1970 3347 2225 3404 catholici
2248 3348 2903 3414 excommunicationem,
2935 3364 3109 3421 usque
3153 3350 3222 3405 ad
3266 3366 3439 3408 cano-

1848 3442 2029 3498 nicam
2058 3440 2520 3497 examinationem
2563 3450 2739 3496 ratam
2761 3456 2884 3495 esse
2910 3449 3266 3511 censuerunt,
3296 3450 3355 3498 ut
3382 3443 3440 3517 in

1850 3532 2163 3593 Sardicensi
2192 3534 2428 3591 concilio
2456 3520 2507 3590 c.
2541 3532 2607 3589 l7
2636 3532 2835 3609 legitur

1914 3632 2027 3701 Nec
2055 3636 2207 3695 illam
2231 3635 2858 3707 excommunicationem
2887 3644 3076 3701 noster
3098 3637 3445 3715 apostolicus.

1847 3729 2100 3801 privatim
2114 3729 2478 3801 deprompsit;
2505 3729 2623 3796 sed,
2636 3728 2877 3802 generali
2890 3729 3100 3803 synodo
3114 3729 3436 3803 praesidens,

1848 3812 2146 3879 universali
2166 3820 2374 3893 judicio
2402 3819 2661 3878 Ecclesia:
2704 3820 2801 3892 jus
2848 3821 3053 3893 ligandi
3102 3829 3293 3894 atque,
3319 3822 3435 3880 sol-

1847 3913 2031 3980 vendi,
2054 3914 2108 3969 in
2130 3928 2364 3983 persona
2389 3911 2535 3968 Petri
2549 3922 2858 3985 acceptum,
2885 3928 3100 3986 semper
3122 3913 3371 3971 obtinere
3403 3931 3435 3970 a

1849 4006 1998 4064 nullo
2042 4004 2185 4061 ﬁdeli
2230 4004 2530 4071 dubitatur,
2555 4012 2616 4059 ut
2648 4004 2984 4063 sanctissimi
3033 4012 3198 4074 atque
3236 4005 3441 4069 ﬁdelis:

1846 4097 1975 4154 simi
1996 4097 2187 4155 Patres
2229 4094 2426 4161 nostri,
2474 4094 2805 4176 Cyprianus,
2851 4094 3215 4168 Augustinus,
3270 4104 3459 4166 amne?

1848 4189 1958 4245 Leo
1992 4188 2219 4260 Magnus
2248 4188 2302 4245 in
2332 4185 2552 4257 scriptis
2587 4184 2706 4242 suis
2733 4186 3056 4243 docuerunt.
3108 4186 3434 4261 Quicunque

1846 4297 1977 4355 ergo
2005 4282 2127 4354 ejus
2150 4279 2356 4353 judicio
2385 4278 2440 4333 in
2464 4286 2610 4334 terra
2632 4278 2783 4349 ligati
2810 4288 2958 4345 sunt,
3000 4278 3104 4349 ipsi
3150 4264 3439 4347 nihilomi;

1849 4391 1954 4432 nus
2002 4374 2134 4430 etin
2174 4372 2313 4428 coelo
2341 4370 2490 4442 ligati
2516 4370 2889 4427 indubitanter
2929 4371 3247 4431 creduntur,
3279 4371 3431 4442 Qua.

1846 4475 2090 4539 propter,
2123 4465 2275 4522 omni
2294 4462 2597 4534 postposita
2642 4462 3092 4528 contradictione,
3136 4462 3261 4522 illos
3291 4479 3432 4537 quos

166 4535 420 4597 Ecclesiae
446 4541 763 4611 primatum.

1856 4526 2112 4616 immitius
2139 4526 2326 4613 noster
2354 4526 2652 4625 Gregorius
2680 4571 2821 4627 papa
2846 4554 3056 4626 judicio
3080 4526 3436 4613 universalis

231 4631 364 4688 item
384 4632 577 4727 beatus
599 4633 847 4691 Gelasius
870 4634 941 4727 ad
961 4634 1246 4727 episcopos
1265 4633 1743 4727 Dardaniae(969);
1794 4692 1799 4697 ,
1847 4651 2039 4727 synodi
2091 4646 2609 4713 excommunicavit,
2659 4654 2716 4704 et
2769 4662 2873 4707 nos
2928 4650 3443 4709 excommunicatos

166 4722 389 4791 Cuncta,
419 4724 620 4799 inquit,
634 4742 727 4795 per
738 4726 992 4782 mundum
1014 4728 1154 4794 novit
1172 4725 1432 4794 Ecclesia,
1447 4724 1593 4800 (970)
1606 4726 1745 4798 quod

1856 4722 1968 4799 esse
1996 4740 2306 4807 credimus,
2329 4755 2399 4797 ne
2436 4739 2569 4810 ipsis
2608 4737 3101 4796 excommunicatis
3155 4734 3457 4801 damnabiv

166 4825 507 4870 sacrosancta
541 4814 781 4871 Romana
822 4814 1067 4871 Ecclesia
1102 4816 1459 4889 quorumlibet
1484 4819 1749 4891 episcopo-
1845 4834 2012 4891 “om;
2040 4832 2234 4895 [nemo
2256 4832 2589 4903 judioemur,
2611 4828 2851 4900 qui,etsi
2873 4830 3119 4900 qualibet
3150 4834 3478 4896 occasione

167 4921 277 4960 rum
303 4905 478 4978 ligata
516 4907 682 4978 possit
728 4906 1015 4975 absolvere,
1038 4918 1089 4963 et
1121 4908 1186 4962 de
1213 4910 1355 4963 omni
1383 4906 1623 4966 Ecclesia
1659 4910 1746 4980 fas
1845 4923 2401 4983 excommunicationi
2427 4920 2768 4991 subiaceant,
2822 4936 2932 4979 ηοη
2994 4930 3178 4978 tamen
3250 4923 3500 4993 gemere

166 4994 349 5090 liabeat
360 4997 806 5069 judicare,ncque
830 4999 1075 5071 cuiquam
1099 4996 1165 5055 de
1182 4997 1295 5070 ejus
1323 4999 1480 5057 liceat
1505 5000 1751 5073 judicare
1844 5015 2138 5090 ligamenta
2164 5015 2424 5073 Ecclesiae
2442 5013 2734 5083 denegant.
2764 5011 2903 5071 Nam
2931 5012 3131 5083 procul
3163 5011 3405 5085 dub-‘0
3426 5012 3524 5090 ne:

166 5088 383 5180 ἱιιξὶείο·
671 5179 675 5180 ν
1168 5160 1171 5161 ν
1845 5084 2066 5167 fandius
2097 5122 2220 5164 esse
2262 5107 2555 5176 deputatur
2579 5104 2883 5172 quemlibet
2907 5105 3088 5176 ipsam
3117 5084 3549 5180 ecclesias”-

231 5178 362 5237 itetm
391 5188 620 5238 sanctus
646 5179 916 5255 Sylvester
940 5196 1079 5254 papa
1114 5182 1632 5256 universalissynodi
1658 5182 1798 5255 ju—"
1826 5180 1966 5256 ’ω
1997 5207 2323 5256 mmmam
2346 5194 2549 5250 nandi
2576 5200 2743 5246 atque
2773 5198 3161 5242 saluandam
3199 5178 3555 5236 ...Ϊμιι
