3984 5380
535 230 690 303 sm

552 382 578 415 ι

1419 226 1462 274 θ’
1484 224 1612 304 "to
1629 221 1877 306 mm
1915 223 1973 306 ε.
2014 217 2342 307 succosa
2380 217 2822 305 APPENDICES.
2849 215 2898 234 ”

3709 213 3712 215 ‘
3765 217 3780 226 ν

471 675 479 684 ρ
568 538 1159 658 ,δΥΝουυδ
1231 539 1723 634 ROMANA
1797 544 2011 636 suo
2083 547 2150 636 ς.

2252 519 2701 678 scomo
2771 519 2951 652 VII
3010 541 3762 634 .CELEBBATA.

467 691 484 784 ἓ

796 725 1076 801 (Dedimus
1108 743 1275 802 supra
1301 733 1442 787 inter
1473 731 1705 787 cbncilia
1729 731 1911 788 Roma
1933 733 2196 790 celebrata
2219 745 2449 806 tempore
2474 729 2532 789 S.
2562 731 2803 805 Gregorii
2817 713 2964 788 ~VII.
2991 730 3088 786 Est
3114 733 3297 786 ordine
3323 731 3560 804 quinta.)

1942 1085 2408 1180 INCIPIT

1126 1297 1610 1414 unus
1684 1295 2606 1464 ALTEBCATIO
2673 1302 3263 1433 DUORUM

1653 1588 1656 1592 ,
1746 1537 1947 1583 δῦνε.
1988 1535 2254 1592 quonam
2295 1535 2627 1594 currum,

1402 1770 1406 1774 λ
1483 1683 1589 1744 DE
1632 1643 2267 1772 ιΝςοΝτιΝΕΝτιΑ
2309 1681 2874 1748 SACERDOTUM.

2065 1840 2420 1861 m—

563 2206 710 2276 quod
736 2212 821 2261 est
845 2203 1116 2268 Christus.

633 2294 772 2350 Cum
804 2295 1052 2366 proxime
1090 2292 1255 2350 simul
1297 2308 1566 2362 essemus,
1590 2301 1644 2349 et
1679 2293 1842 2350 verba
1885 2293 1952 2350 de
1977 2307 2145 2349 cano-

545 2392 700 2438 ‘num
727 2383 1102 2446 sanctionibus
1133 2382 1199 2438 ad
1223 2383 1456 2438 invicem
1478 2381 1874 2451 conferremus,
1903 2382 2149 2454 aliquan-

543 2470 740 2529 tulum
774 2475 841 2530 de
863 2461 1104 2546 capitulo
1124 2473 1328 2531 Nicaeni
1357 2475 1575 2531 concilii
1600 2475 1982 2532 dissensimus.
2007 2475 2146 2532 Cum

540 2563 714 2621 ~enim
744 2564 886 2622 inter
914 2555 1052 2635 nos,
1072 2574 1132 2622 ut
1157 2565 1377 2635 recolis,
1405 2567 1492 2624 de
1516 2564 1853 2639 prohibenda
1896 2569 2150 2625 sacerdo-

540 2655 682 2714 tum
713 2658 1109 2714 incontinentis
1150 2673 1333 2714 sermo
1359 2667 1741 2716 consereretur
1767 2658 1834 2732 [f.
1870 2655 2150 2714 conferre-

540 2746 702 2822 'tur],
733 2765 856 2821 quae
885 2749 940 2804 in
969 2749 1132 2806 tertio
1170 2749 1417 2822 ejusdem
1460 2750 1702 2806 concilii
1734 2751 1975 2822 capitulo
2013 2749 2151 2806 adeo

563 2843 905 2913 prohibetur,
933 2858 1000 2898 ne
1048 2842 1238 2898 saltem
1265 2842 1449 2899 clerici
1490 2843 1724 2899 debeant
1750 2843 1996 2898 habitare
2024 2857 2150 2898 cum

565 2926 786 2994 feminis
812 2937 960 2991 nulla
987 2935 1462 3008 consanguinitate
1503 2936 1847 3008 propinquis,
1877 2943 1936 2990 tu
1971 2934 2151 3006 quod-

565 3028 690 3082 dam
713 3026 870 3083 aliud
894 3034 1059 3098 caput
1085 3036 1162 3083 ex‘
1183 3025 1555 3084 ecclesiastica
1578 3025 1841 3094 Historia,
1865 3041 1988 3098 quae
2011 3024 2152 3082 dici-

567 3121 658 3170 tur
683 3113 976 3188 Tripartita
1015 3115 1183 3186 (Hist.
1211 3115 1360 3191 Eccl.
1399 3116 1660 3189 Tripart.,
1683 3118 1779 3173 lib.
1805 3134 1866 3186 ll,
1891 3133 2012 3188 cap.
2044 3115 2150 3186 ιι),

568 3206 865 3277 protulisti,
896 3207 1043 3279 quod
1091 3208 1384 3279 quemdam
1415 3209 1798 3280 Paphnucium
1835 3216 2071 3265 testatur
2096 3207 2152 3262 in

566 3296 758 3352 eodem
805 3297 1039 3354 concilio
1067 3299 1400 3367 surrexisse,
1433 3309 1488 3356 et
1514 3315 1544 3355 a
1573 3309 1687 3356 tota
1725 3300 1934 3373 synodo
1971 3314 2153 3356 sacer-

569 3386 791 3445 dotibus
821 3397 882 3444 ut
917 3389 1221 3445 dormirent
1260 3406 1388 3446 cum
1435 3391 1700 3448 uxoribus
1736 3393 1853 3449 suis
1874 3392 2152 3449 licentiam

573 3477 919 3547 impetrasse.
941 3478 1170 3550 Insuper
1203 3481 1368 3536 etiam
1399 3481 1552 3537 idem”
1575 3481 1754 3553 ipsum
1783 3482 2034 3554 capitulis
2059 3480 2153 3537 Ni.

571 3569 704 3622 caeni
731 3569 946 3624 concilii
973 3571 1158 3628 minus
1179 3573 1520 3628 considerate
1541 3574 1934 3629 annumerasti.

643 3648 799 3712 Unde
825 3671 935 3713 non
964 3671 1158 3730 parum
1189 3657 1349 3715 doleo
1388 3661 1456 3716 de
1485 3669 1537 3717 te
1563 3669 1729 3718 tanta:
1780 3662 1982 3719 indolis
2006 3662 2149 3730 viro,

549 3743 632 3799 ’in
682 3747 856 3802 sacris
904 3747 1101 3804 litteris
1135 3757 1247 3805 tam
1298 3751 1534 3820 erudito,
1585 3753 1732 3824 quod
1768 3753 1874 3809 hoc
1907 3755 2152 3826 unquam

551 3833 1031 3892 excellentissimo
1064 3838 1319 3907 concilio,
1341 3839 1498 3910 juxta
1528 3849 1777 3896 sanctum
1808 3841 2151 3914 Gregorium,

573 3937 728 3994 atque
755 3933 816 3980 ut
866 3922 1218 3998 Ev'angelium
1248 3931 1578 3999 venerando,
1603 3932 1884 4004 assignare
1908 3948 2019 3990 non
2047 3933 2152 3989 du-

571 4014 781 4084 bitasti,
827 4018 974 4089 quod
1005 4035 1109 4075 nec
1134 4020 1407 4090 ultimum,
1438 4022 1551 4079 imo
1589 4023 1801 4079 nullum
1825 4027 1968 4080 inter
1988 4039 2157 4081 cano-

551 4104 702 4161 'nica
732 4103 968 4177 capitula
997 4108 1162 4164 habet
1184 4110 1387 4178 locum,
1405 4111 1656 4168 videlicet
1679 4114 1826 4184 quod
1843 4103 2157 4184 apostolicae

553 4200 632 4252 "et
662 4197 987 4268 evangelicae
1014 4199 1335 4256 adversatur
1361 4202 1643 4259 doctrinae.
1688 4199 1827 4258 Nam
1861 4204 1979 4274 ipse
2005 4204 2157 4275 prin-

575 4299 705 4358 ceps
723 4289 1102 4357 apostolorum
1122 4289 1176 4344 in
1205 4287 1448 4360 Epistola
1464 4307 1563 4348 sua
1591 4291 1647 4366 (1
1675 4291 1824 4348 Petr.
1854 4294 1960 4366 ιιι),
1992 4295 2156 4350 etiam

574 4379 730 4436 laicis
753 4380 999 4450 praecipit
1047 4388 1108 4435 ut
1143 4391 1371 4452 parcant
1410 4383 1677 4440 uxoribus
1705 4384 1840 4453 suis,
1893 4396 1964 4441 ne
1986 4385 2160 4456 impe-

576 4470 798 4524 diantur
825 4470 1103 4526 orationes
1130 4486 1340 4526 earum.
1377 4470 1479 4526 Cui
1499 4481 1555 4528 et
1596 4475 1779 4545 ipsum
1809 4490 1906 4531 vas
1933 4475 2157 4531 electio-

580 4561 671 4616 nis
694 4559 899 4616 Paulus
927 4561 1226 4617 concordat
1258 4561 1447 4618 di'cens
1472 4581 1485 4616 :
1513 4563 1783 4619 Abstinete
1820 4580 1907 4619 vos
1928 4565 1999 4618 ad
2029 4573 2160 4619 tem—

576 4667 695 4722 pus,
723 4660 782 4705 ut
808 4652 1016 4707 vacetis
1053 4651 1288 4706 orationi
1326 4650 1381 4719 (1
1414 4651 1538 4708 Cor.
1572 4657 1691 4713 vni.
1726 4654 1785 4711 Si
1829 4657 1995 4728 igitur
2035 4657 2161 4713 laici

577 4741 664 4795 die
690 4757 800 4811 quo
819 4743 1010 4798 volunt
1023 4757 1183 4799 orare
1205 4743 1554 4815 prohibentur
1584 4748 1655 4801 ab
1683 4740 1846 4817 opere
1872 4749 2165 4820 conjugali,

582 4829 792 4900 liquido
825 4833 1181 4904 consequitur
1203 4843 1262 4890 ut
1291 4835 1622 4902 sacerdotes,
1657 4837 1858 4907 quibus
1890 4839 2167 4908 quotidia-

584 4936 718 4976 num
743 4931 828 4978 est
846 4922 1083 4979 ollicium
1106 4927 1320 4988 orandi.
1347 4928 1431 4982 vel
1471 4927 1840 4995 sacrificandi,
1865 4931 1949 4984 vel
1987 4931 2165 5000 bapti—

586 5013 767 5078 zandi,
808 5027 1086 5083 nunquam
1113 5031 1143 5070 a
1174 5017 1263 5072 die
1309 5018 1671 5074 ordinationis
1705 5035 1819 5074 sua:
1840 5020 2167 5092 coniugibus

586 5104 705 5161 suis
731 5103 965 5156 debeant
987 5108 1350 5164 commisceri.

661 5192 814 5247 lianc
840 5198 1020 5246 autem
1063 5196 1451 5255 continentiam
1480 5199 1550 5255 ab
1582 5200 1716 5271 ipsis
1745 5201 2027 5271 apostolis,
2073 5214 2166 5255 sa-

589 5280 907 5339 cerdotibus
947 5285 1003 5332 et
1029 5279 1208 5337 levitis
1237 5299 1358 5342 esse
1400 5287 1660 5344 indictam
1709 5297 1943 5344 testatur
1994 5289 2166 5344 Aure—

543 2035 546 2040 '
631 2014 866 2079 Domino
885 2034 952 2080 ac
975 2022 1292 2079 venerando
1325 2021 1595 2079 sacerdoti
1616 2021 1876 2090 ALBOINO,
1912 2019 2140 2077 scientia

2252 1998 2349 2105 rali
2383 2017 2560 2108 ccam
2590 1998 2834 2108 Patrum,
2865 2008 2954 2067 cui
2975 2005 3224 2083 egregius
3267 2007 3464 2065 doctor
3489 2005 3822 2082 Augustinus

539 2120 619 2192 et
641 2113 888 2170 moribus
915 2114 1201 2171 adornata.
1229 2111 1774 2168 Bcnnsnnus‘bonum
1804 2111 2141 2178 indeliciens,

2245 2091 2513 2161 interfuit,
2561 2111 2688 2152 vere
2717 2095 2891 2169 ipsius
2941 2116 3113 2157 sacrae
3156 2099 3455 2170 Scriptura:
3501 2101 3816 2156 armarium.

2245 2177 2519 2238 Deliberat
2565 2184 2710 2240 enim
2767 2187 3058 2258 praedictus
3120 2187 3570 2258 archiepiscopus
3619 2190 3692 2243 ita
3737 2189 3817 2244 di—

2247 2287 2376 2328 cens
2411 2273 2560 2346 (975)
2592 2294 2604 2329 :
2638 2272 2826 2332 Placet
2853 2287 2911 2333 ut
2953 2279 3249 2334 sacerdotes
3303 2287 3355 2332 et
3389 2276 3588 2346 levita,
3634 2279 3712 2334 vel
3736 2279 3819 2351 qui

2247 2367 2598 2420 sacramentis
2631 2369 2824 2423 divinis
2877 2369 3190 2437 inserviunt,
3240 2369 3571 2425 continentes
3623 2371 3728 2425 sint
3767 2370 3821 2426 il

2230 2462 2512 2525 omnibus,
2542 2474 2644 2529 quo
2688 2463 2891 2532 possint
2929 2462 3246 2534 simpliciter
3270 2462 3412 2533 quod
3437 2479 3471 2515 a
3514 2461 3624 2516 Deo
3644 2472 3817 2534 posts-

2250 2547 2363 2601 lant
2401 2545 2704 2619 impetrare,
2753 2541 2994 2624 utquod
3028 2553 3252 2624 apostoli
3297 2552 3595 2606 docuerunt
3641 2561 3690 2606 et
3715 2553 3819 2623 ipsa

2251 2640 2475 2694 servavit
2523 2640 2818 2712 antiquitas
2866 2657 2960 2696 nos
3005 2658 3207 2713 quoque
3255 2641 3645 2696 custodiamus.
3675 2639 3819 2709 Quod

2235 2731 2612 2787 constitutum
2647 2747 2678 2788 a
2707 2734 2901 2805 legatis
2925 2734 3238 2806 apostolica:
3268 2733 3415 2790 sedis
3445 2731 3707 2789 Faustino
3735 2748 3819 2788 ve-

2252 2821 2484 2879 nerabili
2512 2824 2792 2896 episcopo,
2839 2835 2894 2881 et
2933 2826 3003 2880 ab
3036 2825 3291 2881 omnibus
3331 2825 3608 2897 episcopis
3638 2826 3819 2881 unanic

2253 2914 2416 2970 miter
2454 2930 2579 2970 cum
2603 2915 3096 2988 subscriptionibus
3137 2925 3222 2972 est
3248 2915 3656 2972 conﬁrmatum.
3702 2913 3820 2971 Item

2235 3004 2374 3076 'ipsa
2417 3002 2632 3060 Veritas
2661 3005 2913 3061 afﬁrmat
2946 3006 3000 3061 in
3038 3005 3352 3078 Evangelio,
3383 3006 3578 3062 dicens
3619 3024 3636 3060 ι
3668 3009 3821 3062 Am

2240 3095 2376 3148 dico
2404 3094 2566 3161 vobis,
2596 3095 2700 3148 nisi
2731 3095 3076 3150 abundaverit
3092 3097 3312 3165 Justitia
3335 3104 3510 3150 vestra
3532 3095 3653 3166 plus
3680 3110 3823 3168 qua:

2249 3181 2567 3241 Scribarum
2588 3197 2638 3241 et
2667 3185 3088 3254 Pharisaeorum,
3128 3201 3230 3241 non
3253 3187 3531 3242 intrabitis
3548 3189 3608 3241 in
3629 3203 3822 3257 regnat

2256 3276 2506 3332 caelorum
2538 3275 2755 3350 (Matth.
2791 3277 2868 3348 ν).
2904 3276 3121 3334 Iustitia
3153 3285 3332 3333 autem
3358 3286 3609 3333 veterum
3637 3286 3826 3334 eratut

2253 3369 2566 3426 sacerdotes
2605 3383 2751 3424 anno
2776 3369 2914 3425 vicis
2959 3384 3094 3436 suae,
3120 3368 3251 3424 dum
3276 3366 3525 3425 nondum
3553 3379 3704 3434 vera,
3738 3365 3818 3421 sed

2253 3459 2560 3515 umbratica
2584 3466 2797 3515 tantum
2823 3458 3094 3515 saerilicia
3129 3458 3492 3525 celebrarent,
3523 3472 3635 3512 non
3659 3456 3822 3512 solum

2253 3552 2322 3608 ad
2341 3566 2574 3619 uxores,
2599 3549 2696 3607 sed
2719 3560 2774 3606 et
2797 3549 2870 3606 ad
2905 3551 3102 3606 domos
3144 3565 3273 3605 suas
3296 3548 3486 3603 venire
3514 3547 3732 3618 penitus
3748 3545 3823 3598 vi-

2252 3648 2453 3697 tarent.
2485 3638 2643 3696 Hanc
2665 3639 3103 3712 igitur-veterum
3128 3638 3397 3709 justitiam
3429 3637 3744 3708 quicunque
3767 3648 3828 3690 ex

2254 3734 2537 3791 modernis
2559 3731 2936 3788 sacerdotibus
2970 3745 3080 3787 non
3113 3731 3238 3787 dico
3267 3744 3553 3800 superare,
3584 3727 3683 3785 sed
3726 3726 3827 3784 salo

2238 3831 2364 3881 ‘tem
2399 3823 2604 3879 imitari
2643 3822 2945 3891 contendit,
2974 3837 3255 3893 nunquam
3290 3829 3416 3892 post
3436 3820 3825 3877 ordinationem

2253 3932 2411 3974 suam
2437 3916 2506 3973 ad
2534 3914 2821 3992 coniugale
2845 3929 2984 3986 opus
3004 3913 3222 3982 redibit,
3249 3927 3375 3969 cum
3403 3911 3556 3968 nulla
3577 3912 3696 3968 dies
3713 3925 3829 3983 pra-

2253 4016 2426 4066 tereat
2470 4024 2579 4080 qua
2635 4005 2957 4063 sacerdotali
3011 4004 3188 4061 ollicio
3233 4019 3429 4060 vacare
3475 4019 3590 4058 non
3627 4002 3825 4059 debeat.

2239 4112 2244 4118 '
2327 4100 2576 4171 Amplius
2602 4107 2788 4155 saneta
2818 4105 2873 4153 et
2884 4095 3192 4153 veneranda
3211 4093 3460 4168 synodus
3478 4091 3723 4161 Nicena,
3749 4092 3828 4148 cui

2257 4191 2576 4264 pmdictum
2607 4189 2904 4261 capitulum
2935 4186 3248 4259 assignasti,
3269 4185 3326 4240 in
3351 4185 3516 4240 tertio
3545 4183 3725 4255 capite
3751 4197 3830 4254 pe-

2260 4282 2408 4337 nitus
2438 4276 2692 4351 prohibet
2737 4277 2954 4334 clericis
2982 4277 3159 4355 etiam‘
3185 4275 3653 4332 cobabitationem
3683 4272 3828 4329 femi-

2258 4385 2475 4438 narum,
2502 4369 2609 4426 nisi
2637 4367 3106 4440 consanguinitate
3133 4366 3530 4438 proxtmarum.
3572 4363 3708 4418 Illud
3745 4377 3831 4417 an-

2259 4470 2368 4517 tem
2388 4471 2544 4518 tuum
2566 4475 2668 4517 nec
2701 4459 2951 4531 prohibet
2979 4457 3369 4515 concubitum:
3383 4453 3716 4525 Quicunque
3741 4453 3830 4524 igi-

2244 4559 2353 4609 ‘tur
2376 4563 2472 4609 tuo
2513 4552 2755 4624 capitulo
2787 4550 3080 4617 consentit,
3116 4564 3146 4604 a
3177 4547 3436 4620 praedicto
3470 4545 3708 4600 concilio
3733 4545 3831 4599 dis-

2270 4643 2452 4700 sentit.
2481 4641 2638 4698 Unde
2670 4649 2725 4697 et
2770 4641 3064 4696 damnatus
3109 4646 3194 4694 est
3243 4635 3596 4692 anathemate
3626 4649 3735 4708 quo
3778 4631 3828 4690 S.

2269 4734 2565 4807 Gregorius
2599 4732 2655 4787 in
2679 4731 2940 4804 synodica
2983 4745 3084 4786 sua
3113 4741 3307 4784 omnes
3333 4741 3365 4782 a
3388 4724 3613 4781 Nicena
3645 4724 3831 4800 synodo

2269 4825 2655 4883 dissentientes
2683 4823 2986 4879 damnavit.

2338 4917 2397 4972 Si
2422 4923 2605 4972 autem
2643 4913 2879 4971 fortasse
2923 4927 3090 4983 negas
3133 4909 3381 4965 eamdem
3429 4907 3700 4979 synodum
3722 4918 3830 4976 pm-

2270 5008 2516 5065 hibuisse
2563 5007 2779 5064 doricis
2808 5004 3056 5061 habitare
3087 5017 3214 5057 cum
3263 4999 3508 5064 feminis,
3543 5000 3760 5069 antiqua
3781 5005 3826 5050 et

2259 5097 2580 5156 authentico
2609 5103 2956 5168 perscrutare
2974 5090 3328 5162 exemplaria,
3351 5104 3478 5160 qua
3499 5088 3699 5144 ibidem
3721 5099 3827 5140 con-

2275 5193 2461 5250 cilium
2505 5191 2562 5248 in
2611 5188 2684 5245 20
2722 5202 2843 5260 cap.
2880 5201 3004 5242 cum
3050 5199 3281 5240 cccxvm
3326 5180 3557 5235 Patrum
3606 5177 3823 5234 subsen-

2275 5287 2460 5356 ptione
2500 5281 2784 5340 continent
2808 5278 3150 5342 roboratam,
3193 5273 3336 5345 quod
3383 5272 3554 5328 etiam
3581 5272 3636 5326 in
3661 5269 3822 5325 eodem
