3984 5380
168 290 314 347 1081

1052 291 1336 371 APPEND.
1378 293 1467 351 ill.
1508 325 1580 345 ν-
1617 294 2059 358 ηοιςωιεκτλ
2093 299 2560 379 αιωοοωωλ.

3306 304 3451 363 ιως

171 406 327 472 rillo,
356 403 676 495 Alexandro
698 403 1134 481 [Alexandrino],
1159 418 1215 465 et
1252 410 1431 467 Attico
1448 410 1764 470 Constanti—
1791 420 1839 479 Α
1864 426 2049 490 caput,
2097 421 2380 495 continere
2406 420 2647 477 nollent?
2668 460 2669 463 η
2691 434 2805 493 non
2849 419 3079 492 utique._
3101 416 3266 477 Novit
3300 419 3449 489 enim

172 494 501 566 tropolitano
514 495 581 551 ad
607 496 928 566 praedictum
954 498 1244 567 praesulem
1264 500 1569 569 Aurelium,
1596 514 1652 559 et
1678 519 1765 559 re-

98 600 121 619 ο
175 587 366 658 liquos
393 586 593 644 Africae
616 588 905 660 episcopos
947 589 1145 660 legitur
1187 606 1309 647 esse
1350 595 1758 651 transmissum.

175 676 307 749 Ipsa
329 678 497 735 etiam
535 677 830 750 Tripartita
869 680 1119 749 historia,
1142 698 1309 753 quam
1337 684 1571 742 nimium
1600 702 1765 743 vene-

178 772 296 827 rari
320 771 631 840 videris,20
658 773 895 844 capitula
921 773 978 829 in
1013 775 1272 845 pradicta
1301 778 1511 849 synodo
1529 787 1775 849 testatur

177 878 309 919 esse
353 866 671 921 constituta.
707 866 765 922 ln
800 868 918 935 bis,
968 868 1225 939 inquam,
1254 871 1689 941 exemplaribus,
1717 872 1765 927 si

180 954 365 1028 legere
414 956 675 1030 digneris,
731 961 1053 1031 praedictum
1090 961 1338 1021 invenies
1373 964 1667 1027 concilium
1709 964 1777 1030 in,

179 1047 219 1101 ὃ
241 1049 423 1119 capite
452 1051 668 1107 clericis
696 1068 804 1109 non
831 1054 994 1111 modo
1024 1054 1250 1123 coitum,
1280 1056 1373 1112 sed
1399 1068 1454 1113 et
1483 1057 1777 1113 cohabita-

95 1140 117 1152 '
180 1139 391 1195 tionem
415 1156 514 1213 per
542 1144 725 1199 omnia
756 1144 1079 1203 interdicere
1097 1162 1225 1203 eum
1252 1147 1490 1206 feminis.
1774 1200 1779 1207 .

251 1230 520 1291 Praeterea
553 1233 785 1294 Siricius
812 1253 952 1309 papa
974 1238 1032 1294 in
1060 1239 1295 1297 decretis
1320 1241 1437 1303 suis
1465 1241 1631 1313 (deer.
1659 1240 1695 1297 3
1714 1250 1771 1298 et

182 1324 220 1378 4
243 1324 301 1379 in
328 1327 565 1384 concilio
587 1326 937 1401 Arelatensi),
972 1330 1033 1385 Β.
1060 1329 1425 1405 Hieronymus
1454 1332 1767 1404 incpistola

182 1428 285 1471 sua
310 1416 378 1472 ad
413 1415 727 1486 Oceanum;
753 1428 810 1476 et
830 1421 884 1475 in
910 1422 1280 1480 ecclesiastica
1302 1422 1571 1480 Eusebius
1586 1422 1775 1503 Histo:

182 1507 267 1561 ria
284 1507 705 1578 (976);sanctus
730 1512 895 1567 etiam
918 1511 1215 1583 Gregorius
1242 1513 1470 1583 (lib.vu,
1495 1514 1651 1585 epist.
1675 1514 1767 1584 59)

183 1596 436 1655 Romano
453 1601 726 1659 defensori
758 1604 1028 1675 scribens,
1060 1616 1115 1663 et
1139 1607 1232 1661 alii
1258 1608 1612 1679 quamplures
1629 1622 1771 1677 prte—

180 1688 391 1744 dictum
426 1692 721 1761 capitulum
764 1695 821 1749 in
868 1693 1086 1753 Nicaea
1121 1696 1330 1769 synodo
1372 1698 1608 1767 probant
1640 1712 1767 1753 esse

182 1788 474 1836 statutum.
526 1781 670 1855 Ergo
703 1784 834 1840 illud
870 1794 1023 1841 tuum
1046 1828 1063 1853 ,
1109 1802 1237 1843 cum
1281 1787 1372 1849 isti
1419 1788 1657 1843 maxime
1695 1787 1769 1843 sit
1800 1782 1843 1838 Β

181 1872 545 1940 contrarium,
613 1875 901 1937 anathema
962 1878 1273 1936 nullatenus
1339 1879 1530 1935 evadet
1562 1878 1768 1950 Grego-

180 1961 421 2019 ria'ium.
484 1963 604 2036 Ipse
654 1968 804 2024 enim
847 1970 1040 2027 doctor
1092 1971 1429 2042 apostolicus
1492 1970 1611 2042 (lib.
1645 1986 1771 2037 vn,

178 2051 337 2119 epist.
368 2052 492 2125 lli)
521 2056 703 2111 omnia
745 2059 1048 2115 canonibus
1086 2060 1312 2115 adversa
1345 2060 1401 2115 in
1431 2060 1642 2132 synodo
1667 2076 1764 2131 ge-

180 2146 355 2202 nerali
398 2147 502 2203 sub
545 2150 888 2208 anathemate
922 2150 1051 2208 fecit
1091 2152 1360 2219 damnari,
1390 2152 1464 2208 ita
1516 2152 1764 2209 scribens

182 2234 418 2309 Syagrio
463 2238 947 2311 Augustodunensi
974 2244 1232 2315 episcopo
1264 2263 1277 2299 :
1321 2243 1538 2311 Omnia,
1568 2244 1771 2314 inquit,

178 2343 301 2398 gnte
343 2332 545 2385 sanctis
584 2333 898 2402 renonibus,
928 2335 1070 2390 sicut
1094 2335 1466 2406 praediximus,
1494 2344 1618 2389 sunt
1666 2335 1772 2401 adi

180 2434 357 2487 tersa,
395 2422 640 2478 districts
659 2425 755 2479 sub
775 2427 1130 2482 anathematis
1169 2428 1570 2499 interpositione
1616 2426 1770 2480 dam-

180 2520 407 2577 nentur;
428 2513 487 2567 id
514 2523 591 2568 est
615 2523 671 2568 ut
696 2516 875 2571 nullus
895 2534 990 2587 pro
1012 2518 1370 2590 adipiscendis
1397 2518 1769 2594 ecclesiasticis.

180 2601 459 2658 Ordinibus
487 2604 619 2660 dare
648 2606 867 2679 aliquod
888 2610 1218 2665 commodum
1232 2619 1544 2681 presumat,
1573 2608 1771 2680 νειμ-ρ

180 2694 330 2747 datis
360 2696 635 2765 accipere;
672 2715 834 2769 neque
875 2715 945 2753 ea:
989 2698 1130 2754 laico
1159 2700 1346 2755 habitu
1380 2701 1660 2772 quisquam
1684 2716 1769 2753 re-

180 2795 333 2855 pente
370 2788 591 2841 accedat
636 2788 706 2842 ad
753 2789 929 2844 locum
976 2793 1121 2845 sacri
1173 2792 1443 2863 regiminis
1480 2791 1767 2861 peruenire.

180 2873 370 2947 Neque
402 2878 616 2933 utalia:
663 2880 907 2936 mulieres
942 2899 1059 2936 cum
1099 2883 1461 2939 sacerdotibus
1510 2882 1769 2949 habitent,

182 2967 291 3021 nisi
312 2966 396 3021 lue
418 2984 540 3038 qua:
563 2971 730 3041 sacris
757 2972 1045 3026 canonibus
1074 2981 1198 3026 sunt
1218 2973 1512 3043 permissae.

257 3079 363 3136 Sed
383 3078 617 3137 forsitan
645 3083 850 3139 asseris
872 3083 940 3138 ad
962 3092 1111 3138 tuam
1136 3092 1347 3154 partem
1375 3081 1769 3140 defendendam

1862 511 2008 580 quod
2032 528 2133 567 nec
2167 513 2323 571 laicis
2342 514 2589 589 quidem,
2628 513 2736 569 nisi
2770 523 2894 583 post
2924 513 3236 579 triduanam
3260 510 3457 587 conti:

1863 603 2107 661 nentiam
2128 604 2309 662 divina
2332 606 2707 663 concedantur
2731 612 3237 675 sacramenta,cum
3259 601 3454 679 αἱμα

1864 693 2055 764 David,
2082 714 2247 772 quem
2279 699 2555 771 Dominus
2578 700 2882 770 secundum
2927 714 3023 775 cor
3065 712 3228 752 suum
3265 697 3455 769 elegi‘»

1863 804 2035 861 panes
2079 793 2477 863 propositionis
2535 810 2647 850 non
2694 792 3023 865 accepisset,
3051 790 3370 862 priusquam
3416 804 3455 857 a_

1864 883 2146 951 sacerdote
2168 895 2629 957 percunctatusse
2650 886 2834 953 triduo
2856 883 3196 956 continuisse
3222 896 3453 951 respon-

1864 973 2240 1049 disset(Lesit.
2256 978 2320 1033 at
2330 980 2350 1048 )
2371 966 2659 1046 Quomodo
2668 979 2834 1051 igitur
2847 976 3312 1043 insonti-exitibus
3332 975 3452 1041 diae

1865 1069 2098 1126 conibus
2130 1070 2496 1127 ministerium
2536 1088 2701 1128 suum
2725 1085 2982 1137 exercere
3019 1068 3455 1139 permitteretur,

1866 1162 1984 1233 qui,
2006 1162 2164 1234 juxta
2186 1163 2402 1220 decreta
2427 1172 2748 1223 sanctorum
2766 1162 3162 1228 -Patrum,cum
3192 1159 3326 1231 ipsis
3362 1174 3453 1213 sa-

1866 1254 2181 1313 cerdotibus
2203 1256 2272 1311 ad
2300 1256 2484 1319 divina
2512 1265 2856 1313 sacramenta
2883 1253 3242 1318 conficienda,
3269 1250 3457 1321 perci-

1866 1345 2087 1416 pienda,
2123 1348 2208 1405 vel
2242 1349 2435 1405 saltem
2469 1349 2797 1415 tractanda,
2858 1362 2968 1403 non
3001 1344 3313 1401 intermisse
3356 1340 3453 1403 sed

1866 1438 2114 1509 quotidie
2133 1440 2335 1497 debent
2361 1440 2537 1512 parati
2566 1456 2691 1497 esse
2706 1440 2731 1494 ἳ
3448 1478 3455 1485 .

1937 1528 2206 1587 Pmterea
2227 1532 2357 1588 item
2379 1532 2713 1603 apostolicus
2751 1531 2875 1603 (lib.
2896 1547 2983 1597 Ill,
3014 1530 3168 1600 epist.
3194 1527 3285 1598 δι)
3316 1526 3455 1583 εστὶ-γ

1867 1620 2003 1678 bens
2016 1622 2096 1679 ad
2120 1621 2356 1681 Leonem
2386 1625 2708 1695 episcopum
2739 1622 3121 1679 Catinensium
3150 1618 3455 1699 [Catanen-

1870 1711 2061 1785 siuml,
2094 1714 2199 1771 hoc
2226 1716 2390 1771 etiam
2427 1716 2857 1773 subdiaconibus
2882 1730 3008 1771 esse
3034 1712 3395 1769 constitutum
3420 1723 3455 1767 ι

1868 1802 2270 1872 praedecessore
2292 1818 2395 1860 suo
2426 1813 2677 1871 testatur,
2711 1812 2773 1860 ut
2792 1804 2979 1875 quieo
3002 1810 3244 1870 tempore
3268 1804 3459 1853 essent

1869 1891 2168 1964 COnjugati,
2200 1909 2373 1949 unum
2400 1895 2469 1950 de
2498 1895 2715 1963 duobus
2757 1894 3041 1965 eligerent,
3067 1890 3120 1945 id
3145 1897 3233 1953 est
3279 1895 3375 1942 aut
3397 1900 3457 1943 se

1868 1980 1938 2038 ab
1963 1981 2234 2037 uxoribus
2258 1982 2616 2049 abstinerent,
2653 1992 2749 2038 aut
2772 1990 2921 2038 certe
2953 1980 3263 2035 nullatenus
3292 1974 3460 2041 minie

1869 2080 2046 2127 strare
2087 2083 2499 2143 praesumerent.
2538 2073 2835 2146 Diligenter
2878 2072 3043 2128 etiam
3101 2068 3353 2138 attendas
3393 2064 3453 2133 S.

1869 2163 2194 2235 Gregorium
2235 2166 2304 2221 ad
2333 2174 2548 2237 tempus
2575 2174 2787 2239 tantum
2824 2180 2855 2219 a
2890 2160 3225 2234 pdiaeonibus
3255 2157 3457 2221 Sicilire

1870 2243 2263 2310 continentiam
2293 2270 2403 2311 non
2432 2257 2701 2327 exegisse.
2733 2254 2869 2309 Nam
2896 2255 2951 2308 in
2975 2253 3163 2309 eadem
3198 2252 3313 2321 ipsa
3340 2248 3456 2319 epi-

1869 2344 2008 2400 stola
2038 2343 2357 2399 deliberavit
2378 2352 2439 2399 ut
2459 2345 2642 2400 nullus
2663 2345 3046 2415 episcoporum
3074 2342 3333 2409 deinceps
3354 2338 3457 2392 ali-

1869 2448 2034 2508 quem
2069 2426 2191 2491 diae
2206 2451 2353 2491 mem
2386 2426 2642 2490 ordinare
2691 2430 3070 2505 praesumeret,
3120 2430 3225 2486 nisi
3273 2429 3367 2499 qui
3396 2442 3457 2483 se

1870 2535 2019 2581 caste
2039 2527 2310 2581 victurum
2350 2527 2715 2596 promisisset,
2752 2542 2853 2581 nec
2879 2524 3262 2595 praedictorum
3292 2522 3456 2576 etiam

1870 2618 2231 2673 diaconorum
2273 2617 2473 2687 aliquis
2494 2619 2565 2679 ad
2591 2633 2811 2672 sacrum
2839 2616 3085 2671 ordinem
3128 2612 3455 2683 perveniret,

1870 2710 1965 2780 qui
2004 2725 2063 2765 se
2091 2718 2214 2779 post
2245 2709 2668 2779 prohibitionem
2719 2716 2852 2763 tunc
2878 2714 3004 2761 ante
3038 2703 3335 2759 triennium
3371 2701 3456 2758 fa4

1872 2811 2014 2856 ctam
2045 2801 2115 2854 ab
2146 2816 2317 2854 uxore
2346 2815 2456 2855 non
2493 2797 2875 2855 continuisset.
3199 2797 3201 2799 ’

1942 2889 2287 2962 Quapropter
2318 2886 2674 2945 manifestum
2708 2898 2792 2945 est
2816 2887 3070 2943 eumdem
3096 2880 3458 2955 apestolicum

1871 2983 2130 3056 diacones
2181 2980 2597 3055 [subdiaconos]
2652 2990 2865 3037 tantum
2916 2979 3063 3033 illius
3120 2976 3383 3046 temporis
3407 2981 3464 3030 et

1872 3075 1979 3132 loci
2004 3076 2073 3131 ad
2107 3075 2499 3131 continentiam
2542 3090 2652 3131 non
2685 3066 3048 3143 compulisse;
3083 3085 3249 3140 quam
3281 3078 3461 3123 tamen

180 3169 467 3228 magnum
495 3174 807 3241 concilium,
830 3175 986 3245 juxta
1008 3143 1367 3231 assa-tionem
1397 3175 1582 3246 magni
1604 3174 1773 3231 Atha-
1799 3143 1841 3201 C
1875 3169 2152 3239 deinceps,
2183 3168 2253 3223 ab
2273 3168 2529 3223 omnibus
2554 3167 2647 3238 qui
2670 3166 2930 3223 diacones
2966 3163 3169 3218 vellent
3194 3160 3334 3227 ﬁeri,
3362 3173 3466 3244 per

184 3262 329 3321 nasii
377 3268 627 3336 praesulis
653 3267 1081 3326 Alexandriniet
1114 3265 1283 3322 Marci
1305 3281 1479 3337 papas,
1520 3265 1687 3327 etiam
1716 3266 1777 3321 in

187 3357 258 3411 70
281 3359 537 3429 capitulis
564 3369 839 3415 constare.
885 3358 963 3413 Ex
994 3359 1219 3430 quibus,
1248 3361 1532 3430 quod‘nos
1561 3367 1776 3419 tantum

183 3446 260 3504 20
291 3451 347 3504 in
380 3465 486 3506 usu
526 3451 815 3517 habemus,
858 3450 991 3505 illud
1024 3454 1179 3506 tuum“
1227 3451 1461 3521 reliquis
1508 3451 1653 3522 ει)υὰ
1678 3464 1778 3509 vos

189 3541 409 3597 usitatis
437 3558 801 3597 annumerare
824 3542 1063 3609 conaris,
1088 3543 1185 3598 sed
1205 3542 1558 3615 frustra.Ego
1580 3553 1779 3616 nempe

187 3632 551 3688 assertionem
583 3632 684 3688 SS.
723 3632 948 3688 Patrum
982 3633 1050 3689 de
1100 3633 1168 3688 70
1212 3634 1473 3705 capitulis
1518 3650 1623 3691 nec
1652 3638 1778 3692 volo

186 3728 292 3779 nec
321 3737 549 3794 possum
566 3780 567 3783 η
585 3740 813 3795 negare;
842 3740 1126 3795 nunquam
1146 3733 1331 3781 tamen
1355 3725 1493 3781 adeo
1518 3741 1614 3781 ero
1643 3726 1780 3783 insid-

186 3815 370 3884 piens,
403 3813 515 3871 Deo
540 3816 855 3881 miserante,
902 3823 964 3870 ut
998 3815 1149 3886 ipsos
1178 3817 1517 3873 venerabiles
1542 3832 1777 3874 eccxvnt

182 3903 384 3961 Patres
407 3922 648 3977 unquam
671 3906 875 3977 aliquid
902 3906 1006 3961 sibi
1022 3906 1123 3962 'vel
1138 3918 1143 3921 '
1159 3908 1473 3978 apostolicae
1515 3909 1779 3965 doctrinm

184 3996 531 4051 contrarium
578 3997 828 4067 suspicer
877 3996 1249 4054 constituisse.
1278 3997 1414 4066 lmo,
1457 3998 1775 4056 omniaso-

188 4102 314 4141 rum
365 4087 450 4141 vel
496 4088 866 4157 apostolon
910 4087 1197 4144 sententiis
1253 4090 1616 4159 repugnantia
1662 4105 1774 4145 non

184 4179 386 4234 dubito
407 4179 727 4236 damnasse.
747 4178 883 4247 Quis
930 4181 1077 4236 enim
1108 4181 1230 4236 sani
1261 4180 1459 4251 capitis
1476 4180 1588 4236 duo
1610 4180 1776 4236 simul

186 4269 473 4323 observari
503 4269 879 4337 constitueret,
932 4285 1170 4341 quorum
1220 4284 1393 4326 unum
1422 4272 1771 4327 observatum

183 4358 337 4414 aliud
382 4359 661 4415 observari
708 4359 1054 4430 prohiberet?
1099 4359 1159 4415 Si
1213 4361 1381 4427 enim,
1420 4361 1579 4431 juxta
1614 4369 1771 4416 tuum

178 4460 376 4522 caput,
420 4451 731 4507 sacerdotes
774 4451 921 4507 licite
950 4452 1185 4524 singulis
1223 4454 1477 4509 noctibus
1498 4469 1625 4509 cum
1651 4455 1769 4513 suis

1874 3254 2277 3334 professionem
2300 3261 2494 3317 statuit
2522 3260 2686 3331 exigi.
2720 3257 2997 3335 Quantum
3024 3263 3205 3339 autem
3228 3254 3335 3307 hoc
3357 3260 3466 3306 tua:

1877 3356 2019 3428 parti
2050 3356 2389 3421 adversetur,
2439 3368 2657 3408 mecum
2696 3360 2788 3406 tua
2828 3348 3083 3429 cbaritas
3116 3345 3467 3402 considerare

1880 3464 1989 3506 non
2036 3455 2314 3521 gravetur.
2345 3446 2524 3501 Tuum
2579 3444 2723 3499 enim
2770 3446 2933 3513 caput
2974 3439 3252 3501 omnibus,
3298 3435 3465 3509 etiam

1878 3522 2175 3614 episcopis,
2215 3540 2486 3611 cujusque
2532 3535 2792 3607 temporis
2842 3530 3129 3601 conjugale
3169 3543 3309 3597 opus
3358 3526 3469 3603 fre-

1879 3628 2145 3704 quentare
2178 3630 2463 3702 permittit,
2491 3629 2639 3698 quod
2678 3625 2735 3680 S.
2770 3623 3066 3695 Gregorius
3107 3618 3197 3673 vix
3240 3618 3294 3671 in
3344 3615 3469 3685 qui-

1878 3723 2110 3780 busdam
2135 3723 2463 3779 diaconibus
2490 3720 2558 3775 ad
2592 3729 2810 3788 tempus
2855 3712 3124 3778 toleravit,
3151 3722 3263 3765 nec
3286 3717 3471 3762 tamen

1879 3815 1999 3871 sine
2030 3830 2224 3887 pmna;
2256 3830 2383 3869 nam
2421 3796 2572 3881 spem
2607 3806 2972 3889 promotionis
3002 3804 3224 3875 penitus
3266 3798 3470 3854 ademit

1877 3900 2106 3963 eisdem.
2140 3903 2601 3960 lueontinentiam
2651 3899 2888 3969 denique
2922 3893 3180 3953 concedis
3211 3889 3467 3967 sacerdo-

1878 3997 2046 4064 tibus,
2098 3996 2209 4050 imo
2250 3994 2547 4065 episcopis,
2578 3998 2802 4063 pr0pter
2832 4002 2997 4058 quam
3045 3978 3338 4054 praedictus
3370 3978 3470 4033 do-

1877 4097 1997 4144 ctor
2021 4103 2175 4159 spem
2199 4083 2501 4157 superioris
2530 4070 2735 4155 gradus
2777 4075 3092 4133 intercludit
3120 4069 3465 4149 diaconibus.

1876 4178 2139 4235 Videlicet
2153 4177 2418 4248 episcopi,
2446 4159 2611 4246 juxta.
2636 4182 2792 4229 tuum
2828 4179 3014 4240 caput,
3041 4180 3166 4222 cum
3204 4160 3469 4219 uxoribus

1876 4272 1997 4328 suis
2018 4271 2356 4339 darmientes
2386 4264 2855 4324 abrenuntiabunt
2877 4259 3137 4325 castitati,
3161 4270 3327 4328 quam
3351 4254 3469 4322 ipse

1876 4365 2064 4431 etiam,
2094 4364 2166 4419 ab
2188 4361 2447 4418 omnibus
2473 4359 2569 4430 qui
2599 4358 2858 4426 deinceps
2891 4353 3093 4409 vellent
3118 4348 3237 4407 ﬁeri
3284 4347 3471 4405 diaco-

1873 4472 1992 4526 nes,
2018 4471 2115 4527 per
2142 4453 2539 4527 professionem
2572 4448 2830 4521 praecepit
2854 4445 3029 4528 exigi!
3064 4442 3202 4499 Cum
3246 4442 3304 4498 in
3349 4447 3470 4495 tan-

180 4544 461 4602 uxoribus
499 4543 796 4611 dormiunt,
838 4545 1118 4615 quomodo
1138 4562 1207 4603 ne
1232 4546 1289 4602 in
1325 4561 1433 4602 una
1469 4547 1636 4603 domo
1664 4547 1768 4603 ha-
1799 4530 1845 4559 ⁸⁷
1869 4557 1989 4604 tum
2019 4563 2152 4619 ergo
2168 4545 2227 4601 S.
2246 4544 2545 4617 Gregorius
2557 4553 2653 4599 tuo
2678 4540 2997 4597 adversetur
3017 4534 3276 4606 capitulo,
3301 4530 3467 4586 etiam

186 4638 369 4693 bitent
399 4635 818 4691 observabitur?
839 4636 1091 4693 videlicet
1133 4639 1181 4694 si
1217 4638 1271 4694 in
1306 4653 1420 4695 uno
1450 4638 1591 4695 lecto
1614 4638 1769 4711 jace-

178 4731 356 4796 bunt,
375 4728 656 4799 quomodo
675 4743 776 4784 nec
796 4728 853 4783 in
874 4745 984 4785 una
1006 4729 1172 4787 domo
1200 4732 1533 4789 manebunt?

182 4855 189 4861 -
263 4822 371 4879 Sed
394 4837 497 4878 nec
544 4821 655 4877 hoc
676 4822 924 4879 transibo
946 4823 1094 4893 quod
1115 4832 1225 4880 tua:
1248 4825 1391 4895 parti
1412 4822 1649 4881 maxime
1667 4839 1774 4896 pu-

186 4923 276 4970 tas
326 4912 640 4985 sun‘ragari,
681 4913 884 4984 quippe
931 4914 1078 4984 quod
1120 4914 1319 4986 legitur
1356 4914 1415 4970 in
1456 4913 1684 4985 epistola
1713 4914 1772 4971 S.

188 5006 459 5079 Gregorii,
483 5005 630 5078 quod
656 5006 774 5076 ipse
797 5005 1053 5061 diacones
1078 5004 1227 5077 (977)
1263 5003 1462 5063 Sicilia:
1487 5004 1556 5061 ad
1592 5006 1774 5061 conti-

181 5100 432 5177 nentiam
457 5115 572 5155 non
604 5097 894 5170 coegisset,
922 5096 1071 5165 illos,
1104 5099 1352 5169 inquam,
1375 5106 1610 5166 tantum,
1634 5113 1776 5170 quos

1826 5094 1831 5099 “
1876 5110 2312 5162 canonum,non
2350 5099 2565 5149 tantum
2618 5087 2691 5144 ad
2743 5094 2960 5155 tempus
3006 5081 3102 5140 sed

1872 4641 1931 4697 in
1974 4641 2080 4697 hac
2124 4655 2295 4697 causa
2342 4636 2435 4693 ubi
2464 4652 2601 4695 anon
2654 4647 2851 4705 parum
2902 4629 3138 4700 rigorem
3190 4636 3467 4681 canonum

1873 4732 2163 4804 mitigavit,
2196 4740 2256 4788 et
2287 4729 2382 4786 ubi
2425 4727 2677 4800 quedam
2710 4732 2922 4781 tantum
2958 4735 3026 4776 eo
3055 4726 3302 4788 tempore
3327 4704 3468 4768 tole-

1874 4823 2047 4882 randa
2074 4820 2463 4887 dissimulavit,
2508 4824 2659 4890 patet
2686 4816 2853 4872 etiam
2880 4810 3067 4868 idiotis
3091 4808 3150 4864 in
3203 4812 3471 4877 quantum

1875 4920 1970 4969 tua
2006 4927 2135 4983 pars
2164 4910 2518 4982 impugnetur
2570 4906 2687 4960 imo
2720 4904 3016 4960 damnetur
3049 4913 3085 4953 a
3116 4892 3470 4968 generalibus

1876 5002 2353 5073 statutisejusdem
2372 4998 2573 5065 Patris,
2586 5010 2712 5066 quae
2730 4995 2868 5066 ipse,
2888 4992 3049 5063 juxta
3069 4987 3480 5060 districtionem'

3149 5079 3303 5135 omni
3334 5085 3485 5141 tem-1

2365 5178 2691 5202 -x--__-_:_
2736 5176 3099 5202 _-.....-.a--..:s
3174 5172 3230 5202 2.-
3281 5164 3481 5202 "nihil:
