3984 5380
513 207 652 279 i035

1449 207 1580 292 pm
1617 237 1842 294 ornas
1881 241 1938 295 s.
1979 227 2304 296 GRECORH
2343 218 2785 296 sermones.

3631 225 3774 291 ιῠει

576 335 683 392 Sed
725 337 904 394 adhuc
949 321 1197 412 forsitan,
1247 354 1308 401 ut
1355 347 1754 418 aliquantulum
1791 361 1898 408 tua:
1943 353 2082 422 parti
2115 355 2159 408 Α
2187 347 2484 407 reverentia
2514 353 2694 423 ipsum
2721 361 2876 406 tuum
2901 358 3061 420 caput
3101 349 3484 413 adimplemus.
3517 348 3641 405 Non
3673 368 3739 405 au

504 428 742 484 videar-is
779 431 1085 503 suﬁ'ragari,
1117 437 1283 492 etiam
1314 438 1369 492 in
1410 440 1576 511 hujus
1609 436 1870 515 temporis
1897 447 2082 501 diaco-

506 519 690 585 nibus,
747 530 810 577 ut
853 523 910 577 in
967 525 1261 596 praedictis,
1295 531 1746 589 incontinentiam
1798 537 2081 592 contendis

504 625 628 666 esse
657 613 1026 684 tolerandam;
1067 619 1161 674 sed
1189 618 1414 677 frustra.
1458 623 1899 695 Consequerétur
1933 627 2078 682 enim

503 711 563 756 ut
584 704 898 775 conjugium
929 707 984 762 in
1009 718 1208 778 quarta
1239 718 1591 783 generatione
1617 718 1782 772 etiam
1813 720 1976 774 modo
1999 728 2080 774 to-

501 793 795 862 leraretur;
841 799 990 868 quod
1023 801 1166 856 idem
1209 805 1404 860 doctor
1451 808 1783 877 apostolicus
1832 809 1947 881 (lib.
1980 825 2076 878 xu,

500 888 766 953 responsio
821 890 890 943 ad
931 907 990 946 vr
1018 893 1486 967 interrogationem
1533 900 1844 974 Augustini)
1891 903 2078 974 Anglis

498 976 714 1031 noviter
742 983 1024 1039 conversis
1052 985 1120 1040 ad
1150 995 1368 1058 tempus
1399 1006 1457 1045 se.
1491 995 1829 1050 concessisse
1856 997 2076 1064 proﬁte-

500 1070 613 1119 tur.
647 1065 704 1121 Si
735 1070 884 1125 enim
924 1073 1029 1129 hoc
1065 1083 1310 1147 tempore
1356 1081 1676 1137 alterutrum
1707 1085 1904 1138 horum
1931 1095 2077 1140 esset

493 1154 796 1226 tolerabile,
827 1163 1011 1231 potius
1038 1166 1143 1222 tale
1171 1169 1486 1242 conjugium
1528 1174 1692 1228 modo
1717 1183 1862 1229 esset
1909 1175 2078 1231 suile.~

495 1248 724 1304 rendam
753 1253 900 1322 quod
925 1257 1118 1312 saltem
1152 1260 1446 1332 aliquando
1473 1263 1699 1319 licenter
1729 1267 1924 1336 legitur
1944 1284 2078 1322 con-

493 1352 734 1408 cessum,
759 1360 926 1412 quam
956 1348 1347 1407 incontinentia
1377 1353 1756 1423 diaconorum,
1791 1374 1915 1428 quae
1943 1376 2075 1416 nus-

491 1443 659 1498 quam
687 1433 761 1488 ibi
801 1430 1085 1508 concessa,
1129 1444 1223 1499 sed
1251 1445 1341 1498 vis
1371 1445 1426 1500 in
1457 1449 1669 1517 paucis,
1721 1450 1788 1504 ad
1833 1459 2069 1521 tempus,

493 1533 812 1613 nontamen
857 1531 976 1587 sine
1013 1535 1379 1607 subsequente
1420 1541 1676 1608 vindicta,
1717 1551 1780 1598 ut
1826 1545 2067 1613 praedixi,

2184 449 2288 493 tem
2320 441 2534 496 mireris
2560 441 2735 510 ipsius
2764 439 3061 495 Historiam
3107 439 3164 493 in
3207 441 3484 509 aliquibus
3523 455 3654 495 esse
3691 456 3774 495 re-

2180 529 2501 598 spuendam,
2533 544 2658 583 cum
2683 527 2920 583 Historia
2943 527 3182 592 Eusebii.
3217 543 3384 598 quam
3411 529 3471 583 S.
3501 528 3773 600 Hierony-
3825 535 3838 552 ’

2179 633 2304 676 mus
2337 622 2467 690 (imo
2505 620 2776 691 Rutiinu's)
2811 620 2879 675 de
2911 618 3102 674 Graeco
3148 619 3204 672 in
3241 619 3496 674 Latinum
3535 633 3774 676 conver-

2177 712 2263 777 tit,
2293 711 2383 766 vix
2420 713 2476 766 in
2514 712 2790 782 praedictis
2829 711 3065 767 decretis
3102 710 3302 766 Gelasii
3340 728 3494 783 papae
3523 712 3774 767 obtineat

2177 817 2246 857 ne
2273 802 2503 858 omnino
2541 813 2826 868 tenuatur,
2874 802 3001 858 licet
3040 802 3276 857 multum
3320 803 3578 858 utilitatis
3609 803 3670 856 in
3710 819 3768 857 ea

2177 894 2495 962 reperiatur.
2538 894 2723 950 Sancti
2757 894 3010 952 videlicet
3039 894 3141 948 viri
3180 895 3350 950 multa
3405 895 3474 949 ad
3523 905 3768 949 nostram

2175 985 2537 1041 eruditionem
2590 986 2744 1041 utilia
2797 1001 2907 1041 non
2965 986 3146 1041 solum
3200 987 3629 1052 transtulerunt,
3678 985 3766 1040 sed

2173 1075 2341 1132 etiam
2371 1094 2441 1133 ex
2489 1093 2682 1135 eorum
2733 1079 2953 1150 propria
3003 1094 3236 1150 persona
3289 1081 3762 1150 conscripserunt,

2175 1184 2410 1239 quorum
2433 1173 2617 1241 aliqua
2650 1180 2706 1227 et
2732 1173 2837 1242 ipsi
2866 1173 3214 1241 postmodum
3253 1172 3652 1243 iudicaverunt
3683 1188 3764 1227 re-

2175 1262 2438 1329 spuenda.
2464 1261 2638 1332 Hujus
2664 1263 2742 1317 rei
2766 1263 2900 1318 satis
2921 1263 3142 1319 evidens
3167 1264 3548 1318 testimonium
3573 1262 3636 1318 S.
3663 1263 3765 1318 Au-

2174 1353 2424 1423 gustinus
2465 1355 2620 1409 amart
2646 1355 2804 1409 nobis
2845 1355 2898 1408 in
2939 1353 3081 1408 libro
3127 1353 3630 1422 Retractationum,
3675 1357 3760 1410 ubi

2171 1459 2309 1513 pene
2351 1460 2418 1499 ex
2447 1445 2676 1516 singulis
2721 1446 2876 1501 libris
2915 1460 3059 1516 quos
3105 1446 3221 1514 ipse
3264 1446 3599 1517 composuit,
3657 1463 3760 1501 non

2171 1550 2343 1605 pauca
2379 1537 2607 1606 ipsemet
2636 1538 2911 1593 renuenda
2931 1539 3168 1593 censuit.
3195 1535 3312 1592 Hoc
3352 1539 3505 1593 enim
3552 1539 3760 1593 donum

491 1611 690 1682 legitur
714 1631 836 1675 esse
875 1622 1240 1683 dissimulata.
1273 1626 1416 1701 Ergo
1452 1647 1578 1686 cum
1619 1634 1726 1688 tale
1753 1611 2067 1706 coniugium
2102 1702 2135 1706 _
2170 1627 2388 1697 υτορτὶθ
2413 1629 2750 1699 sapientibus
2789 1630 2924 1684 adeo
2965 1637 3051 1685 05l-
3089 1629 3432 1696 ειῑῑτίδυῑυιῐι,
3469 1640 3530 1684 υῑ
3575 1646 3678 1686 nec
3709 1631 3759 1683 in

490 1705 654 1760 moll!)
701 1710 1012 1770 nullatenus
1058 1716 1114 1770 in
1156 1718 1358 1790 aliquo,
1407 1725 1756 1791 quantumvis
1783 1702 1868 1780 adi
1895 1702 2070 1782 οὸηιί-
2102 1702 2144 1756 Β
2171 1718 2306 1785 suis,
2351 1718 2550 1774 nedum
2587 1719 2642 1774 in
2689 1721 2920 1776 aliorum
2965 1720 3121 1777 libris
3163 1719 3456 1776 defendere
3495 1722 3669 1775 velint
3716 1722 3758 1775 si

488 1799 730 1854 nentiam
757 1801 1002 1871 inﬁrmo.
1025 1807 1097 1862 sit
1124 1812 1489 1879 tolerandum,
1533 1816 1708 1870 multo
1748 1817 1931 1873 minus
1961 1819 2068 1876 hoc

487 1893 730 2035 tempore
751 1893 1108 1953 diaconorum
1133 1900 1528 1960 incontinentis
1553 1906 1752 1962 alicubi
1780 1918 1864 1964 est
1897 1910 2064 1967 sutl‘e-

487 1993 583 2033 ren
621 1997 674 2035 a.

486 1993 674 2037 renda.

557 2109 634 2167 Ex
675 2115 760 2171 his
792 2133 921 2190 ergo
956 2123 1258 2182 rationibus
1300 2136 1358 2182 tu
1408 2128 1522 2199 ipse
1549 2130 1773 2202 colligas
1821 2134 1952 2205 quid
1996 2136 2064 2192 de

484 2207 806 2300 sacerdotali
848 2211 1064 2286 fastigio
1113 2235 1337 2276 censere
1386 2222 1603 2278 debeas.
1653 2225 1758 2280 Sed
1805 2243 1916 2282 non
1943 2229 2061 2300 jam

483 2293 691 2352 diutius
731 2299 786 2353 in
830 2305 1181 2374 exquirendis
1222 2311 1529 2369 rationibus
1557 2314 1903 2386 demorabor,
1933 2293 2060 2375 cum

481 2388 736 2454 quaelibet
764 2408 869 2447 una
895 2398 1282 2465 przedictarum
1318 2403 1452 2459 satis
1495 2405 1864 2464 indubitanter
1904 2417 2058 2466 tuum

479 2476 724 2535 destruat
752 2486 1078 2555 capitulum;
1102 2493 1246 2562 quod
1272 2508 1382 2548 non
1411 2511 1478 2551 ex
1501 2496 1684 2567 aliquo
1710 2499 1850 2555 libro
1879 2517 1909 2556 a
1940 2518 2062 2557 san-

478 2568 581 2623 ctis
610 2569 860 2631 Patribus
890 2582 1231 2650 canonizato,
1273 2585 1368 2640 sed
1407 2602 1470 2641 ex
1515 2586 1807 2660 Tripartita
1838 2609 2057 2650 assumn

475 2667 628 2754 ptum
668 2675 751 2719 est
780 2663 1017 2725 Historia
1044 2691 1057 2739 ;
1090 2688 1211 2745 quae
1252 2679 1504 2746 quamvis
1530 2681 1689 2736 nobis
1717 2699 1826 2737 non
1862 2700 2056 2754 parum

475 2750 544 2804 ad
578 2755 829 2846 notitiam
872 2776 1058 2818 rerum
1103 2775 1380 2835 gestarum
1435 2771 1506 2826 sit
1557 2771 1723 2838 utilis,
1774 2750 2056 2846 nunquam

471 2848 656 2897 tamen
687 2844 877 2904 eiliciet
904 2859 962 2904 ut
982 2853 1186 2924 aliquid
1212 2858 1260 2911 ei
1287 2861 1504 2916 credam
1548 2864 1691 2933 quod
1714 2881 1882 2920 sacrae
1907 2844 2056 2922 Scri-

473 2937 647 3000 pturae
676 2941 1002 3011 statutisque
1046 2957 1361 3004 sanctorum
1400 2949 1643 3020 Patrum,
1677 2955 1787 3010 imo
1829 2954 2052 3027 Spiritui

473 3035 682 3094 sancto,
727 3030 926 3087 horum
984 3040 1214 3106 auctori,
1285 3041 1684 3112 deprehendam
1748 3030 2046 3106 adversari.
2079 3035 2122 3092 (ἶ

473 3113 672 3210 beatus
697 3137 892 3196 nempe
941 3126 1191 3186 Gelasius
1245 3149 1382 3204 papa
1432 3135 1600 3208 (978),
1647 3141 2050 3210 scripturarum

470 3206 754 3280 indagator
797 3217 1210 3290 solertissimus,
1241 3223 1295 3277 in
1325 3206 1566 3282 decretis?
1601 3228 1738 3298 suis,
1763 3206 1876 3286 ἰιὺὶ
1924 3249 2051 3289 cum

469 3299 855 3360 eruditissimis
905 3324 1010 3364 ιιι
1065 3313 1336 3384 episcopis
1372 3316 1714 3374 diversorum
1763 3333 2049 3379 auctorum

471 3393 581 3440 tam
612 3383 922 3450 Gmcorum
950 3413 1114 3468 quam
1149 3400 1470 3460 Latinorum
1505 3407 1674 3465 libros
1695 3413 2046 3483 examinavit,

469 3487 524 3530 et
553 3478 838 3550 diligenter
876 3488 970 3555 qui
1021 3505 1212 3546 eorum
1263 3506 1446 3551 essent
1491 3499 1787 3569 recipiendi
1831 3506 1911 3557 vel
1960 3478 2048 3560 re;

469 3571 673 3625 nuendi
718 3574 1070 3656 deliberavit,
1135 3600 1409 3656 nusquam
1459 3592 1705 3648 eamdem
1744 3592 2046 3653 Historiam

462 3657 785 3758 jamdudum
811 3683 846 3758 a
869 3669 1045 3758 tribus
1073 3671 1278 3731 Grzecis
1309 3682 1692 3750 compositam,
1717 3686 2048 3758 recipiendis

468 3749 848 3848 adnumeravit
876 3756 1192 3832 Scripturis,
1222 3768 1314 3822 sed
1341 3749 1518 3839 ipsam
1559 3771 1614 3826 in
1644 3774 1748 3830 hoc
1777 3749 1870 3831 tuo
1897 3779 2047 3848 capi-

465 3842 583 3935 tulo
621 3853 979 3920 respuendam
1007 3871 1128 3912 esse
1157 3863 1500 3927 monstravit,
1535 3865 1736 3935 quippe
1757 3842 2044 3927 venerabi-

463 3933 587 3991 liter
611 3942 956 4012 suscipiendo
987 3957 1306 4008 sanctorum
1346 3933 1571 4010 Patrum
1611 3933 1826 4014 decreta
1869 3959 2043 4016 eidem

465 4029 649 4099 capiti,
679 4042 739 4088 ut
759 4035 1020 4107 diximus,
1049 4043 1266 4110 penitus
1286 4048 1579 4103 contraria.

536 4161 811 4224 Fortassis
834 4181 1012 4227 autem
1043 4178 1323 4234 contendis
1354 4180 1622 4250 praedictae
1645 4181 1898 4242 Historiae
1923 4188 2043 4244 ideo

461 4268 560 4324 per
604 4257 789 4312 omnia
837 4261 1166 4319 credendum
1197 4283 1336 4333 esse,
1374 4271 1522 4338 quo!
1561 4271 1924 4332 Cassiodorus
1975 4293 2041 4333 ex

2169 1809 2301 1880 quid
2325 1811 2384 1864 in
2411 1812 2494 1866 eis
2515 1811 2799 1867 catholicae
2822 1811 3038 1867 veritati
3059 1813 3398 1868 contrarium
3428 1811 3756 1868 invenerint.

2167 1897 2314 1955 Idem
2336 1901 2501 1956 etiam
2531 1902 2889 1973 Augustinus,
2919 1902 3166 1958 scribens
3193 1903 3260 1957 ad
3288 1901 3347 1957 S.
3365 1901 3758 1974 Hieronymum

2168 1990 2345 2061 (epist.
2370 1992 2448 2061 9),
2483 2008 2540 2048 se
2566 1993 2739 2063 ipsius
2772 2002 2828 2048 et
2870 1994 3240 2064 quorumlibet
3270 2004 3596 2050 sanctorum
3629 1995 3760 2049 scri-

2164 2089 2257 2152 pta
2278 2081 2352 2137 ita
2384 2084 2562 2155 legere
2592 2093 2844 2151 testatur,
2881 2095 2942 2140 ut
2967 2093 3148 2140 tamen
3187 2085 3512 2140 nullatenus
3533 2085 3758 2155 recipiat

2165 2173 2212 2229 si
2240 2175 2370 2245 quid
2401 2175 2476 2230 ibi
2505 2184 2705 2246 apertas
2736 2177 2951 2232 veritati
2980 2177 3316 2232 contrarium
3349 2176 3618 2246 reperiat.
3650 2174 3757 2230 Hac

2162 2265 2330 2336 igitur
2353 2261 2789 2323 consideratione
2817 2267 3056 2323 Historia
3082 2267 3400 2324 Cassiodori
3423 2276 3512 2324 est
3532 2267 3752 2338 legenda

2164 2357 2334 2430 (979).
2355 2375 2519 2429 quam
2547 2375 2656 2414 non
2667 2368 2881 2414 tantum
2899 2375 2966 2414 ex
2983 2375 3081 2415 sua
3106 2355 3505 2431 persona[non.
3538 2356 3640 2411 Ed.
3663 2354 3752 2428 P.)

2161 2452 2488 2521 composuit,
2517 2452 2612 2508 sed
2636 2452 2750 2523 jam
2773 2454 2979 2509 dudum
3003 2469 3033 2508 a
3051 2453 3226 2508 tribus
3249 2451 3461 2507 Graecis
3491 2466 3603 2506 non
3623 2451 3752 2506 adeo

2160 2543 2309 2597 notis
2345 2543 2705 2613 compositam
2729 2545 3020 2610 ordinavit,
3035 2551 3090 2599 et
3114 2543 3338 2599 cuilibet
3368 2544 3574 2598 horum
3590 2543 3748 2597 trium

2158 2635 2440 2703 proprium
2464 2650 2603 2704 opus
2633 2636 2951 2708 assignavit.
2981 2635 3134 2691 Unde
3165 2650 3276 2690 non
3304 2644 3419 2689 tam
3455 2634 3562 2690 sibi
3588 2649 3744 2705 quam

2159 2725 2475 2780 auctoribus
2499 2725 2746 2795 ejusdem
2775 2725 3027 2783 Historiae
3060 2736 3144 2782 est
3181 2727 3572 2796 imputandum
3610 2728 3745 2796 quod

2159 2815 2220 2868 in
2271 2829 2334 2870 ea
2387 2816 2662 2871 invenitur
2726 2818 3160 2888 reprobandum;
3226 2826 3321 2872 aut
3383 2816 3574 2872 forsan
3633 2816 3748 2886 Epi-

2158 2905 2391 2973 phanius
2421 2907 2608 2962 nescio
2649 2907 2775 2978 quis
2816 2908 3196 2975 scholasticus,
3236 2924 3364 2963 cum
3388 2907 3644 2963 eamdem
3681 2908 3746 2961 de

2159 2993 2348 3050 Graeco
2377 2996 2434 3050 in
2457 2996 2711 3052 Latinum
2746 3006 3002 3066 verteret,
3030 3013 3137 3053 non
3159 2997 3393 3053 ﬁdeliter
3423 2998 3639 3053 Latinis
3663 2998 3741 3051 lit-

2155 3084 2287 3140 teris
2327 3087 2731 3142 commendavit
2757 3089 2903 3158 quod
2934 3097 3115 3144 tamen
3145 3103 3208 3159 pr
3221 3088 3505 3143 )babiliter
3535 3088 3590 3142 in
3616 3086 3748 3142 (iras

2152 3190 2218 3231 eo
2240 3176 2505 3246 scriptum
2526 3178 2916 3252 invenit(980).
2943 3178 3138 3235 Utrum
3163 3190 3346 3237 autem
3369 3198 3438 3236 ex
3467 3183 3573 3237 hac
3595 3199 3661 3238 an
3681 3197 3743 3236 ex

2151 3267 2257 3328 alia
2285 3269 2527 3339 qualibet
2547 3285 2715 3326 causa
2743 3271 2933 3326 eadem
2959 3270 3195 3327 Historia
3220 3274 3511 3329 canonica:
3527 3275 3739 3330 veritati

2151 3371 2261 3416 non
2285 3375 2486 3429 parum
2523 3361 2838 3426 inveniatur
2871 3362 3163 3440 refragari.
3204 3372 3301 3418 tuo
3345 3364 3557 3424 iudicio
3588 3366 3738 3433 relin-

2151 3451 2427 3519 quendum
2447 3453 2682 3508 aestimo.
2924 3439 2927 3440 ν
2952 3439 2956 3441 ’

2217 3540 2358 3596 Cum
2397 3543 2572 3613 igitur
2599 3544 2922 3615 praedictum
2964 3555 3120 3602 tuum
3153 3557 3340 3617 caput,
3370 3549 3620 3604 omnium
3645 3564 3741 3603 au-

2149 3633 2403 3690 ctoritate
2431 3635 2777 3704 destitutum,
2811 3637 3046 3693 decretis
3071 3648 3389 3694 sanctorum
3434 3639 3657 3696 Patrum
3676 3649 3732 3696 et

2147 3725 2476 3797 evangelicis
2499 3735 2666 3798 atque
2693 3729 3016 3806 apostolicis
3042 3727 3364 3801 Scripturis,
3414 3733 3529 3787 imo
3573 3730 3734 3802 Spiri-

2147 3816 2224 3870 tui
2251 3826 2464 3883 sancto,
2494 3819 2655 3889 cujus
2681 3820 2948 3876 instinctu
2990 3821 3107 3876 haec
3133 3823 3321 3876 omnia
3351 3825 3551 3892 procul
3580 3824 3734 3878 dubio

2147 3917 2276 3962 sunt
2293 3908 2632 3980 deprompta,
2657 3911 2965 3968 certissime
2993 3913 3282 3983 probatum
3310 3914 3382 3970 sit
3405 3932 3728 3987 repugnare;

2146 3999 2276 4068 quid
2311 4001 2458 4056 aliud
2510 4010 2700 4069 restat,
2752 4003 2860 4059 nisi
2901 4012 2962 4058 ut
3012 4003 3353 4076 Gregoriano
3394 4009 3732 4063 anathemate

2144 4090 2375 4146 feriatur
2419 4093 2738 4165 quicunque
2767 4093 2899 4150 illud
2936 4093 3194 4165 deinceps
3229 4106 3426 4151 contra
3448 4099 3731 4152 canonicas

2147 4183 2458 4240 sanctiones
2482 4183 2776 4240 defendere
2808 4186 3070 4242 conatur?
3110 4184 3302 4242 Cesset
3332 4187 3522 4258 itaque
3547 4187 3728 4242 frater-

2144 4274 2288 4330 nitas
2312 4283 2402 4329 tua
2425 4275 2559 4330 illud
2600 4276 2830 4346 posthac
2858 4277 3248 4333 sacratissimis
3275 4276 3485 4334 Nicmni
3521 4279 3727 4336 concilii

459 4354 1058 4440 senatoremonachus,
1089 4356 1173 4413 vir
1201 4357 1256 4412 in
1278 4359 1475 4416 divinis
1493 4373 1547 4416 et
1568 4364 1822 4421 humanis
1842 4367 2039 4423 litteris
2073 4371 2115 4426 D
2141 4363 2394 4436 capitulis
2442 4382 2826 4436 annumerare,
2870 4369 2956 4424 vel
2984 4369 3149 4425 etiam
3195 4369 3433 4440 alicujus
3473 4373 3725 4426 momenti

457 4437 885 4508 eruditissimus,
933 4445 1205 4502 ordinavit
1250 4453 1517 4507 eamdem.
1578 4453 1683 4510 Sed
1734 4457 1897 4528 hujus
1936 4459 2037 4514 viri

457 4541 712 4596 persona,
743 4537 1096 4602 quantumvis
1127 4541 1453 4607 veneranda,
1483 4561 1591 4599 non
1621 4550 1818 4616 poterit
1837 4552 2035 4604 annul-

458 4620 571 4676 lare
616 4625 911 4682 canonicas
953 4625 1010 4682 S.
1060 4627 1283 4685 Patrum
1330 4632 1718 4702 institutiones.
1769 4654 1928 4710 quas,
1979 4653 2039 4698 ut

456 4713 701 4780 praedixi,
735 4715 1044 4774 nullatenus
1078 4719 1368 4777 observare
1409 4724 1674 4793 valemus,
1705 4728 1750 4784 si
1793 4746 1892 4800 pro
1916 4731 2037 4801 ejus

2141 4457 2442 4524 aestimare;
2517 4474 2605 4524 ne,
2641 4458 2687 4514 si
2727 4459 2860 4516 illud
2901 4475 3002 4531 pro
3061 4459 3378 4516 authentico
3436 4462 3720 4533 receperis.

2145 4547 2376 4619 Spiritui
2445 4559 2639 4606 sancto
2664 4592 2679 4621 ,
2739 4561 2802 4606 ut
2865 4553 3185 4623 praedictum
3228 4562 3312 4608 est
3343 4596 3359 4621 ,
3433 4569 3723 4626 repugnare

2139 4640 2436 4710 iudiceris,
2493 4642 2641 4712 quod
2695 4652 2978 4713 peccatum
3041 4660 3142 4700 nec
3206 4643 3296 4701 hic
3343 4661 3447 4701 nec
3511 4648 3564 4701 in
3636 4646 3716 4701 fu-

2147 4742 2270 4787 turo
2295 4734 2496 4789 saeculo
2537 4750 2658 4790 esse
2682 4735 3063 4792 dimittendum
3103 4746 3318 4793 constat
3350 4738 3572 4808 (Halm.
3605 4745 3714 4798 xu).

814 4877 1457 4948 CONTUMELIOSA
1497 4889 1998 4982 RESCRIPTIO
2039 4897 2200 4959 PRO
2236 4899 2694 4966 SUPEIUORI
2733 4902 3148 4966 CAPITULO
3196 4903 3382 4985 (981).

525 5037 809 5096 BERNALDO
845 5055 1032 5102 contra
1073 5049 1273 5106 librum
1302 5055 1637 5123 superiorem
1673 5057 1872 5112 molam
1907 5060 2032 5114 abs-

453 5141 562 5197 que
591 5127 849 5186 inferiore
870 5133 1132 5194 feneran-ti
1156 5141 1222 5214 [Ῑ.
1249 5145 1510 5218 versanti]
1539 5147 1827 5204 Annomus.

526 5239 944 5328 Decreto
967 5247 1037 5328 de
1078 5257 1402 5328 apocryphis
1438 5257 1775 5328 Scripturis;
1830 5264 2032 5328 episto-

452 5310 631 5354 larum
652 5311 887 5354 αἱρεῖς-ρεσεξὲ
967 5310 1128 5354 an'
1150 5310 1263 5354 mlh"
1281 5310 1417 5354 ⁸ο,....
1461 5310 1528 5354 tv
1553 5310 1678 5354 ἶζξξ
1694 5310 1737 5354 ’ἶ
1748 5310 1805 5354 1'1,-
1834 5310 2005 5354 ῘΓὟῘῘ

2204 5063 2321 5119 Non
2353 5065 2754 5121 ambidextrum
2786 5067 2901 5121 Aod
2931 5066 3084 5136 (Iud.
3133 5069 3215 5138 ιιι)
3259 5077 3374 5124 tam
3421 5069 3709 5141 improviso

2133 5157 2290 5226 quasi
2329 5157 2474 5212 inter
2509 5157 2805 5213 oscitantes
2863 5175 3023 5228 posse
3069 5159 3302 5230 opprimi
3357 5159 3552 5231 (θεν),
3576 5163 3710 5217 inter

2132 5264 2234 5332 22;
2283 5276 2336 5331 et
2368 5266 2767 5354 Sdcr‘ates,.lili.
2791 5282 3038 5354 μωρίη).
3182 5270 3292 5325 duo
3320 5287 3387 5326 ex
3430 5273 3599 5353 tribus
3639 5289 3702 5324 ex
