3984 5380
159 209 308 269 uss

1047 210 1333 271 APPEND.
1372 210 1460 272 ΙΙῘ.
1496 244 1570 257 —-
1602 210 2041 276 HDNUII‘RTA
2076 209 2539 274 GREGQRMKA.

157 323 403 381 dumosa
441 320 519 377 tui
573 335 746 379 cornu
794 323 1035 391 petentis
1085 323 1292 382 tironis.
1326 325 1564 385 divortia
1609 328 1747 387 mihi
1775 330 1818 389 Α
1844 332 2168 390 matiaantes
2216 329 2433 387 cautius
2472 332 2697 396 agente;
2742 320 2837 376 illo
2872 327 3063 376 autaut
3098 319 3239 375 inter
3264 330 3429 374 cauo-

157 414 327 482 quasi
355 413 591 469 tremulo
612 414 749 484 pede
772 414 862 468 vix
890 414 1025 483 itur,
1062 416 1177 472 imo
1211 419 1376 481 «aiam
1407 418 1747 480 milleformis

158 499 349 603 Protei
377 501 589 572 species
618 503 840 603 prmpeti
1090 507 1374 577 rapientis,
1421 506 1748 579 impediente

157 593 448 648 variarum
470 608 656 650 rerum
678 593 960 662 instantia,
1004 596 1141 651 heu!
1173 612 1352 670 neque
1374 599 1530 656 locus
1573 616 1750 671 neque

154 688 386 752 tempus
413 682 575 738 datur
602 682 701 738 tibi
725 683 808 739 vel
835 683 906 738 ad
925 699 1101 754 pauca
1120 701 1219 755 pro
1240 686 1397 743 libitu
1416 689 1750 759 respondeo-2

156 770 238 828 di.
282 771 423 829 Hinc
450 782 607 846 urget
628 775 775 830 enim
811 791 942 832 vero
983 777 1231 846 quaedam
1262 789 1578 835 nostrorum
1617 795 1753 842 ceu:

158 858 401 919 fratrum
447 864 750 937 antiquitus
783 865 1033 922 instituta
1077 866 1271 924 orandi
1301 870 1571 939 conditio;
1602 870 1753 928 illinc

156 952 335 1012 instat
369 958 546 1013 nostri
574 958 810 1016 senioris
836 959 894 1015 in
935 961 1335 1032 expeditionem
1375 965 1542 1022 eundi
1587 980 1754 1023 orna-

158 1045 277 1114 tio;
300 1048 391 1103 cui
414 1047 619 1122 [cujus]
649 1050 934 1118 comitatu,
963 1067 1030 1108 ac
1068 1052 1117 1107 si
1138 1052 1343 1124 iniqua:
1384 1056 1586 1113 mentis
1610 1057 1755 1113 asel-

160 1136 276 1203 lus,
304 1136 434 1192 licet
455 1138 601 1194 mille
621 1139 860 1196 stimulis
887 1139 1147 1213 agitatus,
1180 1142 1270 1199 vix
1304 1159 1370 1200 ac
1395 1144 1486 1201 vix
1511 1145 1751 1214 enatavi;

160 1228 316 1298 quod
336 1226 449 1284 tibi'
465 1230 522 1286 in
554 1247 744 1289 aurem
794 1248 1026 1288 susurro
1072 1249 1184 1290 non
1212 1251 1412 1308 magno
1458 1237 1565 1293 mei
1609 1238 1756 1308 peri-

162 1317 317 1374 culo.
347 1316 496 1377 Inter
533 1320 650 1377 luce
693 1322 899 1388 omnia,
940 1322 1109 1395 veluti
1140 1338 1211 1381 ne
1236 1324 1579 1396 dedignando
1611 1343 1755 1398 pra:-

162 1408 333 1464 terire
367 1409 555 1465 videar
582 1409 662 1466 tui
704 1405 849 1485 [tua]
877 1411 1045 1480 dicta,
1084 1427 1307 1485 operam
1349 1415 1480 1473 dare
1503 1418 1630 1474 volo
1666 1432 1757 1474 re-

162 1499 440 1570 spondere
463 1501 559 1555 tibi
589 1502 671 1557 vel
700 1503 767 1560 ad
809 1504 1015 1579 aliqua.

238 1586 345 1655 Me,
371 1589 452 1644 uti
478 1590 588 1646 tuis
616 1591 810 1649 litteris
850 1602 1099 1649 notatum
1127 1610 1252 1661 esse
1278 1596 1543 1668 percipio,
1591 1614 1759 1655 cano-

164 1679 311 1736 nicis
367 1679 803 1741 institutionibus
865 1684 1166 1742 decretisve
1233 1686 1292 1741 in
1342 1687 1527 1758 aliquo
1590 1690 1761 1747 recla-
1792 1671 1836 1726 Π

164 1787 353 1829 masse
378 1772 691 1832 nullatenus
717 1777 1022 1833 consentio.
1057 1778 1164 1833 Sed
1193 1778 1301 1836 hoc
1322 1795 1605 1850 nunquam
1626 1796 1759 1837 con—

164 1860 377 1917 fessum
404 1860 575 1918 fuisse
614 1864 903 1945 erubesco,
933 1873 990 1921 et
1035 1866 1216 1924 adhuc
1244 1867 1495 1925 conﬁteri
1531 1883 1641 1925 non
1670 1850 1761 1924 re-

166 1965 330 2018 cuso,
375 1954 635 2043 omnique
662 1954 1051 2026 astipulatione
1086 1956 1354 2013 ﬁrmando
1389 1957 1666 2015 ﬁrmatum
1692 1959 1762 2015 iri

167 2044 450 2112 desidero,
507 2046 753 2124 nondum
801 2049 919 2121 lege
969 2050 1329 2121 prohibitum,
1394 2051 1570 2121 primo
1614 2052 1765 2109 aditu

168 2136 497 2192 austeritate
530 2138 666 2210 legis
692 2153 814 2195 esse
837 2138 1241 2210 prohibendum
1283 2140 1762 2209 vindicandumve,

169 2231 267 2286 sed
296 2232 592 2301 parvulum
637 2233 814 2304 magis
841 2232 984 2288 lacte
1020 2248 1191 2304 quem
1236 2232 1415 2290 solido
1455 2233 1580 2290 cibo
1635 2249 1768 2289 cnu-

170 2323 472 2379 triendum.
521 2322 605 2380 Ad
638 2324 747 2380 hoc
790 2325 981 2395 procul
1028 2324 1195 2385 dubio
1258 2324 1431 2381 tendit
1475 2324 1769 2398 Gregorius

175 2414 494 2487 theologus;
522 2416 629 2471 hoc
663 2416 827 2472 etiam
878 2416 1072 2488 prohat
1110 2416 1251 2487 ipse,
1279 2416 1384 2472 etsi
1419 2406 1631 2483 luscus,
1675 2414 1770 2472 Dei

171 2507 369 2563 videns
396 2505 763 2577 Paphnutius,
786 2509 1079 2580 quiamivo,
1099 2509 1236 2565 velis
1260 2508 1423 2575 nolis,
1447 2508 1773 2565 madescen-

175 2597 316 2656 dunt
340 2599 550 2655 nostris
577 2599 1007 2657 inﬁrmitatibus.
1040 2598 1176 2655 Nam
1207 2600 1313 2656 isto
1341 2600 1409 2657 de
1435 2607 1563 2655 ante
1584 2614 1775 2655 conse-

174 2690 482 2745 crationem
513 2692 792 2763 usurpatis
828 2692 1074 2749 nondum
1117 2692 1175 2747 iu
1205 2699 1442 2758 tantum,
1467 2698 1529 2745 ut
1557 2691 1771 2760 opinor,

178 2789 278 2837 tuo
334 2783 497 2838 tertio
536 2783 733 2853 capite,
771 2783 905 2855 (quo
946 2791 1005 2838 tu
1045 2783 1265 2854 quidem
1308 2782 1537 2837 urbana
1577 2780 1774 2837 frontis

177 2873 580 2946 obstinatteque
619 2875 815 2931 mentis
848 2890 1016 2946 supra
1049 2873 1272 2932 modum
1304 2874 1502 2939 haeres,
1546 2873 1775 2929 canoni-

1848 423 1970 479 niee
1992 422 2213 487 tradita,
2243 420 2340 477 sed
2365 434 2479 477 non
2507 414 2771 472 canonice
2806 411 3085 482 prohibita
3116 409 3432 467 misericor-

1847 512 1973 568 dius
1994 510 2295 580 mediante;
2323 519 2620 577 utrumque
2647 503 2808 576 quasi
2828 502 3104 573 geminum
3135 514 3252 570 par,
3280 499 3439 557 intus

1848 603 2089 669 actoris,
2119 612 2251 659 ante
2273 610 2330 657 et
2360 608 2510 657 retro
2544 598 2815 660 oculatus,
2847 593 2997 649 nulla
3021 600 3170 648 caret
3195 590 3435 646 ratione.

1848 695 2005 753 Anne
2029 694 2199 751 etiam
2219 701 2295 759 te,
2315 692 2393 748 mi
2430 691 2623 756 frater,
2645 702 2759 745 non
2793 684 2961 755 pudet
3003 691 3154 739 tuam
3204 690 3433 739 contro—

1849 787 2086 843 versiam
2110 786 2166 840 in
2188 786 2293 841 hoc
2318 781 2630 840 defendisse
2655 794 2687 835 a
2708 785 2900 835 sancto
2926 773 3185 846 Gregorio
3212 772 3432 831 Sicilia-

1852 878 2230 935 nosdiacanos
2248 887 2552 946 suspensos
2570 872 2642 929 ab
2673 868 2870 933 oﬁie'to,
2890 865 3048 937 quasi
3072 878 3178 935 pro
3197 864 3434 934 quadam

1853 983 2015 1041 paena
2046 967 2237 1034 fuisse,
2268 981 2395 1023 cum
2417 970 2630 1022 constet
2655 960 2808 1016 illum
2832 956 3054 1017 eosdem
3082 970 3209 1017 cum
3248 952 3436 1011 uxori-

1852 1061 1985 1126 bus,
2009 1068 2134 1131 post
2180 1057 2606 1130 prohibitionem
2659 1060 2787 1109 ante
2855 1047 3153 1105 triennium
3203 1042 3435 1109 factam.

1855 1159 2007 1206 caste
2052 1147 2369 1215 cohabitare
2419 1145 2599 1215 digna:
2654 1136 3085 1199 remuneratiqu
3141 1133 3436 1203 ascripsis-

1856 1244 1960 1301 se?
1982 1241 2062 1299 Eo
2086 1252 2271 1299 autem
2290 1249 2387 1297 tuo
2415 1238 2519 1301 rite
2563 1234 2814 1306 probato,
2842 1228 2973 1298 eris
3020 1226 3161 1297 mihi
3206 1237 3441 1294 magnus

1856 1335 2071 1407 Apollo.
3038 1376 3043 1383 .
3376 1376 3381 1381 .
3434 1348 3441 1355 ν

1929 1447 2065 1516 Qum
2087 1453 2272 1502 autem
2292 1439 2669 1501 convenientia
2689 1449 2881 1508 quave
2918 1431 3062 1487 ratio
3084 1427 3443 1499 Tripartitarn‘

1859 1538 2181 1604 Historiam,
2208 1544 2429 1608 propter
2457 1527 2909 1596 Eusebii-scripta
2935 1523 3028 1577 vix
3048 1519 3310 1577 aGeiasio
3334 1533 3439 1573 au-

1860 1990 2069 2062 Nugae!
2117 1998 2214 2044 aut
2255 1987 2497 2043 fabulam
2524 1991 2579 2040 te
2622 1992 2878 2038 narrasse
2903 1982 3065 2046 putas
3108 1970 3299 2062 surdo,
3343 1974 3442 2051 aut

1863 2046 2067 2154 quieris
2090 2079 2295 2135 nodum
2317 2079 2375 2132 in
2394 2076 2597 2146 scirpo.
2620 2069 2762 2139 Quid
2783 2064 2974 2140 plura?
2995 2063 3052 2118 Si
3073 2071 3130 2154 tu
3145 2061 3228 2154 ita
3339 2046 3442 2114 nos

1865 2149 2194 2241 nostrosque
2229 2166 2534 2225 eoufratres
2571 2163 2745 2218 multo
2791 2157 2889 2214 tibi
2935 2164 2991 2210 et
3026 2150 3162 2209 mibi
3188 2149 3443 2205 meliores

1865 2264 2049 2335 pergis
2071 2237 2326 2332 pcrplexa
2362 2255 2541 2325 loqui;
2572 2252 2669 2309 sed
2702 2262 2904 2321 ponam
2950 2242 3182 2314 digitum
3219 2237 3324 2335 ori,
3365 2250 3444 2335 ne

1867 2325 1994 2426 plus
2011 2325 2187 2424 qut-.1;
2205 2349 2393 2409 deceat
2414 2345 2811 2419 presbyterum,
2835 2350 3036 2407 arguar
3063 2328 3334 2402 progredi.
3365 2325 3446 2384 De

1868 2455 2067 2504 caetero
2092 2444 2171 2501 uti
2205 2448 2429 2498 coactus
2452 2437 2533 2493 tui
2567 2434 2740 2506 ipsius
2775 2430 3126 2486 incitamento
3164 2431 3218 2478 te
3251 2434 3446 2506 aggre-

1868 2538 1990 2596 diae
2039 2530 2201 2592 nudis
2245 2530 2447 2596 verbis,
2475 2535 2539 2582 ut
2589 2505 2720 2597 quid
2759 2517 3072 2595 pudibunda
3105 2511 3284 2568 Patris
3329 2505 3448 2565 Noe

1870 2628 2148 2686 denudare
2176 2636 2286 2679 non
2325 2617 2604 2692 paveseis?
2633 2629 2758 2671 cum
2788 2618 2997 2667 certum
3030 2605 3102 2660 sit
3148 2613 3199 2659 te
3237 2601 3305 2656 de
3346 2615 3444 2654 eo-

1871 2721 2017 2787 dem,
2059 2713 2358 2772 secundum
2405 2717 2555 2764 tuam
2575 2703 2748 2775 ipsius
2791 2708 3017 2761 sectam,
3047 2698 3268 2764 peccato
3316 2702 3461 2769 esse~

1871 2782 2235 2885 progenitum,
2257 2815 2366 2875 qua
2395 2798 2625 2863 ratione,
2665 2805 2842 2864 quove
2867 2786 3047 2853 modo,
3079 2794 3139 2839 tu
3181 2782 3294 2853 ipse

1874 2865 2079 2966 Etim,
2107 2898 2163 2952 in
2188 2865 2297 2951 alio
2319 2892 2403 2949 vis
2446 2890 2709 2945 damnare
2758 2876 3075 2952 peccatum?
3098 2873 3242 2930 Cave
3267 2879 3328 2927 ut
3350 2865 3449 2924 tibi

183 2965 473 3077 3392:???
494 2976 736 3077 ,ιτείτιξξεῖῖ
767 2968 1037 3077 rem")
1079 2966 1328 3077 ίυελτξιιοε
1353 2974 1479 3077 {me
1504 2965 1773 3066 εῖιξοίίιιπη
1803 3017 1849 3077 c
1879 2965 2188 3050 ωπωοέιεω
2247 2983 2446 3040 faciam
2493 2978 2654 3051 ίυιιε
2700 2972 3092 3029 δειοωοηεωε

177 3057 465 3130 iugalibus
489 3058 741 3130 alligatos
778 3062 923 3129 (quae
967 3074 1058 3117 res
1082 3072 1179 3130 per
1205 3065 1336 3112 tunc
1378 3055 1635 3127 temporis
1663 3070 1773 3110 non

186 3149 326 3205 tanti
365 3150 590 3207 sceleris
637 3150 722 3207 uti
767 3165 917 3207 nunc
961 3165 1085 3207 esse
1123 3148 1461 3220 perhibetur)
1501 3147 1615 3203 sive
1643 3160 1771 3216 pro-

186 3250 309 3317 pter
347 3241 619 3313 quosdam
654 3241 937 3307 haereticos
972 3240 1245 3311 legitimas
1284 3239 1503 3309 nuptias
1539 3238 1770 3299 anathe-

199 3400 1490 3435 Μ

1946 3122 2083 3178 Ante
2118 3132 2273 3172 suum
2298 3123 2500 3184 tempus
2539 3107 2697 3163 nimis
2733 3102 2971 3162 exaltata
2992 3104 3274 3169 Juventas;

1950 3212 2033 3268 Ne
2081 3208 2220 3264 male
2272 3204 2508 3268 labatur,
2536 3199 2666 3271 pede
2692 3197 2967 3252 desursum
2998 3187 3319 3245 retrahatur.

1466 3354 3463 3427 Μ

458 3664 461 3667 .
698 3646 707 3651 -
783 3559 1568 3658 SUPERIORUM
1641 3500 2826 3649 CONTROVERSIARUM

454 3754 1132 3824 IRRFFRAGABILIS
1162 3748 1560 3815 DEPULSIO
1612 3742 1717 3808 ET
1779 3737 2178 3806 PREDICTI
2229 3731 2602 3800 CAPITULI
2657 3723 3209 3793 PROSCRIPTIO.

1611 3910 2053 3931 ᾗ

274 4056 509 4116 Domino
568 4054 806 4108 ALBOINO
874 4045 1167 4111 sacerdoti,
1235 4056 1367 4106 non,
1398 4044 1458 4093 ut
1511 4034 1783 4099 lsboseth,

201 4149 585 4207 fraudulenter
633 4140 882 4214 impetito
909 4135 1000 4211 (II
1048 4136 1176 4208 Reg.
1209 4135 1306 4205 ιγ),
1335 4129 1430 4187 sed
1458 4126 1662 4183 Chusai
1686 4124 1788 4178 Ar-

198 4239 480 4298 chitofelis
501 4234 728 4309 perﬁdia
753 4232 983 4288 ﬁdeliter
1010 4218 1443 4301 praemonito”!
1471 4219 1597 4290 Reg.
1628 4214 1787 4285 xvu),

1890 4030 2142 4087 videlicet
2182 4034 2245 4083 ut
2274 4005 2383 4080 non
2414 4030 2525 4078 tam
2570 4033 2705 4077 mea:
2731 4030 2903 4088 quin!
2934 4013 3153 4068 illorum
3179 4009 3295 4066 sint
3325 4006 3475 4080 judi-

1892 4122 2099 4178 candae.
2138 4117 2483 4187 Quapropter
2543 4112 2660 4166 sine
2702 4122 2873 4164 causa
2912 4103 3114 4165 videris
3154 4107 3345 4156 contra
3386 4114 3476 4155 me

1894 4219 2205 4267 commotus
2234 4222 2378 4272 esse,
2405 4218 2531 4259 cum
2569 4198 2797 4271 epistola
2822 4210 2943 4251 mea
2981 4192 3076 4248 tibi
3102 4200 3312 4246 tantum
3351 4205 3477 4245 sen-

203 4283 479 4298 ν....ν.ν..-
502 4283 728 4309 ..-η---
753 4283 973 4288 --η-μη
1010 4283 1031 4301 ,
1359 4283 1368 4290 .
1547 4283 1568 4290 -
1746 4283 1751 4285 ,

203 4331 547 4397 B£BNALDIJS,
596 4326 763 4383 etiam
816 4318 1208 4393 improperanti
1243 4314 1565 4372 charitatem
1598 4309 1793 4364 oll‘erre
1826 4314 1868 4370 ι)
1894 4305 2096 4361 tentias
2156 4308 2474 4359 sanctorum
2535 4293 2764 4349 Patrum
2811 4286 3128 4367 charitative
3171 4283 3476 4348 describat,

2213 4392 2245 4397 i-
2639 4383 2657 4397 θ
2780 4381 2814 4397 ,ο
2870 4395 2877 4397 ξ
2916 4377 3097 4397 _‘__!-
3135 4374 3281 4397 --.Σηι-
3313 4371 3449 4397 Ωιι-ι.

203 4436 453 4497 paratus,
488 4422 560 4478 ab
583 4434 650 4475 co
675 4414 920 4473 benedici
941 4413 1035 4485 qui
1071 4426 1181 4485 non
1211 4407 1389 4464 solum
1420 4402 1669 4461 maledici
1699 4399 1794 4457 sed

205 4518 371 4572 etiam
403 4530 505 4586 pro
536 4511 698 4565 nobis
732 4507 908 4563 voluit
930 4511 1214 4575 peccatum
1238 4497 1376 4553 ﬁeri.

276 4584 508 4661 Multum
547 4602 719 4659 miror
743 4600 810 4655 de
839 4607 928 4657 tua
959 4592 1296 4650 fraternitate
1316 4588 1464 4660 quod
1516 4584 1650 4641 mihi
1684 4593 1798 4639 tam

211 4699 530 4770 perturbato
567 4689 903 4763 rescripsisti
932 4687 1138 4751 animo,
1161 4698 1288 4740 cum
1335 4678 1470 4735 nihil
1496 4680 1552 4734 in
1601 4670 1800 4731 litteris

210 4793 349 4849 meis
375 4789 709 4852 invenisses,
737 4781 886 4854 quod
934 4780 992 4834 in
1035 4774 1232 4833 litteris
1284 4771 1469 4828 nescio
1519 4770 1565 4826 si
1601 4769 1655 4822 in
1690 4766 1802 4822 tuis

214 4885 393 4956 aliqua
448 4882 669 4938 ratione
721 4875 947 4946 dignum
993 4879 1088 4925 tua
1135 4865 1436 4922 offensione
1484 4860 1805 4935 probasses.

216 4954 331 5032 Non
363 4976 511 5033 enim
542 4970 752 5029 invitus
784 4979 884 5020 nec
905 4960 1244 5019 verecundus
1287 4965 1398 5011 tam
1428 4954 1643 5013 erudito
1664 4966 1804 5021 prab-

218 5070 369 5139 eipue
392 5076 448 5123 et
469 5062 657 5123 amico
685 5057 958 5120 cederem,
1008 5053 1054 5108 si
1104 5066 1136 5107 a
1174 5059 1227 5105 te
1269 5045 1664 5105 rationabiliter
1696 5042 1806 5098 sal—

224 5131 323 5215 tein
353 5160 712 5231 aliquatenus
746 5165 780 5203 a
825 5160 955 5201 vero
989 5143 1235 5199 deviasse
1284 5150 1644 5197 monstrarer.
1698 5131 1804 5187 Sed

221 5250 355 5310 Deus
378 5224 464 5308 est
487 5248 649 5305 testis
678 5236 1031 5299 conscientia:
1057 5250 1207 5299 mete,
1243 5229 1483 5289 rationes
1511 5240 1664 5288 meas
1682 5224 1807 5278 nul-

219 5344 421 5376 ιαοονι--ι
448 5360 476 5380 σι
506 5334 762 5380 ram-hiis
809 5335 1119 5380 sanctorum
1157 5325 1385 5380 Patrum
1442 5318 1806 5380 exorbitasse,

1898 4413 2021 4469 qua:
2049 4410 2158 4450 non
2194 4392 2318 4449 dico
2344 4399 2522 4452 tuum,
2565 4383 2661 4442 sed
2703 4381 2888 4454 potius
2915 4377 3102 4435 nescio
3128 4374 3284 4444 cujus
3313 4371 3480 4436 Soza-

1898 4465 2043 4544 meni
2070 4484 2366 4556 capitulum
2411 4474 2955 4535 anathematizabant.
2980 4467 3201 4523 Deberes
3234 4465 3393 4531 enim,
3423 4472 3482 4545 ut

1899 4582 2105 4653 opinor,
2130 4544 2307 4648 potius
2346 4581 2521 4647 grates
2543 4568 2736 4640 referre
2761 4579 2920 4637 quam
2950 4556 3243 4630 indignari,
3268 4554 3406 4626 quod
3437 4544 3485 4627 te

1900 4673 1965 4727 de
1993 4668 2222 4726 cavendo
2272 4664 2608 4721 anathemate
2638 4668 2695 4713 ut
2718 4658 2949 4711 amicum
2987 4646 3299 4723 prcemonui,
3336 4662 3399 4701 ne
3440 4644 3488 4698 si

1904 4761 2184 4821 Sozomeui
2237 4756 2532 4830 capitulum
2591 4752 2670 4824 (in
2732 4746 2774 4802 Τ
2778 4744 3033 4819 ripartita
3072 4741 3168 4796 lib.
3213 4742 3363 4806 11,0.
3399 4735 3489 4806 li)

1903 4856 2193 4926 reciperes,
2228 4851 2461 4922 teipsum
2491 4844 2595 4899 sub
2632 4839 2971 4910 Gregoriano
2999 4833 3343 4890 anathemate
3395 4845 3495 4900 po-

1903 4921 2132 5006 suisses.
2160 4942 2283 5014 Ipse
2304 4921 2450 4997 enim
2469 4937 2662 4991 doctor
2688 4927 3047 5000 apostolicus,
3072 4924 3183 4978 imo
3193 4937 3289 4991 per
3314 4921 3498 4992 ipsum

1907 5039 2143 5111 Spiritus
2188 5012 2435 5099 sanctus,
2472 5039 2667 5084 omnes
2699 5037 2730 5075 a
2757 5018 2980 5078 Nic-aena
3033 5012 3246 5090 synodo
3283 5012 3500 5091 dissenf

1904 5102 2122 5193 tientes,
2153 5134 2208 5180 et
2230 5126 2418 5182 omnia
2445 5119 2621 5178 sacris
2647 5113 2955 5168 canonibus
2975 5107 3230 5169 adversa,
3261 5102 3319 5159 in
3340 5114 3503 5175 syno-

1905 5223 1977 5281 do
2002 5190 2243 5297 generali
2274 5219 2378 5279 sub
2406 5211 2754 5271 anathemate
2804 5203 2937 5261 fecit
2985 5194 3263 5257 damnari.
3295 5190 3504 5292 Praedi-

1908 5281 2058 5374 ctuin
2089 5319 2274 5366 autem
2326 5299 2619 5365 Sozomeni
2650 5303 2837 5370 caput,
2867 5306 2922 5357 et
2964 5306 3157 5352 omnes
3202 5287 3338 5342 illud
3377 5281 3510 5340 rcci-
