  <div class='ocr_page' id='page_1' title='image "/cluster/home/n/w/nwhite01/storage/ocr_20150623/148/hvd.32044015471840/541.png"; bbox 0 0 3984 5380; ppageno 0'>
   <div class='ocr_carea' id='block_1_1' title="bbox 533 273 675 331">
    <p class='ocr_par' dir='ltr' id='par_1_1' title="bbox 533 273 675 331">
     <span class='ocr_line' id='line_1_1' title="bbox 533 273 675 331; baseline -0.007 0"><span class='ocrx_word' id='word_1_1' title='bbox 533 273 675 331; x_wconf 71' lang='grc'><strong>1087</strong></span> 
     </span>
    </p>
   </div>
   <div class='ocr_carea' id='block_1_2' title="bbox 1461 266 2816 329">
    <p class='ocr_par' dir='ltr' id='par_1_2' title="bbox 1461 266 2816 329">
     <span class='ocr_line' id='line_1_2' title="bbox 1461 266 2816 329; baseline 0.001 -2"><span class='ocrx_word' id='word_1_2' title='bbox 1461 277 1464 282; x_wconf 86' lang='grc'><em>’</em></span> <span class='ocrx_word' id='word_1_3' title='bbox 1504 271 1598 327; x_wconf 74' lang='grc' dir='ltr'><strong>ΑΒ</strong></span> <span class='ocrx_word' id='word_1_4' title='bbox 1632 268 1864 328; x_wconf 72' lang='grc' dir='ltr'><strong>ορειυι</strong></span> <span class='ocrx_word' id='word_1_5' title='bbox 1901 269 1960 328; x_wconf 85' lang='lat' dir='ltr'><strong>S.</strong></span> <span class='ocrx_word' id='word_1_6' title='bbox 2001 267 2334 329; x_wconf 72' lang='lat' dir='ltr'><strong>GREGOMI</strong></span> <span class='ocrx_word' id='word_1_7' title='bbox 2368 266 2816 328; x_wconf 74' lang='lat' dir='ltr'><strong>APPENDICES.</strong></span> 
     </span>
    </p>
   </div>
   <div class='ocr_carea' id='block_1_3' title="bbox 3658 255 3797 326">
    <p class='ocr_par' dir='ltr' id='par_1_3' title="bbox 3658 255 3797 326">
     <span class='ocr_line' id='line_1_3' title="bbox 3658 255 3797 326; baseline 0 0"><span class='ocrx_word' id='word_1_8' title='bbox 3658 255 3797 326; x_wconf 65' lang='lat' dir='ltr'><strong>mss”</strong></span> 
     </span>
    </p>
   </div>
   <div class='ocr_carea' id='block_1_4' title="bbox 533 385 3799 464">
    <p class='ocr_par' dir='ltr' id='par_1_4' title="bbox 533 385 3799 464">
     <span class='ocr_line' id='line_1_4' title="bbox 533 385 3799 464; baseline -0.001 -18"><span class='ocrx_word' id='word_1_9' title='bbox 533 392 746 464; x_wconf 75' lang='lat' dir='ltr'><strong>pientes</strong></span> <span class='ocrx_word' id='word_1_10' title='bbox 796 390 1171 448; x_wconf 76' lang='lat' dir='ltr'><strong>sacratissimo</strong></span> <span class='ocrx_word' id='word_1_11' title='bbox 1211 391 1416 447; x_wconf 65' lang='lat' dir='ltr'><strong>&#39;canoni</strong></span> <span class='ocrx_word' id='word_1_12' title='bbox 1480 399 1844 447; x_wconf 78' lang='lat' dir='ltr'><strong>adversantur</strong></span> <span class='ocrx_word' id='word_1_13' title='bbox 1863 430 1882 457; x_wconf 91' lang='lat'><strong>,</strong></span> <span class='ocrx_word' id='word_1_14' title='bbox 1927 402 2112 460; x_wconf 86' lang='lat' dir='ltr'><strong>.quem</strong></span> <span class='ocrx_word' id='word_1_15' title='bbox 2141 389 2186 447; x_wconf 75' lang='grc' dir='ltr'>Α</span> <span class='ocrx_word' id='word_1_16' title='bbox 2213 388 2494 445; x_wconf 83' lang='lat' dir='ltr'><strong>ascribant</strong></span> <span class='ocrx_word' id='word_1_17' title='bbox 2512 403 2609 445; x_wconf 85' lang='lat' dir='ltr'><strong>cas</strong></span> <span class='ocrx_word' id='word_1_18' title='bbox 2627 403 2889 459; x_wconf 86' lang='lat' dir='ltr'><strong>personas</strong></span> <span class='ocrx_word' id='word_1_19' title='bbox 2909 385 3224 444; x_wconf 67' lang='lat' dir='ltr'><strong>indubitatae</strong></span> <span class='ocrx_word' id='word_1_20' title='bbox 3249 385 3580 452; x_wconf 86' lang='lat' dir='ltr'><strong>sanctitatis,</strong></span> <span class='ocrx_word' id='word_1_21' title='bbox 3603 395 3669 442; x_wconf 88' lang='lat' dir='ltr'><strong>nt</strong></span> <span class='ocrx_word' id='word_1_22' title='bbox 3697 386 3799 442; x_wconf 82' lang='lat' dir='ltr'><strong>sub</strong></span> 
     </span>
    </p>
   </div>
   <div class='ocr_carea' id='block_1_5' title="bbox 533 482 2112 555">
    <p class='ocr_par' dir='ltr' id='par_1_5' title="bbox 533 482 2112 555">
     <span class='ocr_line' id='line_1_5' title="bbox 533 482 2112 555; baseline -0.001 -17"><span class='ocrx_word' id='word_1_23' title='bbox 533 483 732 541; x_wconf 82' lang='lat' dir='ltr'><strong>beatus</strong></span> <span class='ocrx_word' id='word_1_24' title='bbox 768 497 923 555; x_wconf 79' lang='lat' dir='ltr'><strong>papa-</strong></span> <span class='ocrx_word' id='word_1_25' title='bbox 951 482 1184 540; x_wconf 85' lang='lat' dir='ltr'><strong>Siricius</strong></span> <span class='ocrx_word' id='word_1_26' title='bbox 1205 524 1222 550; x_wconf 95' lang='lat'><strong>,</strong></span> <span class='ocrx_word' id='word_1_27' title='bbox 1263 492 1489 539; x_wconf 86' lang='lat' dir='ltr'><strong>sanctus</strong></span> <span class='ocrx_word' id='word_1_28' title='bbox 1509 529 1512 532; x_wconf 91' lang='lat'><strong>.</strong></span> <span class='ocrx_word' id='word_1_29' title='bbox 1531 498 1753 554; x_wconf 68' lang='lat' dir='ltr'><strong>quoque</strong></span> <span class='ocrx_word' id='word_1_30' title='bbox 1791 482 2112 555; x_wconf 78' lang='lat' dir='ltr'><strong>Gregorius,</strong></span> 
     </span>
    </p>
   </div>
   <div class='ocr_carea' id='block_1_6' title="bbox 531 574 2115 646">
    <p class='ocr_par' dir='ltr' id='par_1_6' title="bbox 531 574 2115 646">
     <span class='ocr_line' id='line_1_6' title="bbox 531 574 2115 646; baseline -0.002 -14"><span class='ocrx_word' id='word_1_31' title='bbox 531 574 726 632; x_wconf 78' lang='lat' dir='ltr'><strong>beatus</strong></span> <span class='ocrx_word' id='word_1_32' title='bbox 736 575 901 631; x_wconf 90' lang='lat' dir='ltr'><strong>etiam</strong></span> <span class='ocrx_word' id='word_1_33' title='bbox 927 574 1316 646; x_wconf 78' lang='lat' dir='ltr'><strong>Hieronymus,</strong></span> <span class='ocrx_word' id='word_1_34' title='bbox 1340 585 1394 631; x_wconf 94' lang='lat' dir='ltr'><strong>et</strong></span> <span class='ocrx_word' id='word_1_35' title='bbox 1412 574 1505 630; x_wconf 83' lang='lat' dir='ltr'><strong>alii</strong></span> <span class='ocrx_word' id='word_1_36' title='bbox 1533 574 1956 630; x_wconf 80' lang='lat' dir='ltr'><strong>innumerabiles</strong></span> <span class='ocrx_word' id='word_1_37' title='bbox 1984 589 2115 629; x_wconf 80' lang='lat' dir='ltr'><strong>san-</strong></span> 
     </span>
    </p>
   </div>
   <div class='ocr_carea' id='block_1_7' title="bbox 529 666 2114 739">
    <p class='ocr_par' dir='ltr' id='par_1_7' title="bbox 529 666 2114 739">
     <span class='ocr_line' id='line_1_7' title="bbox 529 666 2114 739; baseline -0.001 -17"><span class='ocrx_word' id='word_1_38' title='bbox 529 667 604 722; x_wconf 80' lang='lat' dir='ltr'><strong>cti</strong></span> <span class='ocrx_word' id='word_1_39' title='bbox 635 667 868 739; x_wconf 87' lang='lat' dir='ltr'><strong>probant</strong></span> <span class='ocrx_word' id='word_1_40' title='bbox 892 666 946 720; x_wconf 85' lang='lat' dir='ltr'><strong>in</strong></span> <span class='ocrx_word' id='word_1_41' title='bbox 971 666 1430 724; x_wconf 86' lang='lat' dir='ltr'><strong>excellentissimo</strong></span> <span class='ocrx_word' id='word_1_42' title='bbox 1459 674 1734 724; x_wconf 69' lang='lat' dir='ltr'><strong>statutum</strong></span> <span class='ocrx_word' id='word_1_43' title='bbox 1775 681 1898 723; x_wconf 83' lang='lat' dir='ltr'><strong>esse</strong></span> <span class='ocrx_word' id='word_1_44' title='bbox 1925 666 2114 721; x_wconf 71' lang='lat' dir='ltr'><strong>concio</strong></span> 
     </span>
    </p>
   </div>
   <div class='ocr_carea' id='block_1_8' title="bbox 531 757 2113 830">
    <p class='ocr_par' dir='ltr' id='par_1_8' title="bbox 531 757 2113 830">
     <span class='ocr_line' id='line_1_8' title="bbox 531 757 2113 830; baseline 0 -18"><span class='ocrx_word' id='word_1_45' title='bbox 531 758 626 825; x_wconf 86' lang='lat' dir='ltr'><strong>lio,</strong></span> <span class='ocrx_word' id='word_1_46' title='bbox 648 774 803 828; x_wconf 82' lang='lat' dir='ltr'><strong>:eque</strong></span> <span class='ocrx_word' id='word_1_47' title='bbox 845 766 913 814; x_wconf 86' lang='lat' dir='ltr'><strong>ut</strong></span> <span class='ocrx_word' id='word_1_48' title='bbox 931 757 1284 830; x_wconf 81' lang='lat' dir='ltr'><strong>Evangelium</strong></span> <span class='ocrx_word' id='word_1_49' title='bbox 1332 759 1686 816; x_wconf 81' lang='lat' dir='ltr'><strong>venerando..</strong></span> <span class='ocrx_word' id='word_1_50' title='bbox 1705 757 1900 814; x_wconf 72' lang='lat' dir='ltr'><strong>Videat</strong></span> <span class='ocrx_word' id='word_1_51' title='bbox 1946 757 2113 830; x_wconf 88' lang='lat' dir='ltr'><strong>igitur</strong></span> 
     </span>
    </p>
   </div>
   <div class='ocr_carea' id='block_1_9' title="bbox 529 850 2112 921">
    <p class='ocr_par' dir='ltr' id='par_1_9' title="bbox 529 850 2112 921">
     <span class='ocr_line' id='line_1_9' title="bbox 529 850 2112 921; baseline 0 -17"><span class='ocrx_word' id='word_1_52' title='bbox 529 850 768 904; x_wconf 85' lang='lat' dir='ltr'><strong>eharitas</strong></span> <span class='ocrx_word' id='word_1_53' title='bbox 789 857 883 905; x_wconf 90' lang='lat' dir='ltr'><strong>tua</strong></span> <span class='ocrx_word' id='word_1_54' title='bbox 915 865 1084 920; x_wconf 91' lang='lat' dir='ltr'><strong>quam</strong></span> <span class='ocrx_word' id='word_1_55' title='bbox 1130 850 1442 921; x_wconf 80' lang='lat' dir='ltr'><strong>periculoso</strong></span> <span class='ocrx_word' id='word_1_56' title='bbox 1483 851 1834 905; x_wconf 86' lang='lat' dir='ltr'><strong>anathemate</strong></span> <span class='ocrx_word' id='word_1_57' title='bbox 1863 850 2112 920; x_wconf 71' lang='lat' dir='ltr'><strong>plectano</strong></span> 
     </span>
    </p>
   </div>
   <div class='ocr_carea' id='block_1_10' title="bbox 529 939 2111 1014">
    <p class='ocr_par' dir='ltr' id='par_1_10' title="bbox 529 939 2111 1014">
     <span class='ocr_line' id='line_1_10' title="bbox 529 939 2111 1014; baseline 0.003 -20"><span class='ocrx_word' id='word_1_58' title='bbox 529 949 622 996; x_wconf 88' lang='lat' dir='ltr'><strong>tur</strong></span> <span class='ocrx_word' id='word_1_59' title='bbox 661 939 1295 1012; x_wconf 75' lang='lat' dir='ltr'><strong>quicunque-Sommeni</strong></span> <span class='ocrx_word' id='word_1_60' title='bbox 1319 943 1561 1014; x_wconf 89' lang='lat' dir='ltr'><strong>capitulo</strong></span> <span class='ocrx_word' id='word_1_61' title='bbox 1584 942 1869 1014; x_wconf 81' lang='lat' dir='ltr'><strong>astipulari</strong></span> <span class='ocrx_word' id='word_1_62' title='bbox 1901 957 2111 999; x_wconf 61' lang='lat' dir='ltr'><strong>conari-6</strong></span> 
     </span>
    </p>
   </div>
   <div class='ocr_carea' id='block_1_11' title="bbox 529 1032 2112 1105">
    <p class='ocr_par' dir='ltr' id='par_1_11' title="bbox 529 1032 2112 1105">
     <span class='ocr_line' id='line_1_11' title="bbox 529 1032 2112 1105; baseline 0.003 -20"><span class='ocrx_word' id='word_1_63' title='bbox 529 1040 638 1099; x_wconf 90' lang='lat' dir='ltr'><strong>tur,</strong></span> <span class='ocrx_word' id='word_1_64' title='bbox 678 1032 752 1088; x_wconf 84' lang='lat' dir='ltr'><strong>De</strong></span> <span class='ocrx_word' id='word_1_65' title='bbox 776 1033 883 1090; x_wconf 86' lang='lat' dir='ltr'><strong>hoc</strong></span> <span class='ocrx_word' id='word_1_66' title='bbox 909 1033 1094 1104; x_wconf 88' lang='lat' dir='ltr'><strong>itaque</strong></span> <span class='ocrx_word' id='word_1_67' title='bbox 1113 1034 1358 1105; x_wconf 85' lang='lat' dir='ltr'><strong>periculo</strong></span> <span class='ocrx_word' id='word_1_68' title='bbox 1385 1033 1782 1092; x_wconf 67' lang='lat' dir='ltr'><strong>fraternitatem</strong></span> <span class='ocrx_word' id='word_1_69' title='bbox 1809 1044 1961 1090; x_wconf 91' lang='lat' dir='ltr'><strong>tuam</strong></span> <span class='ocrx_word' id='word_1_70' title='bbox 1986 1035 2112 1091; x_wconf 84' lang='lat' dir='ltr'><strong>dili-</strong></span> 
     </span>
    </p>
   </div>
   <div class='ocr_carea' id='block_1_12' title="bbox 527 1127 2108 1198">
    <p class='ocr_par' dir='ltr' id='par_1_12' title="bbox 527 1127 2108 1198">
     <span class='ocr_line' id='line_1_12' title="bbox 527 1127 2108 1198; baseline 0.004 -20"><span class='ocrx_word' id='word_1_71' title='bbox 527 1132 717 1194; x_wconf 86' lang='lat' dir='ltr'><strong>genter</strong></span> <span class='ocrx_word' id='word_1_72' title='bbox 737 1139 1074 1195; x_wconf 63' lang='lat' dir='ltr'><strong>praemonere</strong></span> <span class='ocrx_word' id='word_1_73' title='bbox 1107 1129 1318 1195; x_wconf 84' lang='lat' dir='ltr'><strong>curavi,</strong></span> <span class='ocrx_word' id='word_1_74' title='bbox 1347 1144 1447 1198; x_wconf 91' lang='lat' dir='ltr'><strong>pro</strong></span> <span class='ocrx_word' id='word_1_75' title='bbox 1466 1143 1578 1198; x_wconf 85' lang='lat' dir='ltr'><strong>quo</strong></span> <span class='ocrx_word' id='word_1_76' title='bbox 1599 1136 1654 1184; x_wconf 90' lang='lat' dir='ltr'><strong>te</strong></span> <span class='ocrx_word' id='word_1_77' title='bbox 1679 1142 1788 1184; x_wconf 93' lang='lat' dir='ltr'><strong>non</strong></span> <span class='ocrx_word' id='word_1_78' title='bbox 1817 1127 2108 1197; x_wconf 84' lang='lat' dir='ltr'><strong>oﬁ‘endere,</strong></span> 
     </span>
    </p>
   </div>
   <div class='ocr_carea' id='block_1_13' title="bbox 527 1215 1870 1290">
    <p class='ocr_par' dir='ltr' id='par_1_13' title="bbox 527 1215 1870 1290">
     <span class='ocr_line' id='line_1_13' title="bbox 527 1215 1870 1290; baseline 0.003 -20"><span class='ocrx_word' id='word_1_79' title='bbox 527 1215 624 1271; x_wconf 84' lang='lat' dir='ltr'><strong>sed</strong></span> <span class='ocrx_word' id='word_1_80' title='bbox 649 1217 846 1290; x_wconf 83' lang='lat' dir='ltr'><strong>magis,</strong></span> <span class='ocrx_word' id='word_1_81' title='bbox 873 1219 921 1273; x_wconf 91' lang='lat' dir='ltr'><strong>si</strong></span> <span class='ocrx_word' id='word_1_82' title='bbox 949 1217 1195 1275; x_wconf 70' lang='lat' dir='ltr'><strong>clausus</strong></span> <span class='ocrx_word' id='word_1_83' title='bbox 1217 1234 1390 1284; x_wconf 86' lang='lat' dir='ltr'><strong>esses,</strong></span> <span class='ocrx_word' id='word_1_84' title='bbox 1421 1219 1640 1290; x_wconf 28' lang='lat' dir='ltr'><strong>placare.</strong></span> <span class='ocrx_word' id='word_1_85' title='bbox 1661 1219 1870 1290; x_wconf 85' lang='lat' dir='ltr'><strong>putavi.</strong></span> 
     </span>
    </p>
   </div>
   <div class='ocr_carea' id='block_1_14' title="bbox 539 1313 2112 1386">
    <p class='ocr_par' dir='ltr' id='par_1_14' title="bbox 539 1313 2112 1386">
     <span class='ocr_line' id='line_1_14' title="bbox 539 1313 2112 1386; baseline 0.001 -16"><span class='ocrx_word' id='word_1_86' title='bbox 539 1335 548 1344; x_wconf 69' lang='grc' dir='ltr'><em>ο</em></span> <span class='ocrx_word' id='word_1_87' title='bbox 599 1313 726 1383; x_wconf 78' lang='lat' dir='ltr'><strong>Sed,</strong></span> <span class='ocrx_word' id='word_1_88' title='bbox 752 1315 857 1371; x_wconf 85' lang='lat' dir='ltr'><strong>heu</strong></span> <span class='ocrx_word' id='word_1_89' title='bbox 873 1317 888 1371; x_wconf 72' lang='grc' dir='ltr'><strong>ε</strong></span> <span class='ocrx_word' id='word_1_90' title='bbox 906 1317 1040 1371; x_wconf 82' lang='lat' dir='ltr'><strong>heu!</strong></span> <span class='ocrx_word' id='word_1_91' title='bbox 1060 1331 1169 1383; x_wconf 88' lang='lat' dir='ltr'><strong>res,</strong></span> <span class='ocrx_word' id='word_1_92' title='bbox 1183 1325 1244 1371; x_wconf 89' lang='lat' dir='ltr'><strong>ut</strong></span> <span class='ocrx_word' id='word_1_93' title='bbox 1263 1317 1478 1386; x_wconf 77' lang='lat' dir='ltr'><strong>opinor,</strong></span> <span class='ocrx_word' id='word_1_94' title='bbox 1501 1317 1556 1371; x_wconf 93' lang='lat' dir='ltr'><strong>in</strong></span> <span class='ocrx_word' id='word_1_95' title='bbox 1581 1317 1918 1372; x_wconf 90' lang='lat' dir='ltr'><strong>contrarium</strong></span> <span class='ocrx_word' id='word_1_96' title='bbox 1941 1316 2112 1372; x_wconf 87' lang='lat' dir='ltr'><strong>deve-</strong></span> 
     </span>
    </p>
   </div>
   <div class='ocr_carea' id='block_1_15' title="bbox 526 1405 2113 1475">
    <p class='ocr_par' dir='ltr' id='par_1_15' title="bbox 526 1405 2113 1475">
     <span class='ocr_line' id='line_1_15' title="bbox 526 1405 2113 1475; baseline 0.003 -15"><span class='ocrx_word' id='word_1_97' title='bbox 526 1406 628 1461; x_wconf 91' lang='lat' dir='ltr'><strong>nit.</strong></span> <span class='ocrx_word' id='word_1_98' title='bbox 653 1405 870 1462; x_wconf 73' lang='lat' dir='ltr'><strong>Litterae</strong></span> <span class='ocrx_word' id='word_1_99' title='bbox 893 1407 1038 1462; x_wconf 90' lang='lat' dir='ltr'><strong>enim</strong></span> <span class='ocrx_word' id='word_1_100' title='bbox 1069 1418 1196 1473; x_wconf 68' lang='lat' dir='ltr'><strong>tuae,</strong></span> <span class='ocrx_word' id='word_1_101' title='bbox 1221 1409 1268 1463; x_wconf 87' lang='lat' dir='ltr'><strong>si</strong></span> <span class='ocrx_word' id='word_1_102' title='bbox 1299 1416 1482 1463; x_wconf 87' lang='lat' dir='ltr'><strong>tamen</strong></span> <span class='ocrx_word' id='word_1_103' title='bbox 1497 1416 1604 1464; x_wconf 70' lang='lat' dir='ltr'><strong>tua:</strong></span> <span class='ocrx_word' id='word_1_104' title='bbox 1626 1416 1805 1475; x_wconf 90' lang='lat' dir='ltr'><strong>erant,</strong></span> <span class='ocrx_word' id='word_1_105' title='bbox 1834 1417 1946 1464; x_wconf 87' lang='lat' dir='ltr'><strong>tam</strong></span> <span class='ocrx_word' id='word_1_106' title='bbox 1967 1409 2113 1464; x_wconf 87' lang='lat' dir='ltr'><strong>male</strong></span> 
     </span>
    </p>
   </div>
   <div class='ocr_carea' id='block_1_16' title="bbox 528 1498 2108 1571">
    <p class='ocr_par' dir='ltr' id='par_1_16' title="bbox 528 1498 2108 1571">
     <span class='ocr_line' id='line_1_16' title="bbox 528 1498 2108 1571; baseline 0.004 -20"><span class='ocrx_word' id='word_1_107' title='bbox 528 1506 756 1553; x_wconf 67' lang='lat' dir='ltr'><strong>mensae</strong></span> <span class='ocrx_word' id='word_1_108' title='bbox 781 1505 835 1552; x_wconf 91' lang='lat' dir='ltr'><strong>te</strong></span> <span class='ocrx_word' id='word_1_109' title='bbox 860 1505 916 1552; x_wconf 90' lang='lat' dir='ltr'><strong>et</strong></span> <span class='ocrx_word' id='word_1_110' title='bbox 943 1498 1624 1558; x_wconf 84' lang='lat' dir='ltr'><strong>amicamadmonitionem</strong></span> <span class='ocrx_word' id='word_1_111' title='bbox 1645 1501 1919 1571; x_wconf 78' lang='lat' dir='ltr'><strong>sprevisse</strong></span> <span class='ocrx_word' id='word_1_112' title='bbox 1939 1510 1996 1557; x_wconf 90' lang='lat' dir='ltr'><strong>et</strong></span> <span class='ocrx_word' id='word_1_113' title='bbox 2019 1502 2108 1558; x_wconf 85' lang='lat' dir='ltr'><strong>in-</strong></span> 
     </span>
    </p>
   </div>
   <div class='ocr_carea' id='block_1_17' title="bbox 525 1591 2112 1664">
    <p class='ocr_par' dir='ltr' id='par_1_17' title="bbox 525 1591 2112 1664">
     <span class='ocr_line' id='line_1_17' title="bbox 525 1591 2112 1664; baseline 0.005 -20"><span class='ocrx_word' id='word_1_114' title='bbox 525 1606 694 1661; x_wconf 90' lang='lat' dir='ltr'><strong>super</strong></span> <span class='ocrx_word' id='word_1_115' title='bbox 738 1591 1135 1649; x_wconf 86' lang='lat' dir='ltr'><strong>contumeliosa</strong></span> <span class='ocrx_word' id='word_1_116' title='bbox 1176 1595 1526 1664; x_wconf 70' lang='lat' dir='ltr'><strong>respondisse</strong></span> <span class='ocrx_word' id='word_1_117' title='bbox 1561 1594 1858 1662; x_wconf 86' lang='lat' dir='ltr'><strong>denotant,</strong></span> <span class='ocrx_word' id='word_1_118' title='bbox 1895 1611 1997 1652; x_wconf 89' lang='lat' dir='ltr'><strong>nec</strong></span> <span class='ocrx_word' id='word_1_119' title='bbox 2033 1605 2112 1652; x_wconf 81' lang='lat' dir='ltr'><strong>ta-</strong></span> 
     </span>
    </p>
   </div>
   <div class='ocr_carea' id='block_1_18' title="bbox 526 1679 2108 1756">
    <p class='ocr_par' dir='ltr' id='par_1_18' title="bbox 526 1679 2108 1756">
     <span class='ocr_line' id='line_1_18' title="bbox 526 1679 2108 1756; baseline 0.006 -24"><span class='ocrx_word' id='word_1_120' title='bbox 526 1693 652 1734; x_wconf 85' lang='lat' dir='ltr'><strong>men</strong></span> <span class='ocrx_word' id='word_1_121' title='bbox 670 1679 886 1750; x_wconf 86' lang='lat' dir='ltr'><strong>aliquid</strong></span> <span class='ocrx_word' id='word_1_122' title='bbox 924 1696 1012 1736; x_wconf 84' lang='lat' dir='ltr'><strong>me</strong></span> <span class='ocrx_word' id='word_1_123' title='bbox 1056 1681 1154 1738; x_wconf 84' lang='lat' dir='ltr'><strong>tibi</strong></span> <span class='ocrx_word' id='word_1_124' title='bbox 1187 1683 1483 1754; x_wconf 76' lang='lat' dir='ltr'><strong>scripsisse</strong></span> <span class='ocrx_word' id='word_1_125' title='bbox 1515 1681 1741 1756; x_wconf 90' lang='lat' dir='ltr'><strong>dignum</strong></span> <span class='ocrx_word' id='word_1_126' title='bbox 1778 1686 2108 1742; x_wconf 88' lang='lat' dir='ltr'><strong>contumelia</strong></span> 
     </span>
    </p>
   </div>
   <div class='ocr_carea' id='block_1_19' title="bbox 522 1770 2108 1842">
    <p class='ocr_par' dir='ltr' id='par_1_19' title="bbox 522 1770 2108 1842">
     <span class='ocr_line' id='line_1_19' title="bbox 522 1770 2108 1842; baseline 0.006 -17"><span class='ocrx_word' id='word_1_127' title='bbox 522 1770 870 1841; x_wconf 70' lang='lat' dir='ltr'><strong>ai‘iquatenus</strong></span> <span class='ocrx_word' id='word_1_128' title='bbox 890 1772 1144 1842; x_wconf 86' lang='lat' dir='ltr'><strong>probant.</strong></span> <span class='ocrx_word' id='word_1_129' title='bbox 1173 1775 1292 1840; x_wconf 87' lang='lat' dir='ltr'><strong>Qua</strong></span> <span class='ocrx_word' id='word_1_130' title='bbox 1319 1774 1386 1830; x_wconf 89' lang='lat' dir='ltr'><strong>de</strong></span> <span class='ocrx_word' id='word_1_131' title='bbox 1412 1791 1472 1830; x_wconf 92' lang='lat' dir='ltr'><strong>re</strong></span> <span class='ocrx_word' id='word_1_132' title='bbox 1507 1776 1756 1832; x_wconf 86' lang='lat' dir='ltr'><strong>nondum</strong></span> <span class='ocrx_word' id='word_1_133' title='bbox 1782 1778 1978 1834; x_wconf 83' lang='lat' dir='ltr'><strong>censui</strong></span> <span class='ocrx_word' id='word_1_134' title='bbox 1992 1793 2108 1835; x_wconf 88' lang='lat' dir='ltr'><strong>cre-</strong></span> 
     </span>
    </p>
   </div>
   <div class='ocr_carea' id='block_1_20' title="bbox 521 1862 2112 1938">
    <p class='ocr_par' dir='ltr' id='par_1_20' title="bbox 521 1862 2112 1938">
     <span class='ocr_line' id='line_1_20' title="bbox 521 1862 2112 1938; baseline 0.007 -21"><span class='ocrx_word' id='word_1_135' title='bbox 521 1862 759 1918; x_wconf 82' lang='lat' dir='ltr'><strong>dendum</strong></span> <span class='ocrx_word' id='word_1_136' title='bbox 807 1879 932 1920; x_wconf 88' lang='lat' dir='ltr'><strong>esse</strong></span> <span class='ocrx_word' id='word_1_137' title='bbox 965 1872 1047 1931; x_wconf 87' lang='lat' dir='ltr'><strong>te,</strong></span> <span class='ocrx_word' id='word_1_138' title='bbox 1087 1881 1273 1921; x_wconf 88' lang='lat' dir='ltr'><strong>meum</strong></span> <span class='ocrx_word' id='word_1_139' title='bbox 1332 1866 1585 1924; x_wconf 76' lang='lat' dir='ltr'><strong>videlicet</strong></span> <span class='ocrx_word' id='word_1_140' title='bbox 1617 1868 1861 1925; x_wconf 82' lang='lat' dir='ltr'><strong>amicum</strong></span> <span class='ocrx_word' id='word_1_141' title='bbox 1885 1909 1902 1938; x_wconf 91' lang='lat'><strong>,</strong></span> <span class='ocrx_word' id='word_1_142' title='bbox 1947 1886 2112 1928; x_wconf 76' lang='lat' dir='ltr'><strong>sacra.</strong></span> 
     </span>
    </p>
   </div>
   <div class='ocr_carea' id='block_1_21' title="bbox 523 1953 2114 2028">
    <p class='ocr_par' dir='ltr' id='par_1_21' title="bbox 523 1953 2114 2028">
     <span class='ocr_line' id='line_1_21' title="bbox 523 1953 2114 2028; baseline 0.006 -21"><span class='ocrx_word' id='word_1_143' title='bbox 523 1953 808 2025; x_wconf 80' lang='lat' dir='ltr'><strong>Scriptura</strong></span> <span class='ocrx_word' id='word_1_144' title='bbox 831 1963 948 2010; x_wconf 85' lang='lat' dir='ltr'><strong>tam</strong></span> <span class='ocrx_word' id='word_1_145' title='bbox 965 1956 1262 2023; x_wconf 88' lang='lat' dir='ltr'><strong>eruditum,</strong></span> <span class='ocrx_word' id='word_1_146' title='bbox 1286 1971 1532 2028; x_wconf 83' lang='lat' dir='ltr'><strong>unquam</strong></span> <span class='ocrx_word' id='word_1_147' title='bbox 1552 1959 1689 2014; x_wconf 87' lang='lat' dir='ltr'><strong>mihi</strong></span> <span class='ocrx_word' id='word_1_148' title='bbox 1708 1959 1874 2024; x_wconf 82' lang='lat' dir='ltr'><strong>talem</strong></span> <span class='ocrx_word' id='word_1_149' title='bbox 1904 1963 2114 2018; x_wconf 71' lang='lat' dir='ltr'><strong>rescri—</strong></span> 
     </span>
    </p>
   </div>
   <div class='ocr_carea' id='block_1_22' title="bbox 521 2045 2112 2119">
    <p class='ocr_par' dir='ltr' id='par_1_22' title="bbox 521 2045 2112 2119">
     <span class='ocr_line' id='line_1_22' title="bbox 521 2045 2112 2119; baseline 0.006 -18"><span class='ocrx_word' id='word_1_150' title='bbox 521 2045 700 2114; x_wconf 76' lang='lat' dir='ltr'><strong>psisse</strong></span> <span class='ocrx_word' id='word_1_151' title='bbox 723 2047 1033 2116; x_wconf 72' lang='lat' dir='ltr'><strong>epistolam,</strong></span> <span class='ocrx_word' id='word_1_152' title='bbox 1057 2063 1182 2119; x_wconf 80' lang='lat' dir='ltr'><strong>quae</strong></span> <span class='ocrx_word' id='word_1_153' title='bbox 1206 2056 1262 2104; x_wconf 91' lang='lat' dir='ltr'><strong>et</strong></span> <span class='ocrx_word' id='word_1_154' title='bbox 1288 2064 1396 2114; x_wconf 87' lang='lat' dir='ltr'><strong>me,</strong></span> <span class='ocrx_word' id='word_1_155' title='bbox 1422 2049 1548 2105; x_wconf 87' lang='lat' dir='ltr'><strong>licet</strong></span> <span class='ocrx_word' id='word_1_156' title='bbox 1575 2050 1726 2106; x_wconf 88' lang='lat' dir='ltr'><strong>nulla</strong></span> <span class='ocrx_word' id='word_1_157' title='bbox 1751 2052 1962 2109; x_wconf 81' lang='lat' dir='ltr'><strong>ratione</strong></span> <span class='ocrx_word' id='word_1_158' title='bbox 1980 2068 2112 2109; x_wconf 86' lang='lat' dir='ltr'><strong>con-</strong></span> 
     </span>
    </p>
   </div>
   <div class='ocr_carea' id='block_1_23' title="bbox 520 2137 2105 2214">
    <p class='ocr_par' dir='ltr' id='par_1_23' title="bbox 520 2137 2105 2214">
     <span class='ocr_line' id='line_1_23' title="bbox 520 2137 2105 2214; baseline 0.006 -22"><span class='ocrx_word' id='word_1_159' title='bbox 520 2138 746 2206; x_wconf 82' lang='lat' dir='ltr'><strong>victum,</strong></span> <span class='ocrx_word' id='word_1_160' title='bbox 776 2137 1199 2210; x_wconf 82' lang='lat' dir='ltr'><strong>blasphemaret,</strong></span> <span class='ocrx_word' id='word_1_161' title='bbox 1227 2157 1330 2197; x_wconf 89' lang='lat' dir='ltr'><strong>nec</strong></span> <span class='ocrx_word' id='word_1_162' title='bbox 1352 2150 1538 2204; x_wconf 84' lang='lat' dir='ltr'><strong>tamen</strong></span> <span class='ocrx_word' id='word_1_163' title='bbox 1566 2146 1719 2198; x_wconf 86' lang='lat' dir='ltr'><strong>tuam</strong></span> <span class='ocrx_word' id='word_1_164' title='bbox 1741 2153 1952 2214; x_wconf 83' lang='lat' dir='ltr'><strong>partem</strong></span> <span class='ocrx_word' id='word_1_165' title='bbox 1993 2147 2105 2200; x_wconf 87' lang='lat' dir='ltr'><strong>sal-</strong></span> 
     </span>
    </p>
   </div>
   <div class='ocr_carea' id='block_1_24' title="bbox 523 2231 2106 2308">
    <p class='ocr_par' dir='ltr' id='par_1_24' title="bbox 523 2231 2106 2308">
     <span class='ocr_line' id='line_1_24' title="bbox 523 2231 2106 2308; baseline 0.005 -23"><span class='ocrx_word' id='word_1_166' title='bbox 523 2239 633 2286; x_wconf 86' lang='lat' dir='ltr'><strong>tem</strong></span> <span class='ocrx_word' id='word_1_167' title='bbox 652 2232 838 2303; x_wconf 87' lang='lat' dir='ltr'><strong>aliquo</strong></span> <span class='ocrx_word' id='word_1_168' title='bbox 868 2233 1032 2289; x_wconf 86' lang='lat' dir='ltr'><strong>modo</strong></span> <span class='ocrx_word' id='word_1_169' title='bbox 1053 2233 1292 2304; x_wconf 73' lang='lat' dir='ltr'><strong>iuvaret.</strong></span> <span class='ocrx_word' id='word_1_170' title='bbox 1336 2231 1512 2300; x_wconf 87' lang='lat' dir='ltr'><strong>Quam</strong></span> <span class='ocrx_word' id='word_1_171' title='bbox 1540 2234 1679 2290; x_wconf 86' lang='lat' dir='ltr'><strong>satis</strong></span> <span class='ocrx_word' id='word_1_172' title='bbox 1699 2236 1978 2292; x_wconf 80' lang='lat' dir='ltr'><strong>evidenter</strong></span> <span class='ocrx_word' id='word_1_173' title='bbox 1997 2253 2106 2308; x_wconf 88' lang='lat' dir='ltr'><strong>qua</strong></span> 
     </span>
    </p>
   </div>
   <div class='ocr_carea' id='block_1_25' title="bbox 523 2322 2108 2395">
    <p class='ocr_par' dir='ltr' id='par_1_25' title="bbox 523 2322 2108 2395">
     <span class='ocr_line' id='line_1_25' title="bbox 523 2322 2108 2395; baseline 0.009 -20"><span class='ocrx_word' id='word_1_174' title='bbox 523 2322 831 2379; x_wconf 77' lang='lat' dir='ltr'><strong>invectione</strong></span> <span class='ocrx_word' id='word_1_175' title='bbox 871 2325 1033 2395; x_wconf 89' lang='lat' dir='ltr'><strong>digna</strong></span> <span class='ocrx_word' id='word_1_176' title='bbox 1067 2333 1220 2382; x_wconf 81' lang='lat' dir='ltr'><strong>esset</strong></span> <span class='ocrx_word' id='word_1_177' title='bbox 1262 2335 1647 2394; x_wconf 80' lang='lat' dir='ltr'><strong>monstrarem,</strong></span> <span class='ocrx_word' id='word_1_178' title='bbox 1685 2327 1733 2384; x_wconf 90' lang='lat' dir='ltr'><strong>si</strong></span> <span class='ocrx_word' id='word_1_179' title='bbox 1769 2343 1878 2384; x_wconf 93' lang='lat' dir='ltr'><strong>non</strong></span> <span class='ocrx_word' id='word_1_180' title='bbox 1918 2345 2040 2386; x_wconf 85' lang='lat' dir='ltr'><strong>eam</strong></span> <span class='ocrx_word' id='word_1_181' title='bbox 2073 2347 2108 2390; x_wconf 90' lang='lat' dir='ltr'><strong>a</strong></span> 
     </span>
    </p>
   </div>
   <div class='ocr_carea' id='block_1_26' title="bbox 522 2412 2112 2488">
    <p class='ocr_par' dir='ltr' id='par_1_26' title="bbox 522 2412 2112 2488">
     <span class='ocr_line' id='line_1_26' title="bbox 522 2412 2112 2488; baseline 0.009 -21"><span class='ocrx_word' id='word_1_182' title='bbox 522 2412 616 2468; x_wconf 85' lang='lat' dir='ltr'><strong>tali</strong></span> <span class='ocrx_word' id='word_1_183' title='bbox 645 2414 826 2471; x_wconf 88' lang='lat' dir='ltr'><strong>aico</strong></span> <span class='ocrx_word' id='word_1_184' title='bbox 845 2416 978 2470; x_wconf 89' lang='lat' dir='ltr'><strong>mihi</strong></span> <span class='ocrx_word' id='word_1_185' title='bbox 1005 2417 1388 2474; x_wconf 77' lang='lat' dir='ltr'><strong>transmissum</strong></span> <span class='ocrx_word' id='word_1_186' title='bbox 1410 2417 1766 2488; x_wconf 73' lang='lat' dir='ltr'><strong>accepissem.</strong></span> <span class='ocrx_word' id='word_1_187' title='bbox 1786 2418 1924 2486; x_wconf 84' lang='lat' dir='ltr'><strong>Quis</strong></span> <span class='ocrx_word' id='word_1_188' title='bbox 1943 2422 2112 2481; x_wconf 72' lang='lat' dir='ltr'><strong>.enim‘</strong></span> 
     </span>
    </p>
   </div>
   <div class='ocr_carea' id='block_1_27' title="bbox 521 2505 2112 2582">
    <p class='ocr_par' dir='ltr' id='par_1_27' title="bbox 521 2505 2112 2582">
     <span class='ocr_line' id='line_1_27' title="bbox 521 2505 2112 2582; baseline 0.005 -22"><span class='ocrx_word' id='word_1_189' title='bbox 521 2505 714 2563; x_wconf 85' lang='lat' dir='ltr'><strong>videre</strong></span> <span class='ocrx_word' id='word_1_190' title='bbox 729 2521 839 2562; x_wconf 88' lang='lat' dir='ltr'><strong>non</strong></span> <span class='ocrx_word' id='word_1_191' title='bbox 867 2508 1054 2563; x_wconf 33' lang='lat' dir='ltr'><strong>valeat.</strong></span> <span class='ocrx_word' id='word_1_192' title='bbox 1069 2525 1236 2580; x_wconf 87' lang='lat' dir='ltr'><strong>quam</strong></span> <span class='ocrx_word' id='word_1_193' title='bbox 1261 2509 1600 2582; x_wconf 72' lang='lat' dir='ltr'><strong>negligenter</strong></span> <span class='ocrx_word' id='word_1_194' title='bbox 1633 2511 1752 2582; x_wconf 81' lang='lat' dir='ltr'><strong>ipsa</strong></span> <span class='ocrx_word' id='word_1_195' title='bbox 1767 2520 1888 2568; x_wconf 69' lang='lat' dir='ltr'><strong>tuae</strong></span> <span class='ocrx_word' id='word_1_196' title='bbox 1912 2513 2112 2568; x_wconf 85' lang='lat' dir='ltr'><strong>volun-</strong></span> 
     </span>
    </p>
   </div>
   <div class='ocr_carea' id='block_1_28' title="bbox 522 2597 2113 2673">
    <p class='ocr_par' dir='ltr' id='par_1_28' title="bbox 522 2597 2113 2673">
     <span class='ocr_line' id='line_1_28' title="bbox 522 2597 2113 2673; baseline 0.005 -20"><span class='ocrx_word' id='word_1_197' title='bbox 522 2600 788 2654; x_wconf 30' lang='lat' dir='ltr'><strong>tati‘cum</strong></span> <span class='ocrx_word' id='word_1_198' title='bbox 836 2600 954 2656; x_wconf 83' lang='lat' dir='ltr'><strong>suis</strong></span> <span class='ocrx_word' id='word_1_199' title='bbox 997 2601 1250 2657; x_wconf 89' lang='lat' dir='ltr'><strong>obscuris</strong></span> <span class='ocrx_word' id='word_1_200' title='bbox 1291 2597 1616 2673; x_wconf 73' lang='lat' dir='ltr'><strong>ambagibus</strong></span> <span class='ocrx_word' id='word_1_201' title='bbox 1652 2603 1944 2670; x_wconf 76' lang='lat' dir='ltr'><strong>deserviat,</strong></span> <span class='ocrx_word' id='word_1_202' title='bbox 1981 2620 2113 2661; x_wconf 86' lang='lat' dir='ltr'><strong>cum</strong></span> 
     </span>
    </p>
   </div>
   <div class='ocr_carea' id='block_1_29' title="bbox 521 2691 2112 2766">
    <p class='ocr_par' dir='ltr' id='par_1_29' title="bbox 521 2691 2112 2766">
     <span class='ocr_line' id='line_1_29' title="bbox 521 2691 2112 2766; baseline 0.004 -20"><span class='ocrx_word' id='word_1_203' title='bbox 521 2691 710 2746; x_wconf 82' lang='lat' dir='ltr'><strong>eadem</strong></span> <span class='ocrx_word' id='word_1_204' title='bbox 737 2699 888 2746; x_wconf 86' lang='lat' dir='ltr'><strong>tuam</strong></span> <span class='ocrx_word' id='word_1_205' title='bbox 911 2692 1267 2748; x_wconf 83' lang='lat' dir='ltr'><strong>intentionem</strong></span> <span class='ocrx_word' id='word_1_206' title='bbox 1285 2709 1396 2748; x_wconf 87' lang='lat' dir='ltr'><strong>non</strong></span> <span class='ocrx_word' id='word_1_207' title='bbox 1415 2693 1763 2753; x_wconf 82' lang='lat' dir='ltr'><strong>solummodo</strong></span> <span class='ocrx_word' id='word_1_208' title='bbox 1782 2695 1920 2750; x_wconf 81' lang='lat' dir='ltr'><strong>nihil</strong></span> <span class='ocrx_word' id='word_1_209' title='bbox 1933 2695 2112 2766; x_wconf 63' lang='lat' dir='ltr'><strong>juvet,</strong></span> 
     </span>
    </p>
   </div>
   <div class='ocr_carea' id='block_1_30' title="bbox 521 2783 2111 2855">
    <p class='ocr_par' dir='ltr' id='par_1_30' title="bbox 521 2783 2111 2855">
     <span class='ocr_line' id='line_1_30' title="bbox 521 2783 2111 2855; baseline 0.004 -18"><span class='ocrx_word' id='word_1_210' title='bbox 521 2783 618 2837; x_wconf 76' lang='lat' dir='ltr'><strong>sed</strong></span> <span class='ocrx_word' id='word_1_211' title='bbox 645 2784 809 2837; x_wconf 78' lang='lat' dir='ltr'><strong>etiam</strong></span> <span class='ocrx_word' id='word_1_212' title='bbox 839 2799 1068 2854; x_wconf 84' lang='lat' dir='ltr'><strong>prorsus</strong></span> <span class='ocrx_word' id='word_1_213' title='bbox 1095 2784 1412 2855; x_wconf 77' lang='lat' dir='ltr'><strong>impugnet?</strong></span> <span class='ocrx_word' id='word_1_214' title='bbox 1446 2783 1656 2841; x_wconf 77' lang='lat' dir='ltr'><strong>[ndicat</strong></span> <span class='ocrx_word' id='word_1_215' title='bbox 1679 2785 1826 2842; x_wconf 87' lang='lat' dir='ltr'><strong>enim</strong></span> <span class='ocrx_word' id='word_1_216' title='bbox 1853 2794 1906 2842; x_wconf 80' lang='lat' dir='ltr'><strong>te</strong></span> <span class='ocrx_word' id='word_1_217' title='bbox 1927 2787 2111 2844; x_wconf 62' lang='lat' dir='ltr'><strong>nulla-s</strong></span> 
     </span>
    </p>
   </div>
   <div class='ocr_carea' id='block_1_31' title="bbox 520 2873 2109 2951">
    <p class='ocr_par' dir='ltr' id='par_1_31' title="bbox 520 2873 2109 2951">
     <span class='ocr_line' id='line_1_31' title="bbox 520 2873 2109 2951; baseline 0.006 -25"><span class='ocrx_word' id='word_1_218' title='bbox 520 2879 682 2951; x_wconf 74' lang='lat' dir='ltr'><strong>tenus</strong></span> <span class='ocrx_word' id='word_1_219' title='bbox 707 2881 1024 2929; x_wconf 85' lang='lat' dir='ltr'><strong>sanctorum</strong></span> <span class='ocrx_word' id='word_1_220' title='bbox 1065 2873 1290 2931; x_wconf 84' lang='lat' dir='ltr'><strong>Patrum</strong></span> <span class='ocrx_word' id='word_1_221' title='bbox 1319 2875 1538 2932; x_wconf 84' lang='lat' dir='ltr'><strong>decreta</strong></span> <span class='ocrx_word' id='word_1_222' title='bbox 1593 2878 1903 2948; x_wconf 84' lang='lat' dir='ltr'><strong>respuisse;</strong></span> <span class='ocrx_word' id='word_1_223' title='bbox 1939 2881 2109 2949; x_wconf 77' lang='lat' dir='ltr'><strong>unde,</strong></span> 
     </span>
    </p>
   </div>
   <div class='ocr_carea' id='block_1_32' title="bbox 520 2962 2109 3033">
    <p class='ocr_par' dir='ltr' id='par_1_32' title="bbox 520 2962 2109 3033">
     <span class='ocr_line' id='line_1_32' title="bbox 520 2962 2109 3033; baseline 0.006 -14"><span class='ocrx_word' id='word_1_224' title='bbox 520 2968 648 3019; x_wconf 70' lang='lat' dir='ltr'><strong>cum</strong></span> <span class='ocrx_word' id='word_1_225' title='bbox 680 2962 894 3021; x_wconf 78' lang='lat' dir='ltr'><strong>Veritas</strong></span> <span class='ocrx_word' id='word_1_226' title='bbox 919 2964 1148 3022; x_wconf 85' lang='lat' dir='ltr'><strong>aﬁirmet</strong></span> <span class='ocrx_word' id='word_1_227' title='bbox 1179 2985 1192 3022; x_wconf 92' lang='lat'>:</span> <span class='ocrx_word' id='word_1_228' title='bbox 1225 2966 1332 3033; x_wconf 83' lang='lat' dir='ltr'><strong>Qui</strong></span> <span class='ocrx_word' id='word_1_229' title='bbox 1358 2984 1462 3022; x_wconf 79' lang='lat' dir='ltr'><strong>non</strong></span> <span class='ocrx_word' id='word_1_230' title='bbox 1485 2977 1563 3024; x_wconf 78' lang='lat' dir='ltr'><strong>est</strong></span> <span class='ocrx_word' id='word_1_231' title='bbox 1591 2985 1795 3024; x_wconf 71' lang='lat' dir='ltr'><strong>mecum</strong></span> <span class='ocrx_word' id='word_1_232' title='bbox 1821 2980 2004 3026; x_wconf 75' lang='lat' dir='ltr'><strong>contra</strong></span> <span class='ocrx_word' id='word_1_233' title='bbox 2027 2989 2109 3028; x_wconf 78' lang='lat' dir='ltr'><strong>nu</strong></span> 
     </span>
    </p>
   </div>
   <div class='ocr_carea' id='block_1_33' title="bbox 518 3054 2177 3142">
    <p class='ocr_par' dir='ltr' id='par_1_33' title="bbox 518 3054 2177 3142">
     <span class='ocr_line' id='line_1_33' title="bbox 518 3054 2177 3142; baseline 0.007 -32"><span class='ocrx_word' id='word_1_234' title='bbox 518 3064 608 3110; x_wconf 75' lang='lat' dir='ltr'><strong>est</strong></span> <span class='ocrx_word' id='word_1_235' title='bbox 630 3054 849 3128; x_wconf 70' lang='lat' dir='ltr'><strong>(Matth.</strong></span> <span class='ocrx_word' id='word_1_236' title='bbox 882 3073 990 3125; x_wconf 73' lang='lat' dir='ltr'><strong>an;</strong></span> <span class='ocrx_word' id='word_1_237' title='bbox 1019 3057 1150 3113; x_wconf 81' lang='lat' dir='ltr'><strong>Luc.</strong></span> <span class='ocrx_word' id='word_1_238' title='bbox 1189 3061 1300 3130; x_wconf 78' lang='lat' dir='ltr'><strong>xi),</strong></span> <span class='ocrx_word' id='word_1_239' title='bbox 1327 3069 1382 3115; x_wconf 92' lang='lat' dir='ltr'><strong>et</strong></span> <span class='ocrx_word' id='word_1_240' title='bbox 1409 3068 1463 3116; x_wconf 87' lang='lat' dir='ltr'><strong>te</strong></span> <span class='ocrx_word' id='word_1_241' title='bbox 1494 3061 1685 3117; x_wconf 88' lang='lat' dir='ltr'><strong>eadem</strong></span> <span class='ocrx_word' id='word_1_242' title='bbox 1723 3064 2012 3134; x_wconf 86' lang='lat' dir='ltr'><strong>recepisse,</strong></span> <span class='ocrx_word' id='word_1_243' title='bbox 2053 3074 2110 3120; x_wconf 84' lang='lat' dir='ltr'><strong>et</strong></span> <span class='ocrx_word' id='word_1_244' title='bbox 2135 3084 2177 3142; x_wconf 75' lang='grc' dir='ltr'>ο</span> 
     </span>
    </p>
   </div>
   <div class='ocr_carea' id='block_1_34' title="bbox 451 3147 2110 3248">
    <p class='ocr_par' dir='ltr' id='par_1_34' title="bbox 451 3147 2110 3248">
     <span class='ocr_line' id='line_1_34' title="bbox 451 3147 2110 3248; baseline 0.002 -40"><span class='ocrx_word' id='word_1_245' title='bbox 451 3178 454 3180; x_wconf 59' lang='grc' dir='ltr'><strong><em>τ</em></strong></span> <span class='ocrx_word' id='word_1_246' title='bbox 652 3147 842 3226; x_wconf 73' lang='lat' dir='ltr'><strong>eadem</strong></span> <span class='ocrx_word' id='word_1_247' title='bbox 885 3157 940 3205; x_wconf 90' lang='lat' dir='ltr'><strong>te</strong></span> <span class='ocrx_word' id='word_1_248' title='bbox 976 3147 1267 3207; x_wconf 78' lang='lat' dir='ltr'><strong>Sozomeni</strong></span> <span class='ocrx_word' id='word_1_249' title='bbox 1306 3161 1472 3222; x_wconf 90' lang='lat' dir='ltr'><strong>caput</strong></span> <span class='ocrx_word' id='word_1_250' title='bbox 1503 3153 1755 3224; x_wconf 73' lang='lat' dir='ltr'><strong>probavit</strong></span> <span class='ocrx_word' id='word_1_251' title='bbox 1787 3155 2110 3234; x_wconf 82' lang='lat' dir='ltr'><strong>anathema-</strong></span> 
     </span>
    </p>
   </div>
   <div class='ocr_carea' id='block_1_35' title="bbox 523 3247 748 3295">
    <p class='ocr_par' dir='ltr' id='par_1_35' title="bbox 523 3247 748 3295">
     <span class='ocr_line' id='line_1_35' title="bbox 523 3247 748 3295; baseline 0.018 -4"><span class='ocrx_word' id='word_1_252' title='bbox 523 3247 748 3295; x_wconf 67' lang='lat'><strong>&quot;28538.</strong></span> 
     </span>
    </p>
   </div>
   <div class='ocr_carea' id='block_1_36' title="bbox 593 3348 2110 3432">
    <p class='ocr_par' dir='ltr' id='par_1_36' title="bbox 593 3348 2110 3432">
     <span class='ocr_line' id='line_1_36' title="bbox 593 3348 2110 3432; baseline 0.01 -27"><span class='ocrx_word' id='word_1_253' title='bbox 593 3348 863 3407; x_wconf 70' lang='lat' dir='ltr'><strong>Praeterea</strong></span> <span class='ocrx_word' id='word_1_254' title='bbox 884 3354 1279 3424; x_wconf 84' lang='lat' dir='ltr'><strong>multiplicibus</strong></span> <span class='ocrx_word' id='word_1_255' title='bbox 1305 3357 1492 3414; x_wconf 83' lang='lat' dir='ltr'><strong>verbis</strong></span> <span class='ocrx_word' id='word_1_256' title='bbox 1513 3361 1801 3416; x_wconf 82' lang='lat' dir='ltr'><strong>conﬁrmat</strong></span> <span class='ocrx_word' id='word_1_257' title='bbox 1839 3362 1956 3432; x_wconf 88' lang='lat' dir='ltr'><strong>ipsa</strong></span> <span class='ocrx_word' id='word_1_258' title='bbox 1993 3379 2110 3420; x_wconf 86' lang='lat' dir='ltr'><strong>rem</strong></span> 
     </span>
    </p>
   </div>
   <div class='ocr_carea' id='block_1_37' title="bbox 523 3443 2111 3524">
    <p class='ocr_par' dir='ltr' id='par_1_37' title="bbox 523 3443 2111 3524">
     <span class='ocr_line' id='line_1_37' title="bbox 523 3443 2111 3524; baseline 0.009 -27"><span class='ocrx_word' id='word_1_259' title='bbox 523 3443 767 3499; x_wconf 77' lang='lat' dir='ltr'><strong>nondum</strong></span> <span class='ocrx_word' id='word_1_260' title='bbox 792 3444 910 3516; x_wconf 88' lang='lat' dir='ltr'><strong>lege</strong></span> <span class='ocrx_word' id='word_1_261' title='bbox 946 3447 1279 3515; x_wconf 87' lang='lat' dir='ltr'><strong>prohibitam</strong></span> <span class='ocrx_word' id='word_1_262' title='bbox 1307 3451 1624 3506; x_wconf 78' lang='lat' dir='ltr'><strong>austeritate</strong></span> <span class='ocrx_word' id='word_1_263' title='bbox 1655 3452 1792 3524; x_wconf 86' lang='lat' dir='ltr'><strong>legis</strong></span> <span class='ocrx_word' id='word_1_264' title='bbox 1835 3469 1958 3511; x_wconf 88' lang='lat' dir='ltr'><strong>esse</strong></span> <span class='ocrx_word' id='word_1_265' title='bbox 1991 3455 2111 3511; x_wconf 84' lang='lat' dir='ltr'><strong>vin-</strong></span> 
     </span>
    </p>
   </div>
   <div class='ocr_carea' id='block_1_38' title="bbox 523 3533 2107 3614">
    <p class='ocr_par' dir='ltr' id='par_1_38' title="bbox 523 3533 2107 3614">
     <span class='ocr_line' id='line_1_38' title="bbox 523 3533 2107 3614; baseline 0.008 -24"><span class='ocrx_word' id='word_1_266' title='bbox 523 3533 834 3603; x_wconf 87' lang='lat' dir='ltr'><strong>dicandam,</strong></span> <span class='ocrx_word' id='word_1_267' title='bbox 857 3553 982 3592; x_wconf 91' lang='lat' dir='ltr'><strong>cum</strong></span> <span class='ocrx_word' id='word_1_268' title='bbox 1013 3539 1196 3608; x_wconf 88' lang='lat' dir='ltr'><strong>potius</strong></span> <span class='ocrx_word' id='word_1_269' title='bbox 1235 3548 1342 3596; x_wconf 72' lang='lat' dir='ltr'><strong>tua:</strong></span> <span class='ocrx_word' id='word_1_270' title='bbox 1384 3542 1525 3612; x_wconf 87' lang='lat' dir='ltr'><strong>parti</strong></span> <span class='ocrx_word' id='word_1_271' title='bbox 1565 3545 1930 3614; x_wconf 84' lang='lat' dir='ltr'><strong>convenisset,</strong></span> <span class='ocrx_word' id='word_1_272' title='bbox 1964 3547 2008 3602; x_wconf 91' lang='lat' dir='ltr'><strong>si</strong></span> <span class='ocrx_word' id='word_1_273' title='bbox 2053 3548 2107 3602; x_wconf 88' lang='lat' dir='ltr'><strong>in</strong></span> 
     </span>
    </p>
   </div>
   <div class='ocr_carea' id='block_1_39' title="bbox 525 3619 2109 3709">
    <p class='ocr_par' dir='ltr' id='par_1_39' title="bbox 525 3619 2109 3709">
     <span class='ocr_line' id='line_1_39' title="bbox 525 3619 2109 3709; baseline 0.011 -29"><span class='ocrx_word' id='word_1_274' title='bbox 525 3627 770 3683; x_wconf 89' lang='lat' dir='ltr'><strong>nondum</strong></span> <span class='ocrx_word' id='word_1_275' title='bbox 800 3629 917 3700; x_wconf 88' lang='lat' dir='ltr'><strong>lege</strong></span> <span class='ocrx_word' id='word_1_276' title='bbox 948 3630 1240 3699; x_wconf 89' lang='lat' dir='ltr'><strong>prohibitis</strong></span> <span class='ocrx_word' id='word_1_277' title='bbox 1268 3648 1377 3693; x_wconf 88' lang='lat' dir='ltr'><strong>non</strong></span> <span class='ocrx_word' id='word_1_278' title='bbox 1404 3619 1780 3696; x_wconf 84' lang='lat' dir='ltr'><strong>austeritatem</strong></span> <span class='ocrx_word' id='word_1_279' title='bbox 1815 3636 1972 3709; x_wconf 87' lang='lat' dir='ltr'><strong>legis,</strong></span> <span class='ocrx_word' id='word_1_280' title='bbox 2013 3639 2109 3697; x_wconf 86' lang='lat' dir='ltr'><strong>sed</strong></span> 
     </span>
    </p>
   </div>
   <div class='ocr_carea' id='block_1_40' title="bbox 523 3718 2108 3804">
    <p class='ocr_par' dir='ltr' id='par_1_40' title="bbox 523 3718 2108 3804">
     <span class='ocr_line' id='line_1_40' title="bbox 523 3718 2108 3804; baseline 0.009 -31"><span class='ocrx_word' id='word_1_281' title='bbox 523 3718 802 3775; x_wconf 87' lang='lat' dir='ltr'><strong>lenitatem</strong></span> <span class='ocrx_word' id='word_1_282' title='bbox 835 3724 1195 3804; x_wconf 74' lang='lat' dir='ltr'><strong>exercendam</strong></span> <span class='ocrx_word' id='word_1_283' title='bbox 1241 3725 1495 3804; x_wconf 79' lang='lat' dir='ltr'><strong>dixisset.</strong></span> <span class='ocrx_word' id='word_1_284' title='bbox 1533 3725 1691 3794; x_wconf 84' lang='lat' dir='ltr'><strong>Quod</strong></span> <span class='ocrx_word' id='word_1_285' title='bbox 1735 3728 1928 3804; x_wconf 87' lang='lat' dir='ltr'><strong>saltem</strong></span> <span class='ocrx_word' id='word_1_286' title='bbox 1959 3739 2108 3788; x_wconf 86' lang='lat' dir='ltr'><strong>tuam</strong></span> 
     </span>
    </p>
   </div>
   <div class='ocr_carea' id='block_1_41' title="bbox 524 3799 2110 3892">
    <p class='ocr_par' dir='ltr' id='par_1_41' title="bbox 524 3799 2110 3892">
     <span class='ocr_line' id='line_1_41' title="bbox 524 3799 2110 3892; baseline 0.007 -26"><span class='ocrx_word' id='word_1_287' title='bbox 524 3819 735 3881; x_wconf 83' lang='lat' dir='ltr'><strong>partem</strong></span> <span class='ocrx_word' id='word_1_288' title='bbox 763 3807 872 3868; x_wconf 87' lang='lat' dir='ltr'><strong>non</strong></span> <span class='ocrx_word' id='word_1_289' title='bbox 908 3814 1043 3871; x_wconf 86' lang='lat' dir='ltr'><strong>adeo</strong></span> <span class='ocrx_word' id='word_1_290' title='bbox 1065 3799 1430 3888; x_wconf 73' lang='lat' dir='ltr'><strong>impugnaret,</strong></span> <span class='ocrx_word' id='word_1_291' title='bbox 1461 3803 1744 3875; x_wconf 12' lang='lat' dir='ltr'><strong>licet’ea‘m</strong></span> <span class='ocrx_word' id='word_1_292' title='bbox 1782 3802 1928 3876; x_wconf 82' lang='lat' dir='ltr'><strong>nihil</strong></span> <span class='ocrx_word' id='word_1_293' title='bbox 1951 3806 2110 3892; x_wconf 85' lang='lat' dir='ltr'><strong>peni-</strong></span> 
     </span>
    </p>
   </div>
   <div class='ocr_carea' id='block_1_42' title="bbox 524 3904 2110 3986">
    <p class='ocr_par' dir='ltr' id='par_1_42' title="bbox 524 3904 2110 3986">
     <span class='ocr_line' id='line_1_42' title="bbox 524 3904 2110 3986; baseline 0.008 -28"><span class='ocrx_word' id='word_1_294' title='bbox 524 3911 616 3960; x_wconf 85' lang='lat' dir='ltr'><strong>tus</strong></span> <span class='ocrx_word' id='word_1_295' title='bbox 639 3904 801 3976; x_wconf 87' lang='lat' dir='ltr'><strong>adjici</strong></span> <span class='ocrx_word' id='word_1_296' title='bbox 836 3905 998 3974; x_wconf 88' lang='lat' dir='ltr'><strong>valet,</strong></span> <span class='ocrx_word' id='word_1_297' title='bbox 1045 3923 1172 3963; x_wconf 92' lang='lat' dir='ltr'><strong>cum</strong></span> <span class='ocrx_word' id='word_1_298' title='bbox 1209 3924 1298 3965; x_wconf 88' lang='lat' dir='ltr'><strong>res</strong></span> <span class='ocrx_word' id='word_1_299' title='bbox 1327 3909 1382 3965; x_wconf 92' lang='lat' dir='ltr'><strong>in</strong></span> <span class='ocrx_word' id='word_1_300' title='bbox 1429 3926 1538 3982; x_wconf 90' lang='lat' dir='ltr'><strong>qua</strong></span> <span class='ocrx_word' id='word_1_301' title='bbox 1579 3912 1897 3982; x_wconf 68' lang='lat' dir='ltr'><strong>prmdictum</strong></span> <span class='ocrx_word' id='word_1_302' title='bbox 1944 3924 2110 3986; x_wconf 75' lang='lat' dir='ltr'><strong>caput</strong></span> 
     </span>
    </p>
   </div>
   <div class='ocr_carea' id='block_1_43' title="bbox 520 3995 2110 4073">
    <p class='ocr_par' dir='ltr' id='par_1_43' title="bbox 520 3995 2110 4073">
     <span class='ocr_line' id='line_1_43' title="bbox 520 3995 2110 4073; baseline 0.008 -21"><span class='ocrx_word' id='word_1_303' title='bbox 520 3995 698 4068; x_wconf 81' lang='lat' dir='ltr'><strong>legem</strong></span> <span class='ocrx_word' id='word_1_304' title='bbox 733 4013 840 4054; x_wconf 90' lang='lat' dir='ltr'><strong>non</strong></span> <span class='ocrx_word' id='word_1_305' title='bbox 883 3997 1006 4055; x_wconf 87' lang='lat' dir='ltr'><strong>dico</strong></span> <span class='ocrx_word' id='word_1_306' title='bbox 1043 3999 1312 4072; x_wconf 73' lang='lat' dir='ltr'><strong>mitigare,</strong></span> <span class='ocrx_word' id='word_1_307' title='bbox 1339 4001 1432 4059; x_wconf 85' lang='lat' dir='ltr'><strong>sed</strong></span> <span class='ocrx_word' id='word_1_308' title='bbox 1467 4018 1694 4073; x_wconf 89' lang='lat' dir='ltr'><strong>prorsus</strong></span> <span class='ocrx_word' id='word_1_309' title='bbox 1718 4005 2003 4062; x_wconf 86' lang='lat' dir='ltr'><strong>annullare</strong></span> <span class='ocrx_word' id='word_1_310' title='bbox 2021 4024 2110 4064; x_wconf 91' lang='lat' dir='ltr'><strong>co-</strong></span> 
     </span>
    </p>
   </div>
   <div class='ocr_carea' id='block_1_44' title="bbox 523 4089 2108 4169">
    <p class='ocr_par' dir='ltr' id='par_1_44' title="bbox 523 4089 2108 4169">
     <span class='ocr_line' id='line_1_44' title="bbox 523 4089 2108 4169; baseline 0.007 -26"><span class='ocrx_word' id='word_1_311' title='bbox 523 4090 707 4158; x_wconf 79' lang='lat' dir='ltr'><strong>natur,</strong></span> <span class='ocrx_word' id='word_1_312' title='bbox 733 4089 900 4146; x_wconf 86' lang='lat' dir='ltr'><strong>etiam</strong></span> <span class='ocrx_word' id='word_1_313' title='bbox 921 4099 1050 4147; x_wconf 83' lang='lat' dir='ltr'><strong>ante</strong></span> <span class='ocrx_word' id='word_1_314' title='bbox 1073 4106 1136 4148; x_wconf 89' lang='lat' dir='ltr'><strong>cc</strong></span> <span class='ocrx_word' id='word_1_315' title='bbox 1169 4104 1346 4149; x_wconf 87' lang='lat' dir='ltr'><strong>annos</strong></span> <span class='ocrx_word' id='word_1_316' title='bbox 1373 4101 1430 4149; x_wconf 90' lang='lat' dir='ltr'><strong>et</strong></span> <span class='ocrx_word' id='word_1_317' title='bbox 1463 4095 1813 4166; x_wconf 77' lang='lat' dir='ltr'><strong>eoamplius,</strong></span> <span class='ocrx_word' id='word_1_318' title='bbox 1859 4097 1915 4152; x_wconf 93' lang='lat' dir='ltr'><strong>in</strong></span> <span class='ocrx_word' id='word_1_319' title='bbox 1945 4114 2108 4169; x_wconf 82' lang='lat' dir='ltr'><strong>gene-</strong></span> 
     </span>
    </p>
   </div>
   <div class='ocr_carea' id='block_1_45' title="bbox 521 4179 2104 4256">
    <p class='ocr_par' dir='ltr' id='par_1_45' title="bbox 521 4179 2104 4256">
     <span class='ocr_line' id='line_1_45' title="bbox 521 4179 2104 4256; baseline 0.009 -24"><span class='ocrx_word' id='word_1_320' title='bbox 521 4179 624 4234; x_wconf 87' lang='lat' dir='ltr'><strong>rali</strong></span> <span class='ocrx_word' id='word_1_321' title='bbox 663 4181 872 4254; x_wconf 75' lang='lat' dir='ltr'><strong>synodo</strong></span> <span class='ocrx_word' id='word_1_322' title='bbox 935 4182 1182 4256; x_wconf 90' lang='lat' dir='ltr'><strong>legaliter</strong></span> <span class='ocrx_word' id='word_1_323' title='bbox 1252 4185 1356 4240; x_wconf 91' lang='lat' dir='ltr'><strong>sub</strong></span> <span class='ocrx_word' id='word_1_324' title='bbox 1419 4187 1767 4244; x_wconf 85' lang='lat' dir='ltr'><strong>anathemate</strong></span> <span class='ocrx_word' id='word_1_325' title='bbox 1817 4188 2104 4246; x_wconf 83' lang='lat' dir='ltr'><strong>interdicta</strong></span> 
     </span>
    </p>
   </div>
   <div class='ocr_carea' id='block_1_46' title="bbox 519 4268 753 4342">
    <p class='ocr_par' dir='ltr' id='par_1_46' title="bbox 519 4268 753 4342">
     <span class='ocr_line' id='line_1_46' title="bbox 519 4268 753 4342; baseline 0.026 -20"><span class='ocrx_word' id='word_1_326' title='bbox 519 4268 753 4342; x_wconf 85' lang='lat' dir='ltr'><strong>legatur.</strong></span> 
     </span>
    </p>
   </div>
   <div class='ocr_carea' id='block_1_47' title="bbox 2211 479 3797 552">
    <p class='ocr_par' dir='ltr' id='par_1_47' title="bbox 2211 479 3797 552">
     <span class='ocr_line' id='line_1_47' title="bbox 2211 479 3797 552; baseline -0.001 -16"><span class='ocrx_word' id='word_1_327' title='bbox 2211 489 2402 536; x_wconf 74' lang='lat' dir='ltr'><strong>eantm</strong></span> <span class='ocrx_word' id='word_1_328' title='bbox 2437 481 2726 536; x_wconf 70' lang='lat' dir='ltr'><strong>sanctitate</strong></span> <span class='ocrx_word' id='word_1_329' title='bbox 2747 496 2938 536; x_wconf 90' lang='lat' dir='ltr'><strong>eorum</strong></span> <span class='ocrx_word' id='word_1_330' title='bbox 2965 481 3296 552; x_wconf 85' lang='lat' dir='ltr'><strong>recipiantur</strong></span> <span class='ocrx_word' id='word_1_331' title='bbox 3318 481 3546 547; x_wconf 68' lang='lat' dir='ltr'><strong>naeniae;</strong></span> <span class='ocrx_word' id='word_1_332' title='bbox 3582 479 3682 536; x_wconf 83' lang='lat' dir='ltr'><strong>sed</strong></span> <span class='ocrx_word' id='word_1_333' title='bbox 3714 479 3797 534; x_wconf 86' lang='lat' dir='ltr'><strong>in-</strong></span> 
     </span>
    </p>
   </div>
   <div class='ocr_carea' id='block_1_48' title="bbox 2212 571 3797 642">
    <p class='ocr_par' dir='ltr' id='par_1_48' title="bbox 2212 571 3797 642">
     <span class='ocr_line' id='line_1_48' title="bbox 2212 571 3797 642; baseline -0.003 -13"><span class='ocrx_word' id='word_1_334' title='bbox 2212 586 2454 628; x_wconf 80' lang='lat' dir='ltr'><strong>cassum.</strong></span> <span class='ocrx_word' id='word_1_335' title='bbox 2487 571 2703 640; x_wconf 89' lang='lat' dir='ltr'><strong>Quanto</strong></span> <span class='ocrx_word' id='word_1_336' title='bbox 2729 571 2875 628; x_wconf 89' lang='lat' dir='ltr'><strong>enim</strong></span> <span class='ocrx_word' id='word_1_337' title='bbox 2916 573 3096 628; x_wconf 85' lang='lat' dir='ltr'><strong>minus</strong></span> <span class='ocrx_word' id='word_1_338' title='bbox 3122 573 3188 628; x_wconf 91' lang='lat' dir='ltr'><strong>de</strong></span> <span class='ocrx_word' id='word_1_339' title='bbox 3221 587 3409 627; x_wconf 84' lang='lat' dir='ltr'><strong>earum</strong></span> <span class='ocrx_word' id='word_1_340' title='bbox 3431 585 3797 642; x_wconf 86' lang='lat' dir='ltr'><strong>personarum</strong></span> 
     </span>
    </p>
   </div>
   <div class='ocr_carea' id='block_1_49' title="bbox 2213 663 3798 737">
    <p class='ocr_par' dir='ltr' id='par_1_49' title="bbox 2213 663 3798 737">
     <span class='ocr_line' id='line_1_49' title="bbox 2213 663 3798 737; baseline -0.002 -17"><span class='ocrx_word' id='word_1_341' title='bbox 2213 665 2500 724; x_wconf 83' lang='lat' dir='ltr'><strong>sanctitate</strong></span> <span class='ocrx_word' id='word_1_342' title='bbox 2533 665 2875 731; x_wconf 86' lang='lat' dir='ltr'><strong>dubitamus,</strong></span> <span class='ocrx_word' id='word_1_343' title='bbox 2921 673 3075 720; x_wconf 90' lang='lat' dir='ltr'><strong>tanto</strong></span> <span class='ocrx_word' id='word_1_344' title='bbox 3111 666 3287 737; x_wconf 81' lang='lat' dir='ltr'><strong>magis</strong></span> <span class='ocrx_word' id='word_1_345' title='bbox 3326 665 3534 720; x_wconf 65' lang='lat' dir='ltr'><strong>naenias</strong></span> <span class='ocrx_word' id='word_1_346' title='bbox 3600 663 3798 720; x_wconf 83' lang='lat' dir='ltr'><strong>iisdem</strong></span> 
     </span>
    </p>
   </div>
   <div class='ocr_carea' id='block_1_50' title="bbox 2212 753 3798 827">
    <p class='ocr_par' dir='ltr' id='par_1_50' title="bbox 2212 753 3798 827">
     <span class='ocr_line' id='line_1_50' title="bbox 2212 753 3798 827; baseline -0.001 -17"><span class='ocrx_word' id='word_1_347' title='bbox 2212 756 2482 827; x_wconf 84' lang='lat' dir='ltr'><strong>ascriptas</strong></span> <span class='ocrx_word' id='word_1_348' title='bbox 2513 755 2793 819; x_wconf 79' lang='lat' dir='ltr'><strong>canonicis</strong></span> <span class='ocrx_word' id='word_1_349' title='bbox 2815 755 3248 812; x_wconf 84' lang='lat' dir='ltr'><strong>institutionibus</strong></span> <span class='ocrx_word' id='word_1_350' title='bbox 3280 755 3586 812; x_wconf 79' lang='lat' dir='ltr'><strong>contrarias</strong></span> <span class='ocrx_word' id='word_1_351' title='bbox 3614 753 3798 811; x_wconf 83' lang='lat' dir='ltr'><strong>credi-</strong></span> 
     </span>
    </p>
   </div>
   <div class='ocr_carea' id='block_1_51' title="bbox 2211 845 3801 918">
    <p class='ocr_par' dir='ltr' id='par_1_51' title="bbox 2211 845 3801 918">
     <span class='ocr_line' id='line_1_51' title="bbox 2211 845 3801 918; baseline -0.001 -16"><span class='ocrx_word' id='word_1_352' title='bbox 2211 863 2338 903; x_wconf 89' lang='lat' dir='ltr'><strong>mus</strong></span> <span class='ocrx_word' id='word_1_353' title='bbox 2357 862 2480 904; x_wconf 89' lang='lat' dir='ltr'><strong>esse</strong></span> <span class='ocrx_word' id='word_1_354' title='bbox 2502 846 2688 904; x_wconf 87' lang='lat' dir='ltr'><strong>falsas.</strong></span> <span class='ocrx_word' id='word_1_355' title='bbox 2716 845 2963 903; x_wconf 84' lang='lat' dir='ltr'><strong>Transeo</strong></span> <span class='ocrx_word' id='word_1_356' title='bbox 2984 857 3165 902; x_wconf 87' lang='lat' dir='ltr'><strong>autem</strong></span> <span class='ocrx_word' id='word_1_357' title='bbox 3187 847 3362 918; x_wconf 88' lang='lat' dir='ltr'><strong>ipsius</strong></span> <span class='ocrx_word' id='word_1_358' title='bbox 3381 847 3626 917; x_wconf 70' lang='lat' dir='ltr'><strong>epistola:</strong></span> <span class='ocrx_word' id='word_1_359' title='bbox 3664 862 3801 901; x_wconf 82' lang='lat' dir='ltr'><strong>con-</strong></span> 
     </span>
    </p>
   </div>
   <div class='ocr_carea' id='block_1_52' title="bbox 2206 935 3802 1011">
    <p class='ocr_par' dir='ltr' id='par_1_52' title="bbox 2206 935 3802 1011">
     <span class='ocr_line' id='line_1_52' title="bbox 2206 935 3802 1011; baseline -0.001 -17"><span class='ocrx_word' id='word_1_360' title='bbox 2206 939 2448 1010; x_wconf 77' lang='lat' dir='ltr'><strong>jecturas</strong></span> <span class='ocrx_word' id='word_1_361' title='bbox 2467 980 2482 1006; x_wconf 90' lang='lat'><strong>,</strong></span> <span class='ocrx_word' id='word_1_362' title='bbox 2510 939 2568 994; x_wconf 89' lang='lat' dir='ltr'><strong>in</strong></span> <span class='ocrx_word' id='word_1_363' title='bbox 2597 939 2797 1011; x_wconf 82' lang='lat' dir='ltr'><strong>quibus</strong></span> <span class='ocrx_word' id='word_1_364' title='bbox 2817 955 2924 1010; x_wconf 91' lang='lat' dir='ltr'><strong>qua</strong></span> <span class='ocrx_word' id='word_1_365' title='bbox 2944 935 3234 995; x_wconf 79' lang='lat' dir='ltr'><strong>Occasione</strong></span> <span class='ocrx_word' id='word_1_366' title='bbox 3270 939 3586 1009; x_wconf 66' lang='lat' dir='ltr'><strong>praedictum</strong></span> <span class='ocrx_word' id='word_1_367' title='bbox 3634 944 3802 1007; x_wconf 79' lang='lat' dir='ltr'><strong>caput</strong></span> 
     </span>
    </p>
   </div>
   <div class='ocr_carea' id='block_1_53' title="bbox 2213 1027 3800 1100">
    <p class='ocr_par' dir='ltr' id='par_1_53' title="bbox 2213 1027 3800 1100">
     <span class='ocr_line' id='line_1_53' title="bbox 2213 1027 3800 1100; baseline -0.003 -15"><span class='ocrx_word' id='word_1_368' title='bbox 2213 1029 2285 1085; x_wconf 87' lang='lat' dir='ltr'><strong>sit</strong></span> <span class='ocrx_word' id='word_1_369' title='bbox 2311 1031 2602 1085; x_wconf 74' lang='lat' dir='ltr'><strong>conﬁctum</strong></span> <span class='ocrx_word' id='word_1_370' title='bbox 2643 1030 2780 1086; x_wconf 88' lang='lat' dir='ltr'><strong>satis</strong></span> <span class='ocrx_word' id='word_1_371' title='bbox 2830 1039 2991 1086; x_wconf 85' lang='lat' dir='ltr'><strong>caute</strong></span> <span class='ocrx_word' id='word_1_372' title='bbox 3032 1030 3332 1095; x_wconf 84' lang='lat' dir='ltr'><strong>dubitatur,</strong></span> <span class='ocrx_word' id='word_1_373' title='bbox 3371 1030 3627 1100; x_wconf 78' lang='lat' dir='ltr'><strong>quamvis</strong></span> <span class='ocrx_word' id='word_1_374' title='bbox 3660 1027 3800 1083; x_wconf 81' lang='lat' dir='ltr'><strong>nihil</strong></span> 
     </span>
    </p>
   </div>
   <div class='ocr_carea' id='block_1_54' title="bbox 2211 1119 3796 1192">
    <p class='ocr_par' dir='ltr' id='par_1_54' title="bbox 2211 1119 3796 1192">
     <span class='ocr_line' id='line_1_54' title="bbox 2211 1119 3796 1192; baseline -0.001 -16"><span class='ocrx_word' id='word_1_375' title='bbox 2211 1119 2425 1177; x_wconf 89' lang='lat' dir='ltr'><strong>intersit</strong></span> <span class='ocrx_word' id='word_1_376' title='bbox 2454 1122 2729 1178; x_wconf 84' lang='lat' dir='ltr'><strong>invenisse</strong></span> <span class='ocrx_word' id='word_1_377' title='bbox 2777 1138 2880 1178; x_wconf 89' lang='lat' dir='ltr'><strong>cur</strong></span> <span class='ocrx_word' id='word_1_378' title='bbox 2912 1121 2984 1177; x_wconf 90' lang='lat' dir='ltr'><strong>sit</strong></span> <span class='ocrx_word' id='word_1_379' title='bbox 3040 1121 3431 1192; x_wconf 85' lang='lat' dir='ltr'><strong>conscriptum,</strong></span> <span class='ocrx_word' id='word_1_380' title='bbox 3473 1136 3599 1176; x_wconf 90' lang='lat' dir='ltr'><strong>cum</strong></span> <span class='ocrx_word' id='word_1_381' title='bbox 3653 1121 3796 1175; x_wconf 85' lang='lat' dir='ltr'><strong>idem</strong></span> 
     </span>
    </p>
   </div>
   <div class='ocr_carea' id='block_1_55' title="bbox 2213 1210 3799 1285">
    <p class='ocr_par' dir='ltr' id='par_1_55' title="bbox 2213 1210 3799 1285">
     <span class='ocr_line' id='line_1_55' title="bbox 2213 1210 3799 1285; baseline -0.002 -19"><span class='ocrx_word' id='word_1_382' title='bbox 2213 1210 2392 1283; x_wconf 85' lang='lat' dir='ltr'><strong>ipsum</strong></span> <span class='ocrx_word' id='word_1_383' title='bbox 2438 1227 2611 1269; x_wconf 72' lang='lat' dir='ltr'><strong>sacrm</strong></span> <span class='ocrx_word' id='word_1_384' title='bbox 2671 1211 2970 1285; x_wconf 71' lang='lat' dir='ltr'><strong>Scriptura:</strong></span> <span class='ocrx_word' id='word_1_385' title='bbox 3023 1210 3312 1268; x_wconf 84' lang='lat' dir='ltr'><strong>adversari</strong></span> <span class='ocrx_word' id='word_1_386' title='bbox 3368 1212 3674 1268; x_wconf 69' lang='lat' dir='ltr'><strong>certissime</strong></span> <span class='ocrx_word' id='word_1_387' title='bbox 3730 1211 3799 1265; x_wconf 77' lang='lat' dir='ltr'><strong>sit</strong></span> 
     </span>
    </p>
   </div>
   <div class='ocr_carea' id='block_1_56' title="bbox 2210 1298 3502 1372">
    <p class='ocr_par' dir='ltr' id='par_1_56' title="bbox 2210 1298 3502 1372">
     <span class='ocr_line' id='line_1_56' title="bbox 2210 1298 3502 1372; baseline 0.005 -17"><span class='ocrx_word' id='word_1_388' title='bbox 2210 1298 2518 1372; x_wconf 85' lang='lat' dir='ltr'><strong>probatum.</strong></span> <span class='ocrx_word' id='word_1_389' title='bbox 3499 1320 3502 1322; x_wconf 74' lang='lat'><em>‘</em></span> 
     </span>
    </p>
   </div>
   <div class='ocr_carea' id='block_1_57' title="bbox 2280 1385 3796 1465">
    <p class='ocr_par' dir='ltr' id='par_1_57' title="bbox 2280 1385 3796 1465">
     <span class='ocr_line' id='line_1_57' title="bbox 2280 1385 3796 1465; baseline -0.002 -15"><span class='ocrx_word' id='word_1_390' title='bbox 2280 1391 2558 1460; x_wconf 84' lang='lat' dir='ltr'><strong>Quantum</strong></span> <span class='ocrx_word' id='word_1_391' title='bbox 2598 1409 2730 1450; x_wconf 89' lang='lat' dir='ltr'><strong>vero</strong></span> <span class='ocrx_word' id='word_1_392' title='bbox 2762 1393 2886 1465; x_wconf 84' lang='lat' dir='ltr'><strong>ipsa</strong></span> <span class='ocrx_word' id='word_1_393' title='bbox 2911 1391 3149 1465; x_wconf 74' lang='lat' dir='ltr'><strong>epistola</strong></span> <span class='ocrx_word' id='word_1_394' title='bbox 3183 1385 3421 1462; x_wconf 81' lang='lat' dir='ltr'><strong>devicta</strong></span> <span class='ocrx_word' id='word_1_395' title='bbox 3478 1393 3704 1448; x_wconf 82' lang='lat' dir='ltr'><strong>veritate</strong></span> <span class='ocrx_word' id='word_1_396' title='bbox 3743 1394 3796 1447; x_wconf 91' lang='lat' dir='ltr'><strong>in</strong></span> 
     </span>
    </p>
   </div>
   <div class='ocr_carea' id='block_1_58' title="bbox 2209 1479 3796 1557">
    <p class='ocr_par' dir='ltr' id='par_1_58' title="bbox 2209 1479 3796 1557">
     <span class='ocr_line' id='line_1_58' title="bbox 2209 1479 3796 1557; baseline -0.001 -17"><span class='ocrx_word' id='word_1_397' title='bbox 2209 1483 2533 1542; x_wconf 85' lang='lat' dir='ltr'><strong>diaconibus</strong></span> <span class='ocrx_word' id='word_1_398' title='bbox 2554 1484 2772 1554; x_wconf 62' lang='lat' dir='ltr'><strong>Siciliae,</strong></span> <span class='ocrx_word' id='word_1_399' title='bbox 2798 1501 2865 1542; x_wconf 83' lang='lat' dir='ltr'><strong>ex</strong></span> <span class='ocrx_word' id='word_1_400' title='bbox 2889 1479 3108 1557; x_wconf 83' lang='lat' dir='ltr'><strong>scriptis</strong></span> <span class='ocrx_word' id='word_1_401' title='bbox 3138 1485 3282 1541; x_wconf 89' lang='lat' dir='ltr'><strong>beati</strong></span> <span class='ocrx_word' id='word_1_402' title='bbox 3306 1483 3557 1555; x_wconf 87' lang='lat' dir='ltr'><strong>Gregorii</strong></span> <span class='ocrx_word' id='word_1_403' title='bbox 3591 1485 3796 1554; x_wconf 89' lang='lat' dir='ltr'><strong>poteris</strong></span> 
     </span>
    </p>
   </div>
   <div class='ocr_carea' id='block_1_59' title="bbox 2210 1574 3795 1647">
    <p class='ocr_par' dir='ltr' id='par_1_59' title="bbox 2210 1574 3795 1647">
     <span class='ocr_line' id='line_1_59' title="bbox 2210 1574 3795 1647; baseline -0.003 -15"><span class='ocrx_word' id='word_1_404' title='bbox 2210 1575 2494 1647; x_wconf 90' lang='lat' dir='ltr'><strong>colligere;</strong></span> <span class='ocrx_word' id='word_1_405' title='bbox 2523 1592 2555 1631; x_wconf 92' lang='lat' dir='ltr'><strong>a</strong></span> <span class='ocrx_word' id='word_1_406' title='bbox 2575 1576 2777 1647; x_wconf 88' lang='lat' dir='ltr'><strong>quibus</strong></span> <span class='ocrx_word' id='word_1_407' title='bbox 2807 1576 2962 1632; x_wconf 90' lang='lat' dir='ltr'><strong>mein</strong></span> <span class='ocrx_word' id='word_1_408' title='bbox 2984 1575 3291 1632; x_wconf 88' lang='lat' dir='ltr'><strong>rationibus</strong></span> <span class='ocrx_word' id='word_1_409' title='bbox 3314 1576 3454 1630; x_wconf 88' lang='lat' dir='ltr'><strong>meis</strong></span> <span class='ocrx_word' id='word_1_410' title='bbox 3483 1574 3795 1630; x_wconf 84' lang='lat' dir='ltr'><strong>nullatenus</strong></span> 
     </span>
    </p>
   </div>
   <div class='ocr_carea' id='block_1_60' title="bbox 2208 1666 3792 1739">
    <p class='ocr_par' dir='ltr' id='par_1_60' title="bbox 2208 1666 3792 1739">
     <span class='ocr_line' id='line_1_60' title="bbox 2208 1666 3792 1739; baseline -0.001 -17"><span class='ocrx_word' id='word_1_411' title='bbox 2208 1667 2458 1724; x_wconf 83' lang='lat' dir='ltr'><strong>deviasse</strong></span> <span class='ocrx_word' id='word_1_412' title='bbox 2505 1667 2772 1739; x_wconf 73' lang='lat' dir='ltr'><strong>iudicabit</strong></span> <span class='ocrx_word' id='word_1_413' title='bbox 2832 1667 3147 1739; x_wconf 89' lang='lat' dir='ltr'><strong>quicunque</strong></span> <span class='ocrx_word' id='word_1_414' title='bbox 3196 1667 3418 1723; x_wconf 87' lang='lat' dir='ltr'><strong>easdem</strong></span> <span class='ocrx_word' id='word_1_415' title='bbox 3477 1675 3533 1721; x_wconf 86' lang='lat' dir='ltr'><strong>et</strong></span> <span class='ocrx_word' id='word_1_416' title='bbox 3596 1666 3792 1737; x_wconf 87' lang='lat' dir='ltr'><strong>scripta</strong></span> 
     </span>
    </p>
   </div>
   <div class='ocr_carea' id='block_1_61' title="bbox 2208 1757 3795 1831">
    <p class='ocr_par' dir='ltr' id='par_1_61' title="bbox 2208 1757 3795 1831">
     <span class='ocr_line' id='line_1_61' title="bbox 2208 1757 3795 1831; baseline -0.001 -17"><span class='ocrx_word' id='word_1_417' title='bbox 2208 1759 2351 1814; x_wconf 89' lang='lat' dir='ltr'><strong>beati</strong></span> <span class='ocrx_word' id='word_1_418' title='bbox 2375 1757 2626 1831; x_wconf 87' lang='lat' dir='ltr'><strong>Gregorii</strong></span> <span class='ocrx_word' id='word_1_419' title='bbox 2660 1758 2892 1815; x_wconf 88' lang='lat' dir='ltr'><strong>ﬁdeliter</strong></span> <span class='ocrx_word' id='word_1_420' title='bbox 2930 1757 3322 1826; x_wconf 87' lang='lat' dir='ltr'><strong>considerabit;</strong></span> <span class='ocrx_word' id='word_1_421' title='bbox 3372 1771 3476 1812; x_wconf 91' lang='lat' dir='ltr'><strong>nec</strong></span> <span class='ocrx_word' id='word_1_422' title='bbox 3524 1757 3670 1814; x_wconf 80' lang='lat' dir='ltr'><strong>dicet</strong></span> <span class='ocrx_word' id='word_1_423' title='bbox 3710 1772 3795 1812; x_wconf 84' lang='lat' dir='ltr'><strong>me</strong></span> 
     </span>
    </p>
   </div>
   <div class='ocr_carea' id='block_1_62' title="bbox 2205 1835 3794 1924">
    <p class='ocr_par' dir='ltr' id='par_1_62' title="bbox 2205 1835 3794 1924">
     <span class='ocr_line' id='line_1_62' title="bbox 2205 1835 3794 1924; baseline -0.002 -18"><span class='ocrx_word' id='word_1_424' title='bbox 2205 1849 2412 1907; x_wconf 82' lang='lat' dir='ltr'><strong>dixisse</strong></span> <span class='ocrx_word' id='word_1_425' title='bbox 2440 1851 2586 1922; x_wconf 93' lang='lat' dir='ltr'><strong>quod</strong></span> <span class='ocrx_word' id='word_1_426' title='bbox 2619 1860 2844 1908; x_wconf 86' lang='lat' dir='ltr'><strong>sanctus</strong></span> <span class='ocrx_word' id='word_1_427' title='bbox 2873 1835 3170 1924; x_wconf 83' lang='lat' dir='ltr'><strong>Gregorius</strong></span> <span class='ocrx_word' id='word_1_428' title='bbox 3201 1849 3662 1906; x_wconf 87' lang='lat' dir='ltr'><strong>incontinentiam</strong></span> <span class='ocrx_word' id='word_1_429' title='bbox 3685 1849 3794 1905; x_wconf 83' lang='lat' dir='ltr'><strong>dia-</strong></span> 
     </span>
    </p>
   </div>
   <div class='ocr_carea' id='block_1_63' title="bbox 2206 1937 3794 2014">
    <p class='ocr_par' dir='ltr' id='par_1_63' title="bbox 2206 1937 3794 2014">
     <span class='ocr_line' id='line_1_63' title="bbox 2206 1937 3794 2014; baseline -0.001 -16"><span class='ocrx_word' id='word_1_430' title='bbox 2206 1957 2472 1999; x_wconf 90' lang='lat' dir='ltr'><strong>conorum</strong></span> <span class='ocrx_word' id='word_1_431' title='bbox 2522 1942 2724 2000; x_wconf 64' lang='lat' dir='ltr'><strong>Siciliae</strong></span> <span class='ocrx_word' id='word_1_432' title='bbox 2761 1937 2860 2014; x_wconf 82' lang='lat' dir='ltr'><strong>per</strong></span> <span class='ocrx_word' id='word_1_433' title='bbox 2894 1942 3313 2014; x_wconf 85' lang='lat' dir='ltr'><strong>suspensionem</strong></span> <span class='ocrx_word' id='word_1_434' title='bbox 3356 1940 3545 2010; x_wconf 72' lang='lat' dir='ltr'><strong>omcii,</strong></span> <span class='ocrx_word' id='word_1_435' title='bbox 3577 1943 3672 1998; x_wconf 87' lang='lat' dir='ltr'><strong>sed</strong></span> <span class='ocrx_word' id='word_1_436' title='bbox 3701 1957 3794 2012; x_wconf 83' lang='lat' dir='ltr'><strong>per</strong></span> 
     </span>
    </p>
   </div>
   <div class='ocr_carea' id='block_1_64' title="bbox 2207 2033 3793 2106">
    <p class='ocr_par' dir='ltr' id='par_1_64' title="bbox 2207 2033 3793 2106">
     <span class='ocr_line' id='line_1_64' title="bbox 2207 2033 3793 2106; baseline 0 -16"><span class='ocrx_word' id='word_1_437' title='bbox 2207 2033 2635 2104; x_wconf 88' lang='lat' dir='ltr'><strong>prohibitionem</strong></span> <span class='ocrx_word' id='word_1_438' title='bbox 2685 2034 2988 2105; x_wconf 89' lang='lat' dir='ltr'><strong>superioris</strong></span> <span class='ocrx_word' id='word_1_439' title='bbox 3027 2035 3228 2106; x_wconf 87' lang='lat' dir='ltr'><strong>gradus</strong></span> <span class='ocrx_word' id='word_1_440' title='bbox 3274 2033 3644 2101; x_wconf 80' lang='lat' dir='ltr'><strong>vindicasset;</strong></span> <span class='ocrx_word' id='word_1_441' title='bbox 3699 2050 3793 2090; x_wconf 87' lang='lat' dir='ltr'><strong>nec</strong></span> 
     </span>
    </p>
   </div>
   <div class='ocr_carea' id='block_1_65' title="bbox 2206 2113 3798 2199">
    <p class='ocr_par' dir='ltr' id='par_1_65' title="bbox 2206 2113 3798 2199">
     <span class='ocr_line' id='line_1_65' title="bbox 2206 2113 3798 2199; baseline 0.001 -18"><span class='ocrx_word' id='word_1_442' title='bbox 2206 2125 2351 2182; x_wconf 88' lang='lat' dir='ltr'><strong>dicet</strong></span> <span class='ocrx_word' id='word_1_443' title='bbox 2372 2125 2430 2181; x_wconf 94' lang='lat' dir='ltr'><strong>S.</strong></span> <span class='ocrx_word' id='word_1_444' title='bbox 2445 2124 2768 2199; x_wconf 78' lang='lat' dir='ltr'><strong>Gregorium</strong></span> <span class='ocrx_word' id='word_1_445' title='bbox 2785 2127 2860 2182; x_wconf 90' lang='lat' dir='ltr'><strong>ibi</strong></span> <span class='ocrx_word' id='word_1_446' title='bbox 2881 2125 3087 2182; x_wconf 88' lang='lat' dir='ltr'><strong>eisdem</strong></span> <span class='ocrx_word' id='word_1_447' title='bbox 3108 2125 3434 2182; x_wconf 89' lang='lat' dir='ltr'><strong>diaconibus</strong></span> <span class='ocrx_word' id='word_1_448' title='bbox 3453 2113 3798 2183; x_wconf 79' lang='lat' dir='ltr'><strong>concessisse</strong></span> 
     </span>
    </p>
   </div>
   <div class='ocr_carea' id='block_1_66' title="bbox 2208 2217 3788 2276">
    <p class='ocr_par' dir='ltr' id='par_1_66' title="bbox 2208 2217 3788 2276">
     <span class='ocr_line' id='line_1_66' title="bbox 2208 2217 3788 2276; baseline 0.001 -3"><span class='ocrx_word' id='word_1_449' title='bbox 2208 2227 2268 2273; x_wconf 85' lang='lat' dir='ltr'><strong>ut</strong></span> <span class='ocrx_word' id='word_1_450' title='bbox 2293 2217 2446 2274; x_wconf 88' lang='lat' dir='ltr'><strong>altari</strong></span> <span class='ocrx_word' id='word_1_451' title='bbox 2471 2219 2785 2276; x_wconf 90' lang='lat' dir='ltr'><strong>ministrare</strong></span> <span class='ocrx_word' id='word_1_452' title='bbox 2810 2217 3068 2274; x_wconf 90' lang='lat' dir='ltr'><strong>deberent</strong></span> <span class='ocrx_word' id='word_1_453' title='bbox 3109 2218 3157 2274; x_wconf 89' lang='lat' dir='ltr'><strong>si</strong></span> <span class='ocrx_word' id='word_1_454' title='bbox 3182 2233 3241 2274; x_wconf 91' lang='lat' dir='ltr'><strong>se</strong></span> <span class='ocrx_word' id='word_1_455' title='bbox 3278 2219 3390 2273; x_wconf 87' lang='lat' dir='ltr'><strong>non</strong></span> <span class='ocrx_word' id='word_1_456' title='bbox 3429 2219 3788 2275; x_wconf 79' lang='lat' dir='ltr'><strong>continerent.</strong></span> 
     </span>
    </p>
   </div>
   <div class='ocr_carea' id='block_1_67' title="bbox 2207 2295 3792 2382">
    <p class='ocr_par' dir='ltr' id='par_1_67' title="bbox 2207 2295 3792 2382">
     <span class='ocr_line' id='line_1_67' title="bbox 2207 2295 3792 2382; baseline -0.001 -17"><span class='ocrx_word' id='word_1_457' title='bbox 2207 2308 2354 2365; x_wconf 74' lang='lat' dir='ltr'><strong>idem</strong></span> <span class='ocrx_word' id='word_1_458' title='bbox 2382 2310 2546 2365; x_wconf 82' lang='lat' dir='ltr'><strong>etiam</strong></span> <span class='ocrx_word' id='word_1_459' title='bbox 2576 2307 2761 2366; x_wconf 76' lang='lat' dir='ltr'><strong>videre</strong></span> <span class='ocrx_word' id='word_1_460' title='bbox 2783 2301 3002 2381; x_wconf 83' lang='lat' dir='ltr'><strong>poterit,</strong></span> <span class='ocrx_word' id='word_1_461' title='bbox 3027 2295 3084 2364; x_wconf 87' lang='lat' dir='ltr'><strong>S.</strong></span> <span class='ocrx_word' id='word_1_462' title='bbox 3101 2298 3430 2382; x_wconf 85' lang='lat' dir='ltr'><strong>Gregorium</strong></span> <span class='ocrx_word' id='word_1_463' title='bbox 3454 2310 3792 2365; x_wconf 83' lang='lat' dir='ltr'><strong>continentes</strong></span> 
     </span>
    </p>
   </div>
   <div class='ocr_carea' id='block_1_68' title="bbox 2211 2388 3790 2475">
    <p class='ocr_par' dir='ltr' id='par_1_68' title="bbox 2211 2388 3790 2475">
     <span class='ocr_line' id='line_1_68' title="bbox 2211 2388 3790 2475; baseline -0.001 -19"><span class='ocrx_word' id='word_1_464' title='bbox 2211 2400 2410 2457; x_wconf 59' lang='lat' dir='ltr'><strong>Sicilia</strong></span> <span class='ocrx_word' id='word_1_465' title='bbox 2432 2401 2690 2475; x_wconf 79' lang='lat' dir='ltr'><strong>diacpnes</strong></span> <span class='ocrx_word' id='word_1_466' title='bbox 2708 2388 2815 2474; x_wconf 80' lang='lat' dir='ltr'><strong>pro</strong></span> <span class='ocrx_word' id='word_1_467' title='bbox 2835 2401 3188 2467; x_wconf 87' lang='lat' dir='ltr'><strong>continentia,</strong></span> <span class='ocrx_word' id='word_1_468' title='bbox 3203 2413 3312 2455; x_wconf 93' lang='lat' dir='ltr'><strong>non</strong></span> <span class='ocrx_word' id='word_1_469' title='bbox 3337 2415 3444 2471; x_wconf 91' lang='lat' dir='ltr'><strong>pro</strong></span> <span class='ocrx_word' id='word_1_470' title='bbox 3470 2400 3790 2456; x_wconf 77' lang='lat' dir='ltr'><strong>feminarum</strong></span> 
     </span>
    </p>
   </div>
   <div class='ocr_carea' id='block_1_69' title="bbox 2209 2489 3682 2564">
    <p class='ocr_par' dir='ltr' id='par_1_69' title="bbox 2209 2489 3682 2564">
     <span class='ocr_line' id='line_1_69' title="bbox 2209 2489 3682 2564; baseline -0.001 -16"><span class='ocrx_word' id='word_1_471' title='bbox 2209 2489 2631 2563; x_wconf 83' lang='lat' dir='ltr'><strong>cohabitatione,</strong></span> <span class='ocrx_word' id='word_1_472' title='bbox 2649 2494 2953 2550; x_wconf 85' lang='lat' dir='ltr'><strong>laudandos</strong></span> <span class='ocrx_word' id='word_1_473' title='bbox 2964 2491 3366 2564; x_wconf 86' lang='lat' dir='ltr'><strong>pronuntiasse.</strong></span> <span class='ocrx_word' id='word_1_474' title='bbox 3395 2495 3398 2498; x_wconf 81' lang='grc'><strong>’</strong></span> <span class='ocrx_word' id='word_1_475' title='bbox 3675 2502 3682 2508; x_wconf 82' lang='grc'><em>’</em></span> 
     </span>
    </p>
   </div>
   <div class='ocr_carea' id='block_1_70' title="bbox 2217 2574 3792 2655">
    <p class='ocr_par' dir='ltr' id='par_1_70' title="bbox 2217 2574 3792 2655">
     <span class='ocr_line' id='line_1_70' title="bbox 2217 2574 3792 2655; baseline 0.002 -19"><span class='ocrx_word' id='word_1_476' title='bbox 2217 2597 2222 2600; x_wconf 92' lang='grc'><strong>·</strong></span> <span class='ocrx_word' id='word_1_477' title='bbox 2278 2581 2435 2650; x_wconf 87' lang='lat' dir='ltr'><strong>Quod</strong></span> <span class='ocrx_word' id='word_1_478' title='bbox 2464 2593 2644 2640; x_wconf 87' lang='lat' dir='ltr'><strong>autem</strong></span> <span class='ocrx_word' id='word_1_479' title='bbox 2668 2585 2924 2655; x_wconf 88' lang='lat' dir='ltr'><strong>deinceps</strong></span> <span class='ocrx_word' id='word_1_480' title='bbox 2949 2574 3145 2639; x_wconf 64' lang='lat' dir='ltr'><strong>litterae</strong></span> <span class='ocrx_word' id='word_1_481' title='bbox 3165 2599 3196 2637; x_wconf 89' lang='lat' dir='ltr'><strong>a</strong></span> <span class='ocrx_word' id='word_1_482' title='bbox 3221 2591 3273 2639; x_wconf 90' lang='lat' dir='ltr'><strong>te</strong></span> <span class='ocrx_word' id='word_1_483' title='bbox 3293 2581 3430 2638; x_wconf 88' lang='lat' dir='ltr'><strong>mihi</strong></span> <span class='ocrx_word' id='word_1_484' title='bbox 3461 2582 3792 2639; x_wconf 66' lang='lat' dir='ltr'><strong>transmissa!</strong></span> 
     </span>
    </p>
   </div>
   <div class='ocr_carea' id='block_1_71' title="bbox 2209 2673 3791 2750">
    <p class='ocr_par' dir='ltr' id='par_1_71' title="bbox 2209 2673 3791 2750">
     <span class='ocr_line' id='line_1_71' title="bbox 2209 2673 3791 2750; baseline 0.001 -22"><span class='ocrx_word' id='word_1_485' title='bbox 2209 2673 2278 2729; x_wconf 90' lang='lat' dir='ltr'><strong>de</strong></span> <span class='ocrx_word' id='word_1_486' title='bbox 2303 2673 2599 2746; x_wconf 86' lang='lat' dir='ltr'><strong>Tripartita</strong></span> <span class='ocrx_word' id='word_1_487' title='bbox 2626 2676 2839 2748; x_wconf 88' lang='lat' dir='ltr'><strong>ﬁngunt</strong></span> <span class='ocrx_word' id='word_1_488' title='bbox 2858 2675 3108 2743; x_wconf 89' lang='lat' dir='ltr'><strong>historia,</strong></span> <span class='ocrx_word' id='word_1_489' title='bbox 3132 2673 3394 2750; x_wconf 68' lang='lat' dir='ltr'><strong>nccipsa:</strong></span> <span class='ocrx_word' id='word_1_490' title='bbox 3418 2674 3679 2731; x_wconf 79' lang='lat' dir='ltr'><strong>videntur</strong></span> <span class='ocrx_word' id='word_1_491' title='bbox 3703 2691 3791 2729; x_wconf 80' lang='lat' dir='ltr'><strong>ex-</strong></span> 
     </span>
    </p>
   </div>
   <div class='ocr_carea' id='block_1_72' title="bbox 2209 2763 3794 2838">
    <p class='ocr_par' dir='ltr' id='par_1_72' title="bbox 2209 2763 3794 2838">
     <span class='ocr_line' id='line_1_72' title="bbox 2209 2763 3794 2838; baseline 0.002 -20"><span class='ocrx_word' id='word_1_492' title='bbox 2209 2763 2473 2834; x_wconf 85' lang='lat' dir='ltr'><strong>plicasse;</strong></span> <span class='ocrx_word' id='word_1_493' title='bbox 2500 2764 2556 2820; x_wconf 91' lang='lat' dir='ltr'><strong>in</strong></span> <span class='ocrx_word' id='word_1_494' title='bbox 2578 2763 2682 2838; x_wconf 85' lang='lat' dir='ltr'><strong>qua</strong></span> <span class='ocrx_word' id='word_1_495' title='bbox 2696 2766 3009 2824; x_wconf 85' lang='lat' dir='ltr'><strong>nullatenus</strong></span> <span class='ocrx_word' id='word_1_496' title='bbox 3029 2767 3234 2837; x_wconf 88' lang='lat' dir='ltr'><strong>aliquid</strong></span> <span class='ocrx_word' id='word_1_497' title='bbox 3251 2767 3659 2838; x_wconf 77' lang='lat' dir='ltr'><strong>repudiandum</strong></span> 
     </span>
    </p>
   </div>
   <div class='ocr_carea' id='block_1_73' title="bbox 2209 2849 3792 2929">
    <p class='ocr_par' dir='ltr' id='par_1_73' title="bbox 2209 2849 3792 2929">
     <span class='ocr_line' id='line_1_73' title="bbox 2209 2849 3792 2929; baseline 0.001 -18"><span class='ocrx_word' id='word_1_498' title='bbox 2209 2849 2420 2925; x_wconf 86' lang='lat' dir='ltr'><strong>censui,</strong></span> <span class='ocrx_word' id='word_1_499' title='bbox 2450 2854 2554 2914; x_wconf 88' lang='lat' dir='ltr'><strong>nisi</strong></span> <span class='ocrx_word' id='word_1_500' title='bbox 2567 2859 2714 2929; x_wconf 89' lang='lat' dir='ltr'><strong>quod</strong></span> <span class='ocrx_word' id='word_1_501' title='bbox 2729 2874 2761 2913; x_wconf 90' lang='lat' dir='ltr'><strong>a</strong></span> <span class='ocrx_word' id='word_1_502' title='bbox 2776 2859 2979 2915; x_wconf 88' lang='lat' dir='ltr'><strong>sanctis</strong></span> <span class='ocrx_word' id='word_1_503' title='bbox 3002 2855 3266 2914; x_wconf 76' lang='lat' dir='ltr'><strong>Patribus</strong></span> <span class='ocrx_word' id='word_1_504' title='bbox 3277 2859 3792 2913; x_wconf 84' lang='lat' dir='ltr'><strong>anathematizatum</strong></span> 
     </span>
    </p>
   </div>
   <div class='ocr_carea' id='block_1_74' title="bbox 2210 2948 3793 3022">
    <p class='ocr_par' dir='ltr' id='par_1_74' title="bbox 2210 2948 3793 3022">
     <span class='ocr_line' id='line_1_74' title="bbox 2210 2948 3793 3022; baseline -0.001 -18"><span class='ocrx_word' id='word_1_505' title='bbox 2210 2949 2453 3019; x_wconf 81' lang='lat' dir='ltr'><strong>recipere</strong></span> <span class='ocrx_word' id='word_1_506' title='bbox 2493 2965 2603 3006; x_wconf 90' lang='lat' dir='ltr'><strong>non</strong></span> <span class='ocrx_word' id='word_1_507' title='bbox 2635 2951 2979 3022; x_wconf 61' lang='lat' dir='ltr'><strong>praesumpsi.</strong></span> <span class='ocrx_word' id='word_1_508' title='bbox 3009 2948 3203 3006; x_wconf 85' lang='lat' dir='ltr'><strong>Postea</strong></span> <span class='ocrx_word' id='word_1_509' title='bbox 3227 2965 3359 3006; x_wconf 86' lang='lat' dir='ltr'><strong>vero</strong></span> <span class='ocrx_word' id='word_1_510' title='bbox 3390 2951 3528 3022; x_wconf 64' lang='lat' dir='ltr'><strong>ipsa</strong></span> <span class='ocrx_word' id='word_1_511' title='bbox 3552 2966 3664 3006; x_wconf 93' lang='lat' dir='ltr'><strong>non</strong></span> <span class='ocrx_word' id='word_1_512' title='bbox 3697 2950 3793 3004; x_wconf 69' lang='lat' dir='ltr'><strong>alio</strong></span> 
     </span>
    </p>
   </div>
   <div class='ocr_carea' id='block_1_75' title="bbox 2209 3041 3793 3114">
    <p class='ocr_par' dir='ltr' id='par_1_75' title="bbox 2209 3041 3793 3114">
     <span class='ocr_line' id='line_1_75' title="bbox 2209 3041 3793 3114; baseline 0.002 -21"><span class='ocrx_word' id='word_1_513' title='bbox 2209 3051 2316 3110; x_wconf 91' lang='lat' dir='ltr'><strong>qna</strong></span> <span class='ocrx_word' id='word_1_514' title='bbox 2344 3041 2556 3096; x_wconf 88' lang='lat' dir='ltr'><strong>ratione</strong></span> <span class='ocrx_word' id='word_1_515' title='bbox 2603 3041 2856 3112; x_wconf 87' lang='lat' dir='ltr'><strong>probant,</strong></span> <span class='ocrx_word' id='word_1_516' title='bbox 2907 3041 3000 3097; x_wconf 89' lang='lat' dir='ltr'><strong>sed</strong></span> <span class='ocrx_word' id='word_1_517' title='bbox 3032 3050 3245 3096; x_wconf 88' lang='lat' dir='ltr'><strong>tantum</strong></span> <span class='ocrx_word' id='word_1_518' title='bbox 3281 3043 3623 3098; x_wconf 82' lang='lat' dir='ltr'><strong>verbotenus</strong></span> <span class='ocrx_word' id='word_1_519' title='bbox 3673 3057 3793 3114; x_wconf 92' lang='lat' dir='ltr'><strong>pro-</strong></span> 
     </span>
    </p>
   </div>
   <div class='ocr_carea' id='block_1_76' title="bbox 2214 3131 3796 3204">
    <p class='ocr_par' dir='ltr' id='par_1_76' title="bbox 2214 3131 3796 3204">
     <span class='ocr_line' id='line_1_76' title="bbox 2214 3131 3796 3204; baseline 0.003 -20"><span class='ocrx_word' id='word_1_520' title='bbox 2214 3132 2467 3186; x_wconf 89' lang='lat' dir='ltr'><strong>nuntiant</strong></span> <span class='ocrx_word' id='word_1_521' title='bbox 2495 3148 2582 3188; x_wconf 92' lang='lat' dir='ltr'><strong>me</strong></span> <span class='ocrx_word' id='word_1_522' title='bbox 2609 3133 2795 3189; x_wconf 91' lang='lat' dir='ltr'><strong>nescio</strong></span> <span class='ocrx_word' id='word_1_523' title='bbox 2815 3131 2947 3204; x_wconf 88' lang='lat' dir='ltr'><strong>quid</strong></span> <span class='ocrx_word' id='word_1_524' title='bbox 2969 3142 3157 3189; x_wconf 88' lang='lat' dir='ltr'><strong>contra</strong></span> <span class='ocrx_word' id='word_1_525' title='bbox 3174 3133 3527 3189; x_wconf 87' lang='lat' dir='ltr'><strong>sacerdotum</strong></span> <span class='ocrx_word' id='word_1_526' title='bbox 3553 3133 3796 3188; x_wconf 72' lang='lat' dir='ltr'><strong>ordinem</strong></span> 
     </span>
    </p>
   </div>
   <div class='ocr_carea' id='block_1_77' title="bbox 2212 3224 3791 3298">
    <p class='ocr_par' dir='ltr' id='par_1_77' title="bbox 2212 3224 3791 3298">
     <span class='ocr_line' id='line_1_77' title="bbox 2212 3224 3791 3298; baseline 0.001 -19"><span class='ocrx_word' id='word_1_527' title='bbox 2212 3224 2533 3294; x_wconf 88' lang='lat' dir='ltr'><strong>protulisse;</strong></span> <span class='ocrx_word' id='word_1_528' title='bbox 2549 3239 2674 3280; x_wconf 92' lang='lat' dir='ltr'><strong>cum</strong></span> <span class='ocrx_word' id='word_1_529' title='bbox 2699 3241 2800 3281; x_wconf 89' lang='lat' dir='ltr'><strong>nec</strong></span> <span class='ocrx_word' id='word_1_530' title='bbox 2820 3225 3021 3281; x_wconf 58' lang='lat' dir='ltr'><strong>eadem</strong></span> <span class='ocrx_word' id='word_1_531' title='bbox 3046 3225 3235 3281; x_wconf 84' lang='lat' dir='ltr'><strong>saltem</strong></span> <span class='ocrx_word' id='word_1_532' title='bbox 3250 3235 3444 3280; x_wconf 88' lang='lat' dir='ltr'><strong>contra</strong></span> <span class='ocrx_word' id='word_1_533' title='bbox 3468 3235 3543 3294; x_wconf 86' lang='lat' dir='ltr'><strong>te,</strong></span> <span class='ocrx_word' id='word_1_534' title='bbox 3557 3226 3627 3281; x_wconf 88' lang='lat' dir='ltr'><strong>ad</strong></span> <span class='ocrx_word' id='word_1_535' title='bbox 3639 3243 3791 3298; x_wconf 82' lang='lat' dir='ltr'><strong>quem</strong></span> 
     </span>
    </p>
   </div>
   <div class='ocr_carea' id='block_1_78' title="bbox 2211 3315 3793 3388">
    <p class='ocr_par' dir='ltr' id='par_1_78' title="bbox 2211 3315 3793 3388">
     <span class='ocr_line' id='line_1_78' title="bbox 2211 3315 3793 3388; baseline 0.003 -19"><span class='ocrx_word' id='word_1_536' title='bbox 2211 3315 2521 3384; x_wconf 89' lang='lat' dir='ltr'><strong>specialiter</strong></span> <span class='ocrx_word' id='word_1_537' title='bbox 2553 3315 2772 3386; x_wconf 88' lang='lat' dir='ltr'><strong>scripsi,</strong></span> <span class='ocrx_word' id='word_1_538' title='bbox 2809 3331 2896 3371; x_wconf 91' lang='lat' dir='ltr'><strong>me</strong></span> <span class='ocrx_word' id='word_1_539' title='bbox 2923 3316 3138 3388; x_wconf 84' lang='lat' dir='ltr'><strong>aliquod</strong></span> <span class='ocrx_word' id='word_1_540' title='bbox 3163 3316 3570 3387; x_wconf 84' lang='lat' dir='ltr'><strong>reprobandum</strong></span> <span class='ocrx_word' id='word_1_541' title='bbox 3603 3319 3688 3373; x_wconf 82' lang='lat' dir='ltr'><strong>vel</strong></span> <span class='ocrx_word' id='word_1_542' title='bbox 3709 3328 3793 3373; x_wconf 86' lang='lat' dir='ltr'><strong>tua</strong></span> 
     </span>
    </p>
   </div>
   <div class='ocr_carea' id='block_1_79' title="bbox 2211 3405 3787 3480">
    <p class='ocr_par' dir='ltr' id='par_1_79' title="bbox 2211 3405 3787 3480">
     <span class='ocr_line' id='line_1_79' title="bbox 2211 3405 3787 3480; baseline 0.003 -19"><span class='ocrx_word' id='word_1_543' title='bbox 2211 3405 2514 3463; x_wconf 86' lang='lat' dir='ltr'><strong>oﬁ‘ensione</strong></span> <span class='ocrx_word' id='word_1_544' title='bbox 2535 3407 2758 3478; x_wconf 86' lang='lat' dir='ltr'><strong>dignum</strong></span> <span class='ocrx_word' id='word_1_545' title='bbox 2784 3407 3127 3479; x_wconf 88' lang='lat' dir='ltr'><strong>aliquatenus</strong></span> <span class='ocrx_word' id='word_1_546' title='bbox 3151 3409 3383 3480; x_wconf 85' lang='lat' dir='ltr'><strong>probent</strong></span> <span class='ocrx_word' id='word_1_547' title='bbox 3399 3408 3630 3467; x_wconf 76' lang='lat' dir='ltr'><strong>dixisse.</strong></span> <span class='ocrx_word' id='word_1_548' title='bbox 3659 3407 3787 3466; x_wconf 70' lang='lat' dir='ltr'><strong>Non</strong></span> 
     </span>
    </p>
   </div>
   <div class='ocr_carea' id='block_1_80' title="bbox 2211 3498 3789 3574">
    <p class='ocr_par' dir='ltr' id='par_1_80' title="bbox 2211 3498 3789 3574">
     <span class='ocr_line' id='line_1_80' title="bbox 2211 3498 3789 3574; baseline 0.003 -22"><span class='ocrx_word' id='word_1_549' title='bbox 2211 3498 2344 3568; x_wconf 91' lang='lat' dir='ltr'><strong>quid</strong></span> <span class='ocrx_word' id='word_1_550' title='bbox 2385 3499 2531 3554; x_wconf 91' lang='lat' dir='ltr'><strong>cnim</strong></span> <span class='ocrx_word' id='word_1_551' title='bbox 2580 3500 2775 3555; x_wconf 90' lang='lat' dir='ltr'><strong>merito</strong></span> <span class='ocrx_word' id='word_1_552' title='bbox 2809 3509 2862 3556; x_wconf 91' lang='lat' dir='ltr'><strong>te</strong></span> <span class='ocrx_word' id='word_1_553' title='bbox 2898 3501 2980 3556; x_wconf 85' lang='lat' dir='ltr'><strong>vel</strong></span> <span class='ocrx_word' id='word_1_554' title='bbox 3022 3499 3142 3556; x_wconf 87' lang='lat' dir='ltr'><strong>illos</strong></span> <span class='ocrx_word' id='word_1_555' title='bbox 3169 3500 3413 3568; x_wconf 73' lang='lat' dir='ltr'><strong>oﬁ‘endit,</strong></span> <span class='ocrx_word' id='word_1_556' title='bbox 3441 3501 3491 3557; x_wconf 85' lang='lat' dir='ltr'><strong>si</strong></span> <span class='ocrx_word' id='word_1_557' title='bbox 3543 3517 3646 3574; x_wconf 87' lang='lat' dir='ltr'><strong>ego</strong></span> <span class='ocrx_word' id='word_1_558' title='bbox 3689 3517 3789 3557; x_wconf 88' lang='lat' dir='ltr'><strong>non</strong></span> 
     </span>
    </p>
   </div>
   <div class='ocr_carea' id='block_1_81' title="bbox 2211 3588 3788 3663">
    <p class='ocr_par' dir='ltr' id='par_1_81' title="bbox 2211 3588 3788 3663">
     <span class='ocr_line' id='line_1_81' title="bbox 2211 3588 3788 3663; baseline 0.003 -19"><span class='ocrx_word' id='word_1_559' title='bbox 2211 3604 2362 3648; x_wconf 85' lang='lat' dir='ltr'><strong>meas</strong></span> <span class='ocrx_word' id='word_1_560' title='bbox 2389 3589 2482 3645; x_wconf 89' lang='lat' dir='ltr'><strong>sed</strong></span> <span class='ocrx_word' id='word_1_561' title='bbox 2503 3588 2726 3654; x_wconf 82' lang='lat' dir='ltr'><strong>Patrum</strong></span> <span class='ocrx_word' id='word_1_562' title='bbox 2751 3591 3500 3663; x_wconf 68' lang='lat' dir='ltr'><strong>rationes,caput,bozomeni</strong></span> <span class='ocrx_word' id='word_1_563' title='bbox 3515 3592 3788 3648; x_wconf 79' lang='lat' dir='ltr'><strong>destruen-</strong></span> 
     </span>
    </p>
   </div>
   <div class='ocr_carea' id='block_1_82' title="bbox 2210 3681 3788 3755">
    <p class='ocr_par' dir='ltr' id='par_1_82' title="bbox 2210 3681 3788 3755">
     <span class='ocr_line' id='line_1_82' title="bbox 2210 3681 3788 3755; baseline 0.002 -20"><span class='ocrx_word' id='word_1_564' title='bbox 2210 3687 2294 3736; x_wconf 81' lang='lat' dir='ltr'><strong>tes</strong></span> <span class='ocrx_word' id='word_1_565' title='bbox 2330 3689 2384 3736; x_wconf 90' lang='lat' dir='ltr'><strong>et</strong></span> <span class='ocrx_word' id='word_1_566' title='bbox 2431 3681 2536 3736; x_wconf 87' lang='lat' dir='ltr'><strong>sub</strong></span> <span class='ocrx_word' id='word_1_567' title='bbox 2577 3681 3299 3750; x_wconf 82' lang='lat' dir='ltr'><strong>anathemate&#39;damnanles,</strong></span> <span class='ocrx_word' id='word_1_568' title='bbox 3325 3683 3560 3739; x_wconf 88' lang='lat' dir='ltr'><strong>ﬁdeliter</strong></span> <span class='ocrx_word' id='word_1_569' title='bbox 3579 3683 3788 3755; x_wconf 82' lang='lat' dir='ltr'><strong>collegi,</strong></span> 
     </span>
    </p>
   </div>
   <div class='ocr_carea' id='block_1_83' title="bbox 2207 3773 3788 3848">
    <p class='ocr_par' dir='ltr' id='par_1_83' title="bbox 2207 3773 3788 3848">
     <span class='ocr_line' id='line_1_83' title="bbox 2207 3773 3788 3848; baseline 0.003 -21"><span class='ocrx_word' id='word_1_570' title='bbox 2207 3781 2392 3843; x_wconf 86' lang='lat' dir='ltr'><strong>teque,</strong></span> <span class='ocrx_word' id='word_1_571' title='bbox 2423 3781 2486 3848; x_wconf 86' lang='lat' dir='ltr'><strong>ut</strong></span> <span class='ocrx_word' id='word_1_572' title='bbox 2505 3773 2763 3841; x_wconf 89' lang='lat' dir='ltr'><strong>amicum,</strong></span> <span class='ocrx_word' id='word_1_573' title='bbox 2795 3773 3148 3831; x_wconf 27' lang='lat' dir='ltr'><strong>(le-cavendo.</strong></span> <span class='ocrx_word' id='word_1_574' title='bbox 3168 3775 3534 3832; x_wconf 74' lang='lat' dir='ltr'><strong>anathemate</strong></span> <span class='ocrx_word' id='word_1_575' title='bbox 3562 3791 3788 3848; x_wconf 74' lang='lat' dir='ltr'><strong>praemo-</strong></span> 
     </span>
    </p>
   </div>
   <div class='ocr_carea' id='block_1_84' title="bbox 2206 3851 3786 3939">
    <p class='ocr_par' dir='ltr' id='par_1_84' title="bbox 2206 3851 3786 3939">
     <span class='ocr_line' id='line_1_84' title="bbox 2206 3851 3786 3939; baseline 0.003 -21"><span class='ocrx_word' id='word_1_576' title='bbox 2206 3851 2341 3920; x_wconf 80' lang='lat' dir='ltr'><strong>nui?</strong></span> <span class='ocrx_word' id='word_1_577' title='bbox 2361 3863 2503 3931; x_wconf 91' lang='lat' dir='ltr'><strong>Quid</strong></span> <span class='ocrx_word' id='word_1_578' title='bbox 2528 3880 2722 3935; x_wconf 89' lang='lat' dir='ltr'><strong>nempe</strong></span> <span class='ocrx_word' id='word_1_579' title='bbox 2750 3874 2939 3922; x_wconf 87' lang='lat' dir='ltr'><strong>contra</strong></span> <span class='ocrx_word' id='word_1_580' title='bbox 2973 3874 3024 3921; x_wconf 92' lang='lat' dir='ltr'><strong>te</strong></span> <span class='ocrx_word' id='word_1_581' title='bbox 3050 3863 3151 3921; x_wconf 89' lang='lat' dir='ltr'><strong>feci</strong></span> <span class='ocrx_word' id='word_1_582' title='bbox 3179 3855 3408 3938; x_wconf 87' lang='lat' dir='ltr'><strong>dignum</strong></span> <span class='ocrx_word' id='word_1_583' title='bbox 3431 3853 3786 3939; x_wconf 81' lang='lat' dir='ltr'><strong>blasphemia,</strong></span> 
     </span>
    </p>
   </div>
   <div class='ocr_carea' id='block_1_85' title="bbox 2208 3954 3786 4031">
    <p class='ocr_par' dir='ltr' id='par_1_85' title="bbox 2208 3954 3786 4031">
     <span class='ocr_line' id='line_1_85' title="bbox 2208 3954 3786 4031; baseline 0.003 -21"><span class='ocrx_word' id='word_1_584' title='bbox 2208 3954 2255 4010; x_wconf 88' lang='lat' dir='ltr'><strong>si</strong></span> <span class='ocrx_word' id='word_1_585' title='bbox 2279 3955 2653 4010; x_wconf 90' lang='lat' dir='ltr'><strong>testimonium</strong></span> <span class='ocrx_word' id='word_1_586' title='bbox 2675 3964 2991 4012; x_wconf 90' lang='lat' dir='ltr'><strong>sanctorum</strong></span> <span class='ocrx_word' id='word_1_587' title='bbox 3030 3956 3254 4013; x_wconf 89' lang='lat' dir='ltr'><strong>Patrum</strong></span> <span class='ocrx_word' id='word_1_588' title='bbox 3285 3955 3634 4031; x_wconf 80' lang='lat' dir='ltr'><strong>Hieronymi,</strong></span> <span class='ocrx_word' id='word_1_589' title='bbox 3657 3958 3786 4014; x_wconf 86' lang='lat' dir='ltr'><strong>Gre-</strong></span> 
     </span>
    </p>
   </div>
   <div class='ocr_carea' id='block_1_86' title="bbox 2208 4043 3782 4125">
    <p class='ocr_par' dir='ltr' id='par_1_86' title="bbox 2208 4043 3782 4125">
     <span class='ocr_line' id='line_1_86' title="bbox 2208 4043 3782 4125; baseline 0.006 -25"><span class='ocrx_word' id='word_1_590' title='bbox 2208 4045 2368 4117; x_wconf 90' lang='lat' dir='ltr'><strong>gorii,</strong></span> <span class='ocrx_word' id='word_1_591' title='bbox 2398 4043 2580 4101; x_wconf 86' lang='lat' dir='ltr'><strong>Siricii</strong></span> <span class='ocrx_word' id='word_1_592' title='bbox 2609 4053 2664 4103; x_wconf 90' lang='lat' dir='ltr'><strong>ct</strong></span> <span class='ocrx_word' id='word_1_593' title='bbox 2708 4046 3041 4118; x_wconf 90' lang='lat' dir='ltr'><strong>reliquorum</strong></span> <span class='ocrx_word' id='word_1_594' title='bbox 3062 4049 3127 4124; x_wconf 85' lang='lat' dir='ltr'><strong>de</strong></span> <span class='ocrx_word' id='word_1_595' title='bbox 3150 4048 3638 4125; x_wconf 66' lang='lat' dir='ltr'><strong>capitulisNicaani</strong></span> <span class='ocrx_word' id='word_1_596' title='bbox 3663 4066 3782 4110; x_wconf 83' lang='lat' dir='ltr'><strong>con-</strong></span> 
     </span>
    </p>
   </div>
   <div class='ocr_carea' id='block_1_87' title="bbox 2208 4136 3784 4216">
    <p class='ocr_par' dir='ltr' id='par_1_87' title="bbox 2208 4136 3784 4216">
     <span class='ocr_line' id='line_1_87' title="bbox 2208 4136 3784 4216; baseline 0.006 -24"><span class='ocrx_word' id='word_1_597' title='bbox 2208 4136 2318 4192; x_wconf 91' lang='lat' dir='ltr'><strong>cilii</strong></span> <span class='ocrx_word' id='word_1_598' title='bbox 2341 4138 2525 4208; x_wconf 91' lang='lat' dir='ltr'><strong>potius</strong></span> <span class='ocrx_word' id='word_1_599' title='bbox 2573 4139 2903 4196; x_wconf 70' lang='lat' dir='ltr'><strong>credendum</strong></span> <span class='ocrx_word' id='word_1_600' title='bbox 2943 4156 3065 4198; x_wconf 88' lang='lat' dir='ltr'><strong>esse</strong></span> <span class='ocrx_word' id='word_1_601' title='bbox 3091 4141 3324 4211; x_wconf 87' lang='lat' dir='ltr'><strong>asserui,</strong></span> <span class='ocrx_word' id='word_1_602' title='bbox 3353 4159 3520 4215; x_wconf 89' lang='lat' dir='ltr'><strong>quam</strong></span> <span class='ocrx_word' id='word_1_603' title='bbox 3543 4143 3784 4216; x_wconf 56' lang='lat' dir='ltr'><strong>Historia</strong></span> 
     </span>
    </p>
   </div>
   <div class='ocr_carea' id='block_1_88' title="bbox 2207 4229 3026 4302">
    <p class='ocr_par' dir='ltr' id='par_1_88' title="bbox 2207 4229 3026 4302">
     <span class='ocr_line' id='line_1_88' title="bbox 2207 4229 3026 4302; baseline 0.006 -20"><span class='ocrx_word' id='word_1_604' title='bbox 2207 4229 2394 4285; x_wconf 88' lang='lat' dir='ltr'><strong>nescio</strong></span> <span class='ocrx_word' id='word_1_605' title='bbox 2425 4229 2583 4302; x_wconf 84' lang='lat' dir='ltr'><strong>cujus</strong></span> <span class='ocrx_word' id='word_1_606' title='bbox 2609 4230 2932 4289; x_wconf 71' lang='lat' dir='ltr'><strong>Solomoni?</strong></span> <span class='ocrx_word' id='word_1_607' title='bbox 3017 4230 3026 4239; x_wconf 89' lang='grc'><em>’</em></span> 
     </span>
    </p>
   </div>
   <div class='ocr_carea' id='block_1_89' title="bbox 2280 4318 3779 4394">
    <p class='ocr_par' dir='ltr' id='par_1_89' title="bbox 2280 4318 3779 4394">
     <span class='ocr_line' id='line_1_89' title="bbox 2280 4318 3779 4394; baseline 0.005 -18"><span class='ocrx_word' id='word_1_608' title='bbox 2280 4318 2387 4376; x_wconf 90' lang='lat' dir='ltr'><strong>Sed</strong></span> <span class='ocrx_word' id='word_1_609' title='bbox 2416 4336 2517 4378; x_wconf 93' lang='lat' dir='ltr'><strong>cur</strong></span> <span class='ocrx_word' id='word_1_610' title='bbox 2539 4324 2855 4380; x_wconf 89' lang='lat' dir='ltr'><strong>earumdem</strong></span> <span class='ocrx_word' id='word_1_611' title='bbox 2885 4324 3190 4394; x_wconf 83' lang='lat' dir='ltr'><strong>litterarum</strong></span> <span class='ocrx_word' id='word_1_612' title='bbox 3224 4325 3407 4382; x_wconf 88' lang='lat' dir='ltr'><strong>denuo</strong></span> <span class='ocrx_word' id='word_1_613' title='bbox 3435 4327 3622 4384; x_wconf 85' lang='lat' dir='ltr'><strong>incudi</strong></span> <span class='ocrx_word' id='word_1_614' title='bbox 3660 4327 3779 4384; x_wconf 82' lang='lat' dir='ltr'><strong>red-</strong></span> 
     </span>
    </p>
   </div>
   <div class='ocr_carea' id='block_1_90' title="bbox 531 4382 3781 4491">
    <p class='ocr_par' dir='ltr' id='par_1_90' title="bbox 531 4382 3781 4491">
     <span class='ocr_line' id='line_1_90' title="bbox 531 4382 3781 4491; baseline 0.007 -38"><span class='ocrx_word' id='word_1_615' title='bbox 531 4409 569 4491; x_wconf 45' lang='lat'><strong>&#39;.</strong></span> <span class='ocrx_word' id='word_1_616' title='bbox 594 4382 714 4454; x_wconf 48' lang='lat' dir='ltr'><strong>ipsa</strong></span> <span class='ocrx_word' id='word_1_617' title='bbox 737 4385 901 4491; x_wconf 54' lang='grc' dir='ltr'><strong>σξίίειξι</strong></span> <span class='ocrx_word' id='word_1_618' title='bbox 927 4386 1156 4456; x_wconf 53' lang='lat' dir='ltr'><strong>l’v&#39;l’iswla</strong></span> <span class='ocrx_word' id='word_1_619' title='bbox 1180 4390 1806 4491; x_wconf 35' lang='lat' dir='ltr'><strong>S‘lDC‘mefliﬁl&#39;a‘fﬁlal</strong></span> <span class='ocrx_word' id='word_1_620' title='bbox 1840 4391 2099 4491; x_wconf 57' lang='lat' dir='ltr'><strong>Pathm&#39;</strong></span> <span class='ocrx_word' id='word_1_621' title='bbox 2136 4419 2180 4477; x_wconf 82' lang='grc' dir='ltr'><strong>ι)</strong></span> <span class='ocrx_word' id='word_1_622' title='bbox 2204 4410 2504 4469; x_wconf 90' lang='lat' dir='ltr'><strong>dendarum</strong></span> <span class='ocrx_word' id='word_1_623' title='bbox 2547 4415 2805 4488; x_wconf 88' lang='lat' dir='ltr'><strong>ambages</strong></span> <span class='ocrx_word' id='word_1_624' title='bbox 2849 4389 3150 4489; x_wconf 82' lang='lat' dir='ltr'><strong>prosequar</strong></span> <span class='ocrx_word' id='word_1_625' title='bbox 3197 4418 3449 4485; x_wconf 87' lang='lat' dir='ltr'><strong>ulterius,</strong></span> <span class='ocrx_word' id='word_1_626' title='bbox 3493 4382 3621 4474; x_wconf 82' lang='lat' dir='ltr'><strong>cum</strong></span> 
     </span>
    </p>
   </div>
   <div class='ocr_carea' id='block_1_91' title="bbox 517 4477 2110 4580">
    <p class='ocr_par' dir='ltr' id='par_1_91' title="bbox 517 4477 2106 4556">
     <span class='ocr_line' id='line_1_91' title="bbox 517 4477 2106 4556; baseline 0.01 -27"><span class='ocrx_word' id='word_1_627' title='bbox 517 4477 690 4541; x_wconf 81' lang='lat' dir='ltr'><strong>cium,</strong></span> <span class='ocrx_word' id='word_1_628' title='bbox 720 4486 781 4532; x_wconf 89' lang='lat' dir='ltr'><strong>ut</strong></span> <span class='ocrx_word' id='word_1_629' title='bbox 799 4477 902 4532; x_wconf 88' lang='lat' dir='ltr'><strong>sub</strong></span> <span class='ocrx_word' id='word_1_630' title='bbox 931 4493 1166 4548; x_wconf 87' lang='lat' dir='ltr'><strong>persona</strong></span> <span class='ocrx_word' id='word_1_631' title='bbox 1212 4481 1351 4536; x_wconf 89' lang='lat' dir='ltr'><strong>tanti</strong></span> <span class='ocrx_word' id='word_1_632' title='bbox 1392 4482 1496 4538; x_wconf 87' lang='lat' dir='ltr'><strong>viri</strong></span> <span class='ocrx_word' id='word_1_633' title='bbox 1534 4483 1739 4554; x_wconf 89' lang='lat' dir='ltr'><strong>aliquid</strong></span> <span class='ocrx_word' id='word_1_634' title='bbox 1779 4486 2106 4556; x_wconf 86' lang='lat' dir='ltr'><strong>persuadeat</strong></span> 
     </span>
    </p>
   </div>
   <div class='ocr_carea' id='block_1_92' title="bbox 2213 4477 3778 4580">
    <p class='ocr_par' dir='ltr' id='par_1_92' title="bbox 2213 4477 3778 4580">
     <span class='ocr_line' id='line_1_92' title="bbox 2213 4477 3778 4580; baseline 0.002 -20"><span class='ocrx_word' id='word_1_635' title='bbox 2213 4513 2372 4575; x_wconf 88' lang='lat' dir='ltr'><strong>caput</strong></span> <span class='ocrx_word' id='word_1_636' title='bbox 2399 4477 2885 4579; x_wconf 34' lang='lat' dir='ltr'><strong>Sozomcniiquod</strong></span> <span class='ocrx_word' id='word_1_637' title='bbox 2925 4477 3046 4562; x_wconf 46' lang='lat' dir='ltr'><strong>non.</strong></span> <span class='ocrx_word' id='word_1_638' title='bbox 3081 4517 3372 4579; x_wconf 87' lang='lat' dir='ltr'><strong>potuerunt</strong></span> <span class='ocrx_word' id='word_1_639' title='bbox 3402 4477 3649 4578; x_wconf 79' lang='lat' dir='ltr'><strong>ratione,</strong></span> <span class='ocrx_word' id='word_1_640' title='bbox 3675 4477 3778 4580; x_wconf 60' lang='lat' dir='ltr'><strong>iam</strong></span> 
     </span>
    </p>
   </div>
   <div class='ocr_carea' id='block_1_93' title="bbox 519 4569 2110 4671">
    <p class='ocr_par' dir='ltr' id='par_1_93' title="bbox 519 4569 2106 4650">
     <span class='ocr_line' id='line_1_93' title="bbox 519 4569 2106 4650; baseline 0.008 -28"><span class='ocrx_word' id='word_1_641' title='bbox 519 4569 667 4640; x_wconf 84' lang='lat' dir='ltr'><strong>quod</strong></span> <span class='ocrx_word' id='word_1_642' title='bbox 696 4583 727 4623; x_wconf 90' lang='lat' dir='ltr'><strong>a</strong></span> <span class='ocrx_word' id='word_1_643' title='bbox 763 4571 987 4626; x_wconf 89' lang='lat' dir='ltr'><strong>veritate</strong></span> <span class='ocrx_word' id='word_1_644' title='bbox 1005 4572 1311 4640; x_wconf 88' lang='lat' dir='ltr'><strong>dissentiat,</strong></span> <span class='ocrx_word' id='word_1_645' title='bbox 1335 4575 1430 4630; x_wconf 87' lang='lat' dir='ltr'><strong>sed</strong></span> <span class='ocrx_word' id='word_1_646' title='bbox 1453 4575 1676 4631; x_wconf 85' lang='lat' dir='ltr'><strong>frustra.</strong></span> <span class='ocrx_word' id='word_1_647' title='bbox 1703 4574 1885 4646; x_wconf 87' lang='lat' dir='ltr'><strong>Ipsum</strong></span> <span class='ocrx_word' id='word_1_648' title='bbox 1911 4592 2106 4650; x_wconf 87' lang='lat' dir='ltr'><strong>nempe</strong></span> 
     </span>
    </p>
   </div>
   <div class='ocr_carea' id='block_1_94' title="bbox 2213 4569 3777 4671">
    <p class='ocr_par' dir='ltr' id='par_1_94' title="bbox 2213 4597 3777 4671">
     <span class='ocr_line' id='line_1_94' title="bbox 2213 4597 3777 4671; baseline 0 -18"><span class='ocrx_word' id='word_1_649' title='bbox 2213 4597 2470 4654; x_wconf 87' lang='lat' dir='ltr'><strong>conviciis</strong></span> <span class='ocrx_word' id='word_1_650' title='bbox 2495 4597 2737 4653; x_wconf 88' lang='lat' dir='ltr'><strong>nitantur</strong></span> <span class='ocrx_word' id='word_1_651' title='bbox 2749 4597 3070 4655; x_wconf 84' lang='lat' dir='ltr'><strong>defendere?</strong></span> <span class='ocrx_word' id='word_1_652' title='bbox 3093 4598 3246 4668; x_wconf 66' lang='lat' dir='ltr'><strong>Quae,</strong></span> <span class='ocrx_word' id='word_1_653' title='bbox 3269 4600 3520 4671; x_wconf 85' lang='lat' dir='ltr'><strong>inquam,</strong></span> <span class='ocrx_word' id='word_1_654' title='bbox 3545 4602 3777 4658; x_wconf 82' lang='lat' dir='ltr'><strong>convicia</strong></span> 
     </span>
    </p>
   </div>
   <div class='ocr_carea' id='block_1_95' title="bbox 517 4662 2110 4766">
    <p class='ocr_par' dir='ltr' id='par_1_95' title="bbox 517 4662 2107 4742">
     <span class='ocr_line' id='line_1_95' title="bbox 517 4662 2107 4742; baseline 0.008 -26"><span class='ocrx_word' id='word_1_655' title='bbox 517 4669 574 4716; x_wconf 86' lang='lat' dir='ltr'><strong>et</strong></span> <span class='ocrx_word' id='word_1_656' title='bbox 601 4676 703 4732; x_wconf 88' lang='lat' dir='ltr'><strong>ego</strong></span> <span class='ocrx_word' id='word_1_657' title='bbox 728 4662 911 4728; x_wconf 87' lang='lat' dir='ltr'><strong>laudo,</strong></span> <span class='ocrx_word' id='word_1_658' title='bbox 956 4679 1120 4735; x_wconf 89' lang='lat' dir='ltr'><strong>quem</strong></span> <span class='ocrx_word' id='word_1_659' title='bbox 1169 4664 1420 4738; x_wconf 90' lang='lat' dir='ltr'><strong>stigmata</strong></span> <span class='ocrx_word' id='word_1_660' title='bbox 1466 4665 1596 4724; x_wconf 74' lang='lat' dir='ltr'><strong>Jesu</strong></span> <span class='ocrx_word' id='word_1_661' title='bbox 1637 4668 1692 4724; x_wconf 88' lang='lat' dir='ltr'><strong>in</strong></span> <span class='ocrx_word' id='word_1_662' title='bbox 1739 4685 1966 4742; x_wconf 89' lang='lat' dir='ltr'><strong>corpore</strong></span> <span class='ocrx_word' id='word_1_663' title='bbox 2003 4686 2107 4728; x_wconf 90' lang='lat' dir='ltr'><strong>suo</strong></span> 
     </span>
    </p>
   </div>
   <div class='ocr_carea' id='block_1_96' title="bbox 2213 4662 3779 4766">
    <p class='ocr_par' dir='ltr' id='par_1_96' title="bbox 2213 4662 3779 4762">
     <span class='ocr_line' id='line_1_96' title="bbox 2213 4662 3779 4762; baseline -0.001 -18"><span class='ocrx_word' id='word_1_664' title='bbox 2213 4703 2320 4744; x_wconf 91' lang='lat' dir='ltr'><strong>non</strong></span> <span class='ocrx_word' id='word_1_665' title='bbox 2349 4688 2484 4744; x_wconf 88' lang='lat' dir='ltr'><strong>mihi</strong></span> <span class='ocrx_word' id='word_1_666' title='bbox 2532 4705 2749 4757; x_wconf 89' lang='lat' dir='ltr'><strong>nocere,</strong></span> <span class='ocrx_word' id='word_1_667' title='bbox 2782 4691 2874 4745; x_wconf 91' lang='lat' dir='ltr'><strong>sed</strong></span> <span class='ocrx_word' id='word_1_668' title='bbox 2907 4691 3090 4762; x_wconf 87' lang='lat' dir='ltr'><strong>potius</strong></span> <span class='ocrx_word' id='word_1_669' title='bbox 3105 4662 3186 4746; x_wconf 31' lang='lat' dir='ltr'><strong>Win</strong></span> <span class='ocrx_word' id='word_1_670' title='bbox 3215 4662 3380 4762; x_wconf 73' lang='lat' dir='ltr'><strong>caput</strong></span> <span class='ocrx_word' id='word_1_671' title='bbox 3434 4662 3612 4762; x_wconf 75' lang='lat' dir='ltr'><strong>ipsius</strong></span> <span class='ocrx_word' id='word_1_672' title='bbox 3654 4693 3779 4747; x_wconf 83' lang='lat' dir='ltr'><strong>scri-</strong></span> 
     </span>
    </p>
   </div>
   <div class='ocr_carea' id='block_1_97' title="bbox 522 4754 2110 4858">
    <p class='ocr_par' dir='ltr' id='par_1_97' title="bbox 522 4754 2109 4831">
     <span class='ocr_line' id='line_1_97' title="bbox 522 4754 2109 4831; baseline 0.011 -27"><span class='ocrx_word' id='word_1_673' title='bbox 522 4761 770 4822; x_wconf 85' lang='lat' dir='ltr'><strong>pnrtasse</strong></span> <span class='ocrx_word' id='word_1_674' title='bbox 803 4754 1050 4810; x_wconf 74' lang='lat' dir='ltr'><strong>libenter</strong></span> <span class='ocrx_word' id='word_1_675' title='bbox 1079 4757 1274 4826; x_wconf 88' lang='lat' dir='ltr'><strong>credo;</strong></span> <span class='ocrx_word' id='word_1_676' title='bbox 1309 4774 1589 4831; x_wconf 88' lang='lat' dir='ltr'><strong>nunquam</strong></span> <span class='ocrx_word' id='word_1_677' title='bbox 1627 4771 1810 4818; x_wconf 88' lang='lat' dir='ltr'><strong>tamen</strong></span> <span class='ocrx_word' id='word_1_678' title='bbox 1850 4764 1986 4819; x_wconf 88' lang='lat' dir='ltr'><strong>adeo</strong></span> <span class='ocrx_word' id='word_1_679' title='bbox 2020 4763 2109 4820; x_wconf 53' lang='lat' dir='ltr'><strong>de.</strong></span> 
     </span>
    </p>
   </div>
   <div class='ocr_carea' id='block_1_98' title="bbox 2213 4754 3778 4858">
    <p class='ocr_par' dir='ltr' id='par_1_98' title="bbox 2213 4754 3778 4858">
     <span class='ocr_line' id='line_1_98' title="bbox 2213 4754 3778 4858; baseline 0.003 -24"><span class='ocrx_word' id='word_1_680' title='bbox 2213 4779 2381 4852; x_wconf 88' lang='lat' dir='ltr'><strong>ptoris</strong></span> <span class='ocrx_word' id='word_1_681' title='bbox 2412 4779 2717 4836; x_wconf 90' lang='lat' dir='ltr'><strong>redundare</strong></span> <span class='ocrx_word' id='word_1_682' title='bbox 2736 4754 2934 4836; x_wconf 71' lang='lat' dir='ltr'><strong>leviter</strong></span> <span class='ocrx_word' id='word_1_683' title='bbox 2954 4754 3299 4852; x_wconf 59' lang='lat' dir='ltr'><strong>probassem,</strong></span> <span class='ocrx_word' id='word_1_684' title='bbox 3329 4783 3378 4838; x_wconf 88' lang='lat' dir='ltr'><strong>si</strong></span> <span class='ocrx_word' id='word_1_685' title='bbox 3400 4754 3512 4838; x_wconf 74' lang='lat' dir='ltr'><strong>non</strong></span> <span class='ocrx_word' id='word_1_686' title='bbox 3537 4799 3640 4858; x_wconf 91' lang='lat' dir='ltr'><strong>pro</strong></span> <span class='ocrx_word' id='word_1_687' title='bbox 3667 4783 3778 4838; x_wconf 80' lang='lat' dir='ltr'><strong>talis</strong></span> 
     </span>
    </p>
   </div>
   <div class='ocr_carea' id='block_1_99' title="bbox 521 4847 2110 4946">
    <p class='ocr_par' dir='ltr' id='par_1_99' title="bbox 521 4847 2100 4927">
     <span class='ocr_line' id='line_1_99' title="bbox 521 4847 2100 4927; baseline 0.009 -29"><span class='ocrx_word' id='word_1_688' title='bbox 521 4847 719 4914; x_wconf 79' lang='lat' dir='ltr'><strong>sipiam</strong></span> <span class='ocrx_word' id='word_1_689' title='bbox 749 4855 809 4901; x_wconf 87' lang='lat' dir='ltr'><strong>ut</strong></span> <span class='ocrx_word' id='word_1_690' title='bbox 829 4849 981 4917; x_wconf 88' lang='lat' dir='ltr'><strong>prius</strong></span> <span class='ocrx_word' id='word_1_691' title='bbox 1008 4851 1311 4906; x_wconf 87' lang='lat' dir='ltr'><strong>reverentia</strong></span> <span class='ocrx_word' id='word_1_692' title='bbox 1340 4866 1588 4922; x_wconf 67' lang='lat' dir='ltr'><strong>persona:</strong></span> <span class='ocrx_word' id='word_1_693' title='bbox 1608 4853 1816 4925; x_wconf 87' lang='lat' dir='ltr'><strong>aliquid</strong></span> <span class='ocrx_word' id='word_1_694' title='bbox 1843 4856 2100 4927; x_wconf 88' lang='lat' dir='ltr'><strong>recipiam</strong></span> 
     </span>
    </p>
   </div>
   <div class='ocr_carea' id='block_1_100' title="bbox 2213 4847 3775 4946">
    <p class='ocr_par' dir='ltr' id='par_1_100' title="bbox 2213 4847 3775 4946">
     <span class='ocr_line' id='line_1_100' title="bbox 2213 4847 3775 4946; baseline 0.002 -22"><span class='ocrx_word' id='word_1_695' title='bbox 2213 4847 2372 4925; x_wconf 91' lang='lat' dir='ltr'><strong>mici</strong></span> <span class='ocrx_word' id='word_1_696' title='bbox 2415 4871 2714 4926; x_wconf 88' lang='lat' dir='ltr'><strong>reverentia</strong></span> <span class='ocrx_word' id='word_1_697' title='bbox 2752 4847 3104 4928; x_wconf 75' lang='lat' dir='ltr'><strong>dimisissem.</strong></span> <span class='ocrx_word' id='word_1_698' title='bbox 3146 4847 3559 4946; x_wconf 30' lang='lat' dir='ltr'><strong>Ego&#39;quidem-</strong></span> <span class='ocrx_word' id='word_1_699' title='bbox 3573 4872 3775 4928; x_wconf 87' lang='lat' dir='ltr'><strong>Patrem</strong></span> 
     </span>
    </p>
   </div>
   <div class='ocr_carea' id='block_1_101' title="bbox 519 4939 3777 5037">
    <p class='ocr_par' dir='ltr' id='par_1_101' title="bbox 519 4939 3777 5037">
     <span class='ocr_line' id='line_1_101' title="bbox 519 4939 3777 5037; baseline 0.009 -46"><span class='ocrx_word' id='word_1_700' title='bbox 519 4939 670 5037; x_wconf 78' lang='lat' dir='ltr'><strong>quod</strong></span> <span class='ocrx_word' id='word_1_701' title='bbox 701 4954 870 4995; x_wconf 66' lang='lat' dir='ltr'><strong>sacra:</strong></span> <span class='ocrx_word' id='word_1_702' title='bbox 890 4939 1205 5037; x_wconf 69' lang='lat' dir='ltr'><strong>scripturae,</strong></span> <span class='ocrx_word' id='word_1_703' title='bbox 1238 4943 1350 5037; x_wconf 88' lang='lat' dir='ltr'><strong>imo</strong></span> <span class='ocrx_word' id='word_1_704' title='bbox 1380 4942 1606 5016; x_wconf 87' lang='lat' dir='ltr'><strong>Spiritui</strong></span> <span class='ocrx_word' id='word_1_705' title='bbox 1646 4956 1840 5003; x_wconf 79' lang='lat' dir='ltr'><strong>sancto</strong></span> <span class='ocrx_word' id='word_1_706' title='bbox 1860 4947 1934 5003; x_wconf 73' lang='lat' dir='ltr'><strong>sit</strong></span> <span class='ocrx_word' id='word_1_707' title='bbox 1964 4963 2102 5004; x_wconf 65' lang='grc' dir='ltr'><strong>(ξοη-</strong></span> <span class='ocrx_word' id='word_1_708' title='bbox 2199 4958 2312 5018; x_wconf 84' lang='lat' dir='ltr'><strong>Noe</strong></span> <span class='ocrx_word' id='word_1_709' title='bbox 2333 4977 2548 5034; x_wconf 88' lang='lat' dir='ltr'><strong>semper</strong></span> <span class='ocrx_word' id='word_1_710' title='bbox 2568 4963 2769 5019; x_wconf 85' lang='lat' dir='ltr'><strong>habere</strong></span> <span class='ocrx_word' id='word_1_711' title='bbox 2781 4957 3050 5030; x_wconf 90' lang='lat' dir='ltr'><strong>desidero,</strong></span> <span class='ocrx_word' id='word_1_712' title='bbox 3073 4939 3231 5036; x_wconf 71' lang='lat' dir='ltr'><strong>cujus</strong></span> <span class='ocrx_word' id='word_1_713' title='bbox 3253 4939 3504 5036; x_wconf 77' lang='lat' dir='ltr'><strong>pudenda</strong></span> <span class='ocrx_word' id='word_1_714' title='bbox 3525 4982 3650 5022; x_wconf 90' lang='lat' dir='ltr'><strong>cum</strong></span> <span class='ocrx_word' id='word_1_715' title='bbox 3671 4966 3777 5037; x_wconf 84' lang='lat' dir='ltr'><strong>jam</strong></span> 
     </span>
    </p>
   </div>
   <div class='ocr_carea' id='block_1_102' title="bbox 521 5031 2104 5068">
    <p class='ocr_par' dir='ltr' id='par_1_102' title="bbox 521 5031 2104 5068">
     <span class='ocr_line' id='line_1_102' title="bbox 521 5031 2104 5068; baseline -0.001 0"><span class='ocrx_word' id='word_1_716' title='bbox 521 5031 750 5068; x_wconf 67' lang='lat' dir='ltr'><strong>Ia-orinm</strong></span> <span class='ocrx_word' id='word_1_717' title='bbox 809 5041 866 5068; x_wconf 76' lang='lat' dir='ltr'><strong>sal</strong></span> <span class='ocrx_word' id='word_1_718' title='bbox 897 5033 962 5062; x_wconf 65' lang='grc' dir='ltr'><strong>Αι-</strong></span> <span class='ocrx_word' id='word_1_719' title='bbox 990 5033 1272 5068; x_wconf 58' lang='lat' dir='ltr'><strong>lla-«mnu:</strong></span> <span class='ocrx_word' id='word_1_720' title='bbox 1297 5037 1533 5068; x_wconf 54' lang='grc' dir='ltr'><strong>ἐπιπλέοι-,Λ</strong></span> <span class='ocrx_word' id='word_1_721' title='bbox 1554 5037 2000 5068; x_wconf 59' lang='grc' dir='ltr'><strong>ζων----λζιζιιι-</strong></span> <span class='ocrx_word' id='word_1_722' title='bbox 2022 5048 2104 5066; x_wconf 64' lang='grc' dir='ltr'><strong>--ι</strong></span> 
     </span>
    </p>
   </div>
  </div>
