3984 5380
193 414 359 497 io‘ss
1106 422 1389 494 sereno.
1429 432 1519 491 ut.
1554 461 1629 475 —
1658 427 2091 489 NONUIIN'I‘A
2126 431 2589 493 GIEGOBIANA.
3320 437 3460 496 me

189 564 257 610 et
313 551 653 623 reliquorum
725 549 1039 622 hujusmodi
1081 547 1304 603 Patrum
1346 546 1636 613 denudavi,
1689 546 1783 616 qui
1814 548 1859 605 Α
1884 553 2166 615 peccatum
2196 548 2566 617 nominantes,
2596 557 2652 605 et
2682 562 2779 605 eos
2801 563 2928 605 vere
2962 564 3153 608 servos
3175 565 3301 610 esse
3327 571 3461 626 pec-

194 660 415 700 orunes
437 643 766 699 unanimiter
793 647 1186 698 consenserunt
1210 640 1664 695 anathematizato
1690 636 1786 693 So-
1885 635 1993 689 cati
2039 647 2410 695 monstrantes
2435 682 2451 708 ,
2496 656 2584 695 me
2632 639 2791 712 quasi
2824 640 3104 698 dominum
3142 648 3457 704 earumdem

195 736 432 791 zomeni
454 735 711 805 capitulo.
725 732 935 804 Quippe
960 730 1305 798 Nicolaus,in
1326 728 1647 802 Apocalypsi
1668 729 1783 785 bze-
1885 724 2085 782 habere
2118 728 2335 784 vellent.
2367 730 2633 787 Praterea
2667 739 2722 786 et
2754 747 2888 803 ego,
2928 733 2974 788 si
3010 747 3110 803 pro
3147 743 3238 791 tua
3276 739 3459 795 chari-

195 827 521 882 resiarches
544 826 851 891 denotatus,
877 824 992 880 suis
1006 822 1428 883 condiaconibus
1456 821 1620 876 etiam
1642 836 1787 876 com-
1885 823 1993 870 tate
2023 832 2132 871 non
2160 819 2585 889 dissimularem,
2613 824 2826 879 veracia
2854 825 3018 879 etiam
3052 828 3271 883 nomina
3292 841 3460 901 caput

196 930 415 973 munes
474 917 743 973 concessit
789 930 989 971 uxores
1032 914 1219 987 (Apoc.
1276 916 1359 984 ιι).
1414 912 1617 969 Paulus
1652 928 1797 969 vero.
1886 904 2173 965 Sommeni
2222 913 2671 983 amplectentibus
2694 931 2800 971 non
2822 916 2944 971 dico
2972 916 3328 987 imponerem,
3362 923 3459 977 sed

200 1007 611 1065 Samosatenus
635 1024 705 1064 ne
752 1009 921 1079 ipsea
960 1007 1171 1063 clericis
1214 1006 1329 1062 suis
1368 1006 1435 1061 de
1456 1004 1783 1061 feminarum

198 1098 583 1156 familiaritate
629 1109 978 1156 accusaretur
996 1141 1011 1165 ,
1039 1099 1241 1155 eisdem
1265 1097 1589 1153 feminarum
1613 1096 1781 1153 coha-

198 1191 530 1247 bitationem
554 1191 889 1248 concessisse
910 1192 962 1245 in
985 1190 1353 1247 ecclesiastica
1391 1187 1629 1245 Historia
1656 1205 1781 1261 per-

200 1282 433 1336 hibetur
454 1281 668 1352 (luseu.
692 1282 929 1337 historia:
945 1281 1127 1336 eccles.
1157 1281 1249 1335 lib.
1265 1297 1361 1348 vn,
1390 1296 1438 1347 c,
1468 1280 1559 1347 25,
1589 1280 1777 1350 interp.

195 1373 456 1443 Ruﬁno).
484 1372 637 1430 Unde
656 1375 845 1446 etipsi
888 1372 1003 1446 pra:
1040 1373 1164 1429 aliis
1196 1374 1315 1428 suis
1339 1371 1642 1428 heresibus
1681 1387 1782 1442 pro

198 1464 314 1519 bac
352 1466 469 1534 ipsa
496 1481 687 1521 eorum
735 1466 1115 1536 usurpatione,
1164 1466 1268 1519 sub
1301 1474 1506 1519 aeterno
1539 1464 1787 1520 damnati

196 1564 339 1610 sunt
354 1558 719 1613 anathemate.
750 1556 977 1624 Horum,
1018 1557 1263 1627 inquam,
1304 1556 1646 1627 pudenda,et
1669 1572 1701 1610 a
1729 1564 1785 1611 te

192 1654 256 1701 et
282 1646 356 1702 ab
375 1648 628 1705 omnibus
648 1649 823 1705 xelum
846 1647 940 1703 Dei
968 1648 1291 1704 habentibus
1312 1657 1443 1704 sunt
1462 1648 1781 1719 detegenda,

196 1752 270 1791 ne
302 1736 558 1795 fraterna:
578 1740 770 1795 mortis
799 1740 1007 1795 crimen
1030 1739 1345 1805 incurratis,
1372 1738 1420 1794 si
1440 1740 1624 1796 idiota:
1649 1754 1779 1809 per-

193 1835 332 1881 eant
366 1829 613 1899 ipsorum
630 1830 1093 1901 perniciosissima
1127 1829 1459 1899 deceptione,
1480 1829 1781 1901 quietaliOv

190 1934 324 1975 rnm
353 1922 602 1991 pudenda
624 1937 721 1994 per
745 1922 1072 1978 obstinatam
1094 1920 1459 1977 defensionem
1479 1921 1777 1979 ed‘ecerunt

192 2011 306 2065 sibi
330 2013 568 2083 propria.

270 2090 476 2159 Deinde
498 2105 767 2174 praedicta:
801 2106 993 2162 littera:
1020 2105 1348 2162 catholicam
1380 2105 1660 2161 veritatem
1686 2121 1776 2162 se-

190 2202 346 2248 ctam
397 2197 730 2252 nominando
772 2198 1150 2268 blasphemant
1172 2239 1187 2264 ,
1233 2198 1454 2267 ﬁlioque
1498 2197 1774 2267 haptizato

192 2286 375 2355 patris
433 2296 715 2357 peccatum
743 2329 759 2355 ,
813 2289 927 2358 jam
979 2289 1183 2343 dudum
1230 2297 1285 2343 et
1336 2288 1394 2343 in
1446 2288 1567 2359 ipso
1622 2296 1774 2358 patre

194 2395 296 2450 per
316 2378 684 2449 paenitentiam
718 2379 1100 2445 annihllatum,
1126 2378 1425 2449 Pelagianae
1459 2378 1651 2434 heresi
1690 2377 1774 2433 fa~

196 2469 376 2524 vendo
396 2469 681 2539 imputant.
710 2467 865 2536 Quod
898 2484 1062 2540 quam
1092 2469 1342 2540 impium,
1363 2485 1528 2540 quam
1554 2470 1771 2525 haereti-

197 2573 355 2624 cum,
409 2574 578 2628 quam
625 2557 1003 2614 detestandum
1048 2567 1193 2614 esset
1252 2558 1561 2625 testimare,
1615 2557 1773 2615 facile

197 2659 583 2715 monstrarem,
615 2649 662 2704 si
683 2665 790 2704 non
813 2664 911 2719 pro
940 2658 1189 2719 respectu
1218 2657 1325 2705 tua:
1353 2648 1635 2704 charitatis
1659 2648 1773 2705 dis~

196 2739 567 2794 simulandum
594 2740 774 2809 potius
795 2755 962 2810 quam
988 2740 1358 2796 ventilandum
1390 2754 1511 2795 esse
1558 2738 1771 2808 judica-

198 2846 333 2885 rem.
377 2828 497 2899 lpse
538 2830 686 2885 enim
734 2828 968 2900 Spiritus
1013 2839 1235 2887 sanctus
1284 2845 1383 2900 per
1434 2827 1770 2887 Ezechielem

198 2922 516 2992 prophetam
541 2930 768 2978 testatur
790 2922 980 2978 dicens
1004 2941 1018 2978 :
1062 2920 1239 2978 Filius
1270 2938 1373 2976 non
1401 2923 1630 2992 portabit
1662 2922 1770 2985 ius}

196 3013 449 3083 quitatem
480 3012 666 3069 Patris
691 3012 907 3083 (Ezech.
936 3013 1123 3083 xvtu),
1146 3014 1237 3085 qui
1274 3014 1453 3075 etsub
1489 3014 1769 3071 tremenda

196 3104 556 3160 obtestatione
605 3104 856 3175 prohibet
890 3120 958 3161 ne
980 3106 1107 3176 quis
1139 3107 1329 3162 dentes
1369 3105 1605 3169 filiorum
1647 3120 1771 3176 pcr~

1882 996 2184 1067 antiquitus
2234 1000 2490 1072 imposita
2533 1003 2777 1075 proferre
2822 1021 3040 1061 nossem
3072 1025 3085 1061 :
3114 1008 3168 1061 in
3219 1025 3456 1080 quorum

1883 1092 2184 1161 prolatione
2204 1108 2313 1149 non
2341 1110 2464 1166 ego,
2495 1104 2716 1167 propter
2737 1097 3101 1163 mendacium,
3124 1107 3181 1154 et
3218 1101 3454 1156 animam

1883 1199 2059 1239 meam
2090 1184 2392 1240 occiderem
2437 1195 2491 1242 et
2517 1188 2696 1242 locum
2726 1188 2779 1243 in
2814 1197 3006 1260 stagno
3040 1190 3181 1261 ignis
3215 1193 3456 1250 ardentis

1881 1276 2330 1345 promeruissem,
2357 1278 2451 1333 sed
2494 1278 2644 1349 ipsos
2686 1294 2786 1351 pro
2825 1280 3029 1336 eisdem
3058 1282 3369 1338 nominibus
3400 1293 3458 1339 et

1882 1380 2028 1422 nunc
2056 1367 2562 1435 anathematizatos,
2591 1378 2645 1425 et
2672 1372 3019 1440 postmodum
3056 1380 3258 1429 aeterno
3301 1374 3411 1447 igni
3437 1416 3453 1441 ,

1881 1456 1988 1513 nisi
2025 1457 2425 1531 resipiscerent,
2453 1460 2659 1531 liquida
2681 1462 2967 1532 probarem
2996 1452 3119 1520 esse
3146 1466 3459 1536 mancipanv

1880 1546 1999 1602 dos.
2037 1546 2156 1603 Non
2200 1558 2380 1605 autem
2430 1552 2660 1606 nimium
2706 1554 2910 1608 eisdem
2949 1554 3140 1611 litteris
3184 1556 3456 1625 indignari

1879 1639 2025 1705 volo,
2054 1656 2222 1710 quas,
2255 1640 2309 1695 in
2342 1642 2727 1698 contumeliam
2768 1644 2950 1713 potius
2993 1660 3216 1700 suarum
3247 1645 3453 1718 [suam]

1878 1745 2042 1801 quam
2073 1748 2272 1798 meam,
2299 1733 2438 1789 falso
2463 1749 2551 1790 me
2570 1745 2841 1805 peceatum
2872 1737 3186 1792 nominasse
3200 1752 3300 1807 pro
3335 1737 3461 1807 ipsa-

1884 1819 2117 1893 Veritate
2137 1824 2397 1895 percipio,
2419 1841 2562 1896 quae,
2581 1826 2735 1895 juxta
2759 1828 3101 1897 Apostolum,
3146 1828 3311 1883 etiam
3352 1844 3454 1899 pro

1879 1912 2062 1985 impiis
2094 1915 2237 1987 facta
2260 1924 2346 1971 est
2374 1926 2655 1987 peccatum
2681 1917 2825 1989 (Gal.
2858 1918 2961 1989 tu).
2994 1917 3112 1989 Ipsa
3153 1920 3351 1989 quippe
3393 1919 3453 1975 in

1874 1998 2171 2076 Evangelio
2208 2007 2367 2062 nobis
2393 2007 2525 2063 dicit
2554 2026 2566 2062 :
2615 2007 2771 2063 Beati
2812 1996 2971 2076 estis,
3010 2026 3127 2063 eam
3159 2010 3452 2065 maledice-

1873 2097 1983 2150 rint
2024 2096 2166 2151 vobis
2194 2096 2430 2152 homines
2456 2139 2471 2164 ,
2497 2107 2547 2153 et
2574 2101 2831 2170 persecuti
2868 2116 2954 2155 ros
2985 2100 3183 2169 fuerint
3218 2109 3268 2155 et
3302 2101 3455 2175 diae-5

1874 2191 1982 2244 rint
2026 2204 2177 2243 omne
2210 2188 2411 2243 malum
2446 2190 2692 2244 adversus
2745 2207 2833 2245 ras
2886 2192 3189 2246 mentientes
3240 2201 3457 2263 propter

1872 2297 1972 2349 me,
2002 2290 2106 2336 etc.
2139 2280 2358 2353 (Matth.
2389 2282 2465 2351 v).
2491 2281 2633 2355 Ergo
2662 2290 2719 2337 et
2749 2298 2851 2354 ego
2881 2298 2980 2338 nec
3004 2299 3195 2338 verum
3218 2284 3456 2340 dicendo

1871 2372 2157 2442 praedictas
2185 2373 2415 2438 litteras,
2441 2382 2500 2427 ut
2521 2382 2857 2440 meruerunt,
2898 2375 3279 2444 blasphemare
3302 2376 3450 2432 volo.

1870 2459 2008 2521 Novi
2034 2463 2180 2517 enim
2217 2478 2381 2533 quam
2412 2463 2726 2519 terribiliter
2751 2463 2921 2519 .Iudas
2956 2466 3240 2535 apostolus
3280 2465 3449 2521 silen-t

1872 2553 2007 2613 tium
2047 2554 2292 2625 imponat
2318 2554 2845 2625 blaspltemantibus,
2886 2571 3137 2614 asserens
3164 2558 3310 2629 quod
3351 2574 3454 2614 nec

1870 2642 2099 2699 Michael
2145 2645 2506 2716 archangelus
2545 2661 2730 2701 secum
2769 2647 3122 2702 altercantem
3171 2647 3448 2704 diabolum

1870 2734 2249 2805 blasphemare
2292 2735 2459 2790 fuerit
2502 2752 2692 2793 ausus.
2727 2736 2907 2807 Ipsum
2942 2753 3161 2808 quoque
3202 2754 3298 2794 vas
3339 2739 3452 2795 eie-

1870 2827 2067 2885 ctionis
2107 2835 2339 2882 testatur
2381 2828 2633 2897 quoniam
2682 2828 2928 2883 maledici
2973 2846 3187 2898 regnum
3218 2828 3315 2884 Dei
3344 2846 3451 2884 non

1868 2918 2204 2988 possidebunt
2230 2918 2286 2990 (1
2316 2918 2442 2975 Cor.
2468 2922 2567 2991 γι).
2592 2919 2769 2975 David
2811 2920 2976 2976 etiam
3008 2921 3063 2975 in
3090 2936 3190 2976 sua
3215 2936 3449 2990 persona

1870 3010 2004 3071 satis
2053 3010 2351 3065 terribilem
2401 3011 2659 3065 omnibus
2715 3000 2970 3082 proponit
3032 2998 3395 3067 conditionem
3428 3030 3448 3067 ε

1871 3099 1932 3171 Si
1972 3102 2207 3170 reddidi,
2247 3102 2452 3173 inquit,
2506 3103 2910 3158 retribuentibus
2942 3104 3074 3157 mihi
3102 3103 3266 3169 mala,
3300 3103 3449 3158 deci-

196 3195 391 3251 acerba
420 3211 525 3251 uva
568 3211 601 3251 a
645 3195 893 3266 patribus
922 3206 1162 3253 comesta
1185 3196 1363 3268 (ibid.)
1387 3198 1770 3266 obstupescere
1796 3212 1837 3269 ε
1869 3194 1995 3249 dant
2024 3196 2208 3249 merito
2236 3196 2300 3248 ab
2327 3196 2558 3249 inimicis
2586 3196 2713 3249 meis
2737 3197 2911 3250 inanis
2943 3194 3099 3265 (Psal
3122 3195 3315 3266 vn),et
3343 3210 3452 3251 ca—

194 3285 540 3357 dogmatizet.
601 3283 720 3361 Non
763 3303 865 3359 ego
901 3287 1100 3359 quippe
1145 3288 1408 3359 dedignor
1459 3301 1582 3343 cum
1630 3287 1769 3357 ipso,

198 3394 361 3448 quem
402 3375 667 3434 Dominus
692 3381 991 3435 secundum
1010 3394 1108 3435 cor
1131 3394 1294 3437 suum
1330 3379 1514 3450 elegit,
1541 3379 1722 3436 dicere
1752 3396 1767 3438 δ

192 3468 335 3533 Ecce
357 3470 497 3523 enim
518 3470 575 3524 in
603 3470 972 3541 iniquitatibus
1000 3481 1277 3541 conceptas
1304 3487 1442 3537 sum,
1472 3478 1521 3525 et
1554 3472 1611 3524 in
1648 3486 1771 3541 pec-

201 3561 333 3615 catis
357 3549 591 3632 concipit
616 3577 697 3615 nte
713 3571 883 3616 mater
912 3579 1027 3617 mea
1054 3562 1226 3633 (Psal.
1256 3563 1331 3634 ι).
1372 3560 1664 3633 Nunquam
1685 3571 1771 3619 ta.-

198 3667 325 3715 ‘men
348 3652 484 3707 adeo
504 3666 593 3708 me
620 3652 822 3723 ipsum,
850 3651 961 3709 Deo
986 3653 1303 3721 miserante,
1332 3655 1691 3726 impugnabo,
1712 3664 1773 3711 ut

202 3744 268 3798 de
294 3744 448 3813 plena
471 3744 795 3805 remissione
820 3754 1165 3816 peccatorum
1194 3747 1249 3801 in
1277 3746 1549 3816 baptismo
1583 3755 1771 3807 contra

204 3834 360 3889 tidem
412 3836 738 3891 catholicam
779 3853 902 3892 cum
953 3836 1173 3909 Pelagio
1218 3837 1476 3892 diuidam.
1530 3836 1771 3894 Nimium

205 3935 346 3980 certe
389 3926 556 3980 alium
611 3927 989 3997 blasphemare
1033 3937 1282 3994 conatur,
1336 3928 1431 3997 qui
1487 3927 1542 3983 in
1583 3928 1771 3990 eadem

206 4017 318 4087 ipsa
358 4017 693 4088 blasphemia
750 4018 1072 4074 catholicam
1122 4018 1281 4075 fidem
1310 4018 1628 4091 impugnare
1653 4035 1776 4091 pro-

205 4108 376 4163 batur.
1728 4126 1731 4129 ’

275 4221 467 4278 Parum
512 4223 677 4279 etiam
720 4224 918 4279 eadem
956 4224 1148 4280 litterae
1188 4232 1339 4280 tuam
1373 4233 1581 4296 partem
1612 4225 1772 4295 juve-

208 4323 343 4379 runt,
382 4330 514 4371 curn
539 4323 727 4371 contra
755 4314 967 4371 Domini
1012 4325 1337 4387 praeceptum
1377 4333 1464 4372 me
1485 4332 1581 4387 per
1630 4316 1775 4372 blas-

206 4408 467 4475 phemiam
495 4415 775 4476 peccatum
816 4408 1259 4473 nominaverunt;
1284 4424 1405 4479 qua:
1424 4423 1532 4463 non
1555 4406 1678 4463 dico
1700 4417 1771 4473 te,

1874 3295 1988 3341 tera
2014 3287 2345 3357 bujusmodi.
2386 3287 2444 3341 Si
2482 3287 2647 3358 igitur
2685 3288 2807 3344 talis
2841 3304 3001 3360 poma
3031 3288 3258 3344 debetur
3283 3288 3449 3344 etiam
3510 3300 3515 3309 ‘

1872 3378 1949 3455 illi
1993 3380 2087 3452 qui
2141 3395 2241 3451 pro
2304 3381 2450 3436 bono
2497 3380 2701 3436 malum
2754 3381 2997 3437 reddenti
3039 3382 3245 3437 malum
3291 3382 3450 3437 retri-

1870 3470 2029 3547 buit,
2086 3471 2220 3542 quid
2272 3472 2341 3527 de
2397 3472 2490 3527 illo
2526 3472 2880 3543 iudicabitur,
2917 3472 3014 3544 qui
3074 3472 3278 3528 malum
3333 3470 3448 3543 fras

1870 3562 1944 3627 tri
1987 3578 2089 3619 suo
2131 3563 2207 3618 nil
2236 3562 2345 3620 nisi
2388 3563 2592 3619 malum
2619 3563 2950 3635 promerenti
2982 3562 3282 3621 reddidisse
3317 3578 3452 3629 con:

1872 3655 2110 3711 vincitur
2122 3655 2147 3709 ?

1870 3798 1873 3805 ‘
1940 3789 2224 3846 Incassum
2248 3806 2376 3863 ergo
2408 3790 2610 3848 easdem
2639 3788 2835 3849 littera:
2856 3790 2991 3847 mihi
3015 3799 3298 3864 opponunt
3317 3789 3451 3847 illud

1870 3881 2186 3938 Salomonis
2227 3901 2240 3937 :
2276 3882 2528 3937 Juvencm
2566 3885 2724 3938 nimis
2768 3883 2880 3939 alta
2916 3893 3169 3954 petentem
3211 3900 3323 3938 esse
3361 3880 3449 3938 re;

1874 3975 2185 4029 trahendum
2209 4016 2225 4041 ,
2261 3989 2385 4029 cum
2416 3975 2520 4029 hoc
2549 3988 2657 4028 non
2698 3975 2833 4029 mihi
2860 4016 2875 4040 ,
2904 3976 2998 4030 sed
3032 3974 3139 4030 illis
3166 3975 3239 4030 sit
3264 3974 3453 4029 dicen-8

1872 4067 2001 4122 dum
2036 4066 2173 4137 qui,
2198 4064 2532 4121 conculcatis
2560 4066 2732 4136 ipsius
2774 4066 2947 4121 sancti
2984 4065 3219 4136 Spiritus
3247 4076 3449 4135 praecea

1872 4158 2000 4228 ptis,
2049 4172 2107 4212 se
2137 4157 2278 4210 altos
2302 4157 2598 4221 aestimant,
2635 4154 2911 4226 sequendo
2945 4155 3138 4210 inanes
3165 4196 3180 4221 ,
3229 4154 3341 4208 imo
3384 4153 3451 4207 li-

1874 4259 1991 4305 ctas
2029 4248 2311 4303 hominum
2342 4246 2676 4302 traditiones.
2707 4247 2900 4302 Videat
2926 4246 3099 4317 igitur
3132 4246 3451 4301 fraternitas

1877 4347 1968 4394 tua
1996 4352 2159 4409 quam
2183 4354 2397 4408 parum,
2421 4338 2505 4392 vel
2533 4338 2715 4408 potius
2740 4354 2905 4409 quam
2938 4338 3073 4393 nihil
3102 4337 3193 4393 illa
3216 4336 3448 4407 epistola

1872 4440 1969 4489 tua
2001 4430 2299 4501 providerit
2322 4430 2540 4498 honori,
2570 4446 2694 4502 qua:
2719 4438 2775 4486 et
2798 4439 2947 4486 tuam
2979 4438 3209 4500 partem,
3234 4436 3296 4484 ut
3319 4443 3451 4499 pro-

207 4500 292 4553 εεά
319 4513 539 4554 munem
572 4506 737 4594 θθνῑξι
759 4496 1043 4594 δοιοωεμξ
1070 4500 1775 4594 δυεείνίθοιθωνᾲνθνθθίῖῗδ
1807 4538 1852 4593 ι)
1874 4496 2067 4589 hatu'm
2096 4530 2199 4589 est,
2228 4496 2684 4594 impugnavit,-et,
2698 4522 2845 4594 quod
2873 4496 3029 4594 pejus
3041 4528 3145 4587 est,
3172 4527 3228 4593 te
3256 4496 3448 4579 contra

206 4606 322 4645 vum
342 4605 464 4645 esse
504 4590 736 4659 peccati,
759 4607 867 4648 non
911 4592 1129 4664 quidem
1173 4601 1384 4663 sponte,
1409 4590 1504 4647 sed
1526 4601 1661 4646 nutu
1687 4592 1770 4647 di-

206 4682 323 4735 vino
351 4690 557 4737 coacta:
587 4683 971 4751 probaverunt.
1028 4681 1188 4738 Juxta
1225 4682 1572 4754 Evangelium
1600 4684 1767 4750 enim,

207 4772 511 4842 quicunque
537 4781 746 4842 peccat,
776 4788 967 4829 servus
979 4774 1371 4845 peccatiexstat
1392 4771 1483 4846 (II
1506 4772 1653 4828 Petr.
1693 4789 1766 4839 ll;

206 4863 349 4916 Rom.
392 4861 470 4934 6).
500 4863 781 4920 Praedicta:
809 4872 989 4920 autem
1021 4865 1215 4921 littera:
1257 4880 1405 4931 cum,
1450 4872 1769 4919 sanctorum

204 4953 418 5011 Patrum
454 4956 676 5013 statutis
704 4956 1120 5025 consentiendo,
1159 4972 1257 5013 eos
1282 4957 1378 5027 qui
1420 4956 1583 5026 caput
1602 4954 1772 5012 Sozo-

196 5046 343 5103 ‘meni
398 5046 673 5116 recipiunt
722 5046 1214 5114 anathematizent,
1262 5046 1511 5103 eosdem'
1553 5046 1769 5101 mortali

196 5146 420 5205 peccato
441 5138 709 5207 obligatos
747 5152 869 5192 esse
900 5136 1093 5195 docent
1125 5160 1139 5195 :
1170 5154 1301 5210 ergo
1326 5148 1377 5195 et
1400 5136 1617 5195 eosdem
1644 5153 1769 5194 vere

201 5245 385 5282 servos
405 5235 526 5282 esse
551 5230 753 5282 nece-sti
786 5229 1129 5284 conﬁrmant;
1756 5242 1759 5245 ‘

1876 4614 2214 4671 sacerdotale
2237 4612 2482 4669 ofﬁcium
2507 4622 2633 4670 tuos
2658 4614 2867 4670 amicos
2893 4612 3031 4668 nihil
3053 4627 3082 4667 a
3114 4621 3186 4680 te,
3216 4610 3321 4667 nisi
3348 4610 3451 4667 bo-

1876 4722 2009 4761 num
2028 4706 2376 4776 promeritos,
2398 4704 2541 4761 falso
2560 4706 2967 4776 blasphemasse
2996 4703 3254 4759 indicavit
3270 4716 3450 4771 :cum,

1870 4796 2027 4865 juxta
2055 4795 2269 4852 Domini
2294 4806 2645 4867 praeceptum,
2662 4812 2762 4853 nec
2784 4796 3007 4851 inimico
3033 4796 3106 4851 sit
3124 4794 3455 4850 maledicen-

1876 4892 2007 4946 dum
2053 4890 2269 4964 (Matth.
2316 4892 2391 4961 v).
2431 4889 2775 4962 Quapropter
2817 4886 3140 4943 charitative
3181 4885 3454 4940 admoneo

1874 4992 1931 5038 te
1982 4997 2052 5039 ne
2104 4998 2346 5056 unquam
2380 4982 2440 5037 in
2476 4992 2584 5037 ture
2612 4977 2892 5051 religionis
2918 4987 2975 5035 et
3004 4976 3327 5055 eruditionis
3358 4976 3453 5045 de:

1874 5073 2215 5145 rogationem
2262 5072 2425 5130 alicui
2452 5081 2570 5130 tam
2611 5070 2936 5127 maledicam
2959 5112 2975 5140 ,
3019 5078 3131 5127 tam
3173 5068 3455 5131 illimatam

1874 5169 2216 5226 transmittas
2262 5166 2570 5237 epistolam,
2593 5178 2688 5230 ne,
2728 5163 2776 5220 si
2824 5160 3053 5238 aliquis,
3092 5159 3187 5229 qui
3229 5160 3461 5219 libenter

1874 5262 2002 5288 ..-126
2050 5260 2378 5288 ---ιιι-ειη..)
2423 5267 2632 5288 ...ΛΑ-,ιο
2675 5254 2868 5288 λιι-ιιινῖ
2918 5268 3115 5288 λιιι-ιω
3153 5251 3435 5288 amvi-L33.
