3984 5380
560 425 693 493 ιθυά

1472 426 1632 481 π’Μ)
1666 424 1897 487 OPEM
1932 423 2367 483 εκςηθθιω
2898 452 2905 459 ·

3669 424 3804 485 ιω

994 556 3791 593 W

2082 703 2282 764 ΙΤΕΜ

1316 880 2253 979 CONTUMELIOSA
2323 880 3029 975 RESCRIPTIO
3138 840 3141 845 ’

1774 1076 1900 1137 Pro
1927 1072 2252 1152 superiori
2279 1070 2585 1152 capitulo.

1959 1239 2418 1256 —-—-———-——

617 1390 818 1463 Fratri,
842 1394 976 1451 heu!
996 1393 1051 1449 in
1070 1401 1155 1450 tot
1171 1392 1358 1467 hydrae
1380 1390 1557 1462 capita
1585 1387 1819 1445 tumenti
1843 1387 2130 1441 Bessum
2158 1388 2205 1445 Α
2230 1382 2667 1454 compassionem
2717 1383 2903 1456 magni
2958 1382 3260 1458 Paphnuct.
3279 1429 3295 1455 ,
3350 1391 3811 1460 quemadmodum

547 1485 837 1553 Acamans,
862 1502 920 1542 se
930 1484 1251 1541 'nullatenus
1272 1484 1430 1539 caecis
1450 1480 1698 1539 cerastari
1722 1479 1918 1536 veneni
1945 1477 2128 1533 corni-

549 1579 654 1634 bus
681 1577 999 1648 periclitari.
1768 1572 1773 1575 “

618 1666 677 1725 Si
714 1683 824 1724 non
852 1669 956 1724 sub
980 1681 1148 1725 suave
1182 1665 1388 1723 Christi
1420 1664 1614 1736 jugum
1645 1660 1782 1720 colla
1817 1660 2127 1719 submissus

541 1760 657 1830 jatn
692 1760 897 1815 dudum
929 1764 1258 1815 testamento
1291 1755 1445 1827 pacis
1470 1755 1747 1826 respirare
1776 1759 2085 1824 appeterem
2109 1792 2126 1820 ,

548 1851 658 1907 tuis
701 1850 981 1906 maledicis
1036 1849 1322 1919 rescriptis
1348 1847 1573 1919 dignum
1605 1846 1861 1902 talionem
1901 1843 2131 1900 reddere

548 1958 655 1997 non
688 1942 1122 1998 succumberem.
1154 1939 1261 1996 Sed
1290 1956 1386 2011 per
1416 1955 1561 1994 nunc
1596 1936 1858 2009 temporis
1892 1936 1945 1991 id
1976 1951 2006 1991 a
2041 1948 2130 1990 me

547 2030 663 2087 fieri
681 2075 697 2101 ,
727 2033 845 2104 ipsa
874 2033 1089 2089 ratione
1118 2031 1381 2104 magistra
1408 2073 1423 2099 ,
1455 2038 1673 2087 constat
1699 2029 1998 2101 prohiberi,
2034 2042 2128 2082 ra-

548 2124 695 2180 tione
739 2125 984 2195 inquam,
1022 2140 1091 2179 ne
1122 2123 1286 2179 alicui
1334 2123 1539 2178 malum
1587 2137 1687 2193 pro
1721 2121 1866 2177 malo
1902 2121 2129 2176 reddam

548 2214 722 2284 (Rom.
759 2214 881 2282 xu).
934 2216 1013 2271 Ac
1058 2231 1176 2282 me,
1207 2215 1287 2270 uti
1318 2208 1428 2270 tuis
1473 2214 1669 2270 litteris
1714 2212 1923 2285 liquido
1959 2220 2127 2283 patet,

547 2304 726 2363 scisso
760 2308 919 2377 peplo
948 2306 1204 2373 Palladis,
1236 2307 1395 2377 quasi
1426 2306 1656 2377 injurias
1684 2298 1989 2361 concitasse
2018 2303 2130 2375 pri-

547 2410 722 2462 orem,
757 2399 802 2453 si
832 2398 995 2454 modo
1035 2399 1216 2469 aliqua
1246 2414 1378 2455 cura
1410 2408 1574 2464 esset,
1614 2396 1833 2454 facilius
1856 2396 2002 2452 dicto
2029 2408 2132 2451 ex-

547 2503 781 2559 purgare
803 2490 1121 2559 potuissem.
1146 2488 1234 2544 Nil
1259 2499 1442 2545 autem
1468 2489 1597 2544 item
1624 2489 1830 2544 dictum
1853 2503 1976 2543 esse
1997 2502 2131 2543 con-

549 2580 920 2647 tumeliosum,
954 2582 1152 2653 cuique
1178 2582 1408 2648 litteras,
1453 2581 1555 2636 etsi
1577 2580 1718 2636 male
1748 2588 2016 2645 tornatas,
2042 2586 2129 2634 ta-

548 2685 673 2724 men
714 2686 865 2727 meas
905 2673 1136 2743 legenti,
1167 2673 1289 2729 luce
1321 2672 1524 2728 clarius
1559 2672 1618 2727 ﬁt
1647 2682 1952 2743 expertum.
1987 2670 2131 2739 Quid

546 2759 602 2816 in
634 2752 743 2818 hoc
796 2762 936 2817 male
982 2762 1083 2818 feci
1146 2764 1231 2819 vel
1274 2764 1406 2834 quid
1457 2763 1775 2835 promerui,
1805 2764 1854 2820 si
1880 2779 1981 2836 ego
2011 2758 2043 2818 a
2081 2772 2132 2819 te

545 2852 706 2923 quasi
735 2854 962 2910 fideliter
987 2855 1365 2926 praemonitus,
1397 2857 1584 2923 etiam,
1612 2871 1769 2911 versa
1794 2855 1933 2921 vice,
1957 2852 2009 2911 te
2031 2870 2131 2926 pro

545 2943 729 3015 aliqua
763 2960 1098 3015 prmmonere
1127 2946 1353 3002 curavi?
1382 2945 1487 3002 Sed
1517 2955 1601 3014 ut,
1631 2962 1754 3003 meo
1784 2948 1980 3003 honori
1998 2962 2130 3017 pro—

544 3034 797 3103 videndo,
824 3036 963 3104 aliis,
989 3053 1100 3093 non
1130 3039 1227 3093 tibi
1267 3054 1355 3094 me
1392 3039 1459 3095 de
1490 3038 1595 3095 hac
1621 3037 1847 3094 infamia
1885 3039 2130 3095 securio-

545 3128 662 3181 rem
703 3128 946 3195 reddam,
990 3129 1121 3185 libet
1162 3130 1244 3185 uti
1289 3144 1584 3201 parumper
1618 3130 1808 3201 pedem
1844 3131 2129 3187 retrahens

545 3217 720 3273 nostri
757 3219 969 3292 negocii
1003 3212 1303 3291 primordia
1335 3222 1402 3277 ad
1442 3221 1682 3277 medium
1728 3223 1945 3278 ducam.
1989 3222 2127 3279 Cum

544 3315 634 3363 me
679 3324 810 3365 vero
855 3312 966 3367 tuis
1008 3314 1376 3370 curatioribus
1427 3312 1597 3387 [fort.
1651 3314 2128 3390 accuratioribus]

544 3399 785 3470 scriptis,
813 3404 1257 3475 coacervatisquc
1282 3416 1599 3461 sanctorum
1630 3406 1961 3463 testimoniis
1981 3449 1995 3474 ,
2027 3422 2131 3464 ceu

545 3488 775 3546 fideliter
803 3494 1211 3563 praemonendo,
1236 3490 1557 3552 a‘canonica
1578 3498 1767 3570 regula
1789 3498 2040 3555 deviasse
2061 3515 2129 3556 ex

545 3579 769 3651 obliquo
800 3583 1023 3649 notasti,
1054 3584 1244 3655 quales
1268 3596 1447 3657 grates
1492 3586 1576 3643 vel
1603 3589 1736 3659 quid
1759 3590 1888 3645 boni
1913 3605 2132 3660 prome-

545 3671 756 3727 ruisses
796 3688 906 3728 non
950 3675 1085 3730 satis
1115 3673 1274 3731 facile
1311 3676 1555 3733 invenire
1587 3680 1740 3749 potui
1767 3699 1779 3735 :
1809 3681 1956 3752 quod
1985 3682 2127 3737 amio

546 3776 673 3817 cum
712 3762 831 3820 sine
855 3780 1025 3823 causa
1069 3766 1363 3825 admonere
1385 3811 1400 3837 ,
1431 3770 1562 3841 quid
1617 3780 1703 3828 est
1748 3773 1854 3830 nisi
1890 3773 2130 3831 infamiae

547 3852 821 3909 maculam
866 3855 920 3912 in
970 3856 1125 3912 illum
1171 3859 1294 3929 plus
1325 3863 1615 3933 spargere?
1648 3860 1785 3919 Nam
1820 3865 1914 3921 ubi
1951 3881 2128 3937 neque

546 3942 637 4000 res
666 3960 842 4017 neque
870 3961 1007 4019 opus
1035 3948 1360 4007 admonendi
1387 3953 1573 4019 instat,
1596 3954 1872 4026 ubi,quid,
1888 3958 2121 4028 quando,

2226 1476 2502 1546 quoddam
2525 1474 2923 1546 Gregorianum
2973 1478 3242 1548 recepisse
3267 1495 3357 1536 me
3376 1481 3588 1553 absque
3611 1487 3810 1542 rubore

2130 1580 2131 1587 ‘
2226 1565 2440 1623 fateor:
2466 1575 2687 1638 propter
2712 1581 2879 1638 quam
2907 1582 3022 1623 rem
3045 1569 3127 1624 vel
3157 1585 3190 1624 a
3216 1578 3289 1639 te,
3319 1572 3405 1627 vel
3427 1575 3498 1629 ab
3521 1575 3708 1646 aliquo
3725 1592 3810 1632 me

2227 1658 2407 1714 notari
2434 1672 2543 1713 non
2567 1672 2778 1725 vereor,
2806 1660 3131 1730 quod,sicut
3153 1660 3217 1716 S.-
3235 1662 3503 1736 Gregorio
3527 1664 3812 1723 Sicilianos

2227 1748 2489 1806 diaconos
2533 1749 2604 1805 ab
2649 1750 2921 1806 uxoribus
2972 1766 3082 1806 non
3130 1752 3186 1806 in
3238 1761 3487 1825 tempore
3526 1759 3810 1828 prohibitis

2226 1840 2494 1897 vioienter
2515 1850 2571 1897 et
2599 1841 2907 1897 inordinate
2951 1843 3231 1912 separari,
3266 1845 3601 1904 deteriorem
3628 1865 3809 1906 eam

2229 1932 2462 1999 timenti,
2492 1932 2678 1988 minus
2700 1932 2940 2003 placuit;
2971 1933 3053 1989 uti
3078 1932 3430 2006 Paphnucius
3462 1952 3594 1995 aute
3627 1956 3810 1997 conse-

2229 2024 2532 2080 crationem
2568 2024 2805 2095 legitime
2832 2024 3014 2081 ductis
3041 2027 3305 2083 uxoribus
3324 2070 3339 2095 ,
3368 2028 3631 2087 similiter
3656 2046 3809 2087 occas

2230 2114 2440 2170 sionem
2452 2114 2834 2171 fornicationis
2848 2116 3171 2185 abhorrens,
3192 2120 3511 2177 sacerdotes
3532 2136 3646 2177 non
3665 2139 3810 2179 com-

2230 2205 2451 2262 misceri
2480 2207 2832 2274 contradixit;
2858 2209 2940 2265 sic
2970 2209 3136 2265 etiam
3160 2208 3297 2265 mihi
3327 2211 3693 2282 homunculo,
3728 2231 3810 2270 ve.

2230 2297 2332 2352 luti
2363 2312 2491 2354 cum
2513 2307 2627 2354 tam
2652 2299 2858 2356 sanctis
2875 2300 3010 2357 viris
3038 2301 3095 2354 in
3117 2300 3260 2356 idem
3289 2305 3663 2361 consentienti
3687 2349 3703 2373 ,
3731 2309 3808 2362 ni-

2231 2388 2338 2445 mis
2362 2404 2428 2445 ac
2463 2388 2631 2450 nimis
2664 2392 2952 2447 temeraria
2995 2391 3169 2448 nostri
3210 2396 3479 2464 temporis
3500 2397 3809 2467 prohibitio,

2231 2492 2342 2535 non
2366 2494 2433 2535 ex
2458 2480 2608 2535 omni
2638 2488 2791 2550 parte
2814 2481 2971 2537 beata
2990 2482 3387 2553 videri'potuit.
3417 2483 3586 2541 Verbi
3610 2489 3773 2558 gratia
3792 2531 3808 2556 ,

2231 2570 2378 2642 quod
2402 2585 2685 2642 nunquam
2700 2572 3050 2643 acimisitum,
3073 2575 3248 2630 multo
3262 2575 3481 2633 facilius
3495 2579 3807 2650 denegatur,

2233 2674 2398 2732 quam
2436 2663 2732 2734 aliquando
2765 2676 3070 2734 acceptum,
3112 2665 3159 2721 si
3197 2667 3394 2736 placet,
3423 2668 3728 2726 auferatur.
3756 2670 3809 2725 Si

2233 2764 2455 2825 propter
2483 2753 2624 2809 hanc
2654 2768 2768 2809 rem
2794 2756 3124 2812 anathemati
3150 2758 3439 2830 subjacere
3458 2760 3653 2829 debeo,
3681 2762 3810 2818 Gre-

2234 2846 2446 2917 gorium
2469 2854 2634 2916 atque
2655 2845 3028 2916 Paphnucium
3053 2864 3266 2904 mecum
3288 2849 3344 2904 in
3370 2866 3539 2907 causa
3562 2868 3686 2909 esse
3708 2868 3809 2908 non

2231 2951 2426 3007 parum
2449 2937 2681 3008 gaudeo.
2717 2937 2824 2994 Sed
2853 2948 3035 2994 autem
3060 2954 3253 2995 vereor
3277 2956 3345 2996 ne
3368 2942 3460 2997 ille
3481 2946 3662 3016 magis
3687 2961 3803 2999 ana-

2230 3027 2673 3087 thematizandus
2727 3030 2993 3086 subsistat
3031 3030 3125 3101 qui
3165 3034 3333 3089 tantis
3386 3034 3570 3100 viris,
3623 3050 3809 3107 expers

2229 3119 2610 3188 discretionis,
2661 3130 2969 3194 repugnat;
3017 3123 3106 3178 ille
3149 3123 3313 3179 etiam
3357 3126 3543 3185 adhuc
3585 3130 3805 3185 anathe-

2230 3213 2364 3269 mati
2408 3212 2667 3268 deteriori
2714 3214 3035 3270 succumbat
3056 3216 3171 3287 qui,
3198 3225 3388 3272 contra
3414 3218 3633 3276 decreta
3666 3221 3805 3291 ejus-

2228 3302 2353 3358 dem
2395 3303 2680 3376 Gregorii,
2722 3304 2999 3361 Eleutheri
3042 3321 3328 3378 paparum,
3359 3308 3633 3377 Anacleti,
3666 3311 3805 3367 Pon-

2231 3394 2385 3462 tiani,
2429 3393 2673 3463 Eusebii,
2710 3398 3021 3453 sacerdotes
3067 3414 3096 3453 a
3142 3400 3501 3457 saecularibus
3542 3401 3804 3472 infestari,

2228 3490 2513 3557 accusari,
2561 3491 2771 3557 arceri,
2814 3490 3064 3561 despici,
3117 3494 3414 3560 contemni,
3462 3494 3535 3576 ah
3566 3492 3804 3552 ecclesiis

2229 3582 2438 3652 absque
2462 3581 2706 3654 synodali
2729 3582 2938 3653 judicio
2963 3583 3233 3639 eluninari
3266 3586 3552 3655 approbat.

2298 3670 2624 3743 Quicunque
2649 3680 2910 3744 aegrotum
2942 3675 3128 3730 solerti
3162 3690 3294 3731 cura
3332 3666 3532 3732 sanare
3557 3679 3803 3743 studeat,

2227 3763 2617 3834 circumposita
2666 3765 2933 3832 membra,
2989 3766 3311 3837 priusquam
3357 3767 3540 3837 ipsum
3589 3770 3802 3838 minus,

2226 3853 2451 3926 palpare
2467 3855 2769 3926 provideat.
2796 3855 2855 3911 Si
2883 3858 3062 3927 ipsum
3088 3858 3287 3913 vulnus
3314 3858 3593 3916 incautius
3634 3862 3803 3932 primo

2226 3946 2377 4000 aditu
2424 3954 2659 4013 tractat,
2708 3948 2964 4003 omnibus
3004 3949 3182 4005 modis
3225 3949 3480 4007 inﬁmus
3526 3953 3799 4007 reclamat.

545 4036 655 4105 cui,
702 4036 815 4094 imo
871 4055 1102 4111 quaeque
1155 4042 1567 4101 circumstantia
1592 4056 1776 4115 vacat;
1811 4063 1962 4121 ergo,
1993 4051 2122 4107 abs-

2229 4035 2341 4093 liac
2359 4038 2505 4092 enim
2538 4038 2843 4094 intentione
2872 4040 2988 4111 ipse
3013 4040 3365 4096 secretarium
3396 4040 3550 4114 [fort
3582 4052 3783 4101 secuta

544 4142 652 4197 que
676 4127 762 4184 his
785 4171 800 4195 ,
828 4131 960 4201 quid
981 4131 1215 4205 alicujus
1261 4135 1556 4193 admonere
1587 4138 1734 4195 aliud
1762 4142 1978 4210 valeat,
2016 4146 2124 4202 nisi

2229 4127 2365 4201 rius]
2393 4128 2596 4184 Christi
2621 4128 2820 4194 Moses,
2872 4142 2982 4201 quo
3010 4133 3194 4203 pejora
3228 4145 3624 4204 compesceret,
3652 4135 3795 4191 libel-

542 4226 776 4288 tantum,
809 4229 869 4276 ut
892 4231 1073 4293 poeta,

616 4332 782 4389 Omne
803 4351 1183 4407 supervacuum
1212 4339 1366 4411 pleno
1396 4359 1462 4398 ae
1486 4355 1692 4414 pectore
1727 4350 1950 4403 "tonat?

540 4446 627 4504 Me
652 4464 783 4504 vero
810 4450 866 4504 in
892 4459 1110 4523 recepto
1136 4452 1427 4512 Sozomeni
1455 4458 1632 4529 capite
1657 4502 1672 4525 ,
1702 4459 1770 4516 de
1803 4477 1915 4532 quo
1945 4453 2126 4521 adhuc

542 4541 647 4597 sub
683 4542 868 4612 judice
902 4543 970 4599 lis
1001 4553 1087 4600 est
1106 4586 1121 4611 ,
1149 4546 1226 4601 nil
1254 4563 1497 4619 unquam
1524 4565 1556 4604 a
1585 4567 1717 4607 sana
1751 4553 1999 4610 doctrina
2029 4557 2125 4614 de-

542 4632 749 4700 viasse,
778 4634 976 4706 cuique
1017 4634 1158 4692 scire
1186 4638 1385 4694 volenti
1424 4650 1573 4711 patet
1616 4645 1831 4715 gemina
1867 4648 2081 4704 ratione
2105 4693 2121 4717 ,

541 4737 652 4780 una
677 4725 885 4782 scilicet
906 4727 1056 4798 quod
1083 4729 1160 4783 nil
1199 4728 1254 4784 iu
1276 4731 1489 4799 eodem,
1520 4744 1669 4791 certo
1692 4736 1814 4793 loco
1837 4781 1852 4805 ,
1882 4747 2125 4811 tempore

541 4815 895 4887 probatisque
930 4819 1179 4889 personis
1214 4821 1440 4878 recitato
1460 4866 1475 4889 ,
1523 4825 1727 4898 scripto
1748 4869 1762 4895 ,
1814 4832 2120 4889 translato:

544 4906 649 4960 nisi
720 4908 1092 4966 authenticum
1150 4923 1205 4969 et
1264 4914 1546 4984 probabile
1614 4921 1913 4991 perspicio;
1955 4924 2123 4981 altera

543 4997 689 5051 enim
715 5040 730 5064 ,
784 4999 830 5054 si
875 5015 983 5055 non
1029 5003 1295 5072 probabili
1335 5007 1615 5063 meliorem
1665 5008 2000 5070 intellectum
2034 5016 2125 5073 ad-

543 5086 740 5143 hibens
797 5088 965 5161 [fort
1020 5094 1356 5169 adhibeat],
1426 5099 1564 5155 nihil
1610 5102 1713 5159 sub
1771 5104 1891 5175 ejus
1956 5122 2122 5163 occa-

2224 4219 2339 4274 lum
2367 4219 2579 4290 repudii
2606 4222 2879 4291 asportari
2898 4221 3073 4292 jubet.
3119 4222 3232 4279 Sub
3269 4224 3373 4280 hac
3398 4226 3608 4282 etenim
3646 4244 3774 4285 occa

2223 4307 2379 4364 sione
2416 4308 2603 4379 justus
2636 4309 2795 4376 Loth,
2830 4320 2890 4366 ut
2923 4312 2996 4367 ita
3028 4313 3206 4370 dicam
3233 4356 3248 4379 ,
3279 4314 3351 4369 ob
3394 4317 3556 4386 pejus
3601 4321 3800 4375 malum

2222 4397 2605 4455 declinandum
2632 4440 2647 4467 ,
2679 4400 2827 4471 ipsas
2857 4400 2999 4458 ﬁlias
3036 4401 3331 4460 Sodomitis
3362 4410 3669 4465 concedere
3707 4427 3787 4465 vo-

2222 4487 2326 4544 luit
2347 4489 2679 4546 abutendum
2708 4491 2859 4562 (Gen.
2885 4494 3066 4565 xviri).
3090 4491 3279 4550 Nonne
3303 4496 3468 4552 etiam
3505 4497 3628 4569 ipse
3656 4517 3795 4557 sum.

2222 4595 2347 4635 mus
2372 4579 2640 4647 Pontifex,
2670 4583 2766 4653 qui
2788 4583 2957 4639 cmios
2985 4585 3303 4654 penetravit,
3333 4602 3443 4643 non
3470 4604 3670 4647 omnes
3702 4594 3799 4649 hcc

2220 4670 2447 4726 verbum
2473 4673 2740 4729 castitatis
2761 4689 2955 4745 capere
2981 4675 3201 4747 (Matth.
3235 4676 3349 4749 xix)
3374 4720 3390 4744 ,
3423 4695 3608 4751 neque
3640 4668 3794 4739 etiam

2223 4775 2425 4816 novum
2463 4772 2709 4820 mustum
2750 4764 2805 4819 in
2852 4773 3065 4823 veteres
3104 4776 3253 4823 utres
3298 4766 3452 4826 fundi
3509 4777 3794 4830 convenire

2224 4850 2440 4921 (Matth.
2467 4854 2567 4926 ut),
2596 4854 2821 4926 insuper
2846 4857 3013 4913 rudes
3042 4858 3357 4929 discipulos,
3395 4864 3645 4932 quandiu
3676 4881 3791 4921 cum

2221 4940 2329 4997 illis
2359 4940 2605 5012 Sponsus
2623 4952 2744 5013 est,
2769 4962 2879 5001 non
2897 4947 3148 5017 jejunare
3168 4949 3455 5020 proﬁtetur
3483 4953 3681 5025 (Here.
3715 4973 3750 5012 ιι
3775 4977 3788 5022 ;

2223 5030 2416 5088 Matth.
2470 5034 2589 5106 II),
2647 5036 3056 5098 infirmitatibus
3115 5042 3317 5096 nostris
3369 5044 3792 5104 misericorditer

2221 5124 2455 5188 compati
2502 5141 2631 5182 non
2659 5128 3017 5188 dedignatur?
3069 5130 3262 5187 Nonne
3310 5132 3520 5188 Paulus
3551 5152 3652 5188 vas
3684 5140 3787 5188 ele-
