3984 5380
199 346 344 400 1093

1094 339 1374 401 ΑΡΡΕΝΙ).
1416 343 1500 399 Ill.
1541 375 1609 384 —
1644 341 2075 399 MONUMENTA
2114 341 2576 400 GREGORZANA.

3313 349 3450 405 1094

195 478 306 517 nus
337 462 552 517 videtur
577 470 686 518 tam
714 468 916 514 temere
947 460 1512 516 anathematizandum
1539 503 1552 524 ,
1593 461 1736 530 quod
1759 501 1772 524 .
1807 464 1849 518 A
1949 460 2088 525 Quid
2119 460 2476 530 plura?vere,
2516 458 2561 514 si
2589 456 2956 526 Paplmueius.
2985 460 3062 514 uti
3091 468 3146 514 tu
3165 463 3455 533 peregrino

196 563 258 606 ιιι
307 553 388 608 ait
437 550 494 605 S.
551 550 886 618 Augustinus
929 549 981 602 in
1006 565 1106 603 suo
1134 549 1386 618 Speculo,
1431 551 1685 620 quidquid
1725 551 1778 602 in

191 643 396 695 divinis
450 639 741 710 Scripturis
785 639 964 709 aliqua
1016 639 1169 693 modo
1219 641 1490 708 probabile
1538 642 1778 706 videtur,

193 730 504 784 nullatenus
539 730 603 783 ab
643 729 821 800 aliqua
859 729 1020 799 facile
1071 729 1465 799 prmjudicetur.
1517 730 1640 786 Hice
1683 732 1780 785 ha-

193 831 413 875 ctenus.
585 875 589 880 ,
1173 814 1175 816 ’

264 910 338 965 At
367 925 470 981 ego
503 908 547 964 si
581 924 688 962 non
716 923 932 963 omnem
962 906 1126 974 diem,
1163 909 1258 963 sed
1288 909 1431 963 diem
1470 909 1608 963 inter
1634 909 1776 964 diem

191 1004 394 1072 sapio,
443 999 776 1056 anathemati
812 998 1092 1071 subjacere
1140 1000 1348 1055 debeo?
1392 1001 1567 1055 absit!
1630 1000 1778 1070 quod

190 1095 314 1162 ipse
340 1108 593 1148 summus
620 1091 861 1147 Medicus
893 1108 1068 1162 neque
1101 1102 1415 1162 peccatores
1443 1108 1630 1146 mensa
1659 1091 1779 1161 ejus

188 1184 432 1254 privavit
476 1183 694 1254 (Matth.
736 1184 813 1254 ix)
840 1224 856 1250 ,
888 1199 988 1238 nec
1031 1184 1388 1254 peccatricem
1434 1200 1462 1237 a
1503 1193 1647 1238 tactu
1680 1199 1774 1253 pe-

189 1275 340 1344 dum.
377 1275 651 1344 separavit
699 1274 851 1342 (Luc.
883 1275 1002 1344 vn).
1054 1274 1173 1345 Ipse
1212 1276 1376 1331 etiam
1415 1291 1542 1330 cum
1576 1275 1779 1345 princi-

188 1382 316 1434 pem
342 1365 764 1422 Publicanorum
789 1367 874 1421 sui
899 1365 1094 1422 faciem
1116 1367 1428 1425 desiderare
1455 1370 1775 1438 conspexit,

188 1471 544 1526 nequaquam
589 1457 674 1512 sui
706 1459 992 1528 praesentia
1014 1500 1028 1524 ,
1059 1459 1170 1512 imo
1197 1459 1362 1513 etiam
1391 1460 1477 1515 sui
1497 1459 1778 1516 cohabita-

187 1548 344 1602 tione
366 1544 710 1605 defraudavit
732 1550 883 1622 (Luc.
911 1551 1048 1621 nx).
1098 1550 1203 1606 Sed
1228 1559 1305 1618 tu,
1329 1553 1514 1616 credo,
1543 1553 1776 1621 opponis

185 1640 316 1695 illos
357 1641 698 1711 pmnituisse.
742 1641 834 1709 At,
877 1657 1033 1714 rogo,
1081 1643 1224 1698 unde
1269 1643 1462 1698 credas
1489 1643 1596 1699 illis
1623 1659 1776 1698 com-

183 1733 504 1802 punctionis
528 1741 738 1789 motum
761 1735 814 1788 in
839 1743 1075 1790 mentem
1103 1735 1657 1792 cecidisse?Profecto
1681 1736 1773 1792 Fi—

1885 551 2154 606 intelleetu
2229 551 2512 604 arbitraris
2573 551 2656 602 vel
2713 551 2961 604 ultroneo
3022 557 3452 624 argumentaris,

1882 639 2530 694 omnibu§sacerdotibus
2557 639 2828 693 licentiam
2868 640 3103 696 nubendi
3134 645 3458 712 generaliter

1881 732 2219 797 concederet,
2269 747 2377 785 non
2423 731 2495 786 ita
2553 732 2901 802 singulariter
2948 741 2995 786 et
3056 734 3331 789 evidenter
3386 737 3456 791 de

1881 830 2004 876 ante
2053 822 2520 876 consecrationem
2552 823 2828 891 usurpatis
2864 838 3022 893 agere
3065 824 3324 880 studeret.
3371 827 3454 881 Ad

1882 912 1987 966 hoc
2019 912 2271 978 etiam,si
2296 912 2350 965 in
2383 911 2566 981 aliquo
2603 929 2750 967 sana:
2783 913 3043 968 doctrina:
3064 914 3337 970 adversari
3366 916 3453 970 in-

1880 1003 2131 1072 spiceret,
2170 1004 2479 1058 nullatenus
2531 1003 2584 1058 id
2640 985 2817 1074 ipsum
2853 1015 3016 1075 caput
3068 1004 3452 1072 Cassiodorus,

1880 1093 1961 1147 vir
2001 1094 2138 1148 divae
2188 1095 2464 1149 memoria:
2491 1136 2506 1160 ,
2561 1111 2878 1166 magnaeque
2925 1097 3354 1152 conversationis
3401 1109 3455 1152 et

1877 1185 2197 1254 prudentiae,
2227 1193 2336 1238 tam
2367 1184 2604 1240 ofﬁciose
2617 1185 2682 1240 de
2705 1185 2894 1241 Grieco
2922 1186 2977 1240 in
3000 1185 3251 1242 Latinum
3275 1197 3455 1242 trans-

1877 1274 2019 1330 ferre
2067 1276 2357 1332 laboraret.
2391 1274 2659 1342 Putasne,
2712 1277 2760 1331 si
2805 1277 3006 1346 aliquis
3041 1278 3256 1332 scenica
3297 1290 3411 1334 arte
3435 1320 3451 1345 ,

1879 1375 1937 1421 ut
1978 1376 2035 1422 tu
2065 1367 2223 1434 dicis,
2254 1383 2410 1422 suam
2451 1367 2705 1422 haeresim
2749 1368 2852 1423 sub
2884 1383 3114 1438 persona
3156 1369 3455 1440 Paphnucii

1876 1467 2056 1530 tegere
2077 1457 2747 1525 'auderet,‘Cassiodorus,
2779 1468 2889 1514 tam
2919 1461 3168 1530 egregius
3203 1462 3307 1528 vir,
3349 1461 3454 1516 sibi

1877 1549 2256 1606 transferendo
2291 1549 2471 1604 favere
2508 1550 2766 1605 curaret?
2804 1549 2920 1603 Non
2952 1567 3098 1616 vere,
3127 1553 3255 1621 quia
3291 1568 3454 1607 omne

1876 1655 2038 1696 suum
2084 1655 2226 1711 opus
2253 1641 2361 1698 late
2386 1657 2484 1712 per
2526 1640 2799 1696 Ecclesias
2833 1642 3038 1696 redolet
3079 1643 3448 1698 authenticnm

1875 1739 1931 1786 et
1959 1732 2227 1787 laudabile
2259 1751 2273 1786 :
2301 1749 2426 1787 cum
2456 1732 2627 1786 multa
2664 1732 2884 1802 scripta,
2927 1742 2986 1788 ut
3017 1734 3070 1786 in
3112 1733 3313 1802 Veteri,
3345 1733 3454 1787 Το-

182 1824 294 1878 lius
324 1824 583 1889 hominis,
611 1825 707 1895 qui
728 1825 794 1879 de
813 1825 952 1880 caelo
972 1825 1274 1894 descendit,
1303 1825 1535 1882 Zachazo
1559 1827 1646 1882 sui
1675 1843 1771 1882 oc-
1809 1833 1849 1886 Β
1875 1822 1977 1878 bis:
2016 1833 2262 1888 auctore,
2284 1831 2339 1878 et
2365 1822 2420 1876 in
2441 1821 2616 1888 Novo,
2639 1830 2699 1877 ut
2726 1823 3076 1895 Apocalypsis
3104 1824 3450 1891 translatore,

183 1915 335 1969 culta
388 1915 746 1984 inspiratione
788 1915 1168 1971 ascensionem
1214 1918 1428 1973 arboris
1474 1919 1767 1988 persuasit.

181 2005 278 2063 Sic
306 2005 473 2060 etiam
501 2020 668 2071 nunc,
715 2005 823 2060 nisi
865 2006 953 2060 ille
993 2005 1176 2061 omnia
1208 2007 1429 2062 trahens
1465 2008 1534 2062 ad
1576 2023 1635 2063 se
1674 2024 1771 2064 oc-

179 2098 336 2153 culto
377 2113 491 2153 sine
539 2097 730 2168 gratiae
756 2105 895 2152 nutu
936 2111 1039 2152 nos
1071 2098 1304 2153 miseros
1339 2099 1541 2166 trahat,
1579 2099 1772 2168 procul

178 2187 356 2243 dubio
388 2187 565 2242 nostri
588 2202 740 2257 papae
765 2187 1069 2242 auctoritas
1106 2188 1326 2243 vacillat
1347 2230 1362 2255 ,
1397 2188 1615 2260 Agnum
1643 2205 1771 2244 cum

178 2280 314 2348 lupo
361 2277 511 2333 vesci
563 2277 702 2347 (Isa.
754 2277 832 2347 ιι)
903 2277 1195 2334 conﬁtetur
1245 2279 1468 2336 dextera
1536 2279 1766 2336 Excelsi.

177 2368 419 2424 Proinde
452 2383 726 2438 quemque
759 2368 977 2438 piorum
1010 2369 1189 2440 magis
1237 2369 1451 2426 deceret
1477 2386 1576 2440 pro
1621 2371 1774 2426 inﬁr-

179 2460 286 2514 mis
320 2475 501 2526 orare,
536 2475 702 2528 quam
739 2459 795 2513 in
825 2459 948 2514 istis
978 2460 1136 2514 malis
1169 2459 1362 2516 diebus
1398 2470 1476 2516 tot
1512 2476 1768 2531 persecu~

179 2559 364 2605 torum
387 2564 554 2620 super
574 2565 672 2606 eos
689 2550 883 2621 jugum
911 2551 1129 2605 ducere.
1161 2549 1242 2606 Ex
1269 2568 1380 2622 quo
1419 2561 1606 2623 gentes
1647 2570 1770 2609 esse

178 2652 489 2714 cmperunt,
519 2641 652 2696 nulli
682 2641 927 2711 priorum
955 2649 1068 2696 tam
1092 2658 1254 2714 grave
1280 2652 1495 2713 tempus
1517 2645 1770 2714 inspexe-

176 2744 327 2790 runt.
351 2731 625 2788 Omnibus
647 2732 848 2787 divinis
873 2732 1084 2803 legibus
1118 2734 1456 2802 postpositis,
1477 2749 1574 2804 pro
1611 2735 1768 2788 libitu

177 2840 281 2881 nos
302 2825 591 2890 devorant,
615 2825 941 2878 sicutescam
965 2825 1120 2893 panis
1155 2823 1330 2893 (Paul.
1363 2826 1505 2896 xm).
1536 2824 1656 2894 Ipse
1681 2823 1772 2885 Si—_

172 2916 348 2971 ricins
376 2931 518 2986 papa
546 2931 655 2970 non
682 2922 905 2986 propter
934 2915 1387 2971 incontinentiam
1412 2931 1629 2986 pinnam
1670 2932 1767 2972 ex-

172 3008 446 3079 pulsionis
467 3009 672 3074 intulit,
697 3024 874 3078 neque
903 3007 1345 3064 communionem
1373 3010 1555 3080 populi
1577 3010 1766 3068 abstuz-

173 3101 272 3167 lit,
305 3100 404 3156 sed
428 3108 640 3156 tantum
665 3099 893 3169 majoris
917 3100 1129 3156 ordinis
1153 3101 1553 3170 promotionem
1589 3102 1766 3158 distu-

1875 1915 2117 1968 carentia
2156 1915 2504 1983 recipiamus,
2551 1931 2651 1969 cur
2693 1929 2803 1968 non
2849 1914 2993 1968 istud
3020 1915 3192 1985 magis
3221 1923 3453 1985 utroque

1872 2007 2160 2075 probatum
2189 2006 2517 2076 diligamus?

1946 2096 2121 2170 Super
2172 2099 2290 2153 haec
2321 2098 2519 2161 etiam,
2560 2112 2686 2156 cum
2734 2096 2915 2165 ipsum
2960 2104 3210 2152 nostrum
3255 2093 3452 2166 Pangi-

1870 2188 2013 2243 rium
2075 2187 2269 2260 [forte,
2307 2185 2721 2258 panegyricum]
2788 2184 3198 2257 Hieronymum,
3235 2194 3449 2240 tantum

1870 2279 2158 2344 resecatis,
2179 2279 2338 2348 juxta
2358 2278 2554 2349 legem,
2582 2277 2898 2348 alienigenis
2915 2277 3157 2331 crinibus
3178 2285 3231 2332 et
3256 2276 3453 2348 ungui-

1870 2370 1974 2425 bus
2010 2369 2190 2440 (Deut.
2218 2370 2355 2437 ut),
2397 2369 2449 2424 id
2479 2377 2586 2435 est,
2609 2368 2902 2438 superﬁuis
2929 2376 2982 2423 et
3028 2383 3175 2423 sana:
3204 2367 3329 2424 ﬁdei
3359 2384 3418 2425 re
3432 2354 3456 2407 ἐ

1869 2461 2239 2531 pugnantibus
2290 2459 2587 2530 Scriptura:
2626 2460 2782 2526 locis,
2818 2458 2954 2528 ipsis
2985 2459 3310 2530 apocryphis
3348 2459 3450 2514 ali-

1869 2553 2088 2622 quando
2132 2552 2446 2607 renuntiare
2486 2552 2629 2607 nolle
2663 2567 2773 2606 non
2814 2551 3089 2622 ignorem;
3121 2566 3227 2620 qua
3274 2550 3452 2606 fronte

1868 2643 2186 2710 praedictum
2208 2650 2514 2711 caputtam
2547 2642 2948 2706 authenticum,
2984 2641 3259 2712 probabile
3291 2658 3451 2711 super

1867 2749 2058 2786 aurum
2103 2741 2153 2786 et
2169 2733 2438 2802 topazium
2461 2732 2638 2802 (Paul.
2662 2732 2948 2802 cxviii),in
2971 2732 3090 2786 istis
3112 2732 3450 2810 temporibus

1867 2823 2203 2889 delectabile,
2235 2823 2389 2878 nihili
2416 2823 2616 2878 habere
2638 2838 3024 2893 presumerem
3045 2823 3067 2876 ?
3091 2821 3446 2886 Nullatenus;

1867 2915 1998 2987 quia
2038 2924 2185 2972 esset
2209 2924 2401 2971 contra
2445 2914 2528 2971 fas
2558 2922 2614 2970 et
2636 2914 2748 2985 jus.
2777 2912 2836 2968 ln
2878 2929 2944 2968 eo
2970 2923 3152 2970 autem
3187 2915 3240 2970 id
3265 2915 3447 2986 ipsum

1867 3008 1935 3064 de
1958 3008 2260 3079 episcopis,
2296 2991 2444 3078 quod
2473 3015 2529 3062 et
2567 3007 2633 3062 de
2665 3006 2788 3062 aliis
2829 3005 3112 3061 ordinibus
3142 3006 3261 3077 agi;
3303 3006 3446 3062 unde

1868 3109 1927 3155 tu
1950 3101 2024 3157 ita
2046 3099 2363 3154 summatim
2392 3099 2686 3155 mussitare
2708 3098 2930 3163 videris,
2963 3097 3122 3168 quasi
3142 3097 3196 3152 in
3212 3098 3318 3154 hoc
3342 3099 3448 3154 sub

172 3191 255 3245 lit.
317 3189 497 3257 Quam
542 3190 775 3246 discreta
837 3206 1070 3261 quamve
1128 3192 1576 3259 misericorditer,
1626 3193 1768 3248 inter
1793 3189 1834 3246 C
1867 3208 2024 3263 aequa
2046 3192 2357 3248 conditione
2378 3191 2590 3260 positos
2618 3206 2738 3246 esse
2761 3205 2868 3244 non
2897 3189 3130 3243 mireris.
3167 3187 3299 3243 Nam
3326 3189 3444 3259 cpi-

171 3283 469 3353 prasentia
515 3291 570 3336 et
611 3281 798 3338 futura
846 3282 1116 3350 medians,
1149 3283 1406 3340 dominus
1456 3301 1614 3354 papa,
1648 3293 1764 3342 tum
1869 3296 2069 3354 scapus
2115 3298 2240 3338 cum
2271 3282 2602 3354 presbyteris
2631 3282 2867 3337 chrisma
2892 3288 3199 3345 consecrat,
3223 3281 3446 3352 presby-

172 3372 385 3428 Graacis
438 3381 556 3426 tum
595 3370 802 3429 Latinis
835 3374 1032 3430 litteris
1077 3376 1504 3442 eruditissimus,
1543 3376 1656 3433 Leo
1698 3378 1767 3434 de
1868 3382 1947 3430 ter
1969 3390 2094 3430 cum
2125 3374 2396 3443 episcopis
2435 3389 2636 3443 corpus
2664 3372 2880 3426 Domini
2917 3373 3152 3438 conﬁcit,
3183 3372 3448 3430 diaconus

172 3464 343 3535 hujus
383 3465 462 3519 rei
501 3468 722 3539 negotio
762 3477 907 3540 agat,
942 3477 1033 3523 tua
1061 3470 1352 3527 curiositas
1375 3471 1584 3542 absque
1612 3473 1763 3527 omni
1865 3481 2030 3536 super
2064 3467 2234 3542 altare
2272 3464 2575 3519 ministeria
2601 3463 2837 3530 ordinat,
2873 3463 3114 3534 ipsisque
3137 3463 3287 3534 prior
3314 3463 3444 3518 cali-

170 3571 332 3610 mora
356 3556 414 3610 in
440 3559 764 3629 memoriam
788 3561 1044 3635 reducat.
1079 3559 1220 3630 Quid
1255 3577 1396 3634 opus
1431 3573 1515 3619 est
1542 3564 1764 3620 verbis?
1864 3571 1981 3611 cem
2024 3556 2268 3626 porrigit.
2311 3571 2465 3626 atque
2491 3555 2879 3610 communicat.
2913 3552 3055 3623 Quid
3097 3553 3445 3626 Paphnucius

169 3661 282 3700 non
314 3656 399 3702 est
425 3647 580 3703 dolor
608 3660 796 3706 nostro
827 3651 1039 3708 similis.

249 3733 454 3792 Vellem
481 3746 553 3804 te,
588 3739 666 3795 mi
689 3737 880 3806 frater,
904 3752 1095 3796 notare
1118 3742 1440 3815 Gregorium
1479 3754 1642 3817 atque
1671 3747 1760 3802 Si-

167 3826 373 3884 ricium
407 3828 812 3898 aliquantulum
853 3832 906 3886 in
938 3833 1038 3888 ista
1091 3850 1170 3900 re,
1219 3835 1299 3888 uti
1346 3837 1480 3891 mihi
1524 3839 1758 3905 videtur,

167 3919 410 3974 invicem
452 3920 756 3976 dissonare.
798 3923 1202 3996 Promotionem
1232 3942 1380 3993 vero,
1410 3944 1576 3998 quam
1625 3929 1761 3984 Siri-

167 4012 292 4064 cius
317 4011 536 4080 penitus
573 4013 628 4066 in
659 4012 902 4072 futurum
930 4025 1160 4089 resecat,
1199 4016 1494 4089 Gregorius
1515 4020 1760 4078 diaconi—

165 4102 275 4158 bus
307 4113 529 4173 propter
572 4105 771 4174 prioris
808 4108 983 4178 culpae
1031 4110 1324 4175 maculam,
1365 4111 1412 4166 si
1459 4111 1656 4170 vellent
1701 4113 1760 4166 in-

165 4194 522 4264 postmodum
553 4197 856 4266 continere,
886 4214 995 4256 non
1023 4200 1274 4272 denegat.
1338 4201 1570 4259 Siricius
1629 4220 1757 4264 vero

163 4285 465 4352 diaconos,
500 4303 642 4358 quos
681 4289 785 4344 nisi
823 4291 1105 4362 proposito
1137 4294 1338 4348 mentis
1373 4303 1495 4364 post
1545 4305 1757 4365 tempus

164 4377 233 4431 ad
253 4378 562 4435 castitatem
591 4382 839 4450 compelli
869 4397 978 4438 non
1011 4383 1064 4440 in
1087 4392 1298 4440 tantum
1329 4386 1598 4454 probavit,
1627 4403 1754 4442 eos-

164 4468 314 4536 dem,
344 4470 425 4524 uti
453 4486 670 4526 mecum
696 4473 888 4540 sentis,
919 4474 974 4530 in
1004 4483 1249 4546 tempore
1275 4477 1328 4531 in
1365 4477 1598 4546 idipsum
1628 4493 1755 4548 pro-

164 4561 334 4630 positi
355 4571 484 4616 ante
505 4562 752 4618 ordinem
779 4580 1002 4642 cogens,
1031 4566 1100 4622 ab
1124 4568 1414 4638 episcopis,
1452 4569 1559 4624 nisi
1579 4571 1756 4624 conti-

165 4663 380 4720 nerent,
432 4656 747 4724 promoveri
803 4656 1102 4726 prohibuit.
1166 4656 1374 4714 Idcirco
1429 4676 1566 4730 pene
1620 4661 1757 4716 nihil

163 4743 332 4805 distat
383 4745 521 4816 quin
567 4745 688 4816 ejus
711 4753 766 4800 et
813 4744 1114 4817 Paphnucii
1165 4749 1432 4804 sententia
1480 4750 1535 4804 in
1585 4766 1752 4804 unum

164 4836 423 4900 conﬂuat.
468 4836 577 4893 Iste
598 4837 664 4892 de
691 4838 1000 4897 inordinate
1020 4849 1144 4909 post
1168 4840 1415 4896 ordinem
1445 4841 1754 4910 prohibitis,

164 4928 254 4985 ille
292 4938 500 4996 autem,
543 4930 610 4984 de
638 4938 764 4986 ante
799 4933 1266 4988 consecrationem
1306 4935 1418 5004 agit
1448 4933 1745 5002 usurpatis.

164 5018 268 5076 Iste
287 5022 353 5077 de
375 5021 796 5088 commistione;
827 5022 916 5077 ille
935 5038 1085 5090 vero,
1111 5033 1171 5080 ut
1189 5024 1267 5079 ita
1297 5026 1498 5093 dicam,
1528 5026 1595 5079 de
1615 5040 1747 5079 con-

163 5113 514 5170 dormitione.
535 5113 645 5170 Nec
680 5123 902 5186 propter
924 5115 1028 5172 hoc
1050 5125 1244 5173 neuter
1269 5133 1482 5185 eorum,
1507 5116 1586 5172 uti
1613 5116 1748 5172 mihi

164 5205 395 5271 videtur,
428 5206 484 5260 in
525 5196 710 5276 aliquo
746 5205 1028 5261 canonicis
1055 5208 1289 5264 decretis
1316 5207 1571 5265 reluctari
1603 5207 1749 5261 vide-

163 5304 274 5322 o.._-
315 5298 459 5322 -..ΑΔ
494 5298 584 5322 -.λε
637 5314 760 5322 -Α-..

787 5313 875 5322 -.ο-Α
923 5313 1018 5322 οισι-.
1065 5308 1229 5322 Ιρμρμ
1283 5308 1511 5322 λασκῌῖιῖσι
1541 5308 1747 5322 ..ΑΛΑηιᾲ

1865 3647 1928 3710 ιιι,
1953 3648 2032 3702 eis
2055 3663 2164 3701 non
2187 3645 2404 3702 invenio
2428 3647 2738 3702 discernere
2766 3646 2961 3702 valeat.

1932 3739 2041 3796 Ista
2069 3740 2254 3795 omnia
2279 3754 2389 3794 non
2425 3739 2522 3794 tibi
2565 3740 2661 3795 sed
2684 3739 2848 3795 alicui
2893 3738 3159 3794 infatuato
3183 3739 3283 3795 sali
3330 3748 3443 3796 tam

1860 3832 2186 3886 enucleatim
2209 3831 2408 3885 debent
2438 3831 2720 3888 inculcari.
2752 3829 2961 3885 Sullicit
2994 3831 3060 3885 de
3083 3831 3207 3886 hoc.
3231 3829 3274 3885 Ο
3291 3847 3442 3888 mare

1860 3921 2130 3992 Neptuni!
2159 3920 2203 3976 Ο
2225 3923 2410 3976 sacra!
2443 3920 2589 3974 Proh
2617 3921 2830 3976 scelus!
2879 3937 2966 3976 me
2993 3929 3104 3976 tam
3148 3921 3440 3976 inclemen-

1861 4023 1943 4068 ter
1973 4016 2026 4070 in
2071 4029 2135 4069 os
2159 4013 2461 4082 increpari;
2507 4013 2730 4081 insuper
2772 4012 2827 4066 in
2871 4011 3163 4081 pistrinum
3209 4014 3438 4079 retrudi,

1857 4105 2003 4174 quod
2028 4119 2097 4160 ne
2125 4103 2308 4158 funem
2339 4103 2657 4172 tibimetipsi
2685 4103 2752 4156 ad
2775 4118 2992 4157 crucem
3013 4111 3287 4173 portares,
3306 4103 3440 4159 lide-

1858 4197 1980 4252 liter
2010 4195 2332 4266 praimonui.
2362 4194 2625 4260 Quamvis
2661 4193 2803 4264 apud
2827 4192 2996 4248 Deum
3022 4209 3132 4248 non
3157 4195 3228 4250 sit
3247 4210 3438 4265 perso-

1856 4304 2054 4343 narum
2095 4289 2360 4357 acceptio,
2411 4286 2635 4355 insuper
2682 4285 2965 4355 originalis
3009 4286 3064 4339 in
3113 4286 3439 4356 baptismate

1856 4380 2062 4450 peccati
2103 4381 2264 4450 plena
2302 4377 2579 4444 remissio,
2622 4377 2878 4448 quodque
2925 4393 3012 4434 me
3045 4377 3244 4433 mutire
3280 4377 3436 4432 nefas

1856 4480 1960 4537 est,
1999 4472 2054 4526 in
2083 4471 2276 4526 scrobe
2317 4479 2430 4525 tum
2461 4468 2697 4534 infodio,
2731 4485 3076 4540 nequaquam
3115 4469 3233 4523 sine
3257 4469 3437 4540 legitio

1857 4564 1962 4622 mis
1980 4562 2186 4632 nuptiis
2208 4579 2273 4619 ex
2303 4563 2454 4618 omni
2482 4572 2638 4632 parte
2659 4561 2897 4633 legitima
2918 4561 3162 4631 procedit
3188 4576 3440 4630 procrea-

1855 4655 1952 4710 tio.
1996 4654 2240 4721 Qualiter
2284 4663 2465 4710 autem
2499 4655 2607 4710 hoc
2640 4654 2741 4718 sit,
2789 4654 2875 4710 fac
2919 4653 3221 4722 periculum
3262 4653 3329 4707 de
3357 4662 3439 4706 te—

1855 4747 2108 4818 metipso,
2141 4747 2288 4816 quod
2327 4745 2643 4816 hujusmodi
2683 4755 2906 4817 propter
2947 4761 3103 4801 meos
3145 4759 3439 4799 consacer-

1851 4840 2009 4896 dotes
2036 4839 2440 4895 dissimulatum
2489 4838 2557 4891 iri
2587 4833 2862 4892 desidero.
2896 4835 3004 4892 Sed
3042 4844 3250 4901 autem,
3280 4851 3350 4891 ne
3391 4844 3448 4888 te

1851 4930 2178 4987 defraudare
2211 4931 2398 4984 videar
2437 4945 2502 4982 ex
2537 4936 2671 4991 toto,
2700 4943 2834 4982 cave
2869 4942 2938 4982 ne
2966 4930 3162 4984 saltem
3217 4924 3454 4997 capiaris

1850 5023 1906 5079 in
1957 5035 2090 5079 uno.
2122 5021 2398 5092 Quidquid
2426 5019 2574 5074 enim
2618 5020 2878 5074 convenit
2907 5023 3078 5090 parti,
3119 5017 3378 5074 convenit
3404 5021 3460 5067 et

1852 5120 1971 5173 toti.

1923 5206 2128 5262 Deboc
2154 5204 2302 5273 quod
2336 5202 2470 5258 mihi
2493 5201 2828 5272 rescripsisti
2856 5219 3009 5263 meas
3051 5203 3278 5259 litteras
3324 5195 3468 5253 male

1848 5305 2100 5322 ιΑ-κιιοιιέι
2131 5308 2252 5322 Anan
2308 5293 2586 5322 —n0:Ahmn.
2629 5289 2672 5322 οἷ
2694 5307 2804 5322 “At.
2839 5310 3018 5322 οιΑ-Α...
3057 5289 3206 5322 Μηῖο
3236 5303 3359 5322 nnm
3375 5311 3473 5322 una-
