3984 5380
551 393 694 472 ipsa
745 371 754 380 ’

1571 388 1661 443 ΑΙ)
1697 387 1924 445 OPEBA
1965 389 2023 445 S.
2063 386 2389 446 GREGORII
2423 385 2869 444 APPENDlCES.

763 509 832 566 ad
869 522 1022 565 meas
1042 520 1244 563 manus
1280 467 1523 579 redirent
1553 514 1757 577 puncto
1786 505 2124 575 proscripta,
2156 507 2201 563 Α
2226 503 2430 559 sentire
2482 517 2548 556 ex
2599 516 2795 571 magna
2856 508 3009 572 parte
3052 498 3465 570 compellenem,
3516 502 3564 559 si
3614 518 3801 561 earum

550 611 648 658 aut
693 617 793 674 pro
818 589 980 671 posse
1013 596 1267 656 defensat
1295 596 1381 652 vel
1418 597 1733 653 emendatas
1767 596 1863 650 tibi
1891 597 2133 651 remitte-

548 709 667 762 και
681 693 806 762 λείη
829 698 1032 756 autem,
1055 689 1306 744 dexteras
1326 688 1506 744 dando
1539 696 1646 742 tua
1665 686 1992 746 cavillationi
2016 702 2133 741 mo—

551 800 666 842 rem
707 797 971 856 gererem.
1027 777 1072 850 0
1125 779 1364 854 lepidum
1409 789 1577 860 caput
1589 780 1603 833 ε
1637 793 1800 860 quam
1833 779 2127 849 eleganter,

549 874 707 946 quasi
733 873 1024 943 providens
1057 887 1179 928 meo
1207 871 1424 938 honori,
1448 870 1496 932 si
1519 857 1655 926 mea
1679 878 1883 937 essent,
1913 870 1980 925 ad
2022 885 2112 924 cu-

545 963 866 1024 mulandum
898 978 1078 1020 meum
1099 963 1357 1032 dedecus,
1393 961 1798 1032 percunctando
1839 959 2118 1016 dubitasti.

552 1053 694 1110 Vah!
731 1055 986 1110 callidum
1033 1055 1345 1121 consilium,
1382 1062 1536 1108 tuum
1571 1053 1808 1109 amicum
1837 1053 1924 1112 sic
1945 1063 2119 1109 retra-

548 1145 678 1200 here
699 1145 752 1200 in
784 1145 1171 1217 pracipitium!
1200 1144 1258 1200 Si
1281 1153 1465 1202 autem
1487 1153 1539 1199 te
1562 1160 1628 1201 ex
1643 1159 1808 1215 aquo
1829 1131 2105 1208 convenis-

549 1251 687 1304 sem,
720 1237 1098 1293 tuascarbone
1127 1235 1308 1292 notari
1341 1235 1556 1306 dignas,
1583 1243 1637 1290 te
1664 1234 1719 1290 in
1751 1233 1804 1291 id
1832 1235 1967 1290 mihi
1985 1251 2119 1290 con-

2237 593 2438 659 thesin,
2474 591 2901 658 distinctionem,
2939 589 3471 659 subdistinctionem,
3517 593 3698 648 media
3730 596 3811 652 rei

2231 681 2478 753 periodo,
2506 682 2628 737 colo
2655 689 2710 736 et
2732 688 3024 747 commate,
3053 681 3199 753 quod
3234 680 3404 737 absit!
3454 697 3646 738 carere
3685 699 3810 754 per-

2231 773 2536 845 spicerem,
2585 772 2693 828 nisi
2745 772 2798 827 in
2837 780 3045 826 tantum
3093 771 3442 842 opprobrium
3492 773 3652 827 mala
3698 783 3810 829 tor-

2227 865 2466 921 nationis
2536 865 2734 934 rugosa
2792 862 2970 918 fronte
3030 863 3488 933 obstupescerem.
3551 862 3610 918 Si
3665 866 3810 920 enim

2225 971 2356 1010 vero
2388 955 2443 1010 in
2475 954 2585 1010 tuis
2629 953 2823 1010 litteris
2855 953 3263 1025 macrologiam,
3293 965 3631 1024 quam'sape
3669 954 3810 1009 sole-

2223 1062 2377 1106 scere
2418 1046 2587 1118 (982)
2633 1044 2818 1118 [quam
2854 1060 2996 1116 sape
3045 1045 3190 1102 soles
3228 1043 3617 1118 frequentare],
3654 1060 3810 1100 ave-

2223 1156 2341 1207 res,
2370 1154 2478 1195 non
2513 1153 2601 1194 me
2639 1137 2798 1210 quasi
2836 1136 3168 1194 silicernium
3216 1135 3271 1190 in
3303 1135 3496 1191 faciem
3550 1137 3804 1191 caderes.

2223 1230 2393 1286 Habe.

555 1368 3793 1406 mm

980 1505 1698 1642 SUPERIORIS
1766 1545 2394 1640 EPISTObjE
2469 1515 3363 1668 RETR’ACTATUS’,

1536 1742 1552 1747 “’
1656 1756 1737 1798 ετ
1763 1753 1934 1799 sane
1963 1753 2141 1799 'rnm
2165 1753 2459 1799 samum

1417 1897 2092 1961 IRREFRAGABILIS
2148 1857 2918 1967 ANATHEMATlSMUS.

2008 2059 2400 2079 α*

565 2197 572 2204 “
615 2191 846 2249 Domino
873 2190 1129 2259 ALBOIUO,
1171 2188 1230 2247 in
1277 2190 1481 2262 templo
1516 2190 1735 2246 Domini
1775 2205 1884 2246 non
1930 2189 2123 2244 idonee
2153 2193 2197 2249 Β
2221 2203 2320 2259 per
2345 2185 2727 2254 charitativam
2753 2184 3177 2242 admonitionem
3207 2187 3506 2244 voluerunt
3528 2207 3791 2249 revocare.

547 2275 742 2342 nemus
763 2286 1025 2357 plantanti
1046 2285 1359 2340 Bsnnstws
1385 2303 1400 2339 :
1429 2298 1540 2339 non
1561 2283 1808 2338 fabulosa
1829 2275 2122 2338 verborum

546 2376 696 2445 folia,
735 2379 829 2432 sed
869 2377 1167 2433 sententias
1194 2375 1537 2431 indubitabili
1576 2374 1802 2430 veritate
1837 2373 2118 2428 subnixas.

561 2467 570 2474 ’
620 2461 870 2539 Acceptis
892 2469 1089 2524 litteris
1110 2485 1141 2523 a
1170 2477 1265 2523 tua
1307 2466 1648 2523 fraternitate
1673 2465 1807 2520 mihi
1839 2464 2126 2520 transmis-

545 2549 650 2625 Sis,
679 2561 881 2631 aliquid
916 2560 1079 2616 in-eis
1120 2559 1377 2632 reperire
1397 2557 1713 2614 desideravi
1753 2557 1902 2628 quod
1927 2564 1983 2611 et
2005 2554 2130 2610 anio'

547 2665 698 2705 mum
721 2644 928 2706 meum
953 2651 1024 2706 ob
1069 2646 1338 2722 injuri'am'
1383 2649 1584 2720 prioris
1639 2647 1881 2719 epistola
1929 2645 2124 2702 merito

549 2749 883 2798 commotum
933 2742 1229 2814 mitigaret,
1267 2750 1430 2811 teque
1479 2741 1670 2796 saltem
1716 2739 1902 2809 aliquo
1936 2726 2124 2793 defen-

545 2833 721 2888 sionis
757 2833 942 2888 colore
972 2831 1040 2889 de
1066 2832 1176 2888 tam
1205 2832 1513 2902 perniciosa
1538 2829 1875 2900 blasphemia
1900 2835 2126 2899 quaquo

547 2924 709 2979 modo
726 2932 1085 2995 expurgaret.
1114 2923 1219 2979 Sed
1242 2924 1412 2980 eheu!
1441 2922 1576 2978 nihil
1597 2921 1912 2992 hujusmodi
1931 2920 1988 2975 in
2009 2920 2121 2976 eis-

544 3013 671 3070 dem
690 3015 888 3071 litteris
911 3015 1152 3071 invenire
1175 3015 1351 3086 potui,
1378 3015 1578 3086 quippe
1597 3025 1720 3084 qua
1752 3013 1820 3068 ad
1842 3012 2122 3068 cumulum

545 3107 748 3178 prioris
779 3107 998 3179 injuria
1023 3123 1174 3164 meas
1195 3107 1423 3174 litteras,
1446 3107 1591 3161 nulla
1619 3107 1831 3161 ratione
1858 3104 2120 3170 adhibita,

546 3184 736 3252 dicunt
762 3198 1078 3266 maledicas,
1130 3214 1326 3270 meque
1374 3197 1612 3268 priorem
1665 3196 1896 3268 injurias
1938 3195 2126 3253 concl-

545 3295 714 3354 tasse,
746 3299 909 3358 teque
935 3289 1011 3343 nil
1033 3289 1486 3344 contumeliosum
1520 3287 1652 3342 mihi
1682 3287 1888 3343 dixisse
1911 3294 2122 3342 tantum

544 3380 921 3448 pronuntiant,
953 3395 1060 3434 non
1093 3378 1274 3451 aliqua
1309 3381 1500 3436 saltem
1529 3379 1833 3435 ratiuneula
1869 3378 2127 3448 probant;

2292 2278 2416 2335 Non
2439 2287 2623 2335 autem
2651 2279 2824 2339 modo
2840 2286 2926 2335 est
2947 2279 3318 2335 necessarium
3349 2290 3413 2336 ut
3439 2284 3611 2339 etiam
3645 2285 3794 2355 hujus

2221 2372 2466 2442 epistola
2521 2370 2766 2442 singulas
2793 2385 2903 2426 non
2929 2371 3053 2427 dico
3077 2372 3318 2428 rationes
3359 2375 3454 2430 sed
3484 2378 3795 2445 pronuntia-

2223 2463 2400 2518 tiones
2441 2476 2768 2533 expugnem,
2809 2477 2948 2533 quas
2986 2461 3043 2516 in
3083 2461 3360 2532 prioribus
3389 2466 3534 2523 meis
3563 2468 3794 2537 epistolis

2223 2553 2928 2621 indubitanterannullavi;
2951 2552 3006 2608 in
3037 2553 3236 2624 quibus
3259 2571 3440 2612 meam
3469 2557 3792 2614 admonitio-

2223 2661 2349 2702 nem
2391 2645 2769 2702 rationabilem
2803 2655 2858 2702 et
2881 2646 3166 2713 amicam,
3198 2656 3458 2718 tuamque
3486 2652 3792 2722 rescriptio-

2223 2753 2350 2793 nem
2398 2737 2497 2793 tibi
2535 2737 2899 2808 perniciosam
2926 2738 3169 2809 mihique
3202 2741 3660 2798 contumeliosam
3687 2745 3791 2798 evi-

2222 2829 2557 2886 dentissimis
2575 2828 2882 2884 rationibus
2907 2828 3154 2899 probavi,
3181 2846 3419 2901 quarum
3447 2842 3507 2888 tu
3551 2851 3652 2889 nec
3678 2836 3792 2890 ulti-

2225 2935 2372 2976 mam
2401 2920 2455 2975 in
2480 2919 2586 2975 hac
2610 2918 2842 2990 epistola
2861 2920 3196 2977 destruxisti.

2241 3036 2250 3043 -
2291 3009 2390 3074 llis
2426 3010 2593 3083 igitur
2630 3009 3074 3082 irrel'ragabiliter
3117 3012 3382 3083 probatis,
3427 3013 3658 3071 ultimus
3701 3017 3790 3070 tibi

2223 3101 2554 3174 respondere
2582 3101 2782 3158 merito
2807 3101 3188 3170 detrectarem,
3239 3105 3290 3159 si
3329 3120 3441 3159 non
3487 3115 3598 3161 tua
3623 3107 3794 3162 chari-

2223 3195 2322 3250 tati
2341 3201 2399 3250 et
2416 3195 2520 3250 hac
2553 3193 2674 3249 vice
2700 3209 2909 3251 morem
2939 3209 3124 3266 gerere
3141 3195 3496 3263 destinarem,
3516 3199 3716 3268 quippe
3739 3208 3793 3253 ut

2222 3294 2279 3342 et
2301 3285 2490 3342 in’hac
2515 3284 2742 3356 epistola
2764 3294 2878 3352 tua,
2906 3287 3034 3356 quid
3051 3294 3200 3341 tuam
3228 3287 3603 3344 eruditionem
3630 3299 3792 3344 tuam-

2222 3391 2331 3448 que
2359 3376 2680 3448 religionem
2719 3376 2997 3445 dedeceat,
3038 3393 3127 3433 me
3155 3377 3250 3433 tibi
3289 3377 3523 3434 ﬁdeliter
3563 3380 3792 3436 indicare

547 3471 825 3536 Quantum
867 3479 1050 3524 autem
1095 3471 1213 3526 hac
1243 3486 1432 3526 earum
1473 3469 1844 3540 pronuntiatio
1865 3469 2043 3525 deviet
2087 3483 2120 3524 a
2159 3536 2187 3540 _
2226 3482 2338 3524 non
2366 3467 2578 3524 tadeat.

549 3575 700 3627 vero,
729 3560 866 3614 nulli
915 3561 1078 3616 etiam
1117 3561 1299 3616 idiota
1332 3536 1536 3628 latebit,
1558 3561 1655 3632 qui
1699 3561 1984 3633 utriusque
2019 3569 2122 3615 nos
2146 3536 2190 3596 ο

547 3647 742 3706 atrum
757 3650 1016 3731 epistolas
1042 3651 1329 3726 diligenter
1352 3653 1707 3723 perspexerit.

623 3739 805 3795 Prima
857 3741 1001 3797 enim
1040 3743 1280 3812 epistola
1323 3758 1488 3813 quam
1535 3742 1634 3798 tibi
1674 3743 1742 3798 de
1785 3742 1892 3798 hac
1931 3749 2128 3798 nostra.

546 3832 849 3901 quastione
879 3833 1182 3909 transmisi,
1213 3841 1267 3889 te
1292 3841 1502 3888 tantum
1537 3849 1634 3905 per
1659 3833 1972 3890 testimonia
2000 3848 2125 3889 san-

551 3928 734 3978 torum
765 3922 990 3978 Patrum
1020 3917 1250 3979 ﬁdeliter
1280 3931 1341 3979 et
1367 3924 1542 3980 amice
1568 3924 1898 3995 pramonuit
1933 3925 2004 3980 de
2030 3938 2125 3980 ca-

551 4013 728 4068 vendo
757 4015 1122 4083 anathemate,
1162 4023 1225 4070 ut
1249 4029 1349 4071 nec
1377 4025 1437 4070 tu
1472 4016 1587 4086 ipse
1614 4015 1818 4086 aliquid
1857 4016 1913 4071 in
1937 4031 2004 4071 ea
2030 4030 2120 4072 re-

551 4105 812 4174 perisses,
835 4105 981 4175 quod
1003 4091 1117 4161 tua
1135 4106 1330 4161 littera
1352 4105 1545 4162 saltem
1569 4106 1804 4177 alicujus
1820 4106 2126 4163 oﬂensione

551 4197 772 4267 dignum
805 4196 938 4250 mihi
971 4207 1196 4267 possent
1223 4196 1640 4268 probare-Quot
1663 4206 1843 4253 autem
1867 4197 2121 4268 blasphe-

553 4288 712 4353 mias,
742 4303 906 4358 quam
937 4289 1274 4356 inhonestus,
1316 4281 1481 4359 quam
1522 4290 1858 4359 perniciosas
1892 4302 1993 4359 pro
2021 4289 2126 4343 hac

548 4367 925 4434 benevolentia
957 4379 1092 4435 mihi
1124 4379 1520 4450 rescripsisses,
1551 4379 1752 4435 referre
1775 4381 1960 4451 pudet,
1996 4393 2123 4434 cum

549 4470 688 4524 adeo
719 4468 946 4537 feteant,
983 4475 1052 4526 ‘ut
1078 4471 1163 4527 vel
1197 4471 1422 4528 inimico
1448 4472 1590 4527 tales
1630 4471 1832 4528 inferre
1872 4485 1984 4528 non
2023 4471 2124 4527 de-

552 4569 690 4617 cent.
1661 4571 1668 4604 2

618 4651 874 4708 Secunda
905 4668 1037 4709 vero
1080 4653 1484 4725 mea‘epistola,
1530 4663 1734 4710 contra
1757 4653 1973 4710 easdem
2006 4654 2124 4710 bla-

553 4746 827 4815 sphemias
859 4747 952 4800 tibi
982 4747 1208 4812 directa,
1239 4759 1352 4800 non
1381 4746 1810 4802 remaledieendo
1837 4745 1937 4802 tibi
1966 4747 2124 4801 talio-

554 4853 675 4938 netn
705 4839 1082 4938 νθάόίύἱῑθξθξά
1112 4839 1164 4894 ῑέ
1446 4847 1508 4938 ξι
1533 4838 1788 4938 ²ξ¹¹ί⁰¹³¹¹¹ς
1817 4854 1849 4938 εξ
1877 4838 2125 4938 1’!“th
2151 4881 2197 4936 ι)
2220 4838 2481 4935 exemplis
2528 4863 2683 4920 Pauli
2719 4867 2889 4938 (985),

551 4932 679 4986 miis
729 4945 842 4986 non
902 4931 1040 4987 mihi
1108 4932 1201 4987 sed
1258 4930 1578 5000 tibimetipsi
1636 4931 2120 5002 perniciosissimis

547 5036 898 5093 compescere
945 5023 1173 5080 studuit.
1217 5023 1422 5080 Procul
1441 5023 1610 5078 dubio
1636 5024 1781 5080 enim
1821 5024 1947 5080 novi
1971 5023 2120 5094 quod

550 5113 734 5182 ipsum
782 5129 880 5170 vas
924 5116 1207 5172 electionis
1255 5113 1480 5181 Paulus,
1526 5131 1624 5186 per
1669 5131 1835 5187 quem
1881 5115 2122 5186 loquitur

555 5204 672 5234 ενι-η
703 5203 951 5236 Pls-hs...
1021 5205 1309 5238 malna:nnn
1339 5207 1619 5240 «muria-:0
1670 5205 1886 5240 Qun-"un
1943 5216 2004 5242 «me
2030 5207 2118 5242 ἐξ,

2292 3590 2353 3646 ln
2397 3589 2616 3661 primis‘
2647 3589 2830 3662 itaque
2881 3591 3007 3646 volo
3057 3601 3112 3646 te
3161 3588 3302 3648 scire
3338 3591 3791 3650 circumstantias

2222 3682 2505 3738 rhetorum
2549 3679 2683 3738 huic
2709 3690 2898 3738 nostro
2934 3682 3152 3755 negotio
3196 3697 3308 3739 non
3353 3695 3686 3756 competere,
3727 3701 3788 3741 ex

2222 3774 2424 3845 quibus
2444 3782 2692 3829 oratores
2713 3773 2928 3844 tingunt
2961 3789 3098 3830 suas
3132 3775 3500 3846 conjecturas,
3547 3791 3657 3832 non
3687 3785 3788 3832 tam

2220 3866 2289 3922 de
2315 3865 2542 3921 veritate
2563 3879 2729 3936 quam
2757 3864 2826 3921 de
2851 3864 3321 3922 verisimilitudine
3353 3874 3636 3924 curantes.
3673 3867 3790 3924 Hac

2223 3956 2370 4012 enim
2398 3963 2588 4012 nostra
2616 3969 2785 4012 causa
2813 3956 2994 4026 potius
3014 3956 3084 4011 ad
3109 3957 3290 4012 thesin
3326 3973 3496 4027 quam
3524 3959 3594 4013 ad
3627 3958 3788 4030 hypo-

2222 4047 2401 4104 thesin
2434 4047 2707 4118 pertinere
2735 4056 3008 4114 censetur,
3034 4063 3134 4104 nec
3157 4049 3439 4104 tractanda
3469 4059 3558 4106 est
3584 4067 3678 4122 per
3705 4067 3789 4105 ve-

2224 4137 2505 4193 risimilem
2532 4145 2817 4194 oratorum
2859 4138 3158 4204 suadelam,
3195 4139 3288 4194 sed
3316 4155 3412 4210 per
3445 4140 3788 4212 irrefragahiv

2223 4229 2330 4284 lem
2374 4228 2826 4300 philosophorum
2862 4229 3402 4286 demonstrationem.
3443 4230 3595 4288 Dicis
3636 4233 3789 4304 igitur

2225 4320 2279 4374 i‘n
2308 4320 2536 4390 epistola
2564 4327 2657 4375 tua
2686 4319 2975 4375 Sozomeni
3013 4320 3308 4391 capitulum
3338 4320 3547 4377 idcirco
3575 4322 3674 4378 tibi
3699 4339 3790 4377 au-

2223 4409 2521 4466 thenticum
2548 4409 2718 4466 videri
2747 4411 2893 4482 quod
2926 4419 3080 4467 certo
3105 4411 3225 4467 loco
3259 4419 3314 4466 et
3341 4420 3585 4483 tempore
3611 4431 3642 4469 a
3668 4430 3790 4485 pro-

2225 4500 2368 4556 hatis
2392 4501 2640 4572 personis
2669 4502 2740 4558 sit
2763 4503 3074 4572 recitatum,
3090 4503 3352 4574 scriptum
3378 4513 3544 4575 atque
3573 4507 3794 4561 transla-

2223 4600 2375 4659 tum;
2417 4593 2513 4648 sed
2558 4591 2766 4649 falleris
2801 4594 2858 4648 in
2899 4595 3004 4650 hac
3035 4595 3443 4665 consequentia.
3479 4593 3628 4651 Num
3654 4596 3789 4652 enim

2221 4681 2523 4754 Categoria
2573 4683 2832 4754 pracipui
2870 4684 3109 4741 doctoris
3151 4685 3461 4759 Augustini,
3515 4687 3792 4758 ipsiusque

2221 4773 2485 4843 scriptum
2528 4773 2604 4829 De
2639 4774 2902 4831 electione
2934 4773 3104 4832 Iacob
3145 4785 3200 4831 et
3233 4779 3620 4847 reprobatione
3653 4777 3790 4834 Esau

2933 4867 3002 4922 ab
3043 4868 3230 4940 aliquo
3269 4869 3388 4924 sani
3419 4870 3624 4942 capitis
3659 4871 3791 4925 reci-

2219 4955 2446 5026 piuntur
2472 4971 2572 5027 pro
2615 4958 2982 5015 authenticis?
3018 4973 3140 5031 qua
3175 4969 3354 5014 tamen
3389 4970 3546 5016 certo
3591 4962 3714 5027 loco
3743 4971 3790 5017 et

2220 5054 2462 5116 tempore
2505 5063 2573 5103 ex
2613 5063 2846 5118 persona
2885 5049 3266 5120 probatissima
3311 5067 3422 5106 non
3477 5052 3788 5109 dubitanter

2223 5136 2532 5208 descripta;
2578 5153 2644 5194 ex
2687 5139 2887 5210 quibus
2911 5141 3213 5214 categorias
3241 5142 3423 5197 nullus
3449 5143 3593 5198 bene
3631 5158 3787 5201 sanus
