3984 5380
160 198 305 257 1097

1047 197 1317 254 APPEND
1379 198 1464 254 III.
1509 231 1575 239 —
1614 196 2052 256 MONUMENTA
2090 197 2555 256 GIiEGORIANA.

3289 200 3425 265 l098

155 315 269 369 hoc
298 313 532 385 probare
556 310 803 383 potuisti,
835 318 896 366 ut
920 327 986 367 eo
1012 322 1232 383 recepto
1259 314 1394 369 nihil
1421 331 1453 368 a
1487 329 1620 370 sana
1650 314 1748 369 do-
1777 316 1825 372 Α
1851 314 2186 369 cohabitatio
2217 313 2564 369 sacerdotum
2590 329 2714 391 cum
2745 313 2981 380 feminis,
3010 324 3064 370 et
3094 317 3279 373 omnia
3305 335 3427 391 qua

155 405 343 460 ctrina
381 406 677 477 deviasses.

230 495 710 551 Absurdissimum
756 504 937 550 autem
975 494 1187 550 videtur
1233 496 1378 566 quod
1418 496 1654 567 denegas
1695 505 1749 551 te

152 584 369 656 aliquid
413 585 653 656 perversi
704 586 807 641 sub
833 587 1025 642 eodem
1068 586 1305 656 capitulo
1330 586 1745 658 dogmatirasse,

152 692 289 732 eum
316 676 641 747 jamdudum
671 693 805 732 meae
829 677 1024 732 littera:
1060 676 1202 731 idem
1235 677 1414 746 ipsum
1448 687 1609 748 caput
1636 686 1747 732 tam

154 768 613 840 irrefragabiliter
633 770 983 841 probaverim
998 782 1335 838 perversum,
1351 770 1550 839 quippe
1566 768 1747 823 Evan-

154 862 376 930 gelieis,
416 871 470 916 et
497 862 810 933 apostolicis
851 861 1070 932 scriptis
1098 869 1263 931 atque
1290 860 1349 915 S.
1382 861 1602 916 Patrum
1636 870 1749 917 sta-

154 954 297 1008 tutis
320 954 634 1008 adversum.
671 952 897 1008 Frustra
927 967 1057 1022 ergo
1092 952 1413 1022 protestaris
1445 951 1592 1021 quod
1622 952 1746 1006 nul-

155 1044 249 1099 lus
298 1056 350 1099 te
401 1044 779 1100 sacerdotibus
809 1060 1007 1098 uxores
1036 1044 1333 1099 concedere
1370 1058 1611 1114 unquam
1646 1060 1746 1099 au-

154 1135 360 1190 disset.
394 1135 531 1190 Nam
559 1144 613 1190 et
641 1151 763 1207 ego,
794 1144 848 1189 et
877 1135 1060 1205 plures
1082 1135 1175 1189 alii
1198 1137 1303 1191 hoc
1329 1143 1378 1189 te
1393 1135 1591 1205 saepius
1617 1149 1748 1189 cou-

156 1228 361 1282 cedere
387 1228 717 1293 audivimus,
748 1245 873 1283 cum
912 1228 1051 1282 idem
1076 1237 1241 1298 caput
1270 1244 1376 1282 non
1415 1234 1625 1282 tantum
1650 1244 1748 1297 pro

155 1335 316 1381 vero,
357 1320 449 1373 sed
474 1319 637 1373 etiam
667 1335 766 1388 pro
793 1320 1108 1374 authentico
1132 1319 1425 1388 praedicare
1453 1336 1555 1374 nec
1572 1320 1751 1375 adhuc

156 1411 542 1479 pertimescas.
580 1410 763 1480 Ipsum
795 1411 940 1467 enim
974 1420 1136 1481 caput
1169 1411 1367 1467 asserit
1393 1410 1450 1466 S.
1488 1411 1747 1481 Paphnu-

158 1502 312 1556 cium
343 1502 397 1554 in
436 1500 654 1556 Nicaeus
690 1503 899 1572 synodo
928 1486 1263 1567 surrexisse,
1294 1510 1348 1557 et
1373 1502 1748 1558 sacerdotibus

160 1601 221 1647 ut
268 1594 572 1647 dormirent
614 1610 739 1648 cum
774 1594 1040 1648 uxoribus
1087 1594 1202 1648 suis
1246 1594 1521 1648 licentiam
1570 1593 1744 1665 impe-

158 1693 361 1739 trasse.
406 1684 727 1755 Quicunque
756 1685 920 1756 igitur
945 1685 1050 1740 hoc
1086 1701 1196 1739 non
1236 1694 1447 1740 tantum
1476 1702 1574 1755 pro
1595 1701 1743 1753 vero,

157 1776 256 1829 sed
287 1784 339 1829 et
368 1792 466 1845 pro
508 1777 825 1831 authentico
859 1776 1226 1846 recipiendum
1263 1785 1316 1834 et
1344 1778 1746 1833 observandum

156 1867 442 1936 prardicat,
473 1869 783 1924 nullatenus
810 1868 1079 1941 denegare
1101 1870 1244 1925 valet
1288 1871 1419 1941 quin
1443 1872 1743 1927 sacerdoti-

155 1959 264 2013 bus
303 1976 506 2014 uxores
533 1961 818 2017 concedat.

228 2037 517 2105 Incassum
548 2068 766 2122 quoque
808 2052 1097 2123 subjungis
1142 2069 1252 2124 qua
1291 2054 1579 2110 occasione
1612 2055 1744 2110 illud

154 2154 260 2209 pro
314 2141 635 2197 authentico
687 2141 988 2212 receperis,
1039 2159 1162 2197 cum
1214 2144 1395 2213 ipsum
1459 2161 1490 2199 a
1540 2154 1593 2199 te
1641 2146 1746 2200 sub

156 2235 463 2290 inevitabili
500 2238 848 2292 anathemate
899 2239 1149 2294 relictum
1189 2240 1336 2295 nulla
1362 2241 1573 2296 ratione
1613 2257 1745 2311 pro-

155 2326 380 2381 baveris
424 2328 824 2383 authenticum.
862 2327 1008 2382 Nihil
1045 2330 1193 2384 enim
1236 2330 1463 2386 interest
1504 2331 1748 2401 qualibet

155 2419 456 2474 occasione
481 2420 611 2475 illud
635 2436 735 2490 pro
759 2421 1076 2475 authentico
1100 2421 1354 2491 recipias,
1387 2422 1532 2492 quod
1568 2439 1633 2477 ne
1666 2423 1740 2479 ita

158 2513 462 2583 recipiatur
492 2515 596 2569 sub
624 2515 971 2569 anathemate
989 2514 1327 2584 prohibitum
1375 2515 1617 2569 nondum
1644 2516 1746 2571 du-

155 2604 386 2660 bitatur.
433 2604 570 2660 Nam
613 2622 829 2676 semper
862 2607 966 2662 sub
1013 2607 1206 2661 eodem
1254 2608 1599 2661 anathemate
1642 2607 1749 2662 erit

155 2699 479 2768 quicunque
528 2698 661 2753 illud
705 2699 1054 2769 aliquatenus
1094 2715 1195 2768 pro
1237 2699 1549 2753 authentico
1596 2713 1773 2754 recc»

154 2790 318 2858 perit.
354 2790 557 2845 Beatus
595 2805 817 2860 quoque
868 2790 1221 2860 Paphnucius
1257 2790 1361 2845 hac
1408 2790 1747 2859 blasphemia

157 2896 271 2937 non
317 2889 403 2936 est
448 2882 923 2948 debonestandus,
973 2882 1087 2936 imo
1135 2880 1498 2946 Sozomenus,
1550 2880 1638 2936 cui
1691 2880 1746 2936 id

157 2982 326 3044 caput
354 2974 658 3045 assignavit
680 2973 1066 3031 Cassiodorus.
1090 2972 1539 3043 Quantiscunque
1563 2980 1744 3028 autem

157 3085 210 3122 vi
228 3068 345 3123 rbis
370 3083 460 3122 res
488 3067 592 3122 sibi
621 3068 756 3137 ipsis
799 3068 1151 3123 adversantes
1180 3066 1537 3122 reconciliare
1582 3081 1747 3120 cone-

158 3162 260 3223 ris,
284 3177 571 3231 nunquam
609 3168 793 3215 tamen
829 3160 967 3215 adeo
987 3160 1274 3230 desipiam,
1300 3168 1360 3213 ut
1383 3157 1747 3215 Sozomenum

158 3254 327 3307 beato
394 3252 659 3321 Gregorio
722 3252 777 3306 in
839 3252 1097 3321 praedicto
1159 3251 1334 3321 capite
1399 3250 1750 3306 consensisse

160 3359 444 3399 censeam.
496 3343 617 3413 Ipse
661 3344 807 3398 enim
862 3342 1201 3398 Sozomenus
1231 3343 1383 3414 ﬁngit
1428 3342 1483 3396 in
1531 3340 1750 3397 Nicaena

161 3434 378 3504 S)I10(IO
398 3433 741 3503 conjugalem
764 3433 1216 3488 incontinentiam
1240 3432 1612 3491 sacerdotibus
1640 3446 1749 3486 non

160 3542 289 3583 esse
318 3528 670 3595 prohibitam,
701 3529 793 3583 sed
817 3528 998 3598 potius
1028 3543 1128 3598 pro
1156 3529 1405 3583 castitate
1426 3537 1749 3598 reputatam,

160 3636 334 3689 quam
360 3617 414 3673 S.
431 3619 730 3692 Gregorius
752 3636 853 3676 nec
872 3621 1195 3678 diaconibus
1225 3619 1426 3676 Siciliae
1447 3622 1501 3675 in
1524 3621 1753 3690 cpistola

163 3728 268 3766 sua
298 3713 600 3776 concessit;
636 3712 728 3767 sed
757 3704 1171 3783 iu'quibusdam
1208 3729 1399 3768 eorum
1444 3713 1513 3768 ad
1542 3721 1754 3782 tempus

165 3813 382 3857 tantum
430 3802 850 3869 dissimulando,
892 3818 1001 3858 non
1051 3802 1258 3857 licitam
1294 3801 1616 3865 asserendo,
1645 3816 1754 3855 non

164 3908 299 3948 cum
357 3893 596 3949 diaconii
654 3893 1164 3960 administratione,
1231 3893 1325 3948 sed
1388 3891 1491 3947 sub
1546 3890 1755 3945 altioris

167 3986 378 4056 gradus
402 3985 769 4055 prohibitione
805 3985 999 4056 legitur
1028 3985 1307 4039 tolerasse.

241 4074 487 4146 Denique
519 4076 658 4130 nihil
691 4077 826 4131 adeo
846 4076 1009 4131 alicui
1035 4077 1300 4145 reperitur
1323 4073 1589 4129 dissimile
1611 4071 1757 4143 quod

168 4183 285 4221 non
316 4184 437 4222 cum
476 4169 670 4223 eodem
709 4168 948 4238 aliquem
975 4168 1349 4223 similitudinis
1388 4162 1767 4222 habeatcoloA

166 4275 323 4323 rem,
375 4276 499 4314 cum
543 4269 601 4313 et
648 4259 763 4328 ipse
810 4259 1064 4315 diabolus
1099 4274 1156 4314 se
1212 4260 1267 4312 in
1314 4259 1565 4329 angelum
1618 4257 1759 4313 lucis

1847 406 2016 459 sacris
2052 406 2353 461 canouibus
2384 388 2746 460 adversantur
2792 406 2893 461 sub
2921 408 3150 462 terribili
3196 388 3426 466 anathe-

1846 505 1991 550 mate
2017 496 2366 550 damnantur.

1917 583 2042 640 Haec
2079 584 2244 656 igitur
2266 586 2310 639 si
2346 595 2404 640 tu
2437 585 2667 639 ﬁdeliter
2688 585 3033 651 attendisses,
3059 602 3340 659 nunquam
3369 591 3425 646 in

1850 677 1925 730 tui
1953 677 2256 746 periculum
2285 677 2492 731 domini
2520 678 2807 747 apostolici
2831 680 3157 734 sententiam
3195 680 3427 738 nimium

1846 771 2137 824 temerarie
2158 785 2418 824 vocasses
2445 771 2814 835 temerariam,
2859 786 2982 841 qum
3006 780 3215 827 tantum
3244 772 3428 827 Simo-

1846 861 2037 916 niacos
2089 869 2144 915 et
2194 860 2596 916 incontinentes
2646 861 2990 933 presbyteros
3044 878 3074 916 a
3123 863 3431 934 pernicioso

1824 952 1952 1008 sibi
1984 952 2161 1008 ofﬁcio
2205 953 2505 1007 clementer
2547 961 2847 1022 separarat,
2871 969 3012 1023 quos
3053 953 3110 1008 S.
3137 955 3431 1027 Gregorius

1848 1060 1972 1099 cum
2013 1044 2239 1113 reliquis
2273 1059 2549 1099 canonum
2576 1045 2905 1101 adversariis
2941 1046 3106 1101 simul
3135 1061 3247 1102 uno
3293 1056 3434 1104 tem-

1847 1152 1979 1206 pore
2007 1138 2110 1192 sub
2138 1137 2491 1191 severissimo
2522 1140 2867 1193 anathemate
2896 1139 3201 1195 damnarat.
3239 1140 3396 1195 Nulla
3424 1170 3432 1178 ε

1848 1238 2014 1283 tenus
2073 1229 2188 1298 ipse
2252 1244 2311 1284 se
2372 1230 2476 1284 hac
2534 1230 2884 1284 damnatione
2945 1230 3240 1301 obligavit,
3305 1231 3435 1287 licet

1851 1318 2219 1375 Siciliensium
2264 1320 2623 1375 diaeonorum
2659 1314 3111 1375 incontinentiam
3161 1322 3430 1378 dissimu-

1848 1410 2047 1475 lando,
2096 1425 2205 1465 non
2254 1411 2412 1481 quasi
2460 1411 2702 1476 licitam,
2755 1412 3084 1467 toleraverit.
3136 1410 3241 1482 ipsi
3285 1413 3435 1468 enim

1847 1500 2055 1557 Nicmni
2080 1501 2274 1557 Patres
2304 1503 2620 1557 nullatenus
2645 1503 2956 1571 apostolicae
2980 1502 3093 1558 sedi
3115 1503 3436 1573 primatum,

1851 1595 1967 1649 sive
1995 1594 2339 1667 privilegium
2374 1595 2644 1659 adimunt,
2679 1610 2803 1648 cum
2830 1595 3075 1649 omnium
3111 1595 3273 1650 etiam
3302 1612 3437 1666 pro-

1846 1686 2150 1742 vinciarum
2199 1688 2494 1751 antistites,
2540 1686 2701 1757 juxta
2736 1703 2943 1741 morem
2995 1685 3225 1741 Romani
3254 1688 3437 1758 ponti-

1845 1778 2004 1845 ﬁcis,
2056 1779 2273 1849 propria
2323 1778 2551 1847 jubeant
2616 1778 2912 1832 observare
2976 1776 3277 1848 privilegia.
3338 1776 3437 1834 Esi

1845 1878 2025 1925 autem
2054 1869 2396 1940 privilegium
2448 1868 2679 1923 Romani
2706 1868 3011 1939 pontificis,
3049 1868 3205 1938 juxta
3248 1884 3432 1924 asser-

1847 1959 2045 2014 tionem
2087 1959 2144 2014 S.
2174 1958 2456 2032 Sylvestri,
2490 1958 2716 2023 Gclasii,
2747 1967 2802 2013 et
2825 1959 3160 2028 reliquorum
3185 1957 3433 2024 Patrum,

1846 2059 1909 2105 ut
1957 2051 2073 2120 ipse
2108 2051 2175 2106 de
2216 2050 2472 2105 omnibus
2518 2049 2780 2105 Ecciesiis
2804 2049 3053 2119 judicare
3093 2050 3300 2115 valeat,
3330 2063 3437 2103 nec

1848 2142 2089 2211 alicujus
2106 2141 2315 2210 judicio
2342 2141 2650 2209 subjaceat;
2674 2148 2729 2195 et
2758 2148 2819 2195 ut
2860 2140 3105 2210 ipsorum
3135 2153 3434 2205 canonum,

1845 2239 1901 2285 et
1932 2231 2280 2286 decretorum
2309 2230 2652 2285 severitatem
2698 2243 2797 2300 pro
2820 2230 3081 2299 temporis
3110 2229 3438 2285 necessitate

1844 2322 2043 2387 valeat,
2068 2323 2180 2375 imo
2209 2321 2402 2377 debeat
2443 2323 2697 2391 mitigare.
2728 2321 2839 2387 (ubi
2884 2320 3088 2391 supra).
3122 2319 3296 2392 Hujus
3324 2320 3438 2389 pri-

1845 2412 2027 2484 vilegii
2072 2412 2403 2468 auctoritate
2438 2429 2548 2467 non
2597 2412 2969 2483 impugnando
3017 2427 3295 2477 canones,
3339 2410 3437 2465 sed

1846 2506 2219 2570 observando,
2276 2504 2600 2559 diaconibus
2652 2502 2853 2557 Siciliae
2905 2501 3304 2571 aliquantulum
3366 2501 3438 2557 ad

1846 2604 2060 2665 tempus
2088 2595 2364 2665 pepercit;
2398 2610 2506 2648 non
2529 2594 2630 2657 eis,
2664 2608 2788 2647 cum
2821 2591 3147 2659 Sozomeno,
3173 2591 3435 2662 peccandi

1847 2687 2120 2742 licentiam
2147 2687 2315 2751 dedit.
2355 2683 2504 2740 Unde
2527 2700 2627 2739 nec
2662 2683 2903 2752 seipsum
2945 2698 3069 2738 cum
3106 2682 3437 2737 adversariis

1847 2778 2068 2848 proprio
2094 2779 2441 2832 anathemate
2462 2775 2743 2847 obligavit,
2769 2774 2883 2840 sed,
2902 2774 3057 2843 juxta
3087 2782 3236 2828 tuam
3263 2774 3437 2844 ipsius

1849 2869 2230 2933 assertionem,
2260 2876 2314 2923 te
2357 2868 2559 2933 solum,
2596 2882 2704 2920 non
2752 2866 2877 2920 dico
2930 2881 3054 2919 cum
3097 2864 3434 2936 Paphnucio,

1850 2962 1945 3017 sed
1970 2962 2134 3015 etiam
2164 2975 2290 3015 cum
2316 2958 2574 3013 omnibus
2602 2956 2892 3012 Sozomeni
2920 2957 3301 3023 sectatoribus,
3334 2957 3437 3012 sub

1847 3054 2038 3109 eodem
2060 3053 2405 3107 anathemate
2433 3050 2673 3119 reliquit.
2722 3048 2832 3119 Ipsi
2874 3050 3021 3103 enim
3059 3047 3160 3103 SS.
3203 3048 3430 3103 Patrum

1849 3152 2050 3200 statuta
2078 3144 2243 3199 etiam
2276 3141 2562 3198 annuilare
2580 3147 2941 3210 prmsumunt,
2964 3138 3091 3194 licet
3115 3139 3195 3194 eis
3222 3139 3434 3193 nullum

1847 3236 2192 3307 privilegium
2241 3249 2481 3289 canones
2540 3232 2943 3296 concesserint,
3001 3239 3063 3285 ut
3111 3230 3317 3300 aliquid
3365 3245 3434 3285 ex

1850 3327 2163 3399 apostolicis
2188 3325 2408 3382 statutis
2434 3325 2625 3379 saltem
2654 3323 2905 3400 mitigare
2932 3321 3165 3392 possint.

1923 3440 2221 3494 Anathema
2252 3438 2417 3493 etiam
2443 3436 2587 3507 quod
2616 3434 2904 3506 subjungis
2926 3434 3161 3488 maxime
3187 3433 3443 3488 convenit

1852 3530 2213 3587 sectatoribus
2236 3527 2550 3591 Sozomeni,
2586 3534 2661 3592 et,
2688 3533 2748 3580 ut
2767 3523 3212 3594 compendiosius
3231 3523 3436 3590 dicam,

1855 3622 2270 3688 Sozomenistis,
2301 3621 2397 3691 qui
2420 3636 2529 3674 non
2549 3619 2673 3673 dico
2696 3616 3018 3688 approbant,
3048 3616 3162 3671 imo
3184 3632 3350 3672 causa
3385 3625 3443 3672 et

1853 3722 2016 3783 caput
2065 3721 2195 3768 sunt
2233 3719 2296 3767 ut
2344 3711 2636 3766 saeculares
2671 3709 2971 3765 ineitentur
3013 3717 3204 3765 contra
3250 3723 3442 3763 sacer-

1854 3805 2029 3860 dotes.
2057 3802 2167 3873 Ipsi
2188 3802 2334 3857 enim
2359 3818 2459 3856 sua
2487 3800 2877 3855 nefandissima
2917 3799 3276 3869 persuasione
3300 3799 3437 3853 sim-

1855 3896 2113 3965 pliciores
2132 3893 2484 3964 presbyteros
2507 3891 2573 3945 ad
2596 3890 3026 3947 contemnendos
3042 3904 3284 3943 canones
3305 3889 3442 3941 adeo

1857 3984 2187 4051 confortant,
2220 3992 2282 4038 ut
2303 3991 2544 4038 rectores
2580 3980 2951 4037 Ecelesiarum
2975 3978 3285 4034 necessario
3308 3977 3444 4033 Gre-

1858 4079 2113 4151 gorianas
2162 4075 2464 4131 sententias
2523 4073 2592 4128 ad
2647 4072 2939 4127 saeculares
2968 4068 3265 4140 proferant.
3325 4067 3446 4137 Ipse

1857 4171 2003 4225 enim
2031 4170 2222 4223 doctor
2262 4165 2597 4237 apostolicus
2624 4162 2889 4219 Jennasio
2918 4162 3152 4233 patricio
3180 4162 3252 4216 ita
3302 4161 3444 4216 scri-

1858 4263 1973 4318 bit:
2017 4260 2165 4315 Scito
2214 4269 2411 4324 autent,
2448 4256 2530 4327 ﬁli
2580 4255 3054 4320 excellentissime,
3101 4255 3147 4307 si
3198 4253 3446 4307 victorius

169 4351 352 4406 soleat
379 4350 777 4407 transformarc
800 4349 891 4420 (II
915 4350 1039 4405 Cor.
1072 4351 1154 4420 ιι).
1185 4349 1326 4417 Quid
1350 4351 1514 4420 igitur
1535 4351 1756 4414 mirum,
1787 4365 1835 4419 ι)
1858 4352 2121 4425 queritis,
2168 4351 2213 4403 si
2249 4349 2544 4403 commissa:
2585 4347 2729 4401 vobis
2773 4346 3059 4417 provincia:
3105 4344 3446 4399 securitatem

169 4444 218 4498 si
275 4436 338 4497 tu
382 4445 589 4514 scripta
625 4441 869 4515 Gregorii
904 4442 1176 4512 ﬁgmentis
1217 4442 1505 4497 Sozomeni
1539 4457 1760 4511 quoquo

169 4540 338 4595 modo
385 4539 743 4604 assimilasti,
783 4555 909 4595 cum
936 4547 1116 4593 tamen
1160 4538 1294 4594 adeo
1347 4534 1673 4592 dissentiant
1699 4543 1762 4591 ut

171 4632 341 4702 hujus
372 4632 632 4704 ﬁgmenta
685 4630 995 4684 nullatenus
1035 4624 1429 4699 Grego’rianum
1470 4626 1760 4681 anathema

171 4721 551 4793 subterfugere
597 4720 848 4775 valeant?
874 4718 1186 4775 Justissime
1230 4728 1411 4774 autem
1462 4733 1572 4772 non
1620 4717 1763 4771 hanc

170 4814 531 4883 temporalem
561 4819 618 4866 et
660 4809 1115 4879 dispensatoriam
1156 4807 1214 4863 S.
1273 4807 1519 4879 Gregorii
1564 4806 1763 4861 tolera-

175 4904 399 4971 tionem,
433 4903 534 4959 sed
567 4901 840 4971 generalia
871 4899 1044 4969 ipsius
1071 4907 1125 4953 et
1166 4897 1503 4967 reliquorum
1537 4895 1760 4951 Patrum

175 4995 388 5051 decreta
409 4992 746 5066 generaliter
774 4992 879 5045 hoc
899 5000 1142 5060 tempore
1158 4990 1417 5061 jubemur
1439 4988 1760 5051 observare;

176 5102 297 5142 cum
346 5089 549 5144 beatus
593 5098 735 5155 papa
774 5082 906 5147 Leo,
946 5090 1053 5138 tua:
1100 5081 1269 5152 partis
1319 5086 1646 5141 assentator,
1704 5085 1767 5147 ut

177 5181 436 5244 aestimas,
467 5178 541 5233 ad
584 5177 871 5246 episcopos
916 5171 1251 5229 Mauritanire
1276 5173 1418 5227 hanc
1452 5166 1763 5243 generalem

177 5272 413 5340 proferat
466 5268 819 5326 sententiam.
850 5263 965 5318 Non
1010 5281 1140 5338 ergo
1171 5266 1227 5318 in
1266 5263 1592 5334 cujusquam
1633 5274 1759 5327 per-

752 5340 1030 5380 -3Al-_.‘l‘__.-
1102 5358 1234 5380 μ---]
1300 5357 1348 5380 Ζ..
1381 5360 1384 5364 “
1424 5351 1761 5380 ..Α-ριΛισιιιῖινιιεα

1864 4445 2128 4505 tractatis,
2167 4441 2300 4495 nihil
2344 4440 2495 4494 aliud
2544 4437 2687 4494 vobis
2733 4439 2905 4509 magis
2946 4437 3015 4490 ad
3046 4437 3144 4490 hoc
3169 4436 3443 4506 proﬁcere,

1862 4552 2020 4607 quam
2044 4533 2206 4587 zelari
2234 4531 2569 4586 sacerdotum
2601 4529 2787 4595 vitam,
2818 4538 2867 4582 et
2892 4527 3143 4607 intestina
3179 4524 3450 4580 Ecclesia--

1864 4643 2013 4691 rum,
2055 4625 2112 4677 in
2153 4634 2411 4694 quantum
2460 4619 2713 4692 possibile
2755 4628 2864 4684 est,
2911 4617 3049 4671 bella
3105 4629 3448 4685 compescere.

1863 4716 2008 4771 Idem
2031 4714 2194 4769 etiam
2227 4731 2381 4785 reges
2413 4711 2752 4767 Francorum
2783 4710 2835 4764 in
2869 4707 3201 4777 adjutorium
3248 4706 3355 4763 sibi
3386 4702 3458 4758 ad

1863 4806 2263 4863 correctionem
2317 4804 2666 4862 sacerdotum
2737 4802 2841 4856 hac
2895 4796 3122 4854 terribili
3183 4795 3464 4855 sententia

1863 4897 2110 4956 incitavit
2136 4907 2488 4954 contestans:
2522 4891 2698 4959 Quod,
2724 4891 2936 4962 inquit,
2958 4888 3140 4959 procul
3164 4888 3338 4946 dubio
3384 4887 3473 4957 fa—

1865 4992 2054 5047 cientis
2104 4988 2320 5059 culpam
2371 4987 2559 5051 habet,
2617 4984 2707 5052 qui
2766 4983 2906 5053 quod
2965 4988 3131 5051 potest
3172 4985 3476 5054 corrigere.

1868 5078 2085 5152 negligit
2119 5080 2419 5133 emendare.
2451 5072 2564 5128 Nec
2601 5080 2783 5125 tamen
2823 5072 2963 5126 idem
2987 5067 3337 5140 apostolicus
3381 5075 3482 5136 pcr

1868 5173 1973 5231 hoc
1995 5164 2203 5239 aliquid
2236 5166 2511 5227 commisit
2530 5166 2587 5220 in
2622 5161 2722 5218 SS.
2748 5163 2972 5219 Patrum
3001 5169 3204 5219 statuta
3224 5205 3243 5227 ,
3290 5171 3481 5221 sacer-

1868 5265 2025 5320 dotes
2063 5277 2093 5314 a
2126 5260 2492 5319 saecularibus
2530 5252 2898 5312 defendentia.
2943 5251 3101 5307 Novit
3145 5251 3314 5310 enim
3358 5258 3481 5304 cer‘

1870 5356 2084 5380 .:..-:...n
2122 5350 2246 5380 ιιηη.
2300 5352 2482 5380 mulam
2515 5344 2727 5380 nun-nn
2780 5345 3118 5380 cnnartlntnna
3167 5356 3194 5380 ει
3232 5336 3491 5380 αηητιιῖξιο
