3984 5380
588 348 727 408 1039

1563 348 1654 405 ΑΒ
1689 347 1918 406 OPERA
1960 347 2018 403 S.
2057 345 2385 404 GREGORI!
2421 347 2867 406 APPENDICES.

3691 353 3837 408 HM

658 463 889 520 Videsne
919 463 1083 537 igitur
1109 477 1276 534 quam
1294 462 1603 535 iustissime
1628 463 1888 534 praedicto
1932 461 2156 517 anathe—
2186 467 2228 518 Α
2257 459 2622 528 auditoribus,
2653 461 2801 531 quod
2835 459 2965 518 fecit
3005 459 3123 531 ipse
3163 458 3416 519 Christus
3444 476 3460 526 ;
3498 473 3605 516 nec
3625 459 3837 516 domn

583 556 720 612 mati
753 555 1069 625 subiaceant
1098 553 1509 622 Sozomenistas,
1533 555 1626 625 qui
1669 554 1943 627 quoslibet
1977 568 2158 610 sacer-

584 646 740 702 dotes
760 647 896 701 adeo
930 659 1170 700 canones
1189 653 1556 712 contemnere,
1593 645 1912 701 adeo-suam
1938 643 2160 700 damna-

579 737 786 791 tionem
815 749 1074 806 spernere
1087 734 1306 804 docent,
1333 744 1396 792 ut
1413 736 1621 808 praelati
1633 751 1824 792 eorum
1847 735 2159 792 necessario

585 827 688 882 sibi
726 827 783 882 in
821 825 1153 898 adjutorium
1207 828 1501 886 saeculares
1551 843 1651 900 pro
1695 827 1832 899 ipsis
1865 843 1897 883 a
1927 826 2157 882 damna-

582 917 734 974 tione
761 918 1082 974 revocandis
1105 919 1416 989 implorent.

651 1007 855 1064 Parum
879 1017 1094 1076 autem,
1127 1010 1240 1066 imo
1285 1010 1424 1066 nihil
1457 1019 1566 1066 tua:
1611 1008 1902 1066 intentioni
1938 1008 2160 1080 prodest

581 1100 729 1171 quod
771 1108 853 1156 tot
896 1101 1343 1172 compassionum
1385 1101 1633 1173 exempla
1679 1115 1988 1168 enumeras,
2026 1100 2158 1155 dum

583 1191 690 1246 hoc
711 1188 931 1246 cuilibet
945 1191 1162 1247 erudito
1187 1191 1260 1248 sit
1281 1189 1630 1247 manifestum
1656 1191 1802 1262 quod
1817 1191 2152 1256 nullatenus,

582 1295 682 1350 pro
703 1279 937 1350 alicujus
961 1279 1298 1348 inﬁrmitate,
1328 1297 1386 1336 se
1421 1281 1621 1352 aliquis
1661 1282 1910 1338 debeata
1936 1279 2158 1336 Christo

583 1384 866 1440 separare;
897 1369 1045 1441 quod
1075 1386 1267 1427 omnes
1300 1370 1530 1440 faciunt,
1562 1372 1878 1444 quicunque
1899 1371 2020 1427 aliis
2045 1379 2158 1426 tam

581 1462 856 1517 obstinato
883 1463 1068 1518 animo
1099 1470 1291 1519 contra
1337 1463 1744 1521 sacratissimos
1784 1478 2023 1520 canones
2057 1463 2156 1519 ad-

581 1552 893 1608 miniculari
932 1561 1218 1620 conantur,
1263 1561 1325 1608 ut
1355 1562 1412 1610 et
1439 1555 1542 1625 ipsi
1561 1555 1688 1625 jure
1735 1570 1861 1610 cum
1902 1554 2010 1610 illis
2055 1553 2158 1611 sub

582 1655 694 1696 uno
746 1643 1088 1698 anathemate
1151 1642 1374 1698 multari
1411 1652 1744 1700 mereantur.
1784 1641 1954 1712 Nam,
1999 1643 2156 1714 juxta

579 1728 930 1800 Apostolum,
956 1732 1106 1802 digni
1146 1741 1268 1786 sunt
1317 1741 1481 1788 morte
1514 1748 1618 1786 non
1666 1733 1840 1787 solum
1880 1733 1972 1804 qui
2020 1716 2154 1787 talia

579 1821 806 1890 faciunt,
847 1822 938 1877 sed
978 1833 1026 1876 et
1051 1823 1140 1894 qui
1165 1823 1482 1894 facientibus
1525 1825 1854 1879 consentiunt
1889 1823 2062 1896 (Rom.
2088 1823 2149 1895 ι).

581 1911 640 1966 Si
661 1927 790 1968 vero
827 1913 986 1986 digna
1013 1915 1174 1970 rebus
1195 1914 1418 1970 nomina
1443 1914 1722 1986 imponere
1740 1916 2018 1983 volumus,
2043 1930 2152 1970 non

579 2009 685 2064 hoc
730 2007 1042 2066 misericors
1089 2009 1420 2079 compassio,
1471 2009 1566 2065 sed
1612 2009 1796 2080 potius
1824 2008 2152 2066 miserabilis

572 2099 1408 2170 condemnatio.nuncupabitur,
1439 2114 1566 2154 cum
1601 2099 1802 2171 aliquis
1829 2114 1941 2155 non
1987 2099 2152 2155 modo

577 2205 762 2256 suum,
794 2190 886 2246 sed
910 2199 964 2245 et
996 2191 1220 2246 alterius
1249 2200 1531 2260 peccatum
1558 2190 1694 2245 adeo
1721 2188 2009 2246 defendere
2041 2204 2152 2245 non

573 2281 808 2344 dubitat,
837 2289 897 2334 ut
925 2296 953 2334 a
978 2279 1126 2335 fonte
1155 2281 1404 2336 omnium
1445 2282 1715 2338 bonorum
1751 2283 1993 2352 seipsum
2029 2281 2153 2336 alie—

578 2385 710 2426 nare
759 2385 868 2426 non
904 2373 1110 2428 timeat.
1159 2370 1279 2426 Non
1327 2383 1412 2428 est
1460 2374 1623 2430 modo
1672 2374 2042 2430 necessarium
2070 2383 2153 2456 .ut

575 2461 824 2532 exempla
869 2463 1335 2533 compassionum,
1382 2480 1505 2536 quae
1551 2464 1755 2521 frustra
1798 2466 2147 2538 multiplices,

577 2551 742 2607 etiam
775 2552 1051 2624 sigillatim
1099 2553 1412 2621 discutiam,
1443 2571 1571 2612 cum
1611 2556 1802 2612 eadem
1829 2557 2152 2628 generaliter

576 2641 710 2695 nihil
760 2651 867 2698 tua:
905 2642 1046 2713 parti
1081 2645 1342 2713 prodesse
1387 2643 1501 2715 jam
1555 2655 1978 2714 monstrassem,
2028 2661 2151 2717 qua:

573 2731 738 2786 etiam
781 2732 837 2788 in
864 2733 1147 2804 epistolari
1183 2733 1448 2790 brevitate
1474 2735 1791 2808 singulatim
1818 2744 2150 2808 pertractare

573 2824 739 2880 nimis
765 2825 988 2898 longum
1013 2826 1244 2882 aestimo.
1795 2891 1812 2904 .

645 2916 783 2972 Volo
829 2926 1012 2974 tamen
1061 2919 1166 2974 hoc
1223 2929 1330 2975 tua:
1365 2917 1694 2976 fraternitati
1746 2919 1976 2975 ﬁdeliter
2023 2919 2149 2975 inti-

572 3021 724 3061 mare
799 3006 945 3077 quod
1019 3007 1150 3064 illud
1201 3008 1507 3079 exemplum
1564 3007 1712 3080 quod
1776 3009 1990 3080 justum
2047 3008 2152 3065 Lot

570 3096 711 3151 filias
747 3110 892 3152 .suas
946 3111 1048 3168 pro
1089 3098 1398 3169 hospitibus
1450 3099 1778 3170 stuprandas
1835 3098 2148 3155 exhibuisse

576 3187 732 3257 (Gen.
759 3187 939 3258 xvm),
987 3196 1218 3243 testatur
1245 3204 1277 3244 a
1318 3187 1378 3244 Β.
1424 3189 1732 3261 Augustino
1763 3189 1903 3246 inter
1930 3189 2150 3244 vitanda

571 3278 754 3347 potius
799 3294 964 3350 quam
1002 3278 1264 3356 imitanda
1315 3293 1486 3335 sacrae
1535 3278 1831 3352 Scriptura:
1873 3281 2148 3351 exempla,

574 3369 718 3422 sicut
763 3376 818 3422 et
861 3369 1205 3424 mendacium
1241 3368 1430 3424 Rahab
1478 3379 1778 3440 reputatur.
1824 3369 1970 3426 Idem
2003 3372 2149 3426 enim

577 3459 916 3530 Augustinus
949 3460 1370 3516 evidentissimis
1416 3448 1721 3519 rationibus
1767 3464 1962 3534 probat
2001 3463 2150 3535 quod

577 3551 887 3607 nullatenus
923 3551 1160 3621 aliquem
1185 3567 1283 3622 pro
1319 3553 1495 3607 aliena
1519 3552 1836 3609 inﬁrmitate
1865 3565 2149 3625 peccatum

572 3642 912 3696 committere
934 3639 1114 3704 liccat,
1141 3656 1240 3711 pro
1285 3657 1396 3710 quo
1421 3640 1735 3710 devitando,
1774 3659 1876 3699 nec
1914 3645 2151 3716 propria:

548 3727 875 3786 infirmitati
902 3746 1126 3802 parcere
1151 3731 1364 3786 debeat.

639 3819 774 3876 illud
811 3828 994 3876 autem
1036 3820 1322 3891 Apostoli:
1358 3821 1725 3896 Unusquisque
1768 3843 1920 3880 suam
1958 3827 2148 3884 habeat

567 3928 786 3966 uxorem
811 3910 864 3983 (1
903 3912 1025 3966 Cor.
1053 3912 1181 3984 vn),
1213 3928 1338 3968 cum
1368 3929 1469 3970 nec
1513 3915 1813 3973 inﬁrmitati
1845 3921 2146 3976 monacho-

566 4020 712 4071 rum,
742 4019 841 4060 nec
871 4003 1152 4076 fragilitati
1203 4006 1576 4076 quarumlibet
1601 4009 1904 4065 velatarum
1937 4011 2148 4083 aliqua-

566 4107 726 4153 tenus
782 4097 1221 4166 condcscendat,
1285 4099 1462 4154 multo
1528 4100 1710 4156 minus
1765 4102 2149 4158 condescendit

570 4189 976 4255 sacerdotibus,
1028 4187 1278 4244 videlicet
1322 4189 1417 4259 qui
1475 4206 1585 4245 non
1644 4190 1878 4262 simplici
1935 4201 2143 4248 tantum

566 4282 944 4338 benedictione
984 4281 1053 4336 ad
1096 4281 1486 4338 continentiam
1535 4293 1664 4339 sunt
1709 4284 1892 4352 dicati,
1931 4287 2025 4342 sed
2050 4303 2146 4357 per

565 4373 933 4426 venerandam
964 4388 1161 4427 manus
1191 4372 1626 4443 impositionem,
1669 4385 1724 4430 et
1758 4391 1854 4446 per
1883 4379 2144 4434 sacratis-

2259 551 2548 622 apostolici
2603 552 2904 608 auctoritas
2963 550 3241 607 minuetur
3263 591 3280 616 ,
3340 549 3557 606 etiamsi
3610 550 3838 620 quilibet

2259 643 2433 714 magis
2495 643 2704 716 perire,
2775 659 2940 716 quam
3012 643 3327 714 apostolicis
3399 643 3836 698 institutionibus

2258 733 2480 790 obedire
2499 743 2748 802 conetur,
2773 751 2872 807 pro
2893 750 3003 806 quo
3045 736 3210 790 etiam
3235 749 3398 790 orare
3436 733 3691 804 prohibet
3718 735 3836 804 ipse

2256 821 2648 880 dilectissimus
2705 823 2959 880 Domini:
2999 822 3126 892 Est,
3181 824 3390 896 inquit,
3436 832 3712 893 peccatum
3765 824 3835 877 ad

2259 921 2500 980 mortem,
2528 929 2634 967 non
2679 911 2804 968 dico
2847 922 2904 968 ut
2943 915 3062 984 quis
3105 922 3216 968 oret
3255 925 3350 984 pro
3398 929 3461 968 eo
3495 911 3552 986 (1
3578 911 3832 982 10:13.1).

2258 999 2366 1074 Ipsi
2395 1004 2650 1061 videlicet
2674 1005 2810 1062 tales
2834 1006 2902 1062 ad
2931 1021 3030 1063 eor
3062 1013 3394 1062 revertentes
3425 1005 3612 1076 potius
3631 1020 3732 1076 pro
3773 1020 3834 1061 se

2257 1103 2312 1150 et
2341 1111 2440 1166 pro
2467 1096 2593 1152 aliis
2614 1096 2814 1152 debent
2854 1111 3032 1164 orare,
3070 1097 3146 1151 ita
3179 1097 3420 1152 dicentes
3446 1113 3462 1150 :
3497 1094 3692 1151 Omnia
3713 1111 3834 1166 qua

2259 1186 2433 1256 fecisti
2475 1187 2656 1255 nobis,
2694 1187 2944 1254 Domine,
2984 1189 3040 1241 in
3078 1203 3196 1242 vero
3226 1186 3439 1256 judicio
3481 1187 3678 1256 fecisti,
3704 1188 3833 1256 quia

2256 1278 2583 1346 peccavimus
2623 1278 2754 1346 tibi,
2795 1287 2847 1333 et
2885 1279 3155 1334 mandatis
3199 1279 3303 1332 tuis
3353 1293 3457 1332 non
3489 1277 3828 1333 obedieimus.

2260 1364 2422 1434 (Dan.
2457 1366 2562 1437 ιιι).

2328 1495 2466 1553 Volo
2499 1498 2664 1554 etiam
2705 1508 2766 1554 ut
2812 1499 3095 1572 diligenter
3140 1500 3434 1572 inspicias,
3483 1503 3753 1572 quoslibet
3795 1518 3826 1558 a

2257 1589 2456 1660 populo
2490 1590 2744 1646 vitandos
2788 1607 2910 1647 esse
2956 1606 3066 1646 non
3109 1599 3222 1646 tam
3277 1602 3502 1663 propter
3535 1593 3826 1649 humanam

2257 1677 2734 1748 incontinentiam,
2799 1696 2964 1752 quam
2999 1690 3217 1754 propter
3255 1681 3583 1738 diabolicam
3645 1685 3828 1740 inoheb

2185 1793 2228 1851 Β
2255 1769 2538 1839 dientiam,
2567 1780 2629 1827 ut
2673 1771 2912 1844 Spiritus
2949 1783 3173 1829 sanctus
3199 1789 3298 1844 per
3320 1773 3633 1831 Samuelem
3665 1784 3826 1832 testa-

2255 1869 2382 1916 tur:
2415 1860 2606 1916 Melior
2637 1872 2716 1917 est
2737 1862 3034 1918 obedientia
3065 1880 3223 1934 quam
3253 1865 3502 1932 uictimae,
3531 1876 3584 1922 et
3615 1868 3822 1921 auscul-

2255 1960 2368 2008 tare
2402 1954 2572 2024 magis
2604 1969 2763 2024 quam
2803 1955 2992 2025 offerre
3019 1955 3225 2026 adipem
3248 1958 3498 2024 arietum,
3526 1960 3654 2028 quia
3679 1963 3823 2030 quasi

2251 2053 2526 2114 peccatum
2564 2045 2834 2100 ariolandt'
2876 2055 2954 2100 est
3003 2063 3323 2118 repugnare,
3364 2058 3417 2103 et
3457 2052 3616 2120 quasi
3661 2052 3822 2104 scelus

2251 2135 2573 2191 idololatria
2588 2136 2726 2192 nolle
2747 2139 3068 2209 acquiescere
3099 2137 3154 2210 (1
3174 2139 3298 2210 Reg.
3327 2141 3439 2212 xv).
3474 2139 3614 2197 Hinc
3638 2151 3693 2196 et
3715 2143 3823 2212 ipse

2251 2227 2504 2296 princeps
2558 2227 2969 2298 apostolorum,
3031 2235 3094 2283 ut
3152 2227 3212 2283 B.
3278 2229 3594 2286 Alexander
3651 2247 3819 2302 papa,

2251 2317 2416 2386 capit.
2465 2317 2520 2384 6,
2571 2326 2804 2374 testatur
2833 2319 2888 2374 in
2922 2319 3264 2375 ordinatione
3297 2319 3358 2376 Β.
3391 2320 3711 2388 Clementis,
3733 2323 3820 2377 tir-

2251 2407 2498 2465 missime
2531 2409 2814 2478 deliberat,
2851 2419 2913 2466 ut
2951 2411 3185 2482 populus
3228 2424 3331 2469 nec
3359 2413 3556 2469 saltem
3589 2415 3738 2486 loqui
3775 2416 3820 2469 ei

2251 2498 2480 2566 audeat,
2525 2515 2689 2571 quem
2734 2501 3022 2573 praeceptis
3069 2503 3384 2572 apostolica:
3431 2505 3580 2562 sedis
3639 2506 3820 2561 inohe.

2251 2589 2494 2647 dientem
2546 2592 2764 2648 sentiat.
2825 2592 3056 2665 Propter
3099 2594 3520 2652 inobedientiam
3581 2599 3821 2656 videlicet

2250 2681 2367 2753 ipse
2389 2682 2592 2738 Paulus
2629 2683 3048 2752 Samosatenus,
3095 2687 3254 2757 cujus
3294 2702 3543 2744 errorem
3590 2689 3648 2744 in
3687 2705 3820 2760 sape

2250 2773 2381 2830 trito
2411 2775 2648 2845 capitulo
2674 2777 3003 2832 restauravit
3032 2775 3376 2834 Sozomenus
3399 2779 3471 2834 ab
3510 2780 3818 2852 episcopatu

2249 2865 2464 2935 publica
2504 2881 2669 2921 manu
2698 2869 2928 2938 turpiter
2968 2877 3054 2924 est
3093 2869 3378 2939 expulsus,
3417 2879 3481 2927 ut
3507 2873 3630 2944 ipsa
3663 2886 3818 2944 quam

2249 2955 2479 3012 nimium
2511 2961 2790 3016 veneraris
2816 2959 3051 3017 Historia
3087 2961 3306 3018 fatetur.
3344 2961 3582 3020 Siricins
3613 2981 3818 3037 quoque

2248 3061 2387 3118 papa
2449 3046 2840 3105 sacerdotalem
2891 3052 3342 3108 incontinentiam
3408 3054 3816 3112 defendentibus

2176 3153 2219 3212 ο
2249 3149 2360 3189 non
2375 3137 2777 3206 promotionem
2812 3148 3020 3195 tantum
3047 3142 3270 3209 ademit,
3293 3144 3387 3198 sed
3417 3159 3640 3200 omnem
3662 3146 3814 3200 etiam

2251 3226 2457 3282 aditum
2489 3229 2964 3302 indulgentiaejam
3001 3240 3131 3288 tunc
3157 3234 3239 3288 eis
3261 3235 3485 3304 penitus
3533 3236 3809 3292 obseravit.

2250 3316 2476 3376 Decreta
2511 3320 2711 3378 Leonis
2739 3338 2913 3394 papm,
2937 3339 3061 3394 quae
3090 3332 3198 3380 tum
3217 3325 3359 3394 parti
3389 3325 3578 3382 favere
3605 3329 3810 3398 putasti,

2251 3408 2660 3469 Sozomenistas
2697 3429 2924 3484 prorsus
2965 3415 3356 3482 condemnant,
3405 3431 3534 3487 quae
3574 3418 3813 3472 omnibus

2248 3504 2546 3574 apostolica
2580 3513 2848 3577 praecepta
2889 3506 3370 3562 contemnentibus
3399 3509 3623 3564 veniam
3662 3510 3812 3564 dene-

2248 3596 2364 3669 gari
2401 3595 2664 3652 indicant.

2317 3730 2546 3790 Multum
2573 3743 2754 3789 autem
2791 3742 2897 3790 tuae
2929 3733 3221 3790 eruditioni
3243 3734 3479 3807 derogas
3505 3737 3560 3790 in
3586 3752 3652 3793 eo
3680 3738 3809 3809 quod

2247 3825 2590 3894 generalibus
2613 3825 2834 3880 statutis
2855 3825 2915 3880 Β.
2936 3825 3116 3881 Siricii
3143 3826 3602 3896 dispensatoriam
3625 3828 3680 3884 S.
3698 3828 3811 3885 Gre-

2250 3917 2388 3988 gorii
2424 3917 2824 3986 tolerationcm,
2853 3918 3054 3990 quippe
3081 3919 3310 3976 localem
3344 3928 3402 3975 et
3443 3923 3806 3992 temporalem,

2246 4007 2467 4063 miraris
2496 4007 2802 4066 dissonare.
2846 4009 3040 4065 Nullus
3063 4010 3208 4064 enim
3237 4012 3582 4081 apostolicus
3609 4028 3807 4068 succes-

2229 4089 2422 4154 sorem
2451 4115 2611 4156 suum
2647 4101 2930 4172 privilegio
2957 4101 3102 4157 sedis
3125 4103 3440 4172 apostolicae
3466 4105 3666 4174 privat,
3691 4104 3806 4175 quin

2243 4205 2343 4260 pro
2385 4190 2472 4246 sui
2515 4195 2778 4263 temporis
2813 4194 3136 4250 necessitate
3179 4208 3290 4249 non
3341 4195 3524 4251 solum
3564 4211 3803 4256 canones.

2244 4281 2338 4336 sed
2377 4282 2541 4337 etiam
2582 4283 2668 4338 sui
2715 4284 3079 4340 antecessoris
3127 4285 3441 4341 sanctiones
3474 4287 3650 4343 valeat
3677 4287 3805 4342 miti-

2243 4387 2392 4445 gare,
2423 4389 2524 4429 nee
2551 4383 2732 4429 tamen
2769 4373 2824 4430 in
2853 4376 2957 4430 hoc
2990 4390 3092 4431 suo
3113 4376 3506 4446 prauieccssori
3536 4387 3799 4450 repugnat,

567 4467 694 4524 simi
731 4467 1044 4523 chrismatis
1104 4467 1417 4522 unctionem
1457 4469 1684 4540 reliquis
1719 4469 2141 4539 continentibus,
2176 4497 2221 4552 Β
2245 4478 2406 4552 quem
2447 4472 2500 4520 ει
2529 4465 2746 4536 propria
2795 4474 2998 4523 statuta
3045 4466 3338 4538 aliquando
3384 4470 3667 4544 mitigasse
3707 4486 3800 4526 non

566 4560 680 4616 imo
717 4559 1042 4631 virginibus,
1089 4566 1218 4612 sunt
1242 4559 1468 4628 praelati,
1501 4559 1594 4630 qui
1635 4567 1688 4615 et
1723 4561 1790 4616 al
1830 4562 2144 4632 persolven-

564 4652 696 4707 dum
725 4649 982 4716 ofﬁcium,
1015 4649 1179 4704 nullis
1226 4649 1332 4704 nisi
1361 4651 1768 4707 continentibus
1801 4653 1966 4721 licite,
2002 4670 2142 4724 quo-

563 4743 696 4798 tidie
739 4743 935 4798 debent
983 4756 1106 4798 esse
1154 4741 1348 4812 parati.
1389 4741 1632 4813 Denique
1675 4745 1824 4812 idem,
1850 4745 2143 4814 Apostolus

565 4831 872 4887 informans
901 4831 1084 4887 Titum
1120 4831 1187 4886 de
1218 4832 1563 4889 ordinatione
1591 4834 1706 4890 sive
1748 4837 1816 4891 de
1852 4851 2143 4892 conversa-

557 4925 713 4980 tione
737 4923 1101 4996 sacerdotum,
1131 4921 1502 4979 indubitanter
1524 4924 1756 4981 aﬁirmat
1781 4927 1927 4997 quod
1955 4943 2139 4983 sacer-

2253 4550 2486 4622 ignorat.

2318 4692 2456 4748 Nolo
2484 4703 2667 4750 autem
2693 4695 2888 4750 iterum
2923 4697 3203 4752 exinanire
3245 4698 3393 4753 illam
3433 4708 3584 4756 tuam
3630 4702 3798 4769 decep-

2248 4784 2445 4838 toriam
2494 4784 2904 4841 similitudinem
2955 4786 3242 4842 Sozomeni
3286 4805 3414 4844 cum
3456 4790 3730 4862 Gregorio,
3753 4800 3796 4843 et

2247 4875 2400 4930 illum
2433 4883 2587 4930 tuum
2611 4878 2985 4946 prophetalem
3019 4877 3325 4934 funiculum
3347 4883 3672 4952 abrumpere
3703 4897 3793 4936 non

2247 4967 2615 5022 necessarium
2678 4969 2854 5036 duco,
2907 4970 3035 5040 quia
3077 4970 3368 5027 Jeremiam
3418 4974 3486 5030 de
3543 4976 3660 5031 lacu
3697 4990 3792 5030 cm—
