3984 5380
231 318 365 376 MOI

1110 314 1398 375 APPEND.
1440 317 1526 375 lli.
1569 308 1637 361 -έ-
1676 316 2108 400 MONUMEN‘TA
2146 315 2607 377 GREGORIANA.

3342 325 3477 381 H0!

228 429 522 486 historiam
548 427 768 486 Eusebii
790 429 860 486 ab
889 429 1007 501 ipso
1035 410 1356 487 translatam
1385 429 1534 503 (ΘΜ)
1565 430 1807 489 eilecerit
1834 435 1879 492 Α
1905 429 2249 488 anathemate
2281 435 2473 503 procul
2494 434 2661 491 dubio
2691 433 2766 490 illi
2823 435 3123 493 multantur
3164 436 3478 508 quicunque

228 525 601 580 authenticam
628 566 644 590 ,
691 539 855 595 quam
900 523 1017 594 ipse
1073 523 1435 595 Hieronymus
1480 524 1536 578 in
1577 524 1673 580 lib.
1726 523 1805 580 De

226 616 543 671 iélustribus
570 616 703 671 viris
732 624 884 671 notat
911 615 1297 686 deceptoriam.

299 703 448 762 idem
473 720 690 777 quoque
718 706 909 761 doctor
944 706 1178 762 eximius
1214 706 1446 775 teipsum
1474 704 1616 760 idem
1645 714 1808 776 caput

224 812 381 852 sanae
408 797 669 852 doctrina:
690 797 976 853 adversum
1000 797 1141 877 intra
1164 797 1344 853 crines
1371 797 1684 868 alienigenae
1704 799 1804 853 do-

225 889 346 943 cuit
374 888 713 954 abscindere,
756 890 902 959 quod
944 898 1075 943 cum
1115 888 1417 957 susceptori
1451 903 1573 952 suo,
1608 898 1669 943 ut
1691 888 1805 958 jam

224 980 433 1048 saepius
460 979 793 1036 inculcatum
832 988 937 1045 est,
969 979 1039 1034 sit
1079 980 1465 1049 perniciosum,
1498 980 1807 1035 nullatenus

222 1068 374 1124 inter
401 1071 583 1125 divina
613 1072 867 1126 mandata
894 1086 1056 1140 super
1092 1086 1288 1126 aurum
1327 1079 1381 1126 et
1424 1070 1694 1141 topazium
1723 1080 1807 1125 est

222 1162 544 1216 amandum.

301 1251 449 1309 Satis
474 1268 605 1309 vero
630 1253 917 1324 diligenter
943 1254 1213 1325 quoslibet
1240 1270 1272 1310 a
1300 1253 1608 1325 recipiendo
1634 1253 1803 1310 Sozo—

222 1346 377 1400 meni
427 1346 604 1415 capite
649 1346 912 1413 deterres,
960 1362 1085 1402 cum
1129 1346 1651 1402 administrationem
1692 1354 1803 1400 tam

219 1436 619 1490 venerabilium
643 1447 1109 1493 sacramentorum
1134 1437 1423 1507 episcopis,
1452 1437 1801 1509 presbyteris,

220 1526 554 1587 diaconibus
584 1544 738 1598 :equa
785 1530 1095 1586 conditione
1122 1530 1284 1585 doces
1321 1530 1618 1599 injunetam
1657 1544 1799 1583 esse.

222 1615 366 1682 Quis
386 1628 567 1673 autem
596 1627 844 1675 nostrum
869 1620 1053 1675 funem
1082 1620 1187 1677 sibi
1212 1605 1312 1691 ipsi
1337 1621 1404 1676 ad
1432 1635 1647 1676 crucem
1676 1635 1803 1690 por-

221 1708 378 1774 tarit,
408 1708 518 1764 imo
546 1711 671 1780 quis
697 1711 811 1781 jam
840 1712 895 1766 in
925 1727 1087 1767 cruce
1122 1727 1422 1782 suspensus
1448 1713 1797 1783 strangulan-

220 1807 338 1855 tem
380 1802 584 1856 nodum
625 1818 734 1857 non
770 1804 1069 1873 abruperit,
1105 1804 1200 1859 sed
1237 1805 1443 1859 arctius
1468 1804 1672 1875 gutturi
1703 1819 1805 1858 suo

222 1889 505 1946 innectere
527 1893 814 1959 studuerit,
838 1900 897 1948 tu
918 1894 1034 1963 ipse
1055 1894 1111 1948 in
1138 1894 1510 1964 superioribus
1529 1894 1805 1950 evidenter

221 1982 536 2049 ostendisti,
578 1983 671 2038 ubi
706 1984 940 2054 teipsum
980 1985 1035 2038 in
1075 1984 1393 2056 Grcgoriani
1441 1985 1804 2043 anathematis

221 2073 419 2129 eculeo
447 2089 775 2144 suspensum
805 2076 1095 2145 reliquisti.

296 2161 488 2218 Laudo
521 2171 702 2218 tamen
741 2166 886 2234 quod
933 2166 1149 2235 plenam
1196 2166 1573 2222 remissionem
1612 2183 1804 2237 perca—

220 2260 411 2308 torum
457 2255 512 2308 in
542 2255 816 2324 baptismo
847 2264 897 2310 te
940 2257 1160 2311 credere
1196 2256 1485 2326 profiteris,
1514 2273 1611 2327 per
1637 2272 1803 2328 quam

220 2344 622 2415 professionem
662 2347 1026 2416 blasphemias
1056 2347 1299 2416 epistola:
1334 2355 1440 2403 tuae
1468 2348 1800 2418 reprobasti;

225 2436 283 2490 in
309 2452 441 2506 qua,
472 2438 717 2508 inquam,
748 2439 974 2507 cpistola
1004 2438 1114 2493 [ilio
1140 2438 1255 2507 jam
1282 2438 1485 2493 dudum
1510 2439 1802 2508 baptizato,

223 2528 401 2596 patris
441 2537 725 2597 peccatum
766 2529 1067 2599 imputasse
1116 2530 1345 2584 notaris.
1390 2528 1542 2584 illam
1586 2544 1806 2599 quoque

224 2626 380 2672 tuam
401 2619 847 2689 propositionem,
878 2620 1397 2690 quidquidxonvenit
1420 2622 1585 2690 parti,
1622 2638 1806 2676 conve-

225 2710 308 2763 nit
334 2718 389 2763 et
424 2710 541 2776 toti,
572 2717 630 2764 et
670 2710 773 2764 alia
809 2711 1121 2781 huiusmodi
1147 2712 1417 2781 exempla,
1458 2727 1568 2766 non
1597 2726 1661 2765 ex
1690 2720 1807 2765 arte

224 2801 461 2871 prolata,
487 2801 742 2857 facillime
770 2810 1150 2870 monstrarem,
1178 2802 1225 2857 si
1246 2818 1356 2857 non
1386 2802 1439 2856 in
1469 2802 1564 2856 tali
1592 2801 1807 2871 negotio

223 2894 295 2948 de
338 2902 458 2950 arte
490 2894 640 2963 loqui
682 2894 864 2948 minus
899 2894 1155 2949 idoneum
1194 2902 1520 2963 reputarem.
1558 2893 1805 2948 Aliozum

224 2985 429 3055 quippe
446 2985 653 3055 judicio
673 2985 928 3052 arbitror,
976 3000 1085 3040 non
1121 2992 1329 3051 nostro,
1368 2983 1805 3054 relinquendum,

1907 525 2039 580 illud
2073 532 2228 581 tuum
2265 537 2428 598 caput
2464 543 2563 599 pro
2604 529 2918 584 authentico
2954 538 3301 596 venerantur,
3332 532 3476 601 quod

1907 616 2217 672 nullatenus
2260 619 2528 674 catholica
2574 617 2816 674 Ecclesia
2862 620 3081 689 recipit,
3129 636 3254 675 cum
3306 621 3477 677 sacris

1909 704 2206 776 Scripturis
2239 707 2516 763 adversari
2546 724 2655 763 non
2680 696 2973 763 dubitctur.

1975 796 2250 867 Amplius:
2274 796 2631 854 Beatissimus
2654 814 2793 869 papa
2822 798 3108 865 Damasus,
3134 799 3380 854 scribens
3409 799 3475 853 ad

1906 888 2258 945 Aurelianum
2289 888 2770 960 Carthaginensem
2794 890 3280 959 archiepisc0pum,
3302 890 3474 946 veris-

1907 979 2043 1033 sime
2075 987 2306 1033 testatur
2334 978 2456 1033 illos
2488 980 2764 1048 manifeste
2791 977 3053 1049 Spiritum
3088 991 3329 1034 sanctum
3358 979 3473 1035 bla-

1905 1070 2195 1139 splzemore,
2226 1072 2313 1139 qui
2349 1078 2531 1123 contra
2567 1086 2744 1123 sacros
2782 1086 3005 1124 canones
3034 1086 3136 1125 non
3172 1071 3480 1126 necessitate

1906 1160 2183 1231 compulsi,
2219 1160 2309 1214 sed
2352 1160 2574 1215 libenter
2621 1159 2848 1232 aliquid,
2894 1170 2986 1215 aut
3025 1172 3260 1231 proterve
3294 1170 3479 1233 agunt,

1906 1261 1999 1306 aut
2045 1252 2189 1324 loqui
2232 1261 2577 1322 presumunt,
2619 1260 2712 1305 aut
2756 1253 2928 1321 facere
2964 1253 3252 1308 volentibus
3299 1263 3483 1323 sponte

1905 1345 2255 1397 consentiunt.
2307 1342 2631 1412 Quicunque
2667 1352 2848 1397 autem
2891 1352 3045 1398 tuum
3087 1346 3338 1413 topazion
3382 1360 3482 1415 pro

1904 1430 2169 1489 canonico
2195 1434 2484 1504 recipiunt,
2508 1449 2613 1487 non
2643 1433 2819 1489 solum
2843 1435 3059 1489 eosdem
3085 1449 3324 1493 canones
3338 1452 3479 1505 prte-

1903 1527 2238 1591 varicantur,
2276 1525 2370 1580 sed
2414 1525 2577 1579 etiam
2619 1524 2822 1580 eisdem
2869 1526 3146 1581 obstinato
3185 1528 3390 1594 animo,
3423 1533 3485 1581 ut

1900 1616 2013 1686 jam
2055 1617 2254 1685 sacpius
2299 1615 2587 1685 probatum
2632 1623 2734 1681 est,
2780 1616 3154 1672 adversantur.
3198 1616 3340 1689 Ergo
3381 1618 3483 1688 ipsi

1902 1723 2030 1762 cum
2063 1706 2328 1777 Spiritum
2351 1717 2601 1763 sanctum
2628 1707 3027 1777 blasphement,
3058 1708 3232 1779 ipsius
3253 1710 3483 1764 damna—

1836 1777 1880 1833 B
1904 1798 2129 1864 tionem,
2149 1799 2305 1869 juxta
2340 1798 2581 1869 ιιι-ιιιάίςῆ
2611 1798 2895 1868 apostolici
2924 1777 3346 1866 attestvatinncm,
3374 1815 3483 1856 non

1903 1890 2154 1958 evadent,
2202 1889 2475 1960 praecipue
2517 1904 2642 1945 cum
2678 1890 2791 1959 ipsa
2833 1887 3047 1945 Veritas
3089 1891 3145 1946 in
3192 1890 3485 1963 Evangelia

1901 1988 2133 2038 testetur
2169 1982 2317 2051 quod
2343 1981 2677 2051 blasphemia
2717 1980 2773 2036 in
2803 1979 3067 2053 Spiritum
3098 1990 3347 2039 sanctum
3382 1999 3484 2040 nec

1904 2073 2013 2141 hic,
2039 2088 2142 2128 nec
2181 2072 2236 2126 in
2278 2071 2465 2128 futuro
2498 2073 2807 2128 remittatur
2834 2071 2985 2141 (Luc.
3017 2073 3148 2144 xu);
3192 2073 3486 2144 ipsumque

1903 2165 2569 2235 Constantinopolitanum
2598 2164 2910 2230 concilium,
2942 2164 3086 2233 quod
3108 2172 3191 2220 est
3218 2181 3389 2220 unum
3415 2181 3483 2220 ex

1903 2265 2141 2328 quatuor
2182 2256 2432 2314 conciliis
2465 2270 2619 2326 aeque
2653 2262 2716 2310 ut
2756 2253 3105 2326 Evangelium
3132 2257 3481 2325 venerandis,

1904 2348 2106 2418 ipsum,
2152 2348 2401 2418 inquam,
2443 2346 2756 2412 concilium,
2802 2362 2923 2416 cap.
2966 2345 3017 2413 Ι,
3064 2362 3186 2402 cum
3226 2349 3483 2405 omnibus

1905 2438 2207 2495 interesibus
2235 2439 2399 2494 etiam
2427 2439 2828 2493 contumaciam
2854 2437 3081 2508 Spiritui
3103 2448 3293 2495 sancto
3321 2456 3486 2511 repu-

1905 2531 2189 2602 gnantium
2220 2530 2672 2595 anathematizat;
2713 2544 2853 2600 quos
2894 2539 2948 2584 et
2979 2530 3197 2599 speciali
3238 2531 3480 2599 nomine,

1901 2621 2057 2691 juxta
2078 2621 2373 2692 quamdam
2402 2620 2816 2676 translationem
2846 2621 3364 2691 pneumatomacbos
3387 2636 3482 2676 co-

1906 2714 2207 2784 gnominat.

1975 2805 2223 2875 Amplius
2250 2824 2262 2859 :
2296 2803 2530 2875 Spiritus
2575 2811 2799 2860 sanctus
2833 2819 2930 2876 per
2956 2803 3274 2874 Apostolum
3319 2804 3482 2860 istam

1906 2897 2267 2968 promulgavit
2286 2897 2639 2953 sententiam:
2667 2894 2727 2950 Si
2747 2897 2863 2968 quis
2891 2913 2995 2950 non
3017 2904 3163 2949 amat
3184 2894 3480 2962 Christum,

1906 2988 1980 3042 sit
2008 2972 2317 3055 anathema,
2346 3005 2534 3042 maran
2555 2987 2698 3041 Atlm
2726 2986 2783 3059 (Ι
2816 2986 2939 3043 Cor.
2993 2988 3129 3059 xvr).
3172 2988 3482 3044 Sectatores

196 3077 362 3146 quid
389 3077 457 3132 de
491 3086 709 3131 tuarum
755 3077 1061 3132 litterarum
1103 3075 1217 3132 sive
1252 3091 1498 3131 mearum
1542 3076 1809 3146 composi—
1833 3114 1874 3171 ϐ
1908 3088 2089 3134 autem
2119 3078 2410 3134 Sozomeni
2442 3096 2550 3135 non
2578 3086 2761 3134 amant
2783 3076 3084 3143 Christum,
3111 3094 3236 3134 cum
3267 3079 3487 3134 indubi-

222 3169 378 3223 tione
405 3168 476 3223 sit
502 3169 853 3225 censendum.

296 3258 639 3329 Propulsatis
667 3260 833 3330 igitur
863 3257 1309 3331 irrefragabiliter
1337 3260 1448 3315 tuis
1482 3260 1803 3330 objectioni-

222 3351 334 3407 bus
359 3352 579 3420 iterum,
610 3362 682 3421 te,
723 3353 850 3408 licet
876 3353 1175 3424 ingratum,
1206 3353 1524 3408 cbaritative
1556 3368 1653 3422 per
1682 3354 1808 3408 sub-

221 3444 431 3513 scripta
451 3445 693 3501 rationes
714 3444 845 3499 libet
874 3443 1186 3508 convenire,
1207 3452 1270 3498 ut
1292 3444 1482 3499 saltem
1505 3444 1619 3513 jam
1644 3445 1806 3499 tertio

222 3536 540 3592 admonitus
565 3537 632 3591 ad
660 3551 754 3591 cor
776 3535 988 3603 redeas,
1012 3548 1234 3591 necum
1257 3535 1618 3591 sectatoribus
1644 3535 1809 3590 Sozo-

222 3628 375 3683 meni
411 3628 900 3683 anathematizatus
944 3628 998 3681 in
1035 3635 1298 3682 aeternum
1335 3641 1546 3696 pereas.
1585 3625 1804 3681 Nullum

220 3730 391 3789 caput
427 3719 706 3775 canonica:
745 3719 961 3774 veritati
988 3719 1321 3783 contrarium
1361 3733 1461 3788 pro
1494 3718 1807 3773 authentico

222 3819 311 3867 est
337 3811 731 3881 recipiendum,
760 3812 909 3881 atqui
946 3818 1101 3865 tuum
1130 3811 1379 3879 topazion
1422 3809 1807 3865 sacratissimis

224 3899 529 3956 canonibus
575 3909 659 3955 est
699 3901 1055 3956 contrarium.
1095 3899 1307 3954 Asserit
1344 3899 1491 3952 enim
1532 3896 1804 3952 Nicmnam

225 3992 499 4061 synodum
553 3992 928 4047 sacerdotibus
974 3989 1425 4045 incontinentiam
1469 4004 1578 4042 non
1618 3988 1806 4058 prohi-

222 4078 435 4147 buisse,
464 4080 665 4149 quibus
708 4078 765 4133 S.
795 4079 1177 4149 Hieronymus,
1223 4078 1474 4143 Siricius,
1515 4076 1808 4149 Gregorius

224 4187 341 4225 non
369 4173 547 4226 solum
572 4171 799 4237 coitum,
824 4172 918 4227 sed
945 4180 1000 4226 et
1021 4170 1477 4224 cohabitationcm
1502 4184 1627 4223 cum
1656 4168 1808 4224 femi-

224 4263 318 4318 nis
337 4263 394 4317 in
415 4263 607 4318 eadem
630 4264 837 4333 synodo
856 4263 1074 4333 penitus
1094 4262 1422 4332 prohibitam
1448 4276 1570 4317 esse
1596 4270 1804 4316 testan-

226 4362 337 4407 tur.
370 4353 515 4425 Ergo
550 4354 681 4408 illud
709 4361 866 4409 tuum
898 4354 1147 4425 topazion
1181 4368 1292 4407 non
1330 4353 1491 4408 etiam
1524 4370 1622 4424 pro
1654 4370 1803 4419 vero,

1906 3180 2087 3229 tanter
2134 3171 2511 3241 blasphement
2554 3170 2817 3242 Spiritum
2859 3178 3137 3238 sanctum,
3182 3186 3280 3240 per
3318 3185 3483 3241 quem

1905 3262 2021 3333 ipse
2042 3261 2294 3317 Christus
2314 3262 2606 3319 eanonicas
2628 3261 2937 3317 sanctiones
2958 3261 3242 3330 inspiravit
3263 3260 3362 3316 SS.
3389 3260 3487 3317 Pa-

1904 3353 2100 3409 tribus.
2126 3352 2269 3425 Ergo
2297 3352 2400 3423 ipsi
2427 3352 2708 3422 subiacent
2735 3351 3031 3421 apostolico
3060 3339 3410 3409 anathemati.

1974 3446 2221 3517 Amplius
2249 3465 2261 3499 :
2290 3446 2350 3499 Β.
2375 3444 2624 3500 Gelasius
2645 3460 2783 3514 papa
2804 3444 2859 3498 in
2882 3445 3179 3514 apostolica
3205 3445 3331 3501 sede
3357 3460 3487 3501 cum

1904 3554 2011 3593 Lxx
2036 3537 2304 3608 episcopis
2327 3536 2649 3592 nominatim
2678 3534 2959 3591 Nicolaum
2985 3534 3045 3589 B.
3071 3534 3331 3606 Stephani
3360 3552 3490 3608 pro-

1905 3628 2220 3700 tomartyris
2248 3626 2664 3693 condiaconum,
2688 3624 2918 3681 Paulum
2949 3624 3365 3682 Samosatenum
3393 3642 3493 3698 pa-

1904 3719 2201 3774 triarcham
2243 3716 2665 3782 Antiochenum,
2712 3732 3013 3787 omnesque
3054 3717 3341 3772 haereticos
3376 3718 3493 3773 sive

1905 3809 2321 3873 schismaticos,
2360 3818 2415 3863 et
2453 3823 2647 3862 omnes
2687 3823 2876 3863 eorum
2922 3816 3219 3863 sectatores
3261 3807 3489 3864 irreme—

1905 3899 2177 3955 diabiliter
2230 3899 2721 3954 anathematizatos
2773 3914 2895 3953 esse
2946 3900 3320 3968 pronuntiavit
3361 3916 3488 3954 eum

1905 3991 2163 4045 omnibus
2191 4006 2315 4060 quae
2353 3989 2676 4053 docuerunt,
2709 3990 2822 4044 sive
2854 3991 3315 4059 conscripserunt.
3349 3989 3485 4055 Qui-

1906 4096 2123 4151 cunque
2151 4089 2332 4134 autem
2372 4080 2569 4134 docent
2601 4079 2899 4148 capitulum
2931 4077 3218 4134 Sozomeni
3247 4094 3346 4148 pro
3386 4094 3489 4133 au-

1906 4173 2148 4227 thentico
2187 4171 2383 4224 debere
2427 4169 2612 4239 recipi,
2655 4176 2935 4223 sectantur
2976 4167 3206 4241 Paulum
3241 4178 3294 4223 et
3327 4166 3491 4223 Nico-

1908 4260 2056 4317 laum
2094 4259 2510 4325 haeresiarchas,
2540 4275 2665 4314 cum
2691 4259 2746 4312 in
2788 4259 2975 4313 eodem
3006 4260 3179 4329 capite
3213 4257 3492 4315 asCribant

1910 4352 2285 4408 sacerdotibus
2329 4351 2615 4420 eonjngale
2663 4364 2823 4420 opus.
2871 4347 3158 4415 Quomodo
3192 4366 3322 4420 ergo
3362 4336 3488 4420 ipsi,

226 4445 431 4499 nedum
465 4459 568 4514 pro
604 4445 917 4499 authentico
946 4453 1030 4500 est
1059 4443 1461 4513 prtedicandum
1495 4459 1527 4497 a
1563 4444 1806 4515 quolibet
1837 4459 1881 4514 ι)
1908 4443 2033 4498 ηἱδὶι
2056 4441 2400 4512 resipiscant,
2431 4456 2621 4496 eorum
2663 4442 2953 4495 anathema
2994 4439 3366 4512 subterfugere
3394 4457 3493 4511 po-

226 4537 285 4590 in
309 4536 483 4591 sacris
507 4536 702 4591 litteris
726 4537 960 4603 erudito,
994 4551 1119 4591 cum
1145 4534 1405 4605 scriptum
1436 4536 1534 4591 sit:
1570 4535 1642 4589 Os
1670 4537 1809 4606 quod

225 4630 500 4695 mentitur,
542 4629 739 4683 occidit
772 4630 1005 4683 animam
1035 4628 1185 4698 (δίῳ.
1213 4626 1272 4696 ι).
1316 4626 1448 4682 Item
1476 4627 1537 4681 Β.
1573 4626 1810 4683 Joannes

226 4723 511 4790 apostolus
548 4722 714 4777 dicit:
758 4720 1004 4785 Timidis,
1040 4729 1168 4786 etc.,
1198 4729 1249 4774 et
1289 4720 1631 4775 mendacibus
1661 4721 1806 4776 locus

224 4822 304 4867 est
333 4815 389 4867 in
427 4823 620 4883 stagno
657 4813 797 4883 ignis
832 4813 1065 4866 ardentis
1106 4812 1290 4883 (Apoc.
1315 4812 1452 4882 XII).
1483 4812 1614 4868 item
1652 4812 1808 4868 Psal-

225 4904 429 4959 mista:
478 4904 683 4958 Perdes
732 4919 942 4967 omnes,
992 4904 1083 4972 qui
1143 4903 1431 4975 loquuntur
1476 4905 1807 4960 mendacium

229 4995 403 5064 (Psal.
441 4996 517 5067 v).

304 5084 544 5116 Ᾱωκιῖ-ερ
572 5106 586 5116 υ
628 5086 1007 5116 υηηλοῖοιιξυνιοια
1053 5102 1188 5116 νισι-ιη
1238 5085 1261 5116 Ϊ
1286 5100 1350 5116 ΛΑ
1391 5102 1489 5116 ιλιι.-
1523 5086 1808 5116 ΛῇξρηΛνιλρ

1909 4543 2115 4602 terunt,
2143 4550 2375 4604 quorum
2404 4531 2673 4588 nefarium
2698 4533 2895 4605 dogma
2927 4531 3270 4600 conﬁrmare,
3302 4541 3355 4588 ct
3380 4532 3494 4588 dis-

1912 4628 2182 4684 seminare
2204 4641 2311 4680 non
2350 4625 2684 4686 timuerunt?

1982 4716 2270 4787 Amplius:
2313 4715 2715 4772 llmresiarclies
2754 4714 3075 4771 Iovinianus
3112 4729 3142 4769 a
3183 4715 3243 4769 Β.
3279 4714 3498 4771 Gelasio

1911 4811 2051 4865 inter
2078 4809 2319 4878 reliquos
2344 4808 2630 4864 haereticos
2652 4808 2958 4876 specialiter
2980 4807 3499 4870 anathematizatus,

1912 4902 2037 4958 licet
2058 4901 2311 4958 hteretice
2333 4898 2781 4957 incontinentiam
2809 4897 3154 4953 continentia:
3175 4897 3505 4973 adaequarit,

1913 5007 2195 5062 nunquam
2244 5004 2427 5051 tamen
2456 4989 2591 5045 adeo
2632 4988 2890 5057 desipnit,
2936 4994 2993 5041 ut
3030 4989 3342 5060 episcopale
3387 4986 3510 5044 oili-

1917 5088 2058 5116 ηἶηννι
2112 5083 2444 5116 οἶηη..1ιη.ηηη
2488 5080 2675 5116 nﬁnnn
2717 5086 2785 5116 Μ’
2816 5079 3168 5116 nrinninnlom
3211 5084 3513 5116 nnnl:nbn-
