3984 5380
525 261 666 319 “05
1505 247 1593 303 AD
1631 243 1858 302 OPERA
1899 243 1958 297 S.
1999 235 2329 296 GREGORII
2365 229 2811 290 APPENDICES.
2850 251 2858 266 ι
3646 217 3780 268 “tu

513 371 744 429 tendam
779 373 1064 422 assereret.
1110 363 1252 434 Ergo
1286 359 1699 426 Sozomenistte,
1733 357 1826 428 qui
1858 357 1961 411 hoc
1997 355 2104 408 im-
2135 352 2180 409 Α
2205 343 2632 405 admonitionem
2667 341 2916 434 recipias,
2963 352 3062 392 nec
3096 335 3341 434 te_juxta
3365 329 3784 434 S.mGreg01'iuru

421 447 423 450 ⁴
521 461 792 534 pudenter
818 455 1112 513 asserendo
1145 419 1396 510 eumdem
1419 419 1801 507 baeresiarcain
1843 446 1898 501 in
1921 457 2107 500 errore
2208 437 2520 510 apostolica:
2552 431 2917 534 auctoritatis.
2929 443 3086 532 reum
3123 425 3355 534 ulterius
3388 421 3615 528 cilicias,

523 509 1183 624 przeceudnntfquomodo
1236 543 1408 614 ipsius
1459 540 1770 597 inevitabile
1817 537 2107 593 anathema
2203 509 2318 603 jam
2343 529 2551 584 dudum
2580 525 2775 582 fecisse
2800 521 3072 624 probaris,
3098 533 3224 624 cum
3261 514 3471 624 domini
3504 509 3788 615 apostolici

527 637 903 707 subterfugere
925 635 1216 691 valebunt?
1241 633 1350 690 Has
1373 634 1537 704 igitur
1561 629 1969 700 irreiragabiles
1988 643 2110 684 san-

527 737 740 786 ctorum
768 725 992 779 Patrum
1036 725 1334 780 sententias
1362 723 1648 794 diligenter
1687 719 1968 790 inspicias,
2009 732 2112 774 nec

527 829 719 878 contra
758 820 992 876 salutem
1020 824 1174 871 tuam
1205 814 1496 871 Sozomeni
1531 819 1696 884 caput
1732 811 1987 880 deinceps
2011 823 2110 880 pro

527 911 844 967 authentico
870 909 1112 978 recipere
1135 921 1458 977 prmsumas.

602 999 711 1056 Sed
750 999 978 1056 forsitan
1007 997 1188 1053 adhuc
1230 996 1368 1052 dicis
1401 1005 1456 1051 te
1489 993 1624 1050 illud
1659 1007 1759 1064 pro
1797 990 2114 1046 authentico

467 1138 480 1148 .
528 1074 792 1161 recipere,
829 1104 941 1146 non
966 1105 1066 1160 pro
1109 1088 1215 1142 alia
1241 1095 1430 1154 causa,
1473 1085 1580 1142 nisi
1617 1098 1718 1155 pro
1746 1081 2109 1154 quorumdam

529 1181 878 1236 inﬁmorum
907 1179 1306 1250 compassione.
1347 1176 1522 1243 Quam
1565 1175 1946 1244 objectionem,
1989 1173 2115 1227 licet

530 1270 587 1324 in
609 1271 984 1341 superioribus
1007 1269 1140 1325 satis
1163 1268 1557 1324 rationabiliter
1577 1264 1906 1330 adnularim,
1931 1272 2115 1317 tamen

532 1351 734 1415 iterum
773 1359 971 1426 eidem,
999 1363 1099 1429 pro
1123 1365 1216 1413 tua
1249 1357 1535 1423 charitate,
1582 1371 1692 1412 non
1716 1353 1982 1426 gravabor
2019 1353 2117 1408 ob-

531 1449 702 1504 viare.
729 1447 930 1504 Beatus
955 1448 1118 1503 Pater
1139 1447 1500 1519 Augustinus,
1528 1445 1641 1502 imo
1666 1459 1764 1516 per
1787 1445 1970 1516 ipsum
1996 1442 2118 1513 Spi-

532 1541 672 1596 ritus
709 1548 953 1608 sanctus,
987 1540 1044 1594 in
1078 1540 1218 1595 libro
1253 1547 1446 1595 contra
1486 1537 1832 1593 mendacium
1892 1535 2030 1607 (cap.
2063 1531 2116 1603 7)

529 1636 762 1685 testatur
803 1629 898 1697 ita,
944 1629 1170 1684 dicens:
1205 1627 1288 1682 Ea
1347 1644 1465 1699 quae
1499 1635 1704 1682 constat
1737 1641 1850 1680 esse
1879 1633 2116 1695 peccata,

2207 629 2542 694 praeceptum
2570 615 2988 686 contempsisse,
3017 620 3072 667 et
3096 610 3148 666 ei
3187 609 3258 664 de
3279 607 3465 663 verbis
3489 614 3546 661 et
3572 603 3790 673 scriptis

2209 715 2504 783 derogasse
2523 724 2635 764 non
2662 705 2948 764 dubiteris.
2977 701 3084 770 Qui
3109 701 3274 756 etiam
3297 708 3353 754 et
3373 698 3511 752 alios
3537 711 3636 768 per
3658 709 3790 748 ana-

2211 803 2619 860 thematizatum
2647 807 2810 869 caput
2833 811 2866 852 a
2882 795 2940 852 'te
2962 795 3104 850 inter
3129 791 3440 848 authentica
3459 788 3792 858 descrime

2212 894 2553 952 confortasse
2585 889 2891 956 infamaris,
2920 895 2984 942 ut
3011 883 3329 956 apostolicis
3353 886 3661 952 repugnent
3683 886 3795 932 sta-

2214 987 2366 1042 tutis.
2395 983 2714 1040 Certissime
2733 989 2914 1036 autem
2937 977 3062 1034 volo
3087 983 3142 1032 te
3171 973 3332 1040 scire,
3373 970 3522 1042 quod
3547 984 3652 1024 nec
3677 982 3794 1022 mo-

2213 1077 2368 1133 derni
2389 1073 2636 1146 Gregorii
2657 1071 2804 1144 (986)
2825 1068 3115 1124 anathema
3137 1066 3233 1120 tibi
3253 1063 3446 1129 deerit,
3470 1059 3794 1129 siadipsum

2215 1170 2332 1226 haec
2343 1167 2591 1232 infamia,
2601 1165 2714 1236 jam
2739 1163 2869 1218 dcte
2887 1159 3051 1231 vulgo
3071 1157 3450 1221 disseminata,
3463 1150 3795 1223 pervenerit,

2215 1275 2338 1330 qua:
2368 1268 2421 1313 te
2458 1257 2794 1329 praecipuum
2825 1253 3130 1316 doctorem,
3157 1246 3526 1330 defensorem,
3559 1242 3676 1296 imo
3705 1256 3799 1295 vo-

2217 1329 2336 1406 cem
2367 1365 2491 1406 esse
2523 1347 2724 1404 asserit
2745 1343 3025 1414 omnium_,
3053 1341 3160 1412 qui
3188 1329 3470 1396 canonicis
3495 1343 3554 1390 et
3589 1341 3802 1404 aposto-

2216 1443 2338 1500 licis
2357 1439 2794 1498 institutionibus
2819 1425 3093 1492 obstinato
3120 1433 3304 1488 animo
3328 1428 3608 1484 resistant.

2288 1532 2440 1588 Hanc
2460 1532 2626 1605 igitur
2648 1528 2930 1585 infamiam
2955 1527 3185 1582 ﬁdeliter
3203 1524 3474 1578 admoneo
3495 1529 3548 1574 te
3571 1528 3633 1574 ut
3653 1532 3800 1573 com—

2219 1641 2433 1697 pescas,
2454 1639 2634 1696 neque
2650 1621 2906 1691 deinceps
2925 1616 3242 1690 apostolicis
3255 1613 3500 1678 statutis,
3515 1612 3572 1665 in
3583 1609 3798 1680 perieu—

520 1717 678 1773 ωηο
700 1718 846 1772 bona:
868 1695 1044 1773 cauare
1065 1717 1300 1784 obtentu,
1321 1695 1468 1770 nullo
1491 1715 1646 1786 quasi
1667 1715 1798 1768 bono
1820 1715 1944 1784 ﬁne,
1969 1711 2119 1767 nulla
2151 1695 2194 1750 Β
2220 1695 2332 1773 ium
2357 1725 2532 1784 tuum,
2555 1714 2900 1784 aliquatenus
2923 1707 3516 1780 refragariprzesumas.
3537 1700 3797 1757 Utautem

532 1807 671 1862 z'elut
707 1807 842 1863 bona
883 1808 1171 1862 intentione
1197 1807 1446 1878 facienda
1469 1818 1611 1862 sunt.
1648 1805 1910 1878 Recipere
1939 1816 2120 1862 autem

536 1899 824 1955 Sozomeni
847 1909 1011 1971 caput
1039 1916 1149 1954 non
1178 1907 1390 1954 tantum
1417 1915 1516 1970 pro
1543 1915 1692 1968 vero,
1722 1899 1818 1955 sed
1837 1899 2002 1954 etiam
2021 1914 2122 1970 pro

535 1991 852 2046 authentico
881 1992 993 2047 sive
1029 1991 1315 2058 canonico,
1343 1991 1652 2046 damnabile
1691 1999 1971 2062 peccatum
1999 2005 2122 2046 esse

535 2083 816 2154 probatur,
843 2099 969 2138 cum
995 2083 1138 2138 idem
1165 2091 1348 2160 caput,
1377 2091 1432 2138 et
1455 2083 1732 2138 canonica:
1751 2082 1964 2138 veritati
1991 2097 2122 2136 con-

537 2171 768 2224 trarium
807 2180 862 2226 et
901 2171 1004 2226 sub
1034 2172 1381 2226 anathemate
1408 2187 1438 2226 a
1477 2171 1683 2227 sanctis
1707 2169 1964 2226 Patribus
1990 2187 2121 2242 pro-

537 2261 770 2317 hibitum
814 2277 924 2317 non
975 2249 1275 2317 dubitetur.
1323 2261 1485 2319 Nullo
1528 2263 1693 2334 igitur
1737 2261 1898 2317 bona:
1943 2278 2123 2320 causae

537 2350 784 2418 obtentu,
813 2353 963 2407 nullo
991 2353 1148 2422 quasi
1175 2353 1321 2408 bono
1348 2353 1473 2422 line,
1505 2353 1654 2409 nulla
1679 2353 1838 2424 quasi
1863 2353 2006 2408 bona
2039 2354 2124 2407 in-

538 2442 781 2498 tentione
823 2451 909 2498 est
947 2443 1340 2514 recipiendum.
1386 2443 1692 2516 Ergo,‘nec
1727 2461 1827 2516 pro
1869 2461 2123 2517 compas-

539 2531 694 2587 sione
714 2533 1044 2604 aliquorum.
1075 2533 1232 2592 Hunc
1253 2535 1436 2607 itaque
1455 2536 1656 2592 librum
1678 2536 1971 2610 Augustini
1995 2537 2041 2592 si
2065 2547 2123 2593 tu

539 2623 768 2680 ﬁdeliter
795 2627 1118 2694 attenderis,
1161 2643 1444 2699 nunquam
1486 2627 1645 2684 nobis
1686 2628 1906 2699 aliquod
1935 2645 2126 2699 pecca-

537 2722 656 2771 tum
688 2715 999 2772 faciendum
1035 2733 1180 2786 esse,
1221 2720 1306 2773 vel
1333 2734 1434 2790 pro
1469 2719 1704 2790 alicujus
1723 2727 1926 2780 aeterna
1951 2721 2128 2776 salute

533 2805 828 2877 judicabis.
1707 2873 1714 2878 ι

609 2894 728 2964 Qua
757 2899 822 2952 de
849 2913 910 2954 re
936 2897 1224 2970 diligenter
1243 2909 1298 2956 et
1325 2901 1526 2957 obnixe
1550 2909 1703 2958 tuam
1732 2900 2128 2958 fraternitatem

2217 1806 2588 1865 damnatorias
2624 1802 2926 1862 sententias
2964 1800 3140 1856 nostri
3185 1795 3500 1870 apostolici,
3536 1801 3594 1850 et
3631 1792 3800 1862 ipsius

2216 1899 2482 1972 principis
2517 1897 2892 1968 apostolorum
2937 1908 3103 1962 super
3129 1890 3400 1946 Ananiam
3427 1897 3484 1942 et
3513 1886 3799 1955 Saphiram

2221 1991 2361 2064 (Act.
2389 1993 2441 2062 v)
2471 1989 2590 2060 pari
2625 1985 2864 2044 eliicacia
2893 1985 3094 2054 pollere
3134 1997 3244 2038 non
3283 1981 3526 2046 dubites,
3573 1977 3830 2040 damnag

2218 2085 2425 2152 tionem
2464 2079 2742 2151 Spirensis
2767 2077 3011 2150 episcopi
3047 2083 3103 2131 et
3140 2082 3374 2129 mortem
3410 2072 3536 2141 ejus
3564 2069 3798 2125 studiose

2219 2173 2554 2241 consideres,
2583 2171 2702 2242 qui,
2739 2171 2796 2224 in
2832 2167 3108 2240 praeterito
3144 2181 3311 2230 anno,
3341 2163 3439 2234 qui
3466 2170 3590 2218 erat
3614 2162 3684 2216 ab
3715 2159 3798 2214 ln-

2220 2265 2534 2322 carnatione
2561 2262 2780 2318 Domini
2804 2260 2964 2327 l075,
3006 2260 3062 2313 in
3088 2257 3264 2328 prima
3287 2255 3640 2312 hebdomada
3664 2252 3800 2320 Qua-

2220 2355 2564 2426 dragesimze,
2608 2353 2796 2408 eadem
2827 2351 2935 2419 die,
2963 2351 3018 2406 id
3062 2357 3146 2405 est
3187 2365 3242 2402 vi
3284 2347 3404 2402 Kal.
3447 2346 3632 2401 Martii
3659 2344 3798 2416 (987)

2221 2447 2334 2502 imo
2361 2446 2548 2502 eadem
2575 2445 2713 2500 hora
2735 2443 2938 2510 subito,
2961 2441 3123 2512 quasi
3148 2438 3387 2511 quodam
3410 2437 3678 2494 invisibili
3700 2437 3800 2491 telo

2221 2537 2528 2608 perculsus,
2553 2536 2697 2607 apud
2723 2533 2942 2606 Spiram
2970 2531 3232 2589 infirmari
3259 2531 3429 2602 coepit
3458 2546 3574 2601 qua
3600 2529 3734 2584 hora
3750 2539 3802 2582 et

2223 2645 2448 2685 causam
2475 2627 2595 2700 ejus
2636 2628 2692 2682 in
2721 2627 2971 2682 Romana
3015 2623 3226 2698 synodo
3255 2631 3441 2678 noster
3477 2620 3801 2692 apostolicus

2224 2722 2488 2778 ventilare
2514 2721 2698 2791 coepit.
2741 2719 2888 2776 Idem
2928 2733 3150 2789 quoque
3193 2715 3352 2772 tertia
3387 2713 3498 2781 die,
3530 2713 3588 2768 id
3623 2722 3708 2794 est
3751 2727 3800 2766 Iv

2228 2813 2347 2870 Kal.
2372 2813 2574 2881 Martii,
2605 2814 2742 2868 heu!
2773 2811 3158 2868 miserabiliter
3179 2807 3498 2877 exspiravit,
3539 2821 3652 2876 qua
3687 2819 3800 2860 eum

2229 2907 2394 2964 etiam
2435 2905 2656 2962 definita
2684 2905 2859 2960 nostri
2883 2902 3130 2974 Gregorii
3163 2899 3434 2956 sententia
3468 2897 3661 2954 Romae
3688 2910 3798 2952 uim

539 3003 652 3043 non
683 3003 840 3044 cesso
870 2989 1185 3060 implorare,
1223 3000 1285 3046 ut
1324 2993 1514 3048 saltem
1560 2994 1726 3049 modo
1762 2993 1924 3050 toties
1957 2994 2128 3050 ratio—
2159 3041 2197 3060 η
2232 2995 2576 3055 indubitabili
2619 2995 2858 3051 eﬂicacia
2907 2993 3204 3050 damnavit.
3244 2992 3337 3048 Sic
3383 2991 3536 3045 enim
3581 3002 3802 3044 concors

538 3079 794 3134 nabiliter
817 3080 1132 3137 admonitus
1167 3081 1364 3139 anima:
1387 3093 1496 3140 tuae
1537 3083 1697 3141 saluti
1715 3085 2016 3156 provideas,
2047 3093 2128 3141 te-

539 3163 711 3241 que'a
739 3179 853 3225 tam
894 3172 1206 3242 pernicioso
1234 3176 1580 3231 anathemate
1611 3176 1924 3245 subtrahas,
1951 3193 2128 3250 neque

539 3261 907 3332 simpliciores
933 3262 990 3316 in
1018 3270 1170 3318 tuam
1200 3274 1255 3319 et
1283 3264 1530 3335 ipsorum
1553 3266 1852 3336 perniciem
1875 3282 1972 3336 per
1991 3281 2129 3322 ana-

543 3351 880 3408 thematizati
919 3353 1112 3424 capitis
1141 3356 1508 3425 receptionem
1537 3357 1788 3412 seducas.
1832 3356 2130 3429 Vigilanter

541 3458 675 3501 Sane
713 3444 960 3500 attendas
984 3445 1150 3500 verba
1185 3443 1402 3500 Domini
1431 3446 1744 3502 terribiliter
1783 3449 2128 3504 comminan-

545 3533 615 3589 tis
647 3533 698 3588 ei
727 3535 822 3604 qui
863 3535 1100 3605 aliquem
1140 3536 1208 3592 dc
1251 3537 1462 3606 pusillis
1510 3537 1630 3608 ejus
1683 3539 2133 3596 scandalizavcrit

547 3621 766 3695 (Matth.
801 3625 978 3696 xviii).
1021 3624 1225 3682 Precor
1251 3627 1414 3682 etiam
1452 3635 1506 3684 te
1533 3636 1595 3684 ut
1633 3636 1689 3683 et
1726 3629 1782 3684 in
1816 3629 1924 3686 hoc
1955 3645 2134 3688 meam

564 3745 1756 3772 ——————————————_—

2231 3087 2472 3145 fidelium
2503 3085 2696 3142 relatio
2727 3086 2972 3140 virorum
3007 3091 3260 3151 testatur,
3305 3095 3546 3153 quorum
3593 3079 3802 3150 quidam

2231 3195 2301 3238 eo
2326 3189 2574 3250 tempore
2595 3179 2652 3233 in
2683 3177 2930 3234 Romana
2959 3176 3166 3248 synodo
3200 3171 3544 3232 damnationi
3570 3170 3802 3240 ejusdem

2231 3269 2668 3344 pmvaricatoris
2708 3268 3036 3336 interfuere;
3067 3269 3290 3338 quidam
3324 3281 3459 3321 vero
3505 3263 3652 3336 apud
3691 3261 3802 3333 Spi-

2232 3380 2386 3433 ram;
2415 3363 2563 3436 quod
2589 3363 2732 3418 idem
2760 3361 3050 3432 episcOpus
3072 3369 3183 3418 tam
3212 3359 3416 3425 subito,
3447 3367 3564 3412 tam
3590 3355 3804 3412 misera-

2235 3456 2416 3512 biliter
2461 3455 2688 3513 obiisset
2729 3461 3026 3524 praesentes
3075 3454 3429 3508 exhorruere.
3479 3449 3627 3524 Ergo
3660 3458 3715 3506 et
3751 3455 3804 3501 tu

2237 3561 2388 3604 cave.
2421 3545 2528 3602 Das
2545 3546 2633 3602 dir
2651 3545 2769 3617 jeth
2793 3545 3004 3604 alsamo
3029 3545 3300 3602 beschehe
3325 3543 3502 3616 (988).

1761 3745 3788 3776 Μ

1271 3858 1860 3952 EPISTOLA
1933 3863 3090 3959 RECONCILIATIONIS

1535 4009 1661 4070 Pro
1689 4012 2093 4090 superiorum
2120 4013 2534 4092 epistolarum
2563 4017 2846 4098 injuriis.

1953 4113 2355 4130 ἦ

618 4169 758 4226 Filio
781 4170 984 4225 dextrae
1006 4171 1326 4226 Bennnxmo
1347 4171 1633 4238 Ausonum,
1661 4187 1761 4242 par
1779 4172 1938 4240 velle,
1971 4171 2143 4230 idem-
2245 4179 2618 4251 proficiamus.
2655 4179 2711 4235 Si
2739 4195 2847 4235 non
2882 4190 3102 4252 propter
3140 4179 3308 4236 Deum
3362 4182 3520 4237 omni
3561 4192 3806 4240 matur:

548 4277 658 4334 que
687 4262 849 4317 nolle.
2244 4270 2532 4342 subjacere
2559 4269 2613 4342 (Ι
2648 4269 2796 4325 Petr.
2823 4273 2884 4338 ιι)
2906 4271 3181 4338 deberem,
3213 4281 3436 4341 propter
3457 4281 3568 4327 tua:
3587 4273 3806 4328 redinte-

619 4352 698 4409 Ne
719 4354 790 4410 sit
812 4353 953 4410 inter
974 4369 1076 4416 nos
1125 4354 1274 4410 zelus
1319 4362 1374 4408 et
1419 4353 1718 4421 contentio,
1757 4357 2137 4426 propheticum
2242 4361 2463 4433 grandae
2488 4360 2744 4416 amicitia:
2769 4367 2972 4416 statum
3001 4361 3312 4416 nullatenus
3349 4362 3690 4417 contentioni
3725 4376 3806 4416 ee-

549 4455 711 4502 sonat
752 4461 879 4500 cum
917 4443 1177 4514 Apostolo
1226 4442 1284 4518 (Ι
1307 4443 1431 4500 Cor.
1470 4446 1574 4516 ιιι).
1621 4445 1966 4518 Quapropter
2007 4449 2137 4504 boni
2241 4450 2368 4506 dere
2397 4465 2730 4506 recusarem.
2755 4449 2840 4504 Me
2860 4465 3008 4516 vero,
3035 4451 3081 4506 si
3111 4451 3244 4521 quid
3270 4451 3382 4506 dixi
3425 4453 3577 4521 quod
3607 4452 3700 4506 tibi
3731 4449 3806 4504 vel

549 4538 898 4592 aemulatores
933 4551 1055 4592 esse
1081 4535 1420 4602 Studeamus,
1457 4543 1730 4606 quatenus
1751 4537 2018 4610 quidquid
2041 4554 2136 4596 no-
2239 4541 2404 4598 alicui
2427 4542 2680 4597 subolere
2711 4549 2892 4612 potest
2919 4541 3085 4610 bono,
3117 4557 3228 4612 quo
3248 4542 3477 4612 spiritus
3499 4543 3684 4599 salvus
3701 4543 3803 4604 ﬁat,

551 4635 672 4682 ceat
705 4626 963 4682 facillime
981 4626 1210 4683 evadere
1229 4628 1531 4682 valeamus.
1559 4625 1618 4682 Si
1641 4643 1749 4699 qua
1771 4629 2135 4687 dissensionis
2167 4649 2212 4706 ι)
2238 4632 2296 4687 in
2342 4632 2624 4688 interitum
2678 4633 2861 4690 carnis
2911 4632 3054 4688 tradi
3109 4631 3164 4704 (ι
3210 4632 3334 4689 Car.
3367 4633 3425 4704 ν)
3459 4645 3574 4689 non
3627 4647 3801 4689 meo.

549 4717 978 4773 aemulationisve
1001 4715 1211 4772 zizania
1235 4717 1379 4772 inter
1414 4732 1518 4774 nos
1562 4719 1864 4789 pullulasse
1905 4721 2129 4776 videan-
2236 4723 2469 4792 Amodo,
2496 4731 2772 4794 utcunque
2797 4739 2884 4779 res
2913 4739 2972 4779 se
2997 4723 3211 4792 habeat,
3233 4723 3440 4780 fervida
3468 4725 3554 4780 vis
3585 4724 3806 4782 charita—

548 4815 660 4873 tur,
693 4808 974 4863 identitate
1005 4823 1158 4877 purae
1180 4807 1509 4876 dilectionis,
1541 4811 1770 4882 ejusque
1799 4812 2138 4884 propinquae,
2241 4812 2312 4868 tis
2336 4813 2590 4868 nesciens
2610 4813 2934 4880 minui,sole
2947 4812 3194 4879 calidior,
3219 4813 3510 4869 adamante
3531 4812 3806 4884 perennior

549 4895 675 4952 fidei
698 4893 834 4954 falce
848 4897 1112 4956 radicitus
1127 4899 1450 4956 evelluntur.
1465 4901 1638 4958 Omne
1653 4903 1826 4960 nostri
1843 4903 2139 4978 [nostrnml
2242 4907 2299 4962 in
2322 4913 2587 4962 aeternum
2613 4914 2668 4962 et
2688 4905 2832 4960 ultra
2856 4913 3196 4976 permaneat.
3225 4903 3348 4960 Jam
3364 4905 3484 4976 jam
3514 4914 3804 4976 per-stemus

551 4987 854 5058 negotium,
877 4987 1036 5058 juxta
1101 4987 1263 5044 Tullii
1302 5000 1358 5046 et
1414 4991 1734 5058 Quintiliani
1775 4995 2140 5062 conditiones,
2241 5004 2296 5052 et
2328 5011 2592 5052 conemur
2621 4995 2701 5050 uti
2723 5011 2926 5052 novum
2956 5011 3058 5066 par
3103 4995 3358 5051 amicitiae
3386 4995 3623 5052 invicem
3651 5009 3800 5067 gene-

549 5089 797 5136 vertatur
830 5081 887 5135 in
911 5083 1043 5137 utile
1065 5091 1120 5138 et
1146 5083 1462 5140 honestum.
1504 5085 1562 5139 Si
1592 5086 1858 5143 hactenus
1885 5104 1983 5158 per
2018 5089 2140 5144 lon-
2241 5100 2364 5140 rare
2389 5085 2692 5142 videamur.

553 5187 650 5243 gas
679 5171 1083 5226 lucubrationes
1096 5174 1436 5230 contentiose
1466 5175 1880 5233 et‘infructuose
1901 5171 2132 5248 egimus,
2326 5179 2481 5238 Finis
2529 5181 2924 5253 disceptationis
2965 5181 3030 5236 de
3057 5183 3379 5238 continentia
3401 5183 3731 5239 clericorum.

551 5278 701 5318 nunc
725 5261 1054 5318 sententiose
1081 5270 1136 5316 et
1175 5263 1498 5320 charitative
1549 5281 1648 5336 per
1688 5281 1860 5336 pauca
1906 5267 2136 5323 multum
