3984 5380
493 343 628 402 HO?

1462 353 1556 409 AD
1592 353 1821 412 OPERA
1859 356 1917 412 S.
1957 355 2289 413 GREGORII
2323 356 2770 414 APPENDICBS.

3620 354 3752 412 1W3

506 469 3723 514 W

865 683 1409 848 INCIPIT
1494 687 2568 812 APOLOGETICUS
2655 691 3360 808 BEBNALDI

1625 923 2010 1018 SUPER
2087 925 2624 1018 DECRETA

493 1107 652 1184 Qute
681 1110 1072 1176 venerabilis
1103 1127 1264 1193 papa
1315 1111 1672 1193 Gregorius
1711 1112 2003 1196 ejusdem
2060 1113 2350 1177 nominis
2404 1111 2544 1186 VII,
2602 1112 2674 1176 in
2722 1115 3007 1178 Romana
3043 1113 3292 1196 synodo
3321 1113 3752 1194 promulgavit

1165 1217 1387 1288 contra
1416 1204 1816 1278 Simoniacos
1855 1220 1918 1278 et
1943 1213 2429 1278 incontinentes
2457 1210 2678 1276 altaris
2715 1215 3052 1279 ministros

1931 1401 2318 1420 ψ

1849 1545 2413 1667 PROLOGUS.

554 1755 613 1809 In
643 1753 1019 1825 superioribus
1047 1755 1296 1827 epistolis
1321 1756 1398 1812 illi
1435 1766 1628 1815 nostro
1647 1756 1908 1833 [Alboino
1942 1761 2059 1817 cod.
2093 1765 2141 1822 Α
2170 1781 2191 1816 ι
2230 1760 2386 1819 Sicut
2407 1768 2598 1818 sancta
2621 1757 2911 1832 Evangelia
2934 1767 3170 1826 quatuor
3189 1755 3276 1829 lC.
3299 1754 3361 1810 It.
3383 1756 3562 1810 sancti
3585 1752 3756 1808 Evan-

488 1843 666 1919 Ila!.],
696 1847 831 1902 nolit
859 1846 1002 1904 Deus
1023 1857 1086 1904 ut
1103 1849 1360 1923 deinceps
1379 1850 1558 1908 dicam
1583 1854 1801 1920 aemulo,
1819 1855 1911 1910 sed
1935 1856 2072 1911 ami-

491 1936 738 2005 cissimo,
761 1937 1078 1996 satisfacere
1111 1941 1296 1998 studui
1311 1950 1366 1998 et
1395 1942 1694 2013 capitulum
1727 1946 1950 2002 statutis
1971 1960 2070 2001 no-

485 2028 588 2084 stri
609 2029 894 2099 apostolici
933 2031 1270 2087 contrarium
1312 2032 1625 2090 nullatenus
1659 2032 2070 2104 attendendum,

489 2127 553 2174 ut
585 2127 713 2190 puta
741 2122 846 2177 sub
872 2123 1222 2179 anathemate
1243 2124 1602 2194 prohibitum,
1621 2125 1901 2182 evidenter
1922 2142 2074 2182 mon-

487 2210 677 2278 stravi,
699 2212 837 2269 adeo
858 2213 1112 2270 videlicet
1137 2221 1200 2271 ut
1230 2213 1580 2292 ipseamieus
1621 2225 1810 2273 noster
1850 2233 1910 2274 se
1956 2217 2072 2289 jam

487 2313 598 2354 non
622 2301 851 2358 ulterius
871 2303 1230 2370 contentioni,
1253 2304 1349 2360 sed
1385 2305 1642 2362 amicitia:
1665 2320 1891 2377 operam
1907 2306 2069 2362 datu-

488 2403 612 2445 rum
633 2391 766 2446 mihi
797 2393 1140 2450 rescriberet.
1167 2392 1274 2451 Sed
1293 2395 1479 2466 plures
1501 2396 1680 2452 adhuc
1713 2404 1928 2452 restant
1975 2398 2072 2468 qui

486 2483 692 2540 eisdem
708 2485 930 2541 statutis
951 2485 1435 2542 obstinato'animo
1461 2486 1721 2543 nimirum
1742 2487 2068 2558 periculose,

487 2575 600 2630 imo
621 2574 929 2646 perniciose
961 2575 1256 2644 resistunt;
1286 2577 1381 2648 qui
1401 2585 1457 2634 et
1499 2578 1638 2635 alios
1683 2577 2070 2650 simpliciores,

487 2665 688 2738 quippe
715 2682 824 2723 non
850 2667 1084 2737 multum
1111 2657 1392 2724 studiosos
1425 2668 1494 2725 ad
1530 2668 1959 2726 considerandos
1978 2683 2072 2724 ca-

487 2773 680 2822 nones,
692 2757 829 2814 adeo
849 2759 1136 2825 seducunt,
1153 2767 1278 2815 utet
1299 2759 1404 2830 ipsi
1425 2759 1710 2831 praedictas
1731 2759 2074 2816 authenticas

487 2849 796 2906 sanctiones
829 2859 1183 2906 contemnant
1207 2859 1259 2906 et
1291 2865 1446 2907 suam
1495 2851 1946 2908 consuetudinem
1982 2850 2074 2921 ju-

491 2939 885 2996 cundissimam
937 2940 1181 3012 quidem,
1235 2940 1330 2998 sed
1378 2939 1901 3012 perniciosissimam
1937 2941 2071 2998 reti-

489 3043 621 3085 nere
649 3029 1001 3086 contendant.
1039 3028 1195 3097 Quod
1219 3046 1328 3086 non
1353 3031 1540 3102 plures
1561 3046 1752 3086 eorum
1793 3029 2070 3098 fecissent,

2174 1851 2299 1924 gelii
2323 1858 2561 1923 quatuor
2585 1850 2786 1917 libros;
2844 1850 2922 1903 sic
2979 1849 3142 1902 etiam
3171 1848 3324 1900 habet
3350 1845 3506 1899 Rom.
3539 1843 3755 1915 editio],

2173 1942 2254 1998 sic
2287 1951 2524 2012 quatuor
2544 1939 2775 1996 concilia
2798 1939 3078 2009 suscipere
3103 1947 3156 1992 et
3178 1936 3428 1990 venerari
3452 1951 3542 1990 me
3561 1934 3756 1988 fateor:

2148 2030 2455 2088 'Niezenu'm
2484 2031 2694 2088 scilicet
2727 2030 2782 2084 in
2812 2045 2923 2100 quo
2959 2041 3274 2098 perversum
3299 2025 3415 2078 Arii
3443 2023 3642 2094 dogma
3663 2023 3754 2077 de-

2173 2125 2404 2182 struitur
2451 2121 3118 2192 Coristantinopolitanum
3154 2131 3396 2188 quoque,
3423 2116 3482 2170 in
3511 2130 3628 2185 quo
3655 2113 3756 2167 Eu-

2174 2219 2344 2275 nomii
2387 2227 2444 2274 et
2489 2214 2793 2273 Macedonii
2814 2229 2969 2269 error
2992 2211 3376 2276 convincitur;
3427 2207 3755 2278 Ephesinunt

2172 2311 2336 2366 etiam
2371 2309 2630 2382 primum,
2662 2306 2719 2361 in
2755 2320 2868 2376 quo
2903 2301 3137 2358 Nestorii
3182 2301 3434 2371 impietas
3450 2299 3754 2369 iudicatur;

2173 2400 2620 2456 Chalcedonense
2645 2412 2797 2461 vero,
2845 2395 2898 2449 in
2922 2409 3033 2464 quo
3049 2391 3365 2463 Eutychetis
3392 2390 3576 2463 (ltum.
3603 2391 3758 2466 editio

2177 2487 2503 2562 Euthychis]
2543 2486 2903 2556 Dioscorique
2956 2488 3198 2557 pravitas
3258 2487 3609 2556 reprobatur,
3653 2495 3754 2539 tota

2141 2614 2146 2619 -
2173 2578 2462 2636 devotione
2487 2577 2842 2648 complector,
2875 2577 3228 2648 integerrima
3255 2577 3652 2648 approbatione
3664 2593 3754 2632 cu-

2174 2670 2375 2736 stodio,
2404 2668 2534 2740 quia
2556 2668 2612 2723 in
2647 2667 2752 2734 his,
2784 2668 2930 2723 velut
2960 2668 3012 2722 in
3037 2669 3306 2740 quadrato
3331 2668 3538 2738 lapide,
3563 2677 3756 2723 sancta:

2175 2761 2297 2816 ﬁdei
2324 2759 2622 2816 structura
2647 2759 2930 2830 consurgit
2971 2769 3027 2814 et
3073 2760 3363 2829 cujuslibet
3419 2759 3552 2814 vita:
3603 2767 3754 2828 atque

2177 2851 2407 2909 actionis
2433 2865 2628 2910 norma
2664 2849 2950 2916 consistit;
2998 2850 3251 2922 quisquis
3276 2864 3472 2904 eorum
3516 2849 3752 2904 solidita-

2173 2950 2282 2997 tem
2319 2956 2428 2996 non
2459 2947 2625 3006 tenet,
2653 2939 2818 2996 etiam
2865 2940 2914 2996 si
2942 2939 3079 3010 lapis
3105 2953 3226 2995 esse
3270 2938 3528 2992 videatur
3573 2936 3752 3009 [Rom

2174 3030 2358 3097 editio,
2382 3028 2670 3102 cernitur],
2714 3037 2895 3086 tamen
2923 3040 3080 3085 extra
3115 3029 3402 3086 aedilicium
3431 3028 3612 3099 jacet,
3654 3036 3753 3082 etc.

489 3127 550 3173 ut
576 3118 708 3174 mihi
729 3120 961 3186 videtur,
986 3121 1032 3177 si
1055 3121 1190 3192 ipsis
1220 3122 1358 3179 bene
1377 3133 1716 3194 compertum
1737 3133 1883 3180 esset
1911 3139 2076 3194 quam
2109 3102 2154 3158 Β
2179 3121 2420 3179 Cunctas
2452 3137 2604 3189 vero,
2632 3137 2771 3193 quas
2799 3119 3022 3193 praelata
3045 3121 3357 3178 veneranda
3385 3119 3622 3175 concilia
3645 3133 3757 3190 per-

487 3223 704 3278 parum,
727 3209 814 3264 vel
836 3211 1021 3280 potius
1059 3225 1226 3282 quam
1245 3226 1354 3267 non
1403 3213 1548 3282 (cod.
1569 3212 1692 3268 Rat.
1717 3213 1874 3284 nihil)
1893 3221 2080 3268 noster

487 3295 906 3370 apostolicus'in
933 3301 1207 3371 praedictis
1232 3305 1451 3360 statutis
1472 3305 1702 3360 devicta
1737 3305 1943 3361 sanctis
1974 3303 2080 3358 Pa-

491 3392 688 3448 tribus.
719 3391 1064 3464 Quapropter
1090 3393 1226 3449 mihi
1255 3396 1471 3466 meique
1511 3397 1782 3453 similibus
1834 3409 2080 3452 commo-

489 3477 622 3536 dum
657 3477 778 3535 fore
807 3485 1020 3548 censui,
1047 3483 1094 3537 si
1110 3483 1301 3538 eadem
1347 3493 1574 3552 statuta,
1599 3486 1882 3542 canonicis
1929 3484 2080 3540 Scri-

491 3571 668 3639 pturis
713 3570 1042 3638 conferrem,
1086 3580 1141 3626 et
1174 3579 1422 3627 mutuam
1467 3589 1660 3630 eorum
1729 3575 2080 3630 concordiam

491 3659 890 3731 qualiscunque
912 3661 1038 3734 styli
1065 3661 1244 3717 cilicio
1265 3662 1503 3718 breviter
1537 3680 1602 3720 ac
1654 3664 1884 3721 ﬁdeliter
1924 3681 2079 3722 com-

497 3749 834 3806 mendarem.”
856 3749 924 3806 Et
945 3750 1053 3806 hoc
1071 3765 1136 3807 ea
1169 3751 1474 3808 intentione
1506 3762 1588 3822 ut,
1617 3755 1664 3812 si
1688 3756 1815 3826 quis
1851 3755 2082 3812 forsitan

496 3855 566 3896 ex
615 3839 802 3898 idiotis
841 3843 959 3898 haec
1003 3842 1276 3913 inspicere
1334 3844 1590 3917 dignetur
1648 3853 1805 3901 tanto
1835 3846 2082 3903 vivacius

493 3931 564 3988 ad
629 3932 992 3990 obediendam
1050 3937 1372 4007 apostolicis
1428 3937 1694 3994 institutis
1768 3939 2078 4010 resipiscat,

492 4032 702 4094 quanto
720 4024 1025 4083 evidentius
1051 4028 1234 4084 videat
1259 4029 1376 4084 lucc
1387 4029 1574 4085 eadem
1604 4029 1916 4086 nullatenus
1939 4046 1970 4086 a
1994 4045 2082 4086 sa-

491 4115 820 4173 cratissimis
839 4119 1150 4176 canonibus
1173 4120 1420 4189 deviare,
1448 4121 1545 4178 sed
1569 4139 1696 4179 cum
1753 4123 1960 4180 eisdem
2013 4137 2083 4178 ex

495 4205 613 4276 ipsa
639 4222 797 4264 sacra
821 4207 1104 4281 Scriptura
1125 4211 1484 4282 processisse.

564 4296 697 4376 Car.
749 4297 792 4353 1.
827 4298 888 4354 In
935 4299 1130 4372 primis
1181 4301 1349 4374 igitur
1391 4303 1722 4360 decretalem
1789 4303 2079 4376 epistolam

495 4389 673 4446 nostri
705 4391 993 4460 apostolici
1027 4391 1336 4450 describere
1353 4393 1530 4465 juvat,
1566 4403 1628 4450 ut
1647 4404 1802 4452 tanto
1837 4385 2084 4468 apertius

495 4481 780 4551 sequentia
810 4483 1121 4540 eiuoesoere
1143 4484 1378 4541 valeant.
1629 4483 1632 4487 ’

569 4589 590 4624 ι
635 4569 948 4628 Gnscontus
980 4573 1290 4644 episcopus,
1327 4589 1517 4632 servus
1543 4567 1828 4634 servorum
1854 4577 1972 4645 Dei,
1996 4579 2081 4634 di-

497 4657 645 4718 Jeeto
677 4662 732 4718 in
769 4660 995 4720 Christo
1045 4663 1204 4720 fratri
1245 4661 1458 4722 Orno.“
1509 4665 1920 4725 Constantiensi
1969 4669 2086 4740 epi-

497 4767 698 4824 scopo,
750 4756 984 4812 salutem
1011 4763 1068 4812 et
1099 4755 1454 4827 apostolicam
1477 4757 1930 4814 benedictionem.

574 4860 596 4894 ι
640 4840 902 4900 lnstantia
931 4845 1252 4902 nuntiorum
1278 4853 1524 4914 tuorum,
1559 4865 1579 4899 ι
1609 4856 1714 4902 etc.
1740 4846 1962 4919 Reliqua
1990 4863 2086 4902 cz-

499 4941 645 4986 stant
700 4932 758 4988 in
785 4935 1011 4992 concilio
1040 4934 1280 4992 Romae
1317 4935 1368 5004 Ι,
1395 4952 1576 5008 supra.
1979 5011 1984 5014 _

570 5020 702 5077 Car.
741 5021 806 5076 ll.
861 5023 966 5080 Sed
997 5025 1320 5097 priusquam
1365 5027 1485 5083 haec
1529 5035 1734 5083 statuta
1769 5025 2087 5097 singulatim

500 5112 934 5182 consideremus,
959 5117 1219 5186 quiddam
1241 5119 1308 5174 de
1335 5119 1579 5189 ipsorum
1603 5135 1875 5175 canonum
1898 5128 2088 5174 aucto-

500 5204 665 5260 ritate
696 5217 809 5259 non
839 5203 1246 5263 incommodum
1267 5209 1480 5273 aestimo
1513 5209 1818 5280 praelibare,
1854 5219 1914 5264 ut
1936 5217 2088 5264 tanto

505 5295 723 5351 ilrrnius
775 5302 1029 5349 teneatur
1055 5297 1318 5368 quidquid
1359 5313 1425 5354 ex
1450 5299 1532 5355 eis
1569 5300 1637 5355 ad
1686 5298 2088 5356 observandum

2179 3229 2346 3270 sonas
2393 3221 2679 3284 respuunt,
2713 3227 2944 3284 respuo;
2975 3228 3115 3282 quas
3154 3220 3525 3277 venerantur,
3563 3209 3758 3280 ample-

2180 3313 2320 3370 ctor,
2341 3303 2492 3375 quia,
2510 3303 2639 3360 dum
2661 3302 2956 3382 universali
2982 3311 3111 3357 sunt
3141 3315 3414 3356 consensu
3444 3300 3755 3362 constituta,

2179 3410 2242 3452 se
2293 3403 2348 3451 et
2378 3411 2486 3450 non
2517 3395 2606 3450 illa
2633 3394 2884 3460 destruit,
2913 3392 3165 3465 quisquis
3199 3391 3485 3462 praesumit
3516 3398 3612 3445 aut
3657 3389 3759 3444 sol-

2181 3502 2310 3542 vere
2350 3501 2491 3557 quos
2543 3486 2776 3558 religant
2809 3485 2895 3558 [(2.
2930 3483 2992 3540 Β.
3023 3494 3074 3539 et
3105 3483 3258 3538 Rom.
3289 3484 3482 3549 editio,
3539 3481 3758 3554 ligant],

2183 3589 2279 3635 aut
2305 3579 2536 3650 religare
2575 3593 2718 3648 quos
2740 3579 2982 3634 solvunt.
3005 3578 3266 3648 Quisquis
3281 3594 3412 3649 ergo
3432 3575 3584 3632 aliud
3605 3575 3756 3647 sapit,

2182 3671 2471 3728 anathema
2501 3672 2591 3727 sit.
2629 3691 2650 3722 ι
2689 3669 2982 3742 [lucusque
3018 3669 3338 3742 Gregorius.

2254 3760 2407 3818 Hanc
2440 3770 2622 3816 autem
2669 3761 2980 3834 synodalem
3017 3760 3301 3831 epistolam
3361 3759 3504 3813 idem
3543 3763 3757 3827 aposto-

2183 3851 2324 3908 licus
2353 3852 2538 3908 statim
2569 3861 2692 3922 post
2719 3851 3118 3907 ordinationem
3159 3863 3318 3902 suam
3341 3845 3674 3917 composuit,
3710 3851 3760 3897 et

2185 3942 2412 4013 reliquis
2468 3942 2828 4014 patriarchis,
2879 3941 3080 4013 quippe
3121 3937 3758 4006 ConstantinOpolitano,

2183 4033 2551 4089 Alexandrino
2571 4075 2588 4101 ,
2643 4033 3006 4098 Antiocheno,
3052 4030 3554 4102 Hierosolymitano
3593 4037 3761 4084 trans-

2184 4123 2350 4179 misit.
2382 4122 2732 4180 Consuetudo
2759 4123 2907 4178 enim
2935 4131 3051 4178 erat
3093 4136 3160 4177 eo
3213 4129 3482 4191 tempore,
3527 4127 3588 4175 ut
3610 4117 3764 4188 quili-

2187 4211 2280 4269 bet
2306 4211 2363 4268 in
2409 4212 2592 4285 aliqua
2626 4212 3076 4284 patriarchalium
3116 4210 3328 4267 sodium
3378 4211 3594 4265 noviter
3620 4207 3760 4262 ordi-

2185 4313 2382 4371 natus,
2437 4320 2496 4360 se
2539 4305 2826 4375 praedictas
2869 4319 2924 4358 tv
2951 4303 3188 4376 synodos
3223 4301 3504 4358 custodire
3547 4299 3760 4370 reliquis

2186 4395 2408 4452 sedibus
2455 4395 2779 4452 transmissa
2808 4394 3036 4465 epistola
3066 4391 3443 4463 proﬁteretur,
3476 4400 3762 4462 antequam

2186 4501 2383 4543 nomen
2419 4486 2538 4556 ejus
2581 4486 2725 4556 apud
2781 4485 3017 4554 reliquas
3051 4483 3210 4538 sedes
3261 4481 3316 4536 in
3363 4481 3641 4554 diptychis
3671 4477 3761 4533 de-

2187 4575 2352 4630 scribi
2423 4582 2745 4630 mereretur.
2796 4571 3010 4626 Nomen
3059 4569 3308 4626 vidclicct
3351 4565 3764 4642 prtexlecessoris

2185 4664 2330 4735 ejus,
2359 4663 2483 4720 licet
2510 4663 2750 4719 defuncti
2777 4663 2998 4732 reliquae
3027 4661 3185 4716 sedes
3205 4659 3606 4730 computabant
3635 4658 3766 4711 inter

2188 4753 2453 4818 viventes,
2499 4751 2675 4808 donec
2701 4751 2872 4822 ipsius
2899 4750 3111 4804 noviter
3139 4749 3494 4803 inthronizati
3525 4744 3767 4818 praesulis

2189 4847 2506 4920 synodicam
2535 4848 2836 4918 reciperent
2855 4845 3172 4916 epistolam;
3202 4857 3348 4912 quae,
3366 4839 3500 4910 quia
3524 4836 3767 4892 eumdem

2188 4938 2504 5010 episcopum
2527 4947 2764 5008 quatuor
2785 4935 3023 5008 synodos
3051 4933 3324 5003 recepisse
3345 4929 3650 4996 denotavit,
3673 4926 3770 4980 hoc

2189 5028 2295 5085 sibi
2330 5044 2551 5094 nomen,
2579 5028 2632 5084 id
2675 5036 2789 5095 est,
2834 5025 3153 5098 synodicam
3185 5023 3256 5078 ab
3296 5022 3508 5078 eisdem
3557 5016 3768 5093 sgnodis

2190 5133 2298 5174 non
2331 5119 2628 5189 incongrue
2649 5117 2866 5174 videtur
2895 5125 3196 5172 mutuassc.

2265 5209 2416 5265 Hane
2454 5217 2636 5265 autem
2673 5207 3122 5267 consuetudinem
3154 5205 3300 5259 illius
3323 5201 3590 5273 temporis
3609 5200 3768 5256 fuisse

2193 5300 2336 5356 idem
2361 5299 2748 5356 sanctissimus
2775 5315 2914 5370 papa
2947 5304 3180 5353 testatur
3222 5296 3278 5350 in
3311 5295 3548 5364 cpistola
3571 5294 3638 5349 ad
3673 5290 3768 5346 Se-
