3984 5380
206 322 341 381 “09

1082 327 1499 389 APPENDTII'I.
1540 364 1610 374 --
1647 330 2080 389 MONUMEN'I‘A
2117 334 2578 392 GREGORIANA.

3324 330 3465 387 μισ

202 432 310 491 Sed
327 443 515 493 utrum
537 437 713 494 adhuc
730 440 918 496 eadem
938 445 1280 500 consuetudo
1290 448 1543 516 perduret
1561 449 1770 521 ignoro.
1792 438 1851 506 Ἀ
1876 449 2289 504 canonizabant.
2331 446 2534 519 Nempe
2559 445 2662 503 sub
2691 446 2940 518 piissimo
2967 430 3293 515 imperatore
3313 442 3458 500 Con.

198 526 376 591 Quam
405 535 586 583 tamen
613 528 852 599 prazfatis
878 534 1215 602 temporibus
1247 534 1417 592 fuisse
1442 554 1550 594 non
1568 539 1775 594 dubito.

196 613 354 670 Patet
384 617 548 687 igitur
574 620 977 677 evidentissima
1007 640 1172 694 quam
1220 641 1429 697 magnae
1459 629 1569 684 sint
1595 637 1783 685 aucto-

195 708 379 762 ritatis
407 709 500 764 illa
529 720 764 779 quatuor
797 713 1050 781 concilia,
1084 731 1207 786 quae
1239 715 1295 771 S.
1335 717 1647 789 Gregorius,
1671 720 1782 775 imo

195 812 296 867 per
343 800 525 869 ipsum
556 801 793 871 Spiritus
829 815 1072 868 sanctus,
1106 822 1214 861 non
1247 808 1447 875 semel,
1480 818 1540 864 ut
1584 810 1781 879 pracdi-

197 898 348 945 ctum
396 901 512 960 est,
563 894 657 949 sed
691 894 890 965 saepius
934 907 989 952 et
1041 894 1346 969 Evangeliis
1374 911 1685 971 comparat,
1727 910 1782 956 et

196 996 391 1038 omnes
430 984 500 1038 ab
526 984 730 1043 eisdem
766 987 1148 1045 dissentientes
1167 992 1606 1047 anathematizat.
1649 991 1782 1059 Qua:

195 1080 251 1126 et
280 1074 513 1143 quilibet
538 1078 778 1135 novitius
808 1080 1118 1148 patriarcha
1140 1096 1199 1136 se
1227 1081 1644 1157 observaturum
1685 1099 1782 1153 per

192 1165 483 1235 epistolam
530 1181 688 1223 suam
738 1170 962 1241 reliquis
1007 1172 1229 1227 sedibus
1262 1173 1500 1243 proﬁteri
1528 1174 1778 1241 debebat,

194 1257 243 1311 si
278 1272 340 1313 se
370 1258 514 1312 inter
553 1260 850 1317 catholicos
895 1262 1236 1332 patriarchas
1266 1264 1320 1318 in
1372 1264 1640 1338 diptychis
1681 1267 1778 1323 de-

198 1350 371 1405 scribi
397 1351 629 1407 volebat.

262 1440 394 1496 Car.
429 1442 516 1497 Ill.
556 1442 780 1501 Decreta
824 1462 956 1502 vero
981 1448 1459 1505 sanctissimorum
1499 1448 1778 1505 Romano-

192 1549 318 1586 rum
340 1534 678 1603 pontiﬁeum,
704 1538 751 1592 si
769 1553 1081 1608 possemus,
1106 1541 1270 1595 etiam
1292 1540 1592 1597 studiosius
1613 1558 1778 1612 quam

190 1624 282 1677 illa
302 1634 538 1694 quatuor
553 1629 782 1682 concilia
801 1630 1046 1685 venerari
1067 1639 1120 1686 et
1140 1632 1427 1687 observare
1436 1633 1776 1700 deberemus,

189 1731 319 1770 cum
348 1726 404 1771 et
429 1717 548 1787 ipsa
576 1721 810 1775 concilia
841 1721 990 1775 omni
1021 1721 1277 1778 ﬁrmitate
1301 1732 1567 1791 carerent,
1599 1725 1646 1779 si
1668 1740 1776 1781 non
1809 1746 1815 1791 ;

188 1808 506 1876 apostolica:
554 1810 698 1867 sedis
745 1813 1032 1882 pontiﬁces
1059 1813 1248 1869 eadem
1287 1830 1385 1884 per
1413 1815 1769 1885 apostolicam

187 1900 573 1957 auctoritatem
595 1910 650 1957 et
678 1919 1009 1975 congregare
1032 1913 1089 1960 ct
1114 1905 1471 1961 corroborare
1496 1906 1772 1962 decrevis-

187 1998 331 2046 sent.
384 1989 539 2047 Unde
584 2002 638 2048 et
675 1995 868 2051 beatus
898 2010 1037 2066 papa
1067 1995 1356 2052 Marcellus
1378 1997 1493 2067 (ep.
1549 2014 1588 2064 ι,
1614 1997 1765 2053 Rom.

184 2083 502 2154 editionis),
535 2084 630 2155 qui
660 2094 717 2140 et
761 2096 888 2143 ante
915 2085 1194 2143 Nicaenum
1219 2089 1513 2144 concilium
1545 2104 1645 2144 sua
1673 2090 1768 2144 de-

186 2183 336 2229 creta
380 2176 643 2249 martyrio
681 2179 1036 2245 consecravit,
1069 2178 1203 2249 ipse,
1242 2179 1489 2250 inquam,
1530 2180 1613 2234 vir
1640 2196 1771 2250 apo-

187 2265 435 2332 stolicus,
462 2268 518 2321 in
540 2269 779 2325 decretis
807 2270 942 2337 suis,
970 2284 1091 2339 cap.
1125 2271 1212 2336 ll,
1243 2279 1476 2326 testatur
1496 2272 1570 2326 ita
1598 2272 1771 2343 :«lpsi

185 2355 433 2424 Apostoli
461 2374 760 2430 eorumque
785 2376 1155 2428 successores,
1181 2360 1417 2417 Domino
1438 2364 1765 2433 inspirante,

185 2447 590 2504 constituerunt
612 2459 671 2504 ut
696 2452 844 2507 nulla
860 2451 1011 2506 ﬁeret
1036 2451 1278 2521 synodus
1298 2462 1494 2521 praeter
1512 2451 1769 2510 Romana:

186 2537 336 2592 sedis
381 2541 783 2596 auctoritatem.
816 2561 837 2593 ›
890 2543 1125 2596 Sanctus
1171 2559 1390 2613 quoque
1436 2543 1768 2602 Athanasius

184 2629 389 2696 praesul
415 2630 834 2699 Alexandrinus,
871 2633 968 2702 qui
998 2649 1109 2689 non
1137 2635 1365 2690 minima
1389 2651 1516 2705 pars
1548 2637 1766 2691 concilii

185 2716 393 2774 Niczeni
415 2719 539 2788 fuit,
566 2723 621 2777 in
634 2724 861 2794 epistola
888 2724 1207 2780 adFelicem
1228 2737 1443 2795 papam,
1471 2726 1647 2794 capite
1675 2729 1762 2794 ll,

187 2809 260 2863 ita
287 2811 421 2866 dicit
445 2829 458 2864 :
482 2831 499 2863 ‹
533 2812 750 2870 Scimus
776 2816 832 2869 in
853 2814 1073 2870 Niezena
1092 2831 1289 2887 magna
1311 2818 1517 2887 synodo
1536 2834 1765 2875 cccxvm

184 2902 571 2973 episcoporum
606 2906 675 2960 ab
702 2908 958 2963 omnibus
988 2907 1328 2962 concorditer
1362 2923 1485 2962 esse
1538 2912 1765 2965 robora-

184 3002 325 3059 tum,
355 3010 467 3049 non
491 2996 689 3053 debere
717 2998 923 3068 absque
948 2998 1180 3053 Romani
1205 2998 1473 3067 pontiﬁcis
1497 3002 1765 3057 sententia

1885 538 2127 592 stantino
2171 553 2405 608 magnus
2469 535 2669 593 Hosius
2718 533 3088 590 Cordubensis
3134 533 3455 603 episcopus,

1885 627 2073 683 Victor
2097 638 2152 683 ct
2180 627 2529 695 Vincentius,
2562 626 2862 698 presbyteri
2894 624 3152 680 Romanae
3180 622 3455 689 Ecclesiae,

1881 735 1948 776 ex
1975 729 2128 791 parte
2156 720 2330 777 sancti
2356 719 2617 791 Sylvestri
2642 734 2794 789 papae
2820 716 3040 773 Nicaano
3061 715 3293 771 concilio
3319 729 3457 785 prm-

1882 810 2106 867 fuerunt
2130 822 2185 867 et
2220 813 2398 883 ipsum
2437 811 2723 882 principali
2759 809 3160 879 subscriptione
3205 807 3457 861 ﬁrmave-

1881 914 2029 959 runt.
2059 904 2213 969 Item,
2246 904 2584 973 temporibus
2610 901 2904 957 Theodosii
2936 899 3177 956 Junioris
3203 896 3453 968 Augusti,
3481 945 3484 948 .

1882 1003 2107 1049 sanctus
2158 992 2392 1065 Cyrillus
2421 992 2732 1062 patriarcha
2762 989 3180 1055 Alexandrinus,
3206 997 3259 1043 et
3289 988 3457 1043 Arca-

1880 1085 2004 1141 dius
2030 1086 2317 1156 episcopus
2345 1100 2412 1140 ex
2438 1083 2591 1139 Italia
2613 1084 2729 1138 vice
2754 1080 3054 1138 beatissimi
3099 1095 3250 1150 papa:
3275 1078 3481 1133 Coelem

1881 1178 2011 1234 stini
2040 1177 2315 1249 Ephesino
2335 1176 2570 1232 concilio
2589 1174 2922 1247 prazfuerunt
2942 1182 2999 1227 et
3026 1172 3204 1242 ipsum
3236 1179 3457 1240 aposto.

1880 1269 1986 1325 lica
2020 1270 2138 1325 vice
2190 1269 2699 1325 corroboraverunt.
2733 1264 2887 1331 Item,
2927 1273 3170 1333 tempore
3195 1261 3454 1316 Marciani

1879 1362 2161 1433 principis,
2217 1361 2588 1416 Paschasinus
2636 1367 2692 1414 et
2726 1357 3045 1412 Vincentius
3092 1355 3350 1425 episcOpi,
3401 1362 3455 1408 et

1880 1452 2193 1508 Bonifacius
2238 1453 2520 1522 presbyter
2570 1451 2687 1506 vice
2736 1448 2912 1505 sancti
2964 1446 3165 1501 Leonis
3212 1459 3366 1515 papae
3398 1444 3460 1497 in

1878 1544 2310 1601 Chalcedonensi
2331 1544 2564 1604 concilio
2593 1557 2690 1613 per
2717 1540 3011 1607 duodecim
3032 1538 3150 1593 dies
3185 1537 3456 1592 celebrato

1870 1636 2039 1707 primi
2069 1637 2310 1703 fuerunt,
2339 1636 2433 1707 qui
2459 1644 2514 1691 et
2546 1633 2800 1689 Anatolio
2832 1631 3157 1703 patriarchae
3183 1628 3454 1685 Constan—

1880 1729 2240 1799 tinopolitano
2282 1727 2556 1799 quoddam
2585 1723 2925 1795 privilegium
2962 1723 3015 1776 in
3045 1720 3274 1776 concilio
3300 1734 3454 1773 usur-

1874 1820 2043 1891 panti,
2078 1820 2375 1875 liberaliter
2402 1818 2952 1882 contradixerunt,et
2978 1812 3205 1883 reliquis
3232 1809 3454 1866 statutis

1873 1913 2170 1981 apostolica
2200 1913 2319 1966 vice
2350 1910 2817 1979 subscripserunt,
2847 1916 2907 1961 ut
2936 1906 3071 1961 liber
3092 1903 3269 1959 sancti
3295 1901 3453 1955 Libe-

1872 2002 1976 2058 rati
2005 2001 2448 2073 Carthaginensis
2477 1999 2849 2056 archidiaconi
2888 1999 2956 2053 de
2994 1997 3186 2067 eodem
3215 1993 3451 2049 concilio
3476 2054 3485 2059 θ

1872 2100 2117 2147 testatur.
2157 2090 2283 2147 Haec
2311 2099 2492 2147 autem
2524 2088 2708 2144 omnia
2743 2086 3087 2143 manifestius
3118 2085 3207 2139 ille
3247 2081 3477 2145 videbit,

1872 2183 2185 2253 quicunque
2231 2182 2547 2243 cornmdem
2598 2180 2957 2235 conciliorum
3020 2174 3450 2243 subscriptiones

1870 2275 2110 2330 studiose
2130 2275 2484 2345 perspexerit.
2511 2272 2651 2343 Ergo
2675 2270 3032 2326 reverentiam
3059 2269 3172 2324 sive
3193 2267 3450 2321 obedien-

1872 2365 2023 2431 tiam,
2071 2380 2235 2434 quam
2297 2361 2684 2419 sacratissimis
2715 2369 2951 2430 quatuor
2998 2356 3245 2413 conciliis
3294 2354 3481 2431 juxta.

1869 2465 2118 2512 sanctum
2148 2454 2469 2527 Gregorium
2497 2453 2693 2509 merito
2719 2452 3040 2508 exhibemus
3063 2447 3295 2504 decretis
3321 2461 3451 2516 apo-

1869 2550 2074 2604 stolicae
2102 2548 2247 2604 sedis
2281 2547 2593 2602 nullatenus
2641 2546 2931 2616 denegare,
2963 2542 3095 2608 imo,
3119 2539 3168 2596 si
3190 2537 3479 2617 possibile~

1867 2650 1978 2707 est,
2054 2641 2354 2697 studiosius
2417 2638 2729 2709 impendere
2788 2637 3082 2699 debemus,
3141 2646 3266 2686 cum
3331 2629 3450 2684 sine

1868 2749 2062 2789 eorum
2090 2733 2418 2789 auctoritate
2461 2746 2563 2786 nec
2596 2731 2716 2799 ipsa
2744 2726 2976 2784 concilia
3014 2723 3095 2778 fas
3124 2728 3271 2777 esset
3312 2718 3449 2775 reci-

1869 2840 2017 2895 pere.

1937 2914 2064 2969 CAP.
2099 2912 2187 2968 IV.
2228 2912 2333 2968 Sed
2376 2927 2477 2969 nec
2516 2913 2726 2982 reliqua
2748 2911 2981 2967 concilia
3030 2908 3182 2979 parvi
3214 2901 3479 2978 pendere,

1867 3007 2145 3069 debemus,
2196 3005 2249 3057 in
2284 3004 2484 3072 quibus
2525 3004 2717 3068 multa,
2749 3016 3021 3072 nusquam
3049 2999 3177 3054 alibi
3204 2998 3444 3061 inventa,

184 3086 419 3140 concilia
465 3088 748 3145 celebrari.
786 3109 804 3140 ι
842 3088 946 3145 Sed
980 3099 1035 3145 et
1074 3091 1247 3145 beata:
1278 3092 1553 3147 memoriae
1589 3091 1765 3149 Julius
1792 3117 1833 3173 ρ
1866 3095 2245 3152 ecclesiastica:
2263 3102 2445 3161 tamen
2469 3093 2863 3164 dispensationi
2885 3086 3461 3165 [C.R.dispositioni]g

186 3191 326 3245 papa
373 3177 644 3247 idipsum,
692 3181 865 3249 capite
883 3181 936 3247 5,
981 3181 1286 3251 proﬁtetur,
1318 3182 1547 3237 dicens:
1601 3202 1620 3235 ι
1659 3183 1766 3254 Ipsi

183 3281 315 3320 vero
338 3268 532 3336 prima:
560 3270 705 3326 sedis
732 3270 990 3327 Ecclesiae
1013 3272 1491 3328 convocandorum
1534 3289 1763 3344 genera-

184 3357 317 3411 lium
342 3359 677 3428 synodorum
693 3362 818 3432 jura
839 3371 892 3418 et
907 3363 1113 3433 judicia
1135 3364 1536 3434 episcoporum,
1573 3368 1763 3437 singu-

183 3448 287 3502 lari
333 3450 619 3522 privilegio
685 3455 1045 3525 evangelicis,
1101 3464 1155 3510 et
1204 3457 1542 3525 apostolicis,
1599 3467 1765 3529 atque

183 3542 469 3597 canonicis
496 3559 757 3600 concessa
785 3555 913 3601 sunt
942 3547 1228 3602 institutis.
1268 3566 1285 3598 ι
1324 3546 1522 3603 Beatus
1547 3565 1765 3620 quoque

184 3630 454 3688 Damasus
484 3634 637 3705 (989)
672 3652 812 3706 papa
849 3638 904 3691 in
934 3637 1169 3692 decretis
1211 3637 1347 3705 suis,
1377 3654 1495 3709 cap.
1525 3641 1578 3706 9,
1624 3642 1765 3697 hanc

153 3722 367 3777 ‘intzzlit
418 3727 745 3781 sententiam
796 3727 895 3799 [ϐ.
924 3728 988 3782 R.
1024 3729 1329 3800 generalem
1396 3731 1700 3804 interserit]
1746 3752 1759 3788 :

188 3832 205 3863 ι
240 3813 400 3869 Nulla
442 3832 685 3887 unquam
721 3820 953 3874 concilia
1001 3827 1119 3874 rata
1161 3820 1432 3890 leguntur,
1486 3838 1608 3891 quae
1652 3839 1759 3877 non

179 3915 314 3961 sunt
338 3906 474 3962 fulta
499 3908 803 3979 apostolica
831 3912 1175 3966 auctoritate.

252 3997 350 4054 His
409 4008 589 4055 autem
642 4004 928 4059 sententiis
982 4004 1175 4059 beatus
1224 4001 1491 4067 Isidorus,
1532 4004 1763 4059 rimatur

180 4088 568 4159 Scripurarum
594 4095 1003 4164 sagacissimus,
1051 4094 1282 4150 ﬁdeliter
1310 4094 1635 4164 astipulatur
1673 4096 1761 4150 di-

174 4199 310 4238 cens
334 4202 347 4237 :
367 4203 385 4234 ί
417 4183 759 4256 Synodorum
782 4203 909 4243 vero
927 4187 1432 4258 congregandarum
1463 4187 1760 4243 auctoritas

175 4275 504 4344 Apostolicze
550 4279 666 4333 sedi
712 4279 924 4348 privata
970 4280 1266 4335 commissa
1317 4288 1402 4336 est
1435 4282 1761 4336 auctoritate

174 4366 267 4439 [Ο.
299 4367 365 4421 R.
406 4369 697 4441 potestate]
730 4371 878 4440 (990)
919 4372 1397 4442 congregatahvel
1438 4371 1591 4426 fulta.
1635 4371 1761 4428 Haec

1867 3185 2176 3240 necessaria
2210 3183 2532 3253 reperimus.
2571 3182 2703 3249 Quae
2749 3183 2971 3252 quidem
3001 3196 3031 3235 a
3069 3178 3448 3249 superioribus

1866 3274 2193 3329 authenticis
2216 3271 2591 3328 sanctionibus
2611 3271 2760 3326 nullo
2780 3271 2941 3325 modo
2959 3270 3292 3338 discrepant,
3314 3281 3443 3321 cum

1865 3364 2191 3420 Christianae
2217 3364 2463 3434 religioni
2500 3364 2841 3432 apertissime
2869 3361 3212 3416 conveniant.
3238 3356 3447 3427 Hujus—

1869 3458 2046 3523 modi,
2086 3436 2353 3527 inquam,
2390 3456 2658 3525 capitula,
2719 3455 2775 3509 in
2821 3454 3155 3525 quibuslibet
3199 3451 3448 3507 conciliis

1864 3548 2102 3618 inventa,
2139 3548 2448 3603 nullatenus
2465 3548 2533 3602 ab
2551 3547 2734 3616 aliquo
2755 3545 3023 3601 catholico
3045 3552 3176 3600 sunt
3197 3552 3446 3599 contem-

1865 3641 2062 3706 nenda,
2078 3639 2374 3708 prarsertim
2398 3654 2522 3693 cum
2545 3637 2879 3708 ipsareliqua
2896 3637 3147 3702 concilia,
3169 3650 3238 3690 ex
3259 3649 3448 3690 sacra-

1863 3732 2199 3788 tissimarum
2224 3731 2546 3786 auctoritate
2575 3730 2919 3785 sanctionum
2947 3728 3296 3784 descendisse
3335 3742 3447 3780 non

1862 3822 2215 3888 dubitentur;
2248 3838 2370 3891 qua:
2400 3838 2495 3890 per
2530 3822 2776 3890 singulas
2820 3821 3131 3890 provincias
3162 3819 3291 3874 bina
3328 3818 3445 3887 epi-

1863 3928 2154 3982 scoporum
2182 3913 2409 3975 concilia
2452 3913 2730 3967 annuatim
2763 3912 2881 3967 ﬁeri
2906 3911 3220 3966 ﬁrmissime
3249 3910 3441 3964 decer—

1863 4013 2017 4058 nunt.
2044 4003 2179 4070 Hoc,
2202 4004 2445 4073 inquam,
2459 4003 2648 4057 beatus
2662 4002 2953 4056 Anacletus
2976 4002 3044 4056 ab
3065 4001 3184 4070 ipso
3199 3999 3444 4069 principe

1862 4096 2231 4165 apostolorum
2295 4094 2576 4163 presbyter
2621 4092 2902 4147 ordinatus
2945 4093 3001 4145 in
3048 4091 3281 4148 decretis
3325 4091 3445 4145 suis

1862 4187 2023 4257 capit.
2059 4186 2146 4251 I7,
2177 4185 2481 4240 certissime
2526 4183 2770 4239 decernit
2801 4201 2812 4236 :
2869 4202 2887 4234 ι
2933 4182 3319 4252 Congregatio,
3355 4181 3443 4235 in-

1861 4277 1999 4348 quit,
2036 4288 2376 4330 summorum
2424 4289 2519 4343 per
2560 4272 2804 4343 singulos
2844 4286 3019 4326 annos
3047 4271 3166 4324 ﬁeri
3208 4271 3346 4343 solet
3386 4278 3442 4325 et

1860 4372 2035 4428 debet.
2077 4390 2096 4422 ι
2135 4369 2250 4425 lloc
2276 4368 2730 4425 excellentissima
2759 4366 3003 4438 synodus
3043 4363 3287 4448 Merena,
3312 4378 3433 4449 cap.

174 4460 442 4514 canonica
471 4469 704 4515 testatur
732 4462 1061 4527 auctoritas,
1107 4463 1223 4517 haec
1266 4462 1633 4518 ecclesiastica
1672 4464 1758 4518 hi-
1791 4447 1835 4502 Ῑ)
1865 4462 1917 4529 5,
1950 4460 2253 4518 constituit.
2293 4480 2311 4513 ι
2351 4460 2514 4525 Bene,
2550 4459 2746 4529 inquit,
2777 4457 2981 4529 placuit
3009 4444 3240 4528 singulis
3281 4444 3444 4511 annis

174 4553 347 4605 st'iria
382 4551 623 4617 roborat,
661 4553 777 4607 haec
812 4553 984 4607 sancti
1004 4551 1196 4609 Patres
1223 4553 1566 4609 conﬁrmant.
1616 4572 1634 4605 ι

248 4643 309 4697 Si
355 4644 520 4715 igitur
571 4645 661 4699 illa
692 4654 930 4714 quatuor
980 4646 1210 4701 concilia
1237 4647 1388 4701 omni
1432 4647 1757 4702 auctoritate

174 4746 449 4804 carerent,
482 4738 589 4791 nisi
619 4737 991 4807 principaliter
1019 4753 1087 4792 ex
1121 4738 1351 4793 decretis
1384 4736 1755 4794 Romanorum

1862 4571 1957 4625 per
1979 4567 2421 4623 unamquamque
2455 4549 2790 4621 provinciam
2825 4550 2910 4605 bis
2945 4551 3000 4603 in
3036 4564 3183 4604 anno
3208 4548 3444 4604 concilia

1859 4646 2145 4711 celebrari,
2195 4653 2255 4700 ut
2289 4644 2654 4700 communiter
2690 4643 2953 4698 omnibus
2978 4641 3142 4696 simul
3170 4640 3447 4711 episcopis

1858 4739 2203 4811 congregatis
2245 4736 2612 4793 discutiantur
2658 4732 2977 4804 huiusmodi
3021 4731 3372 4801 quaestiones.
3424 4746 3444 4776 ι

176 4829 495 4899 pontiﬁcum
524 4829 838 4884 ﬁrmitatem
866 4829 1190 4895 obtinerent,
1215 4830 1341 4898 quis
1382 4830 1614 4884 inﬁciari
1653 4844 1751 4898 ρο-
1856 4831 2023 4897 Item,
2058 4826 2724 4897 Constantinopolitanum
2771 4822 3088 4889 concilium,
3114 4818 3455 4878 enumeratis

175 4922 305 4976 terit
330 4922 461 4992 quin
494 4922 713 4977 decreta
763 4935 857 4991 per
886 4920 1035 4990 ipsos
1061 4921 1389 4990 apostolicos
1441 4922 1588 4976 viros
1625 4936 1754 4991 pro-
1855 4907 3483 4995 privilegiisdiversarumEcclesiarum,cap.“[0.R.ita]..

174 5015 650 5085 mulgata,majori
675 5014 1020 5069 veneratione
1040 5013 1408 5086 dignamerito
1428 5026 1756 5070 censeantur
1859 5014 2149 5072 constituit
2188 5032 2200 5066 :
2272 5034 2291 5066 ι
2330 5014 2557 5068 Servata
2602 5008 2792 5075 regula
2849 5021 2974 5075 qua:
3015 5005 3220 5074 scripta
3262 5016 3351 5064 est
3392 5000 3467 5054 de

177 5122 338 5138 ηιηιονι
373 5109 487 5138 ἔσιθι-ι
540 5109 761 5138 ηηηηῖιῖη
817 5121 941 5138 num
975 5122 1082 5138 ηΛη
1115 5122 1212 5138 σιΛιι
1247 5105 1490 5138 ἷιιοΛιηι-ιη
1530 5116 1750 5138 cannula,

1872 5104 2345 5138 ...ληνηηοὶηηὶιιηο
2398 5096 2752 5138 manifpctnm
2774 5106 2852 5138 ραι
2876 5096 3021 5138 nnan
3046 5095 3135 5138 illa
3183 5115 3311 5138 num
3331 5097 3470 5138 cunt
