3984 5380
527 397 662 456 ΗΠ

1509 403 1602 456 AD
1639 403 1867 458 OPERA
1908 404 1965 460 S.
2007 403 2338 462 GREGORII
2373 409 2820 468 APPENDICES.

3657 409 3798 466 Ill!

531 531 558 572 ι,
597 510 848 568 Decrevit
881 521 1068 568 saneta
1099 505 1359 584 synodus,
1393 511 1696 573 secundum
1736 520 2107 588 canones-Pa-
2137 499 2306 593 Aper
2327 536 2576 582 sanctum
2612 528 2934 584 Silvestrum
2967 527 3053 601 [C.
3079 528 3144 584 Β.
3190 513 3413 601 papam]
3463 529 3792 600 approbato,

527 613 696 671 trum,
737 605 824 660 bis
861 605 917 660 in
950 621 1095 660 anno
1119 607 1404 678 episc0pos
1445 609 1500 664 in
1537 609 1590 666 id
1617 611 1798 684 ipsum
1827 612 1880 667 in
1909 629 2106 668 unam-

524 711 801 768 quamque
819 698 1155 768 provinciam
1187 701 1496 768 convenire,
1519 720 1630 775 quo
1658 707 2108 775 metrOpolitanus

524 787 752 842 antistes
779 787 1110 858 probaverit,
1157 799 1212 846 et
1263 793 1564 864 corrigere,
1603 795 1649 850 si
1695 811 1819 867 quae
1852 797 2107 854 fortassis

523 879 869 935 emerserint.

595 967 750 1026 Patet
771 985 901 1042 ergo
925 971 1072 1042 quod
1101 973 1428 1032 authentie-e
1456 976 1770 1032 sanctiones
1795 977 1959 1033 etiam
1980 993 2100 1048 pro-

520 1063 776 1120 vincialia
805 1065 1034 1121 concilia
1087 1066 1207 1122 fieri
1234 1068 1576 1138 praeipiunt,
1629 1071 1777 1140 quod
1829 1053 2108 1126 incassum

521 1153 896 1224 praeciperent,
927 1155 1036 1211 nisi
1056 1163 1110 1212 et
1133 1172 1236 1212 nos
1266 1159 1584 1214 eorumdem
1600 1159 1957 1216 conciliorum
1981 1176 2109 1230 pro-

522 1245 730 1302 babiles
765 1247 1068 1302 sententias
1101 1247 1395 1303 observare
1439 1249 1814 1306 decernerent.
1853 1250 2010 1308 Unde
2055 1261 2110 1309 et

523 1333 577 1389 in
609 1337 770 1392 tertio
799 1337 1066 1393 Toletano
1097 1339 1334 1393 concilio
1357 1340 1656 1397 universali
1685 1342 1963 1398 decretum
1986 1354 2105 1400 est:

529 1445 548 1480 c
585 1428 689 1494 Qui
719 1429 950 1484 concilia
974 1432 1407 1510 orthodoxorum
1427 1433 1832 1504 episcoporum,
1865 1446 2110 1490 consona

522 1513 888 1577 sanctissimis
909 1531 1148 1592 quatuor
1177 1523 1428 1581 conciliis
1448 1541 1556 1580 non
1581 1525 1794 1596 recipit,
1819 1528 2110 1584 anathema

523 1608 616 1662 sit.
655 1629 672 1661 ι
710 1609 1035 1682 Quicunque
1072 1613 1238 1684 igitur
1263 1613 1350 1669 vel
1381 1615 1580 1670 horum
1617 1617 1978 1672 conciliorum
2016 1633 2109 1673 ra-

523 1699 874 1759 tionabilibus
897 1705 1116 1760 statutis
1147 1705 1367 1760 obviare
1404 1714 1655 1772 conatur,
1685 1707 1849 1761 etiam
1882 1723 1914 1762 a
1943 1723 2109 1778 supe-

522 1789 1116 1852 rlorilmsauthenticis
1141 1786 1518 1851 sanctionibus
1538 1795 1592 1850 in
1620 1796 1922 1866 periculum
1949 1813 2108 1852 suum

519 1871 811 1940 dissentire
851 1887 1137 1956 probatur.
1192 1885 1394 1958 Beatus
1443 1863 1665 1958 quoque
1719 1887 1997 1954 Isidorus,
2048 1888 2104 1944 in
2141 1863 2184 1919 Β

521 1977 758 2046 quadam
796 1994 895 2034 sua
930 1978 1250 2050 praefatione
1292 1980 1359 2034 de
1397 1980 1701 2036 canonibus
1731 1980 1907 2050 capite
1935 1981 2107 2036 unde-

523 2067 699 2136 cimo,
732 2071 1007 2140 praedictis
1041 2071 1346 2127 rationibus
1371 2072 1700 2142 astipulatur
1745 2073 1849 2126 hoc
1890 2071 2054 2126 modo
2092 2089 2105 2126 :

528 2179 547 2211 ι
582 2156 756 2216 Nosse
782 2162 946 2217 etiam
973 2171 1206 2234 oportet,
1233 2165 1362 2219 licet
1384 2173 1580 2218 caetera
1602 2179 1708 2218 non
1740 2163 2106 2230 inlirmantur,

523 2259 760 2322 quatuor
791 2269 912 2308 esse
936 2254 1257 2325 principalia
1283 2255 1534 2311 concilia.
1574 2275 1592 2306 ι
1646 2255 1742 2310 His
1769 2265 1948 2311 autem
1971 2270 2110 2309 enu-

524 2345 748 2400 meratis
779 2345 1052 2402 subinfert
1096 2347 1150 2400 in
1181 2347 1370 2403 eodem
1401 2349 1577 2419 capite
1605 2367 1618 2402 :
1653 2367 1670 2398 ι
1711 2346 1818 2402 Sed
1853 2355 1907 2402 et
1927 2347 1974 2401 si
1999 2362 2106 2417 qua

524 2442 655 2488 sunt
687 2435 952 2504 concilia,
991 2452 1114 2508 qua:
1153 2437 1326 2492 sancti
1366 2435 1558 2492 Patres
1596 2436 1793 2506 spiritu
1828 2435 1923 2490 Dei
1964 2434 2108 2506 pleni

522 2534 844 2594 sanxerunt,
880 2539 1003 2600 post
1042 2530 1275 2586 istorum
1303 2538 1541 2600 quatuor
1568 2529 1949 2584 auctoritatem
1991 2541 2110 2581 om—

523 2619 675 2676 nium
699 2633 920 2679 manent
945 2624 1182 2680 stabilita
1205 2624 1441 2697 vigore.»
1464 2623 1748 2695 (Ismenus,
1772 2623 1906 2679 libro
1927 2622 2108 2694 Origi—

523 2725 650 2764 num
671 2728 747 2778 vi,
773 2727 893 2783 cap.
922 2715 1036 2786 15.)

592 2803 687 2859 Est
713 2821 844 2877 ergo
891 2806 1116 2878 dignum
1162 2814 1226 2860 ut
1281 2814 1336 2861 ct
1388 2805 1706 2876 hujusmodi
1747 2806 2108 2862 conciliorum

521 2896 743 2962 statutis
770 2898 1198 2968 obtemperetur.
1230 2899 1288 2953 Si
1333 2898 1480 2953 enim
1511 2914 1621 2952 non
1659 2914 1838 2969 parva:
1869 2899 2110 2955 stultitim

519 2995 757 3056 constat,
787 2991 834 3046 si
870 2991 996 3061 quis
1017 2991 1307 3062 cujuslibet
1331 2989 1494 3046 unius
1529 2989 1769 3044 hominis
1801 3005 1938 3046 sano
1974 3005 2108 3046 con-

520 3081 646 3137 silio
671 3083 1018 3153 acquiescere
1039 3083 1324 3150 detrectat,
1361 3091 1568 3153 quanto
1603 3083 1776 3154 magis
1809 3076 2108 3154 reprehenf

521 3173 680 3230 sibile
701 3175 939 3242 videtur,
976 3173 1024 3231 si
1052 3176 1178 3246 quis
1205 3175 1549 3245 impudenter
1577 3175 1786 3229 resistit
1819 3174 2107 3244 hujusmo—
2136 3209 2178 3265 Ο

520 3264 577 3322 di
607 3266 966 3322 conciliorum
991 3267 1210 3323 statutis
1243 3281 1352 3322 non
1389 3267 1575 3334 unius,
1619 3267 1714 3323 sed
1743 3267 2109 3338 plurimorum

520 3356 852 3426 sapientium
883 3359 1210 3415 auctoritate
1239 3368 1293 3414 et
1309 3359 1519 3430 judicio
1543 3359 1771 3429 prolatis
1797 3368 1960 3429 atque
1980 3374 2112 3429 pro-

522 3443 686 3500 batis.
720 3444 924 3516 Nempe
953 3448 1270 3518 hujusmodi
1331 3449 1579 3503 conciliis
1623 3449 1806 3517 plures
1854 3447 2110 3504 catholici

522 3545 580 3591 et
613 3537 800 3590 eximii
831 3537 1084 3594 doctores
1113 3537 1430 3594 interfuisse
1470 3539 1744 3609 leguntur,
1771 3548 1829 3594 ut
1877 3539 1931 3593 in
1961 3539 2110 3596 Afri-

523 3629 678 3684 canis
733 3629 982 3684 conciliis
1021 3630 1183 3712 legati
1234 3630 1379 3686 sedis
1426 3631 1740 3700 apostolica:
1779 3629 2107 3698 Faustinus,

524 3716 856 3785 Honoratus,
891 3719 1146 3776 Urbanus
1167 3720 1430 3791 episcopi,
1481 3730 1702 3776 sanctus
1746 3722 1909 3776 etiam
1934 3720 2109 3777 Aure-

459 3829 466 3835 ·
523 3809 803 3882 lius(991)
831 3809 1278 3882 Carthagincnsis
1307 3813 1770 3884 archiepiscopus.
1812 3813 1966 3879 Item,
1997 3816 2110 3884 ipse

523 3902 609 3956 vir
637 3903 882 3958 omnium
917 3905 1180 3960 virtutum
1216 3905 1556 3975 Augustinus
1599 3904 2109 3979 Hipponeregiensis

523 3996 835 4067 episcopus,
857 4013 1017 4068 quem
1048 4007 1269 4055 sanctus
1295 3999 1624 4054 lecstinus
1651 4000 1736 4054 vir
1775 4001 2109 4070 apostolicus

523 4087 579 4143 in
638 4089 872 4146 decretis
917 4091 1030 4146 suis
1095 4093 1196 4162 (ep.
1242 4091 1296 4162 8)
1362 4093 1435 4146 ita
1495 4092 1653 4148 nobis
1708 4095 2105 4149 commendat:

522 4179 912 4252 Augustinum,
950 4182 1166 4254 inquit,
1231 4192 1435 4240 sancta:
1475 4183 1868 4240 recordationis
1907 4186 2106 4253 virum,

521 4286 626 4341 pro
668 4273 777 4327 vita
833 4289 934 4329 sua
996 4283 1160 4345 atque
1211 4275 1424 4332 meritis
1487 4276 1542 4331 in
1597 4285 1784 4332 nostra
1857 4293 2108 4333 commu-

523 4363 691 4418 nione
757 4381 973 4436 semper
1037 4365 1360 4433 habuimus;
1424 4382 1525 4422 nec
1555 4383 1800 4438 unquam
1854 4369 2001 4425 hunc
2029 4370 2107 4426 si-

526 4456 715 4522 nistra:
777 4458 1111 4528 suspicionis
1171 4460 1364 4514 saltem
1427 4475 1620 4515 rumor
1657 4463 1889 4532 aspersit
1940 4479 2102 4533 quem

2208 617 2289 674 sic
2318 628 2541 676 sanctus
2568 619 2842 676 Caesarius
2899 621 3216 692 Agathensi,
3269 632 3494 678 sanctus
3551 618 3794 677 Hilarius

2208 707 2579 778 Arausiccnsi,
2617 720 2841 768 sanctus
2870 713 3099 768 Albinus
3127 713 3531 782 Aurelianensi,
3565 724 3793 770 sanctus

2207 800 2523 860 Bonifacius
2556 803 2919 876 Mogon'tiensi
2971 807 3227 872 concilio,
3268 805 3350 862 sic
3400 813 3458 860 et
3509 807 3606 860 alii
3665 807 3793 862 aliis

2211 895 2458 950 conciliis
2495 913 2607 952 non
2639 897 2767 964 soli;
2809 897 2902 952 sed
2937 913 3065 953 cum
3110 898 3360 968 pluribus
3400 898 3528 952 aliis
3583 899 3794 953 sanctis

2208 984 2460 1043 Patribus
2483 987 2798 1044 interfuisse
2830 989 3087 1061 leguntur
3131 990 3224 1061 qui
3249 991 3302 1044 in
3350 989 3666 1044 Christiana
3699 1007 3792 1046 re-

2209 1077 2408 1150 ligione
2437 1089 2490 1135 et
2511 1081 2758 1136 doctrina
2800 1090 2914 1136 tam
2954 1083 3197 1153 insignes
3239 1078 3407 1137 fuisse
3451 1083 3790 1150 creduntur,

2210 1181 2270 1227 ut
2293 1173 2378 1227 vel
2398 1173 2562 1227 unius
2582 1189 2772 1228 eorum
2797 1175 3064 1246 singulari
3084 1174 3292 1245 judicio
3313 1174 3538 1230 obviare
3558 1175 3791 1229 nimium

2209 1273 2354 1321 esset
2375 1266 2745 1321 temerarium.
2771 1265 2913 1337 Ergo
2946 1267 3242 1322 multorum
3271 1265 3602 1338 sapientium
3645 1267 3792 1336 judi-

2211 1357 2298 1413 cio
2314 1373 2422 1412 non
2468 1357 2839 1428 acquiescere,
2875 1359 3050 1414 multo
3075 1358 3251 1430 magis
3283 1367 3368 1412 est
3429 1357 3790 1421 intolerabile,

2211 1445 2265 1500 in
2293 1447 2380 1502 his
2401 1447 2667 1502 duntaxat
2685 1448 2938 1519 capitulis
2981 1464 3103 1519 qum
3136 1449 3412 1518 pradictis
3459 1449 3792 1503 authentieis

2211 1535 2432 1590 statutis
2468 1551 2578 1590 non
2615 1536 2994 1603 adversantur,
3049 1536 3141 1592 sed
3172 1536 3504 1591 institutioni
3534 1534 3793 1591 Christia-

2211 1643 2296 1683 nte
2325 1627 2608 1698 religionis
2627 1629 2817 1698 procul
2841 1628 3008 1682 dubio
3031 1627 3420 1700 suffragantur.
3462 1624 3622 1692 Nam,
3636 1627 3788 1696 juxta

2210 1719 2355 1774 beati
2412 1719 2704 1790 Augustini
2747 1721 3014 1790 judicium
3056 1737 3074 1772 ι
3133 1735 3233 1790 pro
3299 1719 3508 1774 nullius
3547 1734 3790 1788 persona:

2212 1810 2514 1866 reverentia
2571 1819 2655 1864 est
2688 1811 3081 1880 recipiendum,
3125 1811 3170 1865 si
3207 1810 3340 1879 quid
3377 1810 3660 1866 canonica!
3693 1823 3788 1864 ve-

2209 1902 2359 1956 ritati
2395 1902 2450 1956 in
2512 1901 2697 1973 aliquo
2729 1902 2968 1958 concilio
3012 1901 3094 1956 vel
3139 1901 3341 1957 alicubi
3395 1901 3670 1972 reperitur
3693 1900 3788 1957 ad-

2212 2009 2459 2050 versum.
2511 2013 2530 2044 δ

2279 2085 2546 2141 Praeterea
2582 2093 2769 2140 sancta
2795 2093 2851 2138 et
2871 2083 3180 2139 veneranda
3206 2083 3452 2154 synodus
3495 2080 3790 2143 Chalcedo-

2208 2178 2396 2232 nensis
2416 2177 2579 2231 etiam
2617 2174 2970 2246 provincialia
2997 2173 3227 2228 concilia
3250 2183 3376 2228 ante
3403 2172 3588 2243 ipsum
3611 2181 3788 2253 trans-

2209 2277 2329 2324 acta
2383 2269 2738 2323 canonizasse
2765 2283 2874 2321 non
2895 2267 3194 2332 dubitatur,
3245 2266 3319 2320 ita
3363 2266 3672 2321 decernens
3705 2281 3789 2318 ca-

2209 2360 2320 2430 pite
2339 2359 2548 2430 primo:
2584 2379 2602 2411 ‹
2649 2359 2887 2429 Regulas
2918 2367 3234 2414 sanctorum
3285 2357 3516 2413 Patrum
3563 2373 3664 2428 per
3690 2359 3790 2412 sin—

2209 2452 2335 2523 gula
2397 2467 2544 2508 nunc
2601 2467 2776 2522 usque
2837 2452 3066 2508 concilia
3114 2451 3469 2518 constitutas,
3511 2451 3785 2521 proprium

2207 2543 2377 2598 robur
2435 2543 2636 2598 habere
2694 2543 3059 2598 decrevimus.
3095 2561 3116 2594 δ
3156 2541 3282 2598 llaec
3333 2549 3521 2596 autem
3564 2541 3786 2596 concilia

2209 2641 2334 2688 ante
2365 2633 2547 2702 ipsum
2593 2632 3040 2689 Chalcedonense
3086 2633 3342 2704 leguntur
3367 2632 3585 2688 fuisse:
3621 2634 3788 2702 Ancy-

2208 2740 2426 2790 ranum,
2454 2722 2924 2789 Neoczesareense,
2951 2739 3073 2794 quae
3099 2733 3155 2779 et
3178 2723 3401 2779 ΝίςὶιέΠο
3433 2723 3670 2778 concilio
3691 2738 3785 2777 au-

2210 2817 2447 2887 tiquiora
2504 2816 2812 2871 traduntur.
2853 2815 3007 2884 Item,
3052 2815 3782 2888 Gangrense,-Sardicense,

2209 2907 2390 2962 Antiot
2407 2909 2628 2973 henum,
2653 2906 3004 2962 Laodicense.
3048 2907 3191 2978 Ergo
3215 2909 3406 2964 eadem
3435 2919 3494 2963 et
3541 2909 3599 2962 in
3621 2907 3779 2962 Chal-

2209 2999 2502 3055 cedonensi
2539 2999 2748 3068 synodo
2799 3013 2907 3054 non
2963 3000 3285 3055 dubitantur
3333 3015 3462 3056 esse
3501 3000 3781 3063 roborata;

2209 3107 2349 3161 quae,
2377 3091 2540 3144 etiam
2569 3105 2693 3144 cum
2726 3089 3000 3147 Africanis
3037 3093 3341 3148 canonibus
3371 3091 3572 3147 beatus
3599 3091 3782 3146 Adria-

2211 3197 2315 3236 nus
2337 3197 2476 3250 papa
2521 3181 2721 3236 Carolo
2757 3182 3076 3252 imperatori
3131 3182 3278 3253 (992)
3305 3183 3374 3237 ad
3421 3181 3786 3252 disponendas

2214 3269 2488 3326 Ecclesias
2547 3270 2601 3324 in
2645 3287 2814 3342 regno
2850 3287 2952 3326 suo
3006 3271 3196 3327 Roma:
3239 3271 3538 3326 tradidisse
3575 3271 3783 3342 legitur.

2212 3361 2552 3432 Quapropter
2581 3377 2681 3416 nec
2705 3363 3122 3432 provincialium
3147 3363 3508 3417 conciliorum
3529 3369 3727 3416 statuta
3753 3377 3784 3412 a

2212 3453 2453 3523 quolibet
2493 3458 2696 3508 temere
2728 3462 2858 3508 sunt
2887 3454 3211 3523 respuenda,
3252 3468 3377 3524 qua:
3408 3461 3467 3507 et
3497 3452 3785 3522 apostolica

2212 3551 2370 3606 sedes
2393 3551 2606 3606 censuit
2640 3550 2970 3621 recipienda.
3003 3549 3298 3620 Hucusque
3327 3548 3567 3605 sufficiat
3593 3548 3785 3602 dixisse

2211 3644 2277 3699 de
2303 3659 2587 3699 sacrorum
2623 3659 2896 3699 canonum
2925 3643 3268 3699 auctoritate.
3294 3639 3454 3696 Nunc
3505 3641 3576 3696 ad
3598 3653 3785 3710 propo-

2212 3733 2375 3788 situm
2405 3733 2714 3798 redeamus,
2741 3741 2796 3788 et
2809 3741 3033 3799 statuta,
3063 3747 3185 3804 quaa
3234 3740 3422 3787 noster
3459 3730 3785 3801 apostolicus

2213 3823 2266 3877 in
2289 3823 2556 3893 superiori
2577 3823 2808 3894 cpistola
2847 3823 3050 3878 Othoni
3085 3822 3500 3878 Constantiensi
3534 3822 3784 3891 episeopo

2211 3915 2526 3970 cautissime
2549 3915 2822 3985 descripta
2872 3914 3196 3979 transmisit,
3231 3927 3328 3984 per
3361 3911 3613 3967 ordinem
3641 3911 3783 3981 digno

2210 4019 2418 4058 ramus.

2279 4096 2409 4168 Car.
2439 4094 2503 4150 ν.
2545 4092 2753 4148 Horum
2782 4093 2916 4148 illud
2951 4103 3070 4149 erat
3090 4093 3362 4164 primum:
3400 4109 3421 4143 ε
3468 4088 3540 4145 Ut
3569 4087 3743 4144 clerici
3763 4128 3779 4151 ,

2210 4187 2448 4258 aliquem
2511 4199 2798 4242 sacrorum
2853 4185 3108 4240 ordinum
3155 4184 3386 4256 gradum
3414 4182 3503 4236 vel
3554 4179 3780 4236 oﬂiciun

2210 4295 2308 4350 per
2339 4279 2576 4348 pretium
2609 4277 2813 4347 adepti,
2863 4277 3178 4331 nullatenus
3227 4274 3492 4344 deinceps
3514 4272 3574 4327 in
3605 4270 3782 4326 Eccle-

2209 4370 2290 4426 sia
2329 4369 2660 4424 ministrent.
2709 4387 2729 4420 ι

2283 4460 2638 4516 Secundum:
2687 4479 2705 4511 σ
2741 4457 2813 4514 Ut
2851 4457 3141 4514 ecclesiam
3192 4455 3370 4527 pretio
3421 4453 3779 4526 acquisitam,

522 4557 688 4605 tanta:
738 4550 981 4606 scicntia:
1019 4551 1150 4606 olim
1183 4550 1353 4608 fuisse
1403 4553 1794 4620 meminimus,
1867 4563 1927 4610 ut
1966 4556 2108 4611 inter
2139 4555 2392 4621 Dnullus
2441 4553 2720 4617 retineat;
2777 4567 2879 4606 nec
2955 4549 3118 4605 alicui
3175 4548 3436 4618 deinceps
3501 4544 3779 4602 ecclesiam

523 4642 818 4714 magistros
854 4645 1092 4716 optimos
1129 4646 1292 4701 etiam
1335 4657 1460 4702 ante
1510 4663 1541 4704 a
1566 4651 1702 4704 meis
1733 4650 2102 4720 praedecesso-

522 4731 678 4818 ribus
743 4733 1056 4792 haberetur.
1105 4736 1248 4792 Bene
1271 4746 1400 4810 ergo
1437 4740 1503 4796 de
1533 4756 1599 4796 eo
1639 4756 1832 4798 omnes
1873 4743 1928 4797 in
1949 4758 2104 4798 com-

505 4829 690 4882 mune
759 4835 1087 4896 senserunt,
1158 4839 1342 4900 utpote
1399 4833 1492 4902 qui
1541 4832 1740 4905 ubique
1787 4837 1998 4891 cunctis
2051 4844 2106 4890 et

526 4919 702 4973 amori
739 4919 930 4976 'fucrit
963 4930 1016 4976 et
1047 4921 1260 4976 honori.
1305 4943 1322 4975 ι
1373 4922 1513 4981 Huic
1561 4926 1722 4980 etiam
1753 4925 2062 4998 Augustino
2084 4970 2098 4995 ,

525 5019 586 5064 ut
636 5010 776 5066 liber
812 5011 1047 5068 Liberali
1105 5023 1334 5070 testatur
1377 5015 1718 5074 Theodosius
1784 5019 2101 5089 imperator,

523 5119 622 5174 per
669 5121 689 5154 ι
727 5119 940 5160 sacram
981 5125 1000 5156 ι
1065 5121 1220 5160 suam
1263 5108 1558 5174 mandavit,
1611 5119 1671 5165 ut
1719 5127 1778 5166 se
1825 5110 2102 5182 Ephesino

2207 4646 2441 4700 vendere
2471 4645 2553 4699 vel
2582 4658 2766 4699 emere
2792 4643 2970 4698 liceat.
3020 4661 3038 4694 ι

2287 4737 2567 4792 Tertium:
2613 4755 2632 4787 ι
2681 4734 2753 4790 Ut
2781 4751 2811 4789 a
2835 4733 3072 4790 clericali
3100 4731 3274 4787 officio
3306 4737 3530 4786 cessent
3553 4727 3774 4800 quicun-

2205 4842 2312 4898 que
2375 4842 2436 4881 se
2493 4841 2594 4896 pro
2663 4823 3062 4881 incontinentia
3121 4821 3581 4893 reprehensibin
3631 4817 3772 4874 exhi—

2209 4916 2360 4970 bent.
2411 4934 2430 4966 ι

2274 5015 2576 5082 Quartum:
2627 5035 2644 5066 ι
2684 5013 2751 5070 Ut
2783 5013 3017 5085 populus
3059 5012 3382 5068 clericorum
3433 5010 3610 5067 oﬂicia
3664 5007 3749 5064 uel

2203 5107 2418 5161 latenus
2478 5106 2746 5176 recipiat,
2825 5120 2965 5176 quos
3026 5104 3357 5176 apostolicas
3411 5103 3772 5158 institutiones
