3984 5380
154 284 300 339 “13

1046 287 1335 343 APPEND.
1378 289 1465 345 lli.
1507 322 1574 332 ——
1614 289 2047 352 MONUMENTA
2085 300 2549 360 GREGORIANA.

3294 306 3431 392 itu

152 402 319 458 nensi
345 400 580 457 concilio
596 399 913 471 plenissime
933 411 989 456 et
1005 403 1413 461 evidentissime
1454 407 1744 476 reperitur,
1777 408 1821 463 A
1849 413 2165 480 praedictum
2188 428 2347 488 caput
2382 436 2507 475 cum
2541 420 2673 489 ipsis
2694 420 3031 490 emptoribus
3059 420 3432 491 degradandos

152 494 309 565 quod
337 510 510 550 unum
535 510 601 548 ex
631 504 868 564 quatuor
893 496 1165 564 praedictis
1206 498 1455 553 conciliis
1503 508 1748 568 tempore

152 586 411 657 quidem,
444 602 552 642 non
573 586 835 658 dignitate
865 587 1137 655 ultimum,
1162 590 1334 644 sancti
1357 589 1546 645 Patres
1581 590 1749 646 Leoni

153 677 417 751 Augusto
472 695 646 749 usque
697 679 765 733 ad
814 679 1136 751 sanguinem
1184 680 1569 736 vindicandum
1626 699 1750 738 esse

154 772 522 837 mandarunt,
554 782 615 827 ut
649 770 937 827 Liberatus
976 773 1032 827 in
1062 773 1202 828 libro
1234 791 1336 829 suo
1389 783 1639 830 testatur.
1690 774 1748 830 ln

156 864 306 933 ipso,
364 863 611 934 inquam,
663 864 898 919 concilio
946 865 1210 936 scriptum
1246 876 1330 921 est
1374 868 1554 937 capite
1591 868 1751 924 tertio

161 954 355 1025 (995):
397 976 415 1007 ι
460 954 518 1010 Si
548 955 671 1025 quis
718 954 1009 1026 episcopus
1052 972 1149 1029 per
1189 959 1477 1029 pecuniam
1527 960 1749 1015 ordina-

159 1047 374 1102 tionem
422 1047 656 1115 fecerit,
724 1059 779 1103 et
820 1049 923 1105 sub
961 1050 1139 1119 pretio
1183 1051 1453 1123 redegerit
1517 1054 1751 1125 gratiam

161 1154 292 1208 quae
331 1140 491 1194 vendi
542 1156 652 1195 non
705 1150 903 1212 potest,
951 1143 1395 1216 ordinaveritqne
1444 1160 1542 1216 per
1586 1161 1753 1216 pecu-

162 1231 319 1285 niam
388 1231 705 1303 episcopum
726 1275 741 1299 ,
802 1228 1252 1306 cborepiscopum
1290 1279 1304 1303 ,
1373 1238 1750 1310 presbyterum

163 1334 263 1379 aut
320 1324 613 1381 diaconum
642 1369 657 1391 ,
706 1328 792 1383 vel
840 1330 1136 1401 quemlibet
1157 1329 1224 1386 de
1280 1333 1367 1387 his
1405 1332 1500 1403 qui
1551 1348 1755 1387 connu-

164 1427 457 1473 merantur
521 1419 575 1474 in
644 1421 813 1488 clero,
864 1432 959 1478 aut
1014 1426 1350 1494 promoverit
1370 1442 1465 1496 per
1492 1426 1755 1497 pecunias

165 1508 258 1581 [Ο.
320 1511 388 1565 Il.
445 1513 727 1587 pecunias]
764 1515 1219 1589 diSpensatorem,
1254 1530 1349 1575 aut
1368 1519 1709 1577 defensorem
1736 1564 1751 1587 ,

164 1604 256 1658 vel
322 1606 759 1662 mansionarium
790 1650 805 1676 ,
857 1610 942 1665 vel
988 1626 1319 1682 quemquam
1363 1615 1609 1680 omnino,
1656 1616 1753 1686 qui

165 1696 455 1766 subjectus
511 1709 596 1755 est
653 1703 895 1775 regulae,
962 1720 1063 1774 pro
1125 1706 1209 1759 sui
1260 1707 1559 1776 turpissimi
1613 1708 1750 1765 lucri
1782 1702 1826 1776 ,ξ

166 1793 482 1860 commodo,
545 1794 593 1850 is
639 1796 736 1867 qui
785 1797 891 1853 hoc
927 1806 1227 1854 attentasse
1273 1800 1536 1869 probatus
1589 1800 1755 1857 fuerit

167 1885 385 1955 proprii
455 1886 658 1957 gradus
699 1888 942 1957 periculo
998 1890 1322 1959 subjacebit,
1368 1899 1441 1955 et,
1482 1891 1576 1961 qui
1606 1894 1754 1948 ordi-

166 1987 336 2033 natus
398 1988 519 2044 est,
584 1978 723 2034 nihil
767 1996 836 2036 ex
887 1982 991 2038 hac
1042 1982 1384 2037 ordinatione
1429 1984 1511 2038 vel
1536 2001 1757 2054 promo-

167 2071 319 2125 tione
385 2087 510 2142 quae
568 2080 652 2127 est
689 2087 789 2142 per
828 2074 1250 2144 negotiationem
1298 2074 1438 2131 facta
1474 2077 1753 2147 proﬁciat;

168 2164 267 2219 sed
299 2165 374 2219 sit
396 2164 612 2221 alienus
666 2182 699 2221 a
757 2166 1018 2238 dignitate
1054 2169 1140 2223 vel
1198 2170 1569 2226 sollicitudine
1589 2188 1756 2242 quam

167 2258 425 2327 pecuniis
482 2258 757 2328 quaesivit.
838 2259 895 2313 Si
957 2260 1084 2330 quis
1150 2277 1282 2316 vero
1333 2263 1603 2319 mediator
1644 2273 1758 2319 tam

175 2350 433 2420 turpibus
486 2360 541 2407 et
578 2351 828 2409 nefandis
866 2355 1008 2411 datis
1057 2355 1142 2410 vel
1192 2357 1427 2425 acceptis
1457 2358 1755 2424 exstiterit,

170 2442 219 2497 si
249 2443 475 2512 quidem
532 2444 768 2501 clericus
820 2446 1003 2513 fuerit,
1067 2449 1289 2518 proprio
1314 2450 1482 2519 gradu
1525 2449 1755 2504 decidat.

173 2532 235 2589 Si
272 2551 407 2591 vero
430 2536 605 2593 laicus
648 2547 744 2593 aut
778 2542 1104 2607 monachus,
1139 2543 1648 2598 anathematizctur.
1697 2563 1716 2595 ι

242 2628 314 2684 Et
334 2631 640 2686 notandum
668 2648 835 2702 quam
858 2643 1015 2688 caute
1039 2635 1185 2690 istud
1216 2636 1515 2705 capitulum
1569 2652 1762 2692 omnes

175 2716 620 2774 Simoniaeorum
673 2722 905 2777 astutias
988 2723 1275 2789 excludat;
1331 2741 1456 2778 cum
1519 2727 1765 2795 quolibet

173 2813 339 2867 modo
358 2827 459 2882 per
479 2813 766 2881 pecuniam
789 2823 1091 2883 promotos,
1134 2816 1340 2884 absque
1380 2817 1529 2870 omni
1558 2833 1654 2886 spe
1678 2833 1765 2872 re.

175 2905 548 2974 cuperationis
571 2904 826 2975 deponat.
860 2905 1048 2960 Solent
1078 2906 1223 2961 enim
1269 2905 1563 2963 Simoniaci
1590 2908 1765 2963 diver-

177 2996 255 3051 sis
282 2995 481 3063 modis,
509 2997 604 3052 sed
643 3012 753 3052 uno
775 3006 927 3052 reatu
952 3013 1138 3053 sacras
1180 2999 1472 3069 dignitates
1509 3001 1760 3054 mercari.

1852 506 1933 561 vel
1963 510 2507 567 anathematizandos
2529 528 2650 568 esse
2678 512 2935 568 decrevit.
2970 510 3035 566 Et
3063 522 3212 580 nota,
3242 513 3289 567 si
3313 529 3432 569 me~

1851 600 2030 655 diator
2050 602 2335 671 degradari
2372 604 2455 658 vel
2484 604 2931 660 anathematizari
2973 604 3165 658 merito
3186 604 3430 673 jubctur,

1852 694 1984 763 quid
2012 693 2078 748 de
2106 694 2197 749 illo
2225 711 2417 752 censes
2456 696 2551 766 qui
2580 712 2677 767 per
2710 696 2957 751 eamdem
3008 695 3429 765 negotiationem
3481 765 3494 775 .

1853 786 2073 855 indigne
2094 789 2484 856 promovetur?
2509 787 2622 841 lloc
2646 788 2850 857 utique,
2882 787 3025 856 quod
3052 786 3433 842 sanctissimus

1855 894 1994 949 papa
2018 878 2316 949 Gregorius
2348 880 2463 950 (lib.
2498 897 2594 946 vn,
2621 898 2701 950 ep.
2736 880 2878 947 “2),
2933 880 3044 933 imo
3066 879 3211 949 quod
3248 895 3343 949 per
3365 879 3434 950 il-

1856 971 1971 1041 lum
1998 970 2239 1042 Spiritus
2268 980 2491 1027 sanctus
2525 974 2591 1027 de
2640 972 2956 1043 hujusmodi
3006 970 3436 1043 negotiatoribus

1855 1064 2225 1119 indubitanter
2254 1064 2513 1129 decrevit,
2537 1064 2630 1135 qui
2655 1065 2708 1118 in
2744 1064 2990 1134 ejusdem
3032 1062 3315 1133 apostolici
3337 1076 3436 1115 an-

1854 1157 2108 1221 ricnlam,
2160 1156 2265 1211 sub
2318 1156 2631 1210 columbina
2686 1157 2887 1227 specie,
2942 1154 3197 1224 qumlibet
3244 1153 3434 1207 decer—

1857 1248 2033 1303 nenda
2062 1247 2271 1302 dictare
2293 1247 2596 1303 consuevit.
2624 1245 2826 1315 Nempe
2856 1246 3120 1314 scriptum
3147 1252 3234 1299 est
3262 1244 3316 1299 in
3341 1242 3437 1298 de-

1855 1341 2021 1397 cretis
2053 1340 2190 1406 suis,
2250 1355 2372 1410 cap.
2421 1339 2517 1393 151
2579 1337 2740 1408 (apud
2775 1336 2927 1391 Crat.
2968 1334 3019 1401 Ι,
3044 1352 3095 1406 q.
3138 1336 3189 1400 l,
3220 1351 3266 1388 c.
3296 1334 3387 1404 12»)
3420 1353 3432 1387 :

1863 1454 1881 1486 ε
1925 1434 2249 1504 Quicunque
2267 1448 2398 1504 ergo
2438 1434 2559 1499 hoc,
2598 1430 2652 1486 id
2701 1438 2807 1495 est,
2862 1427 3295 1485 ecclesiasticum
3322 1425 3421 1481 oili-

1856 1526 2023 1591 cium,
2091 1525 2250 1597 pretii
2277 1525 2457 1580 studet
2489 1524 2706 1579 datione
2734 1521 2987 1587 mercari,
3027 1519 3156 1574 dum
3205 1533 3316 1572 non
3356 1517 3439 1571 of-

1858 1620 2041 1674 ﬁcium
2069 1661 2084 1685 ,
2153 1618 2246 1675 sed
2277 1633 2474 1673 nomen
2525 1615 2784 1680 attendit,
2840 1611 3095 1667 sacerdos
3126 1625 3233 1663 non
3282 1624 3436 1674 esse,

1859 1713 1953 1767 sed
2008 1711 2116 1767 dici
2162 1709 2541 1765 tantummodo
2595 1706 2830 1763 inaniter
2880 1701 3238 1771 concupiscit.
3300 1720 3317 1751 ι
3378 1700 3443 1756 Et

1855 1805 2019 1875 paulo
2045 1803 2238 1874 postin
2261 1802 2454 1856 eodem
2492 1815 2613 1869 cap.
2667 1817 2684 1849 ι
2730 1796 2868 1852 Cum
2899 1795 3103 1865 liqueat
3159 1794 3301 1847 hanc
3332 1793 3442 1846 hae-

1854 1897 2019 1952 resim
2052 1899 2107 1950 in
2158 1893 2402 1949 Ecclesia
2444 1899 2571 1946 ante
2596 1905 2787 1945 onmes
2823 1887 3002 1942 radice
3029 1884 3283 1956 pestifera
3312 1884 3442 1937 sub-

1856 1989 2092 2061 repsisse
2123 2030 2137 2054 ,
2205 1994 2369 2057 atque
2420 1985 2476 2038 in
2554 1983 2674 2053 ipsa
2730 1996 2829 2036 sua
2883 1977 3094 2056 origine
3141 1974 3439 2046 apostolica

1855 2097 1976 2139 esse
2003 2080 2360 2136 detestatione
2389 2077 2727 2141 damnatam,
2786 2088 2884 2128 cur
2920 2086 3029 2125 non
3051 2078 3294 2133 cavetur,
3341 2083 3441 2121 cur

1857 2191 1967 2229 non
2017 2172 2368 2243 perpenditur
2426 2168 2555 2239 quia
2612 2164 2920 2223 benedictio
2956 2163 3032 2217 illi
3093 2162 3149 2215 in
3210 2160 3469 2233 maledi-g

1858 2268 2093 2322 ctionem
2157 2262 2493 2319 convertitur
2526 2260 2619 2330 qui
2649 2259 2717 2313 ad
2746 2258 2873 2323 hoc,
2923 2265 2982 2310 ut
3012 2257 3105 2309 fiat
3132 2251 3446 2315 haereticus,

1860 2358 2241 2432 promovetur?
2284 2374 2303 2406 ι
2371 2353 2516 2421 Quid
2542 2367 2672 2423 ergo
2716 2351 2942 2415 mirum,
2995 2348 3042 2402 si
3099 2352 3287 2401 noster
3317 2356 3450 2412 apo-

1861 2453 2090 2509 stolicus
2115 2464 2210 2504 eos
2232 2456 2446 2502 tantum
2478 2445 2547 2500 ab
2582 2440 2975 2499 ecclesiasticis
3019 2435 3342 2493 ministeriis
3364 2449 3468 2517 se—_

1861 2545 2092 2616 paravit,
2137 2556 2276 2611 quos
2322 2536 2712 2593 sanctissimus
2765 2534 2885 2604 ejus
2918 2531 3250 2602 aequivocus,
3299 2534 3357 2581 et
3380 2525 3461 2616 ab!

1862 2638 2106 2693 Ecclesia
2138 2641 2420 2704 separatos
2476 2644 2598 2685 esse
2627 2643 2753 2683 cum
2796 2624 3023 2695 reliquis
3051 2620 3323 2676 haereticis
3350 2618 3448 2673 dc-

1864 2729 2119 2805 putavit?
3384 2806 3394 2811 Δ
3434 2799 3447 2811 .

1937 2824 2068 2877 ευ».
2132 2817 2243 2872 Vll.
2308 2812 2623 2869 Secundum
2674 2822 2893 2879 quoque
2958 2811 3225 2859 statutum
3276 2806 3450 2856 nostri

1866 2911 2152 2987 apostolici
2183 2917 2266 2964 est
2293 2907 2438 2978 quod
2467 2902 2728 2959 ecclesias
2772 2898 3111 2970 emptoribus
3141 2893 3228 2967 [(3.
3354 2907 3463 2987 ea»;

1866 2983 2014 3080 rum]
2047 3003 2212 3061 adimi
2267 2998 2540 3072 praecipit;
2594 2996 2745 3060 item,
2778 2994 2831 3046 in
2857 2990 3115 3063 praedicto
3154 2983 3455 3080 Chalcedo-

176 3086 403 3157 Nempe,
430 3104 577 3143 nunc
598 3088 723 3159 ipsi,
763 3106 910 3144 nunc
942 3106 1043 3159 pro
1070 3090 1201 3159 ipsis
1228 3107 1417 3145 eorum
1448 3092 1607 3145 amici
1633 3108 1751 3162 pre-

1868 3076 2046 3167 nensis
2083 3095 2299 3153 concilii
2336 3089 2593 3160 capitulo,
2621 3086 2748 3140 licet
2789 3085 3043 3147 obscure,
3094 3076 3453 3177 comprehcn-

179 3180 319 3235 tium
376 3195 478 3250 pro
526 3196 687 3236 sacra
736 3182 1015 3251 dignitate,
1068 3183 1149 3236 vel
1188 3191 1313 3237 ante
1360 3182 1758 3237 ordinationem

179 3287 342 3327 suam
373 3273 664 3339 dederunt,
702 3274 787 3328 vel
821 3274 873 3327 in
899 3275 1016 3343 ipsa
1042 3275 1195 3341 dant,
1224 3275 1307 3328 vel
1336 3275 1682 3345 postmodum
1704 3291 1763 3329 se

180 3361 411 3418 daturos
437 3365 783 3433 promittunt.
812 3363 876 3417 Et
898 3364 1002 3418 hoc
1028 3380 1174 3420 nunc
1198 3366 1526 3420 clectoribus
1548 3381 1763 3442 eorum,

183 3470 333 3509 nunc
352 3469 543 3509 eorum
573 3456 981 3511 ordinatoribus
1000 3497 1013 3521 ,
1039 3456 1121 3509 vel
1166 3456 1385 3511 demum
1433 3457 1768 3528 quibuslibet

181 3561 379 3600 eorum
421 3545 749 3603 fautoribus.

258 3636 585 3709 Quicunque
614 3639 778 3709 igitur
806 3640 991 3710 aliquo
1015 3639 1211 3693 horum
1248 3640 1534 3695 modorum
1571 3659 1767 3713 quem-

185 3728 317 3784 libet
347 3730 704 3800 promoverit,
739 3731 823 3785 vel
861 3721 928 3786 se.
960 3731 1139 3800 ipsum
1194 3730 1267 3785 ita
1296 3742 1607 3801 promotum
1649 3750 1770 3789 esse

186 3822 527 3892 cagnoverit,
559 3818 929 3879 indubitanter
966 3839 996 3876 a
1024 3823 1291 3892 superiori
1313 3825 1552 3893 capitulo
1578 3825 1773 3896 degra-

185 3911 309 3966 dari
326 3913 572 3983 jubetur,
597 3929 723 3969 cum
758 3930 854 3984 per
888 3915 1195 3985 pecuniam,
1242 3915 1325 3969 vel
1354 3915 1523 3972 alium
1546 3932 1771 3987 promo-

188 4005 355 4071 visse,
381 4006 468 4059 vel
494 4006 613 4075 ipse
637 4014 924 4075 promotus
969 4021 1090 4064 esse
1147 4021 1257 4060 non
1304 4007 1603 4062 dubitetur.
1665 4006 1772 4063 Sed

190 4112 294 4151 nec
320 4098 426 4153 hoc
458 4098 579 4153 sine
614 4098 1050 4153 consideratione
1089 4098 1527 4169 praetereundum
1561 4099 1776 4154 videtur

188 4190 341 4260 quod
366 4190 509 4245 idem
545 4198 711 4260 caput
765 4190 874 4246 duo
900 4191 1310 4261 negotiatorum.
1324 4206 1521 4262 genera
1548 4192 1777 4247 damna-

190 4281 289 4336 vit.
325 4279 505 4335 Unum
553 4283 774 4353 quidem
815 4298 1006 4337 eorum
1056 4283 1151 4352 qui
1200 4283 1267 4339 ad
1301 4282 1651 4338 diaconatum
1692 4284 1776 4339 vel

191 4373 652 4445 presbyteratum,
678 4375 762 4429 vel
812 4374 878 4429 ad
914 4374 1152 4443 aliquem
1188 4374 1501 4444 bujusmodi
1547 4375 1775 4445 gradum

1866 3217 1990 3259 sum
2018 3196 2256 3253 videtur,
2286 3184 2433 3257 quod
2466 3182 2629 3236 etiam
2666 3175 3030 3247 dispensatori
3066 3168 3460 3227 ecclesiastica-

1866 3308 1992 3349 rum
2018 3299 2201 3344 rerum
2231 3294 2328 3350 per
2348 3275 2635 3347 pecuniam
2674 3276 2926 3340 promoto
2954 3264 3187 3320 ollicium
3228 3261 3452 3351 dispen-

1867 3383 2025 3442 sandi
2059 3368 2482 3450 jubetauferri.
2536 3363 2778 3431 Quilibet
2830 3359 2977 3415 enim
3029 3355 3332 3450 presbyter,
3361 3349 3457 3405 ‘di-

1869 3448 2156 3547 spcnsator
2180 3466 2340 3536 debet
2360 3460 2596 3517 existere
2623 3470 2731 3511 non
2775 3448 3174 3547 pradicationis
3222 3452 3455 3547 tanaim,

1870 3532 1963 3624 sed
2000 3565 2163 3621 etiam
2194 3532 2382 3615 rerum
2423 3548 2668 3607 ecclesiae
2695 3545 2797 3601 sibi
2831 3541 3160 3605 commissa},
3188 3551 3325 3608 quas
3354 3532 3455 3589 SS.

1869 3659 2095 3722 Patres,
2150 3669 2259 3708 non
2322 3646 2496 3704 solius
2554 3637 2894 3713 presbyteri,
2950 3632 3045 3688 sed
3084 3626 3462 3702 quorumlibet

1869 3752 2142 3824 egentium
2173 3738 2487 3800 necessitati
2531 3729 2928 3804 dispensandas
2954 3741 3075 3781 esse
3087 3727 3457 3824 censuerunt.

1943 3840 2213 3894 Praeterea
2249 3833 2306 3885 in
2358 3828 2550 3883 eodem
2579 3821 2757 3893 capite
2805 3818 3029 3873 cuilibet
3055 3811 3462 3873 clericoomnis

1872 3926 2239 3986 ecclesiastica
2265 3916 2579 3977 sollicitudo
2605 3927 2700 3983 per
2723 3910 2959 3981 pretium
2987 3905 3257 3976 acquisita
3298 3903 3461 3973 jube-

1875 4032 1962 4077 tur
1983 4017 2168 4076 adimi.
2198 4014 2501 4069 Procurare
2537 4014 2721 4060 autem
2778 4002 2951 4071 ipsam
2990 3996 3291 4079 Ecclesiam
3332 4007 3459 4046 cum

1875 4107 2199 4169 sacerdotali
2220 4100 2527 4174 diligentia,
2560 4097 2617 4151 ni
2644 4095 2825 4159 fallor,
2846 4088 3118 4147 clericalis
3146 4083 3459 4178 sollicitudo

1875 4215 1961 4261 est
1984 4212 2038 4259 et
2056 4197 2423 4256 ecclesiastica
2453 4211 2465 4246 :
2504 4204 2637 4259 ergo
2657 4186 2789 4243 etin
2824 4184 3016 4239 eodem
3039 4181 3215 4251 capite
3272 4175 3461 4233 Eccle-

1876 4298 1973 4354 sire
2001 4290 2311 4351 sollicitudo
2343 4302 2439 4358 per
2464 4280 2751 4354 pecuniam
2804 4282 3065 4363 nsurpata
3104 4272 3340 4363 iubetur;
3366 4284 3465 4322 au—

1879 4388 2030 4444 ferri.
2060 4384 2233 4449 Unde,
2271 4389 2326 4435 et
2346 4376 2701 4433 beatissimus
2732 4361 2871 4441 papa
2894 4364 3189 4437 Gregorius
3215 4361 3472 4417 scribens

192 4479 292 4534 per
316 4465 610 4534 pecuniam
637 4465 980 4531 ordinantur,
1004 4466 1238 4520 alterum
1260 4481 1453 4520 eorum
1482 4467 1578 4536 qui
1605 4467 1673 4521 ad
1700 4467 1778 4523 di-

1880 4482 1945 4536 ad
1971 4479 2305 4534 Clementem
2352 4470 2720 4524 Bizanzenum
2770 4454 3170 4535 [Bizazenum].
3215 4454 3283 4509 de
3327 4466 3478 4522 quo-

195 4558 565 4627 spensationis
593 4558 979 4625 ministerium,
1005 4558 1087 4612 vel
1115 4558 1182 4613 ad
1212 4557 1433 4629 aliquod
1463 4559 1777 4629 bujusmodi

193 4648 443 4705 eiericale
471 4648 713 4705 ofﬁcium
736 4664 832 4719 per
860 4648 1145 4719 pecuniam
1182 4659 1574 4719 promoventur
1593 4692 1608 4716 ,
1645 4666 1775 4720 qua-

195 4742 263 4797 lis
287 4750 372 4798 est
401 4742 523 4796 vice
570 4741 907 4806 dominatus,
955 4742 1334 4811 praepositum,
1382 4742 1630 4809 deeania,
1692 4757 1782 4796 ar-

196 4834 724 4906 cbipresbyteratus,
753 4841 809 4886 et
836 4833 923 4887 his
946 4834 1164 4887 similia.
1198 4832 1291 4887 Sic
1331 4833 1497 4904 igitur
1521 4840 1576 4887 et
1597 4841 1784 4889 noster

195 4926 535 4996 apostolicus
573 4924 685 4980 duo
710 4925 1114 4996 negotiatorum
1136 4940 1356 4995 genera,
1386 4935 1440 4980 et
1466 4940 1659 4980 omnes
1685 4940 1781 4980 ne-

189 5020 527 5093 gotiantium
562 5019 832 5074 versutias
859 5017 914 5071 in
939 5017 1118 5086 primo
1134 5018 1255 5088 ejus
1277 5026 1481 5073 statuto
1528 5031 1780 5087 compre-

185 5114 410 5179 hendit;
445 5111 505 5165 in
528 5125 642 5180 quo
688 5110 920 5167 clericos
948 5109 1183 5182 aliquem
1219 5125 1501 5166 sacrorum
1526 5109 1780 5164 ordinum

180 5207 444 5279 gradum,
476 5201 570 5257 vel
591 5202 849 5268 cilicium,
892 5216 1114 5273 quoquo
1142 5202 1308 5257 modo
1360 5219 1457 5275 per
1492 5201 1782 5273 pecuniam

177 5301 415 5371 adeptos
456 5295 704 5363 deponit.
753 5293 914 5361 Quod
955 5302 1134 5350 tamen
1192 5303 1452 5351 statutum
1515 5294 1787 5363 superiori

1882 4573 2009 4628 dam
2058 4568 2380 4640 presbytero
2421 4556 2665 4616 decernit
2712 4555 2819 4610 ita:
2877 4572 2895 4603 ι
2937 4549 3029 4615 Ut,
3068 4548 3115 4604 si
3155 4544 3298 4601 idem
3339 4558 3468 4615 pre—

1882 4664 2068 4734 sbyter
2125 4656 2420 4729 quamdam
2471 4647 2761 4707 ecclesiam
2818 4642 3147 4700 obtinuisset
3172 4654 3271 4709 per
3306 4650 3479 4734 pecu:

1883 4724 2052 4819 niam,
2110 4724 2219 4805 non
2263 4748 2440 4805 solum
2483 4742 2673 4798 eadem
2715 4735 2945 4793 ecclesia
3002 4732 3330 4804 privaretur,
3364 4724 3476 4827 .sed

1884 4845 2049 4901 etiam
2078 4838 2405 4914 presbyterii
2465 4836 2675 4889 honore
2735 4828 3083 4900 spoliaretur.
3134 4842 3152 4875 ι
3203 4822 3453 4920 Sic

1885 4911 2342 5008 quein'antiquis
2368 4934 2686 4984 nostrarum
2740 4918 3154 4992 provinciarum
3202 4911 3499 5008 conciliiS,'

1884 5006 2314 5097 lliaguntiacensi
2367 5017 2638 5079 videlicet,
2702 5013 2980 5078 Remensi,
3010 5008 3123 5065 sive
3168 5006 3501 5097 Turonensi.

1884 5091 2152 5178 statutum
2182 5117 2380 5188 legitur
2408 5094 2771 5177 utpresbyter
2800 5104 3091 5161 ecclesiam
3119 5103 3306 5169 pretio
3362 5091 3490 5183 adc-

1885 5219 2015 5283 ptus
2040 5218 2095 5264 et
2118 5201 2463 5280 presbyterio
2484 5207 2538 5253 et
2561 5196 2795 5252 ecclesia
2831 5194 3099 5269 privetur.
3159 5190 3323 5259 Item,
3370 5188 3498 5280 ben.-

1888 5313 1978 5359 tus
2016 5298 2127 5355 Leo
2163 5316 2301 5370 papa
2340 5291 2587 5365 ejusdem
2615 5284 2953 5342 nominile
3004 5293 3201 5340 nostro
3257 5285 3505 5380 tempgt'l
