3984 5380
475 291 614 348 1113

1460 287 1550 342 ΑΙ)
1583 285 1810 342 OPERA
1851 285 1908 341 S.
1952 284 2278 342 GREGORII
2315 285 2762 344 APPENDICES.

3605 288 3756 344 Hi6

473 405 619 474 quod
641 403 930 458 anathema
955 403 1028 458 illi
1056 417 1165 458 non
1201 411 1513 467 evaserunt,
1566 404 1881 472 quicunque
1903 400 2054 454 dein-
2080 401 2126 457 Α
2153 407 2260 454 tem
2285 416 2462 466 suam,
2495 400 2727 456 Domino
2757 407 2995 468 vetante,
3018 401 3086 456 ad
3110 400 3364 458 eiectum
3397 416 3510 456 non
3545 404 3753 472 perdu-

473 511 602 566 ceps
624 503 735 550 tam
758 495 1022 550 nefariam
1047 494 1473 566 negotiationem
1506 503 1759 549 exercere
1782 506 2050 562 pra:an-

473 595 719 657 pserunt.
755 587 913 642 Libet
947 587 1112 658 igitur
1159 586 1506 644 considerare
1549 598 1716 655 quam
1757 585 2051 641 clementer

472 687 658 733 noster
689 679 1022 748 apostolicus
1060 687 1271 734 tantum
1300 686 1511 748 emptas
1541 677 1801 733 ecclesias
1847 685 2054 747 empto-

471 769 846 824 ribus’earum
883 769 1166 837 ademerit,
1213 784 1354 840 quos
1374 769 1532 840 juxta
1595 783 1889 825 censuram
1945 766 2044 822 SS.

470 856 694 915 Patrum
724 870 777 916 et
797 861 1025 918 ecclesia
1055 870 1108 916 et
1161 863 1521 933 presbyterio,
1578 861 1690 916 imo
1735 857 2048 915 Christiano

471 953 690 1008 nomine
725 963 781 1008 et
805 955 1190 1010 communione
1223 954 1516 1024 privandos
1564 968 1688 1008 esse
1733 968 1844 1007 non
1893 953 2049 1024 igno-

468 1043 628 1099 ravit.
1872 1097 1884 1108 .

541 1134 672 1190 CAP.
700 1135 834 1191 Vlll.
871 1136 975 1193 Sed
1004 1154 1102 1192 cur
1125 1138 1182 1192 in
1207 1145 1423 1192 tantum
1453 1135 1792 1203 laboramus,
1821 1143 1882 1190 ut
1914 1151 2050 1206 prab-

467 1225 610 1283 dicta
656 1227 830 1284 nostri
857 1230 1138 1299 mostolici
1163 1237 1365 1286 statuta
1393 1245 1460 1284 ex
1484 1229 1758 1301 synodicis
1809 1226 1909 1282 SS.
1945 1227 2048 1283 Pa-

470 1325 613 1372 trum
657 1321 942 1378 sententiis
985 1323 1323 1392 processisse
1377 1321 1858 1386 demonstremus,
1919 1335 2047 1374 cum

465 1412 655 1467 eadem
679 1428 744 1468 ex
773 1413 894 1485 ipso
933 1429 1106 1470 sacrae
1150 1415 1446 1485 Scriptura?
1483 1413 1723 1468 armario
1759 1428 2050 1470 emanasse

468 1503 678 1559 nullum
721 1505 970 1562 dubitare
1016 1507 1291 1563 eruditum
1352 1507 1644 1577 putemus?
1682 1504 1818 1560 Nam
1861 1507 1916 1560 in
1951 1523 2046 1562 ea-

465 1593 588 1648 dem
619 1593 918 1666 Scriptura,
951 1614 1142 1657 omnes
1177 1615 1426 1671 personae
1469 1608 1579 1654 tam
1623 1598 1820 1655 nefarii
1846 1601 2047 1656 merci-

465 1687 638 1742 monii
674 1688 944 1746 damnatae
981 1692 1348 1762 reperiuntur,
1397 1692 1605 1748 scilicet
1645 1703 1701 1747 et
1738 1693 2048 1754 venditores

465 1779 833 1848 spiritualium
855 1783 1158 1854 ofﬁciorum
1180 1794 1237 1841 et
1265 1795 1539 1857 emptores
1576 1795 1740 1857 atque
1763 1787 1929 1857 hujus
1950 1803 2046 1842 ne-
2075 1789 2120 1844 B

463 1871 594 1942 gotii
620 1874 964 1932 mediatores.
1002 1876 1122 1948 Ipse
1142 1878 1288 1933 enim
1313 1877 1578 1935 Dominus
1612 1898 1630 1930 ‹
1676 1879 1882 1949 pariter
1913 1895 2046 1936 ven-

461 1963 650 2020 dente:
713 1976 768 2022 et
805 1979 1048 2025 ementes
1081 1971 1150 2025 de
1175 1970 1376 2041 templo
1407 1987 1509 2026 suo
1546 1970 1727 2042 ejecit,
1759 1980 1816 2028 et
1856 1973 2043 2027 cathe-

461 2055 591 2114 dras
648 2061 1000 2117 vendentium
1027 2063 1311 2119 columbas
1359 2083 1378 2116 ι
1431 2064 1547 2134 jam
1573 2072 1706 2120 tunc
1749 2065 1866 2134 ipse
1900 2081 2044 2119 ever-

461 2151 526 2203 tit
545 2151 762 2220 (Matth.
781 2171 874 2208 χιι
894 2154 1086 2222 ;ll!arc.
1116 2155 1218 2226 si).
1245 2155 1401 2224 Quod
1425 2157 1482 2211 S.
1515 2155 1812 2228 Gregorius
1838 2157 1928 2212 ille
1949 2172 2040 2212 no-

461 2252 574 2300 ater
599 2245 888 2318 theologus
917 2247 973 2302 in
998 2264 1111 2302 χχιι
1153 2247 1239 2320 [(2.
1277 2247 1342 2302 Β.
1383 2263 1517 2314 xvn,
1544 2257 1594 2302 et
1625 2246 1786 2318 recte]
1816 2247 2043 2302 homilia

459 2337 685 2408 exponit
719 2337 823 2392 ita:
872 2357 891 2390 (
936 2338 1208 2395 Cathedra
1229 2354 1358 2411 ergo
1384 2338 1732 2394 vendentium
1757 2338 2042 2395 columbas

459 2427 724 2483 evertitur
751 2469 767 2496 ,
840 2430 1062 2500 quando
1140 2430 1196 2486 hi
1257 2431 1350 2500 qui
1407 2431 1747 2500 spiritualem
1810 2431 2038 2502 gratiam

457 2519 715 2586 vendunt,
791 2521 874 2576 vel
924 2530 1052 2578 ante
1083 2521 1376 2590 humanos,
1441 2522 1525 2585 vel
1559 2531 1684 2578 ante
1725 2521 1820 2577 Dei
1849 2523 2039 2578 oculos

456 2611 764 2668 sacerdotio
821 2613 1124 2684 privantur.
1175 2634 1192 2667 ι
1254 2613 1322 2670 Ει
1355 2615 1572 2670 merito.
1619 2613 1758 2669 Nam
1789 2614 1907 2684 ipsa
1933 2612 2038 2669 Ve-

454 2703 591 2759 ritas
643 2705 886 2775 praecipit
937 2707 993 2760 in
1047 2695 1374 2778 Evangelia:
1422 2726 1440 2760 ί
1500 2706 1684 2764 Gratis
1723 2705 2034 2776 accepistis,

455 2795 625 2864 gratis
681 2795 804 2851 date
841 2796 1058 2869 (Matth.
1099 2798 1196 2870 x);
1259 2819 1278 2849 ι
1353 2799 1526 2869 quod,
1574 2797 1882 2870 cum'tales
1926 2812 2034 2852 non

455 2887 755 2956 attendant,
786 2890 951 2944 etiam
979 2906 1008 2945 a
1036 2889 1146 2945 Deo
1180 2892 1392 2961 seipsos
1437 2889 1699 2956 alienant,
1738 2889 1832 2959 qui
1869 2889 1922 2943 in
1949 2903 2069 2963 eo-_

455 2978 580 3033 dem
631 2979 926 3054 Evangelio
971 2981 1136 3036 dicit:
1186 3003 1204 3034 ι
1251 2982 1354 3050 Qui
1416 2990 1501 3037 est
1549 2998 1615 3036 ex
1683 2980 1813 3047 Deo,
1868 2977 2032 3036 verba

453 3067 548 3125 Dei
581 3072 760 3138 audit;
790 3072 934 3140 ideo,
959 3088 1056 3129 vos
1079 3091 1186 3130 non
1237 3075 1456 3141 auditis,
1512 3074 1639 3144 quia
1666 3089 1734 3128 ex
1780 3072 1892 3128 Deo
1923 3087 2029 3127 non

453 3163 585 3219 estis
611 3163 791 3236 (Joan.
820 3167 959 3238 vm).
1011 3187 1029 3220 ι

523 3254 789 3312 Praeterea
806 3257 1057 3328 princeps
1081 3259 1454 3328 apostolorum
1477 3257 1692 3325 Petrus,
1716 3259 1828 3314 imo
1849 3272 1946 3330 per
1970 3257 2034 3312 il-

452 3347 566 3402 lum
598 3347 713 3418 ipse
741 3347 994 3405 Christus
1015 3351 1272 3406 omnibus
1286 3350 1523 3419 praelatis
1545 3351 1601 3404 in
1630 3338 1876 3416 Ecclesia
1894 3365 2035 3420 prte-

454 3439 583 3508 cipit
606 3441 708 3495 ita:
731 3461 748 3492 ι
769 3439 1001 3508 Pascite,
1021 3442 1114 3511 qui
1137 3443 1190 3496 in
1209 3443 1366 3499 vobis
1390 3452 1496 3510 est,
1521 3459 1736 3515 gregem
1761 3444 1876 3509 Dei,
1901 3459 2034 3514 pro-

454 3529 699 3586 videntes
721 3548 828 3588 non
842 3542 1046 3598 coacte,
1074 3534 1167 3589 sed
1183 3543 1482 3604 spontanee
1518 3535 1818 3591 secundum
1840 3535 2033 3600 Deum,

456 3632 565 3672 non
581 3619 753 3690 turpis
788 3620 925 3676 lucri
949 3621 1143 3692 gratia,
1172 3623 1266 3678 sed
1297 3623 1602 3679 voluntarie
1626 3623 1682 3695 (Ι
1706 3623 1856 3680 Patr.
1884 3626 1959 3694 v).
2009 3645 2026 3676 ι

455 3707 654 3764 Contra
687 3711 794 3769 hoc
825 3725 1151 3785 praeceptum
1199 3717 1273 3770 illi
1314 3728 1483 3789 agunt
1518 3718 1833 3790 quicunque
1868 3720 2033 3790 spiri-

459 3801 601 3856 tuale
626 3801 858 3859 olﬁcium
883 3821 983 3876 pro
1009 3808 1266 3866 saeculari
1298 3810 1452 3865 lucro
1493 3809 1752 3882 subjectis
1779 3811 1894 3867 suis
1921 3819 2035 3867 tur-

454 3893 594 3963 piter
623 3894 956 3966 impcndunt.
995 3899 1072 3955 De
1105 3902 1303 3971 quibus
1337 3903 1476 3958 idem
1507 3903 1816 3973 apostolus,
1846 3903 1902 3958 in
1933 3920 2033 3959 sua

453 3985 742 4052 posteriori
773 3984 1012 4058 Epistula
1033 3999 1260 4048 testatur
1296 4013 1308 4048 :
1347 3991 1581 4054 rSecuti
1615 4003 1742 4050 sunt
1766 3995 1911 4050 viam
1931 3995 2034 4050 Ba-

455 4073 592 4130 laam
636 4090 701 4130 ex
731 4075 922 4147 Bosor,
965 4081 1058 4151 qui
1105 4083 1411 4138 mercedem
1452 4083 1758 4155 iniquitatis
1797 4086 2030 4152 amavit;

454 4169 850 4237 correptionem
909 4187 1038 4228 vero
1085 4173 1274 4230 habuit
1317 4191 1432 4230 suae
1478 4175 1713 4231 vesanize
1753 4177 2036 4248 subjugale

453 4265 661 4312 mutum
685 4258 934 4336 [animal]
989 4263 1045 4317 in
1073 4264 1310 4319 hominis
1331 4281 1464 4320 voce
1487 4266 1737 4335 loquens,
1755 4267 2034 4336 prohibuit

451 4349 725 4418 prophetm
747 4351 1111 4422 insipientiam
1135 4353 1224 4422 (ΙΙ
1251 4354 1399 4410 Petr.
1417 4357 1500 4424 ιι).
1523 4375 1542 4406 ι
1561 4355 1716 4422 Quod
1741 4355 2033 4412 Venerabi-

451 4435 518 4493 lis
541 4439 818 4511 presbyter
843 4441 985 4498 Beda
1013 4443 1068 4496 in
1096 4451 1329 4520 tractatu
1356 4459 1521 4515 super
1553 4447 1802 4501 eamdem
1822 4447 2030 4518 episto-

2155 493 2252 556 xit,
2287 509 2389 548 nec
2408 493 2716 548 mercedem
2761 493 3066 562 iniquitatis
3097 495 3334 564 accepit;
3381 495 3478 564 qui
3503 503 3696 549 tamen
3721 512 3752 549 a

2151 583 2262 639 Deo
2290 584 2646 654 reprobabilis
2669 585 2978 650 denotatur,
3023 593 3084 639 ut
3115 585 3269 639 asina
3293 585 3416 654 ejus
3447 585 3756 654 sapientior

2149 693 2216 732 eo
2247 677 2524 732 vesaniam
2543 677 2664 746 ejus
2691 686 2746 735 et
2775 677 3139 748 insipientiam
3171 678 3508 747 corripuisse
3535 688 3592 732 et
3617 693 3752 732 eum

2150 785 2181 824 a
2205 768 2388 841 gladio
2414 769 2728 825 resistentis
2757 769 2934 840 angeli
2969 769 3239 839 eripuisse
3287 769 3531 842 legatur;
3577 785 3750 840 quam

2149 861 2267 931 ipse
2286 861 2522 932 angelus
2535 877 2644 915 non
2665 861 2992 915 morituram
3015 859 3135 916 fore
3147 867 3382 916 testatus
3397 869 3504 928 est,
3526 861 3750 915 etiamsi

2149 953 2327 1023 ipsum
2364 953 2658 1023 reprobum
2693 951 3014 1022 pr0phetam
3061 949 3240 1006 debita
3278 961 3456 1006 morte
3513 953 3724 1006 multas

2147 1055 2230 1101 set
2275 1044 2464 1118 (Num.
2505 1043 2670 1111 xxii).
2725 1043 2784 1098 Si
2821 1058 2952 1115 ergo
2987 1043 3210 1098 Balaam
3249 1052 3465 1098 tantum
3508 1043 3749 1098 amando

2148 1138 2453 1194 mercedem
2503 1135 2809 1207 iniquitatis
2858 1149 2892 1191 a
2941 1135 3052 1191 Deo
3099 1136 3300 1208 legitur
3353 1135 3744 1207 reprobabilis,

2147 1235 2353 1298 quanto
2401 1225 2575 1298 magis
2615 1227 2704 1283 ille
2738 1227 2882 1282 inter
2909 1227 3169 1298 repmbos
3205 1236 3289 1283 est
3317 1227 3746 1298 computandas,

2145 1321 2240 1390 qui
2281 1335 2406 1376 eum
2441 1319 2686 1374 Balaam
2723 1319 2794 1375 de
2859 1319 3206 1390 iniquissima
3260 1321 3578 1376 venditione
3632 1322 3738 1390 spi-

2147 1410 2361 1469 ritualis
2399 1411 2560 1468 oﬂicii
2601 1411 2839 1482 pretium
2886 1411 3290 1468 studiosissime
3333 1413 3596 1488 requirit,
3639 1429 3748 1468 nec

2147 1513 2348 1572 cessat,
2411 1504 2585 1562 donec
2614 1503 2968 1560 ambitionem
3007 1519 3166 1560 suam
3210 1505 3280 1560 ad
3315 1504 3576 1560 effectum
3617 1519 3736 1575 per-

2145 1593 2347 1649 ducat?

2215 1725 2484 1781 Praeterea
2530 1725 2725 1782 beatus
2763 1723 3158 1799 Hieronymus,
3197 1726 3254 1780 in
3296 1736 3537 1783 tractatu
3581 1745 3736 1799 super

2145 1820 2478 1887 Matthaaum,
2496 1819 2648 1876 illum
2671 1821 2907 1876 scribam
2931 1821 3025 1892 qui
3049 1819 3188 1875 dixit
3203 1819 3334 1876 Jesu
3363 1841 3375 1875 :
3417 1840 3436 1873 ‹
3467 1819 3738 1892 Magister,

2145 1926 2344 1982 sequar
2379 1918 2431 1966 te
2467 1925 2798 1980 quocunque
2833 1909 2963 1965 ieris
2993 1909 3209 1981 (Matth.
3243 1912 3389 1980 vni),
3435 1911 3560 1964 ideo
3585 1926 3711 1980 repn

2143 2000 2350 2056 diatum
2385 2015 2415 2055 a
2439 1999 2674 2054 Domino
2691 2007 2924 2056 testatur
2943 2000 3092 2070 quia,
3109 2015 3260 2056 more
3288 2000 3540 2056 Simonis
3571 2002 3731 2072 magi,

2141 2093 2266 2145 eum
2294 2090 2449 2160 sequi
2482 2089 2742 2156 voluerit,
2776 2097 2839 2144 ut
2864 2103 2932 2144 ex
2957 2087 3180 2159 operum
3215 2090 3508 2145 miraculis
3530 2081 3757 2146 lucrum

2142 2167 2547 2248 assequ‘eretur.
2589 2177 2742 2234 Unde
2771 2188 2825 2234 et
2854 2179 2958 2234 sibi
2988 2193 3019 2232 a
3051 2176 3284 2235 Domino
3321 2165 3697 2250 respondetur
3721 2201 3734 2234 :

2148 2289 2165 2320 ε
2180 2268 2379 2339 Vulpes
2404 2268 2857 2336 foveashabent,»
2874 2279 2928 2324 et
2951 2269 3190 2340 reliqua;
3219 2285 3283 2326 ac
3302 2271 3609 2328 sidieeret:
3635 2273 3732 2328 Cur

2139 2371 2360 2430 propter
2394 2362 2543 2418 lucra
2574 2369 2628 2416 et
2663 2362 2882 2418 divitias
2925 2377 3012 2418 me
3050 2362 3135 2418 vis
3175 2363 3368 2432 sequi,
3409 2379 3541 2418 cum
3584 2373 3734 2417 tanta

2140 2453 2242 2511 sim
2271 2453 2608 2523 paupertatis
2631 2461 2692 2508 ut
2712 2469 2813 2508 nec
2837 2453 3121 2524 proprium
3149 2453 3384 2508 habeam
3411 2454 3733 2524 hospitium,

2139 2561 2264 2602 cum
2291 2546 2480 2615 vulpes
2504 2545 2666 2600 etiam
2690 2553 2744 2600 et
2769 2545 3022 2601 volucres
3046 2547 3296 2616 praprias
3320 2547 3568 2602 habeant
3592 2561 3724 2600 man-

2139 2637 2366 2694 siones?
2412 2655 2430 2689 I
2474 2635 2533 2691 Si
2563 2636 2729 2708 igitur
2763 2637 2854 2692 ille
2887 2637 2982 2706 qui
3027 2637 3310 2707 spirituale
3341 2638 3585 2695 oﬂicium
3639 2654 3732 2708 pro

2138 2729 2293 2785 lucro
2338 2736 2550 2783 tantum
2589 2743 2847 2784 exercere
2879 2727 3055 2782 voluit
3087 2727 3157 2783 ab
3192 2728 3313 2798 ipso
3345 2727 3589 2784 Domino
3617 2730 3732 2798 jure

2137 2821 2483 2891 reprobatur,
2511 2827 2718 2890 quanto
2744 2819 2920 2891 magis
2952 2819 3041 2874 ille
3069 2819 3162 2890 qui
3185 2829 3241 2873 et
3273 2819 3604 2889 hujusmodi
3629 2819 3716 2874 oili

2137 2914 2282 2970 cium
2314 2913 2530 2983 penitus
2553 2911 2674 2968 aliis
2697 2911 3006 2966 vendidisse
3035 2909 3342 2983 detegitur?

2181 3041 2335 3102 'CAP.
2377 3045 2468 3101 IX.
2510 3043 2794 3117 Emptores
2823 3053 3004 3100 autem
3036 3044 3408 3114 spiritualium
3452 3061 3580 3100 cum
3617 3046 3729 3114 ipso

2054 3153 2098 3215 ς
2130 3139 2375 3210 principe
2411 3153 2600 3193 eorum
2641 3135 2866 3192 Simone
2894 3135 3050 3207 Mago
3082 3137 3137 3190 in
3173 3136 3406 3192 Actibus
3449 3139 3726 3206 apostolo-

2135 3247 2258 3286 rum
2289 3229 2531 3284 damnati
2563 3229 2836 3300 leguntur.
2876 3226 2980 3283 Ubi
3009 3229 3098 3282 ille
3129 3237 3314 3283 noster
3353 3227 3551 3282 Simon
3581 3229 3728 3298 prin-

2133 3336 2260 3390 ceps
2291 3319 2687 3389 apostolorum,
2709 3319 2961 3374 eumdem
3001 3318 3166 3372 alium
3205 3317 3494 3374 Simonem
3528 3319 3728 3388 princi-

2133 3428 2254 3482 pem
2281 3419 2652 3481 apostatarum
2687 3419 2890 3464 aeterna
2926 3409 3274 3466 damnatione
3345 3411 3624 3476 multavit,
3660 3413 3730 3464 ita

2132 3502 2471 3556 decernens:
2510 3519 2530 3553 ‹
2565 3499 2801 3556 Pecunia
2843 3508 2934 3578 tua
2971 3507 3148 3556 tecum
3189 3501 3260 3556 sit
3304 3501 3358 3554 in
3401 3502 3724 3571 perditione,

2133 3590 2392 3660 quoniam
2431 3590 2759 3646 existimasti
2805 3589 3010 3645 donum
3045 3589 3140 3644 Dei
3173 3591 3407 3661 pecunia
3439 3593 3724 3661 possideri.

2073 3685 2076 3688 ’
2132 3679 2250 3734 Νοη
2277 3689 2362 3736 est
2405 3679 2504 3735 tibi
2546 3695 2676 3750 pars
2707 3694 2883 3749 neque
2929 3694 3050 3734 sors
3079 3679 3134 3733 in
3165 3694 3420 3734 sermone
3453 3681 3580 3734 isto.
3625 3679 3726 3735 Cor

2133 3780 2287 3826 tuum
2316 3787 2424 3827 non
2455 3778 2540 3826 est
2564 3778 2774 3825 rectum
2804 3784 2992 3825 coram
3033 3768 3162 3824 Deo.
3207 3768 3594 3824 Ptenitentiam
3630 3771 3725 3824 ita-

2132 3879 2238 3932 que
2260 3878 2357 3932 age
2379 3861 2446 3916 de
2476 3862 2580 3916 hac
2610 3859 2820 3915 malitia
2849 3869 2965 3928 tua,
3007 3867 3061 3914 et
3109 3875 3239 3932 roga
3284 3859 3482 3928 Deum,
3517 3861 3564 3917 si
3590 3860 3723 3916 forte

2132 3953 2440 4007 remittatur
2466 3953 2560 4006 tibi
2585 3952 2701 4007 haec
2727 3952 2986 4022 cogitatio
3013 3952 3193 4008 cordis
3216 3952 3316 4006 tui.
3348 3951 3408 4006 In
3435 3953 3559 4008 felle
3583 3956 3722 4009 enim

2131 4042 2510 4098 amaritudinis
2529 4050 2584 4098 et
2605 4041 2934 4114 obligatione
2951 4041 3254 4112 iniquitatis
3282 4042 3444 4098 video
3477 4051 3531 4097 te
3551 4060 3716 4100 esse.»

2113 4133 2486 4204 ’llcspondcns
2517 4141 2698 4188 autem
2728 4132 2915 4188 Simon
2943 4131 3078 4187 dixit
3117 4151 3130 4186 :
3173 4130 3525 4187 «Precamini
3551 4143 3605 4189 et
3630 4149 3721 4188 vos

2131 4241 2230 4294 pro
2255 4241 2342 4280 me
2371 4225 2439 4280 ad
2489 4224 2682 4292 Deum,
2715 4233 2775 4278 ut
2818 4224 2952 4278 nihil
2986 4224 3167 4279 veniat
3200 4238 3372 4292 super
3397 4240 3490 4280 me
3526 4225 3719 4280 horum

2130 4334 2252 4388 qua:
2288 4317 2504 4374 dixistis
2535 4317 2676 4387 (Act.
2703 4318 2844 4390 vtu).
2877 4335 2895 4369 ι

2199 4451 2267 4508 Et
2309 4461 2438 4507 nota
2488 4453 2666 4522 ipsum
2717 4451 3137 4507 haeresiarcbam
3180 4449 3464 4506 Simonem
3506 4451 3716 4523 Magum

451 4529 559 4584 lam
587 4531 848 4588 dilucidat
869 4533 941 4588 ita
973 4552 1016 4587 ει
1047 4533 1184 4588 Nam
1212 4534 1298 4606 [Ο.
1325 4535 1392 4589 R.
1419 4535 1847 4610 Nonnunquam]
1871 4539 2028 4594 multi
2064 4519 2106 4574 Ῑ)
2134 4559 2234 4614 pro
2271 4545 2388 4599 sola
2428 4519 2640 4598 nei‘aria
2671 4542 2998 4613 cogitatione
3027 4541 3097 4596 ab
3123 4541 3408 4612 aequivoco
3437 4557 3544 4598 suo
3570 4519 3716 4597 dam-

449 4618 854 4678 Catholicorum
892 4623 947 4678 in
988 4633 1198 4680 tantum
1229 4627 1533 4682 mercedem
1556 4639 1742 4684 amant
1770 4629 2028 4700 iniquita-

448 4711 520 4770 tis
539 4715 782 4771 utetiam
815 4715 962 4772 docti
985 4719 1054 4774 ab
1082 4719 1318 4787 indoctis
1335 4761 1350 4786 ,
1381 4735 1411 4774 a
1447 4720 1602 4776 laicis
1626 4721 1808 4777 clerici
1831 4723 2025 4778 merito

446 4804 785 4875 lacerentur;
838 4810 954 4879 qui,
984 4811 1111 4880 jure
1153 4820 1542 4882 comparantur
1594 4813 1870 4884 prophetae
1928 4816 2022 4886 qui

444 4895 626 4954 verbis
664 4899 834 4956 asinae
864 4911 1055 4956 contra
1094 4911 1345 4958 naturam
1381 4903 1656 4974 loquentis
1691 4905 2016 4977 corripitur;

445 5003 548 5044 nec
561 4997 740 5045 tamen
755 5008 798 5054 _a
821 4995 1100 5064 proposito
1120 4997 1272 5066 pravi
1288 4996 1500 5052 itineris
1529 4997 1856 5052 retardatur.
1883 5019 1900 5048 ι
1919 4997 2026 5054 lste

443 5077 694 5133 videlicet
713 5078 930 5136 Balaam
962 5085 1104 5140 idem
1135 5101 1256 5142 esse
1282 5087 1570 5152 asseritur,
1607 5087 1702 5152 qui
1728 5097 1782 5142 ct
1805 5089 2022 5142 beatum

2133 4645 2352 4703 natum,
2398 4651 2566 4706 quem
2595 4635 2848 4690 videlicet
2885 4632 3164 4703 spirituale
3208 4631 3449 4687 olIicium
3489 4635 3716 4688 mercari

2130 4725 2475 4788 solummodo
2496 4724 2788 4796 cogitasse,
2803 4724 3113 4778 nullatenus
3123 4731 3304 4778 autem
3328 4732 3444 4778 tam
3457 4725 3712 4778 nefariam

2128 4817 2549 4890 negotiationem
2585 4816 2819 4887 legimus
2847 4815 3118 4886 implesse.
3144 4813 3382 4870 Videsne
3419 4831 3590 4884 quam
3630 4831 3714 4869 ra—

2125 4908 2463 4966 tionabiliter
2511 4907 2590 4963 illi
2615 4909 2942 4964 damnentur
2977 4907 3070 4977 qui
3099 4914 3155 4962 et
3175 4914 3287 4960 tam
3319 4906 3627 4972 inbianter,
3655 4914 3712 4963 ut

2128 5003 2319 5059 Simon
2359 5002 2571 5074 Magus,
2621 5002 2923 5072 spiritualia
2965 4999 3137 5058 cilicia
3175 5000 3407 5055 mercari
3459 5002 3712 5070 concupi-

2127 5101 2321 5152 scunt.
2347 5103 2402 5148 et
2435 5093 2660 5152 insuper
2681 5093 3044 5148 desideratam
3089 5092 3516 5152 negotiationem
3550 5092 3705 5152 perﬁ-
