3984 5380
113 379 268 436 111⁸1

1012 377 1302 434 APPEND.
1347 378 1432 433 Ill.
1474 409 1546 420 ——
1583 376 2020 434 MONUMENTA
2057 381 2526 439 GREGORlANA.

3274 383 3412 437 lll8

111 503 229 559 ret,
252 507 370 547 non
385 499 449 546 ut
473 489 707 546 ofﬁcium
731 489 1027 546 criminose
1050 501 1348 562 appetitum
1371 493 1728 548 criminosius
1756 493 1800 549 Δ
1827 493 2139 563 hujusmodi
2172 505 2532 550 mercatorem
2579 493 2693 550 sive
2727 491 3126 549 mercenarium
3163 491 3266 546 sub
3305 507 3410 548 no-

111 586 426 639 obtineret.

189 677 306 732 Sed
337 692 439 732 cur
462 674 604 730 idem
625 674 991 730 baeresiarcba
1021 675 1308 744 spiritualc‘
1325 675 1560 730 officium
1585 690 1724 729 mer-

109 766 238 820 cari
266 765 602 835 appetisset,
637 764 742 822 nisi
775 774 1020 835 emptum
1052 765 1247 820 deinde
1272 765 1560 820 nefandius
1587 782 1722 820 ven-

109 856 253 912 drrc
303 855 504 910 vellet?
538 853 658 908 Non
689 854 838 909 enim
874 853 1081 908 frustra
1111 854 1178 909 de
1205 869 1271 910 eo
1301 855 1562 925 scriptum
1601 870 1722 910 esse

110 947 366 1000 videtur.
397 944 555 1013 Quod
583 945 836 1016 stupidus
868 945 936 1000 de
958 945 1130 1016 signis
1150 955 1203 1000 et
1223 947 1520 1002 virtutibus
1543 947 1721 1002 admi-

113 1047 377 1106 raretur;
409 1053 553 1119 quae,
589 1046 650 1093 ut
690 1037 806 1109 ipse
833 1047 1021 1108 posset
1059 1037 1258 1106 facere,
1309 1056 1406 1110 per
1435 1041 1722 1111 pecuniam

113 1144 286 1184 suam
327 1130 503 1186 voluit
555 1130 786 1198 edicere,
833 1130 1080 1186 videlicet
1143 1151 1162 1184 ι
1200 1141 1282 1198 ut,
1321 1133 1477 1203 juxta
1527 1132 1721 1188 Hiero-

115 1223 276 1294 nymi
319 1225 710 1290 assertionem,
749 1225 1046 1296 temporale
1085 1226 1300 1280 lucrum
1332 1241 1398 1280 ex
1443 1227 1724 1282 miraculis

115 1322 534 1383 assequentur.
577 1334 596 1366 ι

193 1403 346 1476 Ergo
365 1421 477 1461 non
499 1406 676 1462 solum
701 1415 1000 1478 emptores,
1023 1408 1117 1464 sed
1149 1417 1203 1463 et
1225 1408 1536 1462 venditores
1556 1407 1723 1477 spiri—

115 1495 360 1552 tualium
415 1496 720 1554 ciliciorum
769 1507 1069 1554 sectatores
1106 1497 1316 1569 praefati
1348 1499 1725 1553 haeresiarcluc

116 1590 478 1644 denotantur.
513 1587 669 1645 Unde
696 1597 751 1646 et
787 1605 914 1645 cum
944 1591 1134 1645 eodem
1170 1585 1387 1644 aeternae
1411 1589 1723 1644 damnatio-

117 1679 210 1735 nis
249 1679 476 1735 vinculo
502 1680 712 1736 astricti
749 1695 859 1736 non
891 1681 1540 1747 dubitantnr,attestante
1567 1681 1724 1734 beato

117 1769 368 1837 Gelasio,
399 1770 456 1826 in
490 1771 724 1828 decretis
749 1772 886 1838 suis,
921 1788 1041 1842 cap.
1068 1773 1180 1841 ει(
1212 1771 1385 1841 Epist.
1418 1773 1472 1838 6,
1505 1773 1554 1837 Ι,
1585 1786 1639 1842 q.
1669 1773 1722 1837 l,

115 1881 167 1918 ε.
193 1863 254 1934 6)
277 1884 295 1918 :
332 1883 352 1916 ι
389 1863 540 1932 Quos
571 1881 704 1921 vero
736 1865 1040 1920 constiterit
1066 1865 1317 1934 indignos
1359 1865 1588 1928 meritis,
1628 1880 1719 1918 sa—

119 1969 278 2009 cram
326 1961 600 2010 mercatos
645 1969 768 2010 esse
817 1954 994 2025 pretio
1049 1954 1387 2023 dignitatem,
1441 1955 1722 2009 convictos

119 2053 342 2114 oportet
368 2044 564 2108 arceri,
596 2060 704 2098 non
730 2043 849 2099 sine
869 2044 1112 2115 periculo
1134 2044 1345 2100 facinus
1366 2045 1473 2098 tale
1495 2054 1719 2114 patran-

118 2143 227 2202 tes,
273 2135 406 2207 quia
445 2136 665 2191 dantem
705 2136 910 2206 pariter
950 2144 1006 2190 et
1039 2136 1397 2206 accipientem
1438 2137 1722 2191 damnatio

121 2226 394 2294 Simonis,
417 2243 583 2299 quam
601 2245 756 2284 sacra
780 2229 943 2283 lectio
965 2236 1215 2294 testatur,
1239 2230 1480 2284 involvit.
1517 2249 1534 2280 ι
1570 2228 1722 2284 llanc

122 2331 309 2376 autem
333 2320 642 2391 generalem
673 2320 1032 2388 sententiam,
1065 2322 1259 2378 beatus
1298 2321 1548 2379 Gelasius
1581 2338 1721 2392 papa

123 2426 223 2481 per
271 2420 541 2468 tractatus
591 2413 933 2484 singulorum
975 2413 1242 2485 graduum
1284 2414 1720 2470 ordinationibus

124 2503 450 2569 subintulit;
481 2503 622 2558 inter
647 2520 788 2574 quos
811 2505 976 2559 etiam
999 2505 1277 2570 ostiarios,
1309 2506 1573 2570 notarios,
1607 2505 1722 2560 sive

121 2593 448 2649 defensores
475 2595 804 2661 numeravit,
835 2596 929 2666 qui
961 2611 1060 2651 nec
1081 2611 1176 2665 per
1199 2612 1393 2652 manus
1419 2596 1721 2666 impositio—

123 2699 252 2740 nem
301 2685 645 2751 ordinantur,
696 2701 796 2742 nec
844 2687 947 2756 ipsi
991 2703 1185 2743 manus
1227 2688 1388 2743 alicui
1443 2688 1722 2757 imponere

125 2777 521 2845 permittuntur
547 2777 718 2848 (991).
751 2777 904 2833 Unde
926 2788 980 2834 et
1009 2779 1159 2834 illum
1183 2781 1238 2834 in
1261 2780 1494 2836 decretis
1515 2779 1572 2833 S.
1597 2781 1721 2835 Ale-

127 2867 322 2924 xandri
353 2867 727 2926 Simoniacum
754 2872 938 2926 vocari
971 2887 1078 2926 non
1103 2871 1328 2925 dubium
1357 2881 1460 2937 est,
1482 2873 1575 2942 qui
1601 2889 1718 2942 pm-

126 2961 392 3015 nitentem
419 2961 486 3016 ad
502 2963 1000 3019 reconciliationem
1029 2978 1128 3034 pro
1157 2963 1332 3033 pretio
1352 2963 1494 3033 apud
1516 2964 1722 3034 episco-

127 3067 260 3124 pum
283 3051 462 3123 juvat.
494 3051 575 3108 Ex
604 3070 711 3126 qua
737 3071 796 3110 re
819 3053 907 3126 [C.
937 3053 998 3108 R.
1029 3053 1263 3126 ratione]
1311 3055 1583 3125 colligitur
1611 3071 1718 3108 non

127 3144 308 3200 solum
340 3145 463 3200 illos
493 3146 733 3216 reputari
762 3147 904 3201 inter
939 3147 1307 3212 Simoniacos,
1345 3147 1440 3218 qui
1469 3163 1565 3216 per
1592 3161 1717 3216 pre-
1747 3167 1788 3222 (ι

129 3236 266 3290 tium
303 3237 372 3291 ad
403 3253 602 3292 manus
627 3237 1026 3308 impositionem
1063 3240 1405 3308 perveniunt,
1453 3240 1546 3294 sed
1569 3249 1623 3293 et
1651 3240 1718 3292 il-

128 3327 231 3392 los,
260 3327 355 3398 qui
379 3337 435 3383 et
462 3329 571 3384 alia
599 3329 1107 3385 clericorumoilicia
1126 3331 1719 3401 perpecuniamacqui-

130 3429 278 3474 runt.
340 3419 538 3475 Omnia
595 3429 770 3474 autem
827 3421 881 3475 in
917 3421 1186 3488 ejusmodi
1238 3422 1430 3478 olIiciis
1475 3433 1723 3493 operatur

130 3527 266 3564 una
287 3520 443 3582 atque
465 3511 607 3566 idem
649 3512 868 3582 spiritus
901 3511 954 3582 (I
981 3511 1104 3566 Cor.
1149 3513 1269 3582 xu),
1297 3513 1457 3583 cujus
1515 3515 1719 3570 donum

131 3619 242 3658 non
305 3603 507 3674 gratis,
556 3603 652 3658 sed
700 3619 799 3673 per
845 3604 1080 3673 pretium
1138 3605 1270 3660 dare
1311 3606 1396 3660 vel
1453 3607 1717 3676 accipere,

130 3709 240 3749 non
301 3693 677 3763 catholicum,
733 3695 826 3750 sed
885 3695 1255 3750 indubitanter
1309 3705 1395 3754 est
1441 3696 1718 3752 Simonia-

127 3801 276 3843 cum.

195 3876 327 3932 CAP.
361 3875 431 3930 Χ.
470 3875 795 3932 Mediatores
837 3893 1056 3950 quoque
1103 3878 1269 3948 hujus
1313 3879 1718 3936 nefandissimaa

129 3967 510 4039 negotiationis
536 3969 607 4022 ab
631 3969 753 4038 ipso
781 3968 922 4025 Vase
954 3969 1237 4026 electionis
1265 3970 1598 4026 damnantur
1622 3973 1716 4042 qui

126 4075 224 4115 eos
257 4060 332 4114 ita
359 4059 666 4115 detestatur
709 4080 722 4114 :
772 4080 790 4112 ι
836 4060 972 4116 Nam
1003 4063 1151 4133 digni
1193 4069 1324 4117 sunt
1357 4072 1555 4129 morte,
1604 4079 1714 4118 non

128 4152 306 4206 solum
332 4151 426 4221 qui
453 4152 686 4206 nefanda
713 4152 936 4219 faciunt,
967 4154 1242 4209 sedetiam
1271 4155 1365 4224 qui
1395 4153 1716 4211 facientibus

126 4245 474 4298 consentiunt
496 4243 671 4314 (Rom.
694 4245 755 4315 ι).
789 4265 805 4294 ο
833 4244 963 4300 item
987 4247 1269 4301 citharista
1295 4257 1481 4303 noster
1501 4246 1668 4302 David
1697 4267 1710 4302 :

133 4352 152 4386 ι
191 4334 249 4390 Si
280 4335 522 4402 videbas,
557 4335 751 4407 inquit,
779 4336 974 4405 furem,
1006 4339 1267 4396 cu-rrebas
1288 4356 1414 4396 cum
1443 4355 1510 4395 eo
1535 4339 1709 4410 (Psal.

125 4426 306 4498 tux),
346 4446 364 4477 ι
399 4437 453 4482 et
491 4427 624 4482 illud
659 4447 672 4480 :
710 4447 730 4481 ι
771 4427 846 4484 Os
876 4437 1030 4484 tuum
1065 4430 1361 4510 abundavit
1393 4430 1626 4497 malitia,
1659 4439 1714 4486 et

1823 585 1970 639 mine
1995 585 2135 640 furis
2161 585 2438 654 infamari,
2462 586 2621 656 cujus
2644 583 2899 641 furtivam
2920 585 3285 655 irreptionem-
3299 597 3414 640 non

1821 679 2041 749 expavit
2059 677 2280 733 imitari.
2319 677 2495 750 Hujus
2521 687 2704 734 autem
2742 675 3180 733 criminosissimi
3211 675 3411 730 merci-

1824 769 1991 825 mdnii
2031 771 2360 827 mediatores
2391 787 2500 826 non
2549 771 2884 841 negligenter
2934 768 3218 824 attendant
3259 766 3435 844 Giezi

1823 879 2052 932 puerum
2083 861 2274 929 Elisei,
2311 864 2406 933 qui
2447 879 2513 918 ex
2550 872 2705 934 parte
2733 861 2941 917 domini
2965 861 3072 926 sui,
3102 875 3168 916 eo
3190 858 3411 928 quidem

1823 956 2120 1021 nesciente,
2149 970 2376 1010 munera
2403 964 2596 1026 sponte
2626 955 2806 1010 oblata
2839 953 3080 1022 suscepit
3109 967 3139 1006 a
3168 949 3412 1006 Naaman

1827 1045 1984 1116 Syro,
2021 1047 2114 1116 qui
2136 1047 2251 1116 jam
2283 1062 2314 1102 a
2343 1047 2494 1116 lepra
2525 1048 2817 1102 mundatus
2849 1053 2938 1099 est
2972 1044 3042 1099 ab
3071 1041 3251 1097 Eliseo
3279 1056 3412 1111 pro-

1824 1137 2005 1205 pbeta.
2048 1135 2194 1191 Idem
2233 1137 2436 1207 quippe
2483 1135 2654 1202 Giezi,
2715 1136 2842 1191 licet
2886 1135 3027 1189 inter
3071 1132 3313 1188 Eliseum
3355 1137 3414 1187 et

1823 1227 2066 1283 Naaman
2096 1229 2310 1284 medius
2339 1228 2546 1284 nefarie
2575 1229 2901 1292 lucraretur,
2940 1234 3196 1282 neutrum
3225 1230 3412 1278 tamen

1823 1305 2009 1374 secum
2033 1321 2279 1392 ejusdem
2315 1321 2538 1378 sceleris
2573 1320 2702 1376 fecit
2737 1319 3056 1375 obnoxium.
3082 1316 3220 1373 Nam
3247 1325 3303 1372 et
3325 1315 3412 1370 ille

1824 1421 2180 1481 spontaneam
2204 1413 2531 1468 oblationem
2554 1414 2689 1469 satis
2708 1414 2982 1484 eleganter
3000 1410 3229 1481 respuit,
3245 1424 3412 1479 quam
3433 1457 3438 1464 .

1825 1505 1927 1560 iste
1950 1521 2061 1560 non
2089 1505 2249 1576 quasi
2269 1522 2334 1560 ex
2359 1505 2542 1560 debito
2567 1505 2822 1570 ementis,
2853 1504 2948 1560 sed
2967 1520 3033 1558 ex
3063 1503 3297 1573 benigno
3331 1500 3414 1558 af—

1824 1594 1970 1651 fectu
2002 1596 2201 1651 mentis
2244 1596 2538 1650 liberaliter
2583 1596 2796 1650 obtulit.
2831 1593 2936 1650 Sed
2979 1593 3232 1665 quamvis
3265 1591 3414 1647 Giezi

1826 1694 2084 1740 neutrum
2134 1686 2332 1740 borum
2364 1685 2418 1738 in
2447 1685 2654 1740 crimen
2683 1699 2872 1739 secum
2899 1683 3208 1746 attraxerit,
3234 1681 3327 1736 sed
3354 1695 3414 1736 se

1827 1776 2005 1830 solum
2043 1776 2184 1830 inter
2219 1776 2321 1830 hos
2344 1775 2585 1830 medium
2623 1775 2858 1844 simplici
2885 1773 3116 1829 crimine
3140 1773 3416 1842 obligave-

1824 1866 1915 1932 rit,
1946 1867 2064 1935 ipse
2104 1876 2285 1922 tamen
2337 1876 2393 1921 et
2439 1883 2632 1922 omnes
2677 1862 2801 1936 ejus'
2839 1865 3042 1936 posteri
3091 1879 3192 1934 pro
3222 1864 3412 1919 eadem

1821 1958 1980 2027 culpa
2009 1959 2268 2028 leguntur
2293 1959 2638 2013 severissime
2661 1958 2859 2026 puniti,
2891 1958 3099 2022 scilicet
3123 1957 3352 2026 lepram,
3381 1970 3414 2009 a

1821 2063 1927 2117 qua
1966 2048 2260 2103 mundatus
2287 2056 2371 2103 est
2406 2046 2672 2114 Naaman,
2711 2047 2869 2118 quasi
2921 2045 3319 2102 baneditariam
3355 2045 3416 2099 in

1822 2140 2212 2208 sempiternum
2245 2139 2424 2195 sortiti
2453 2138 2560 2209 (IV
2579 2139 2706 2210 Reg.
2736 2140 2812 2210 v).
2839 2138 3180 2208 Quapropter
3208 2137 3416 2192 media-

1821 2237 1968 2284 tores
2003 2229 2329 2287 Simoniacaa
2375 2231 2763 2301 negotiationis
2804 2230 3086 2285 attendant
3119 2244 3287 2300 quam
3326 2227 3414 2282 di-

1822 2321 2027 2388 stricte,
2063 2322 2174 2378 imo
2191 2339 2356 2394 quam
2386 2323 2792 2378 districtissime
2823 2323 2934 2378 sint
2964 2321 3261 2377 damnandi
3281 2361 3298 2388 ,
3319 2321 3414 2390 qui

1822 2427 1932 2466 non
1997 2414 2174 2468 solum
2235 2431 2295 2470 se
2343 2416 2522 2486 ipsos,
2575 2415 2670 2470 sed
2717 2423 2773 2468 et
2823 2413 2945 2469 illos
2989 2429 3226 2484 quorum
3294 2427 3414 2468 me-

1820 2503 2058 2560 diatores
2084 2515 2234 2573 sunt,
2265 2507 2368 2562 sub
2387 2516 2592 2562 :etcrna
2619 2505 2971 2562 damnatione
2995 2521 3182 2562 secum
3213 2520 3416 2583 posue-

1822 2605 1968 2650 νυηι.

1894 2685 2039 2741 Satis
2061 2703 2211 2758 ergo,
2249 2697 2308 2745 ut
2345 2691 2562 2760 opinor,
2595 2690 2931 2745 declaratum
2961 2697 3228 2760 estquam
3255 2701 3411 2742 sum-

1823 2792 2041 2846 mopere
2063 2781 2351 2848 praedictas
2384 2781 2558 2836 nostri
2587 2781 2873 2850 apostolici
2910 2781 3222 2836 sanctiones
3248 2792 3412 2832 vene-

1820 2868 1929 2922 rari
1951 2877 2005 2922 et
2022 2869 2312 2926 observare
2339 2872 2656 2937 debeamus,
2687 2886 2827 2940 quas
2854 2886 2963 2924 non
2985 2869 3162 2924 solum
3179 2883 3246 2922 ex
3277 2883 3410 2938 syn-

1820 2961 1992 3016 odicis
2017 2971 2071 3016 et
2099 2962 2427 3018 authenticis
2460 2961 2560 3017 SS.
2614 2961 2838 3018 Patrum
2869 2960 3152 3016 sententiis
3191 2973 3413 3029 proma-

1821 3069 2000 3119 nassc,
2033 3054 2127 3108 sed
2152 3054 2320 3109 etiam
2351 3071 2415 3110 ex
2448 3054 2806 3126 propheticis,
2833 3051 3160 3123 evangelicis
3183 3058 3239 3105 et
3275 3065 3410 3120 apo-
3468 3098 3471 3102 .

1822 3144 2030 3198 stolicis
2061 3145 2283 3216 scriptis
2327 3145 2414 3218 [C.
2455 3145 2516 3202 R.
2553 3143 2876 3217 Scripturi's]
2914 3142 3251 3215 processisse
3277 3156 3409 3212 pro-

1822 3236 2010 3290 batum
2081 3247 2166 3293 est
2224 3239 2650 3294 evidentissime.
2717 3235 2838 3307 ipsa
2896 3236 3146 3290 videlicet
3197 3231 3411 3289 Veritas

1819 3329 2057 3396 easdem,
2081 3338 2135 3384 et
2161 3346 2258 3400 per
2287 3345 2346 3384 se
2379 3331 2575 3400 ipsam,
2614 3339 2668 3383 et
2697 3344 2794 3398 per
2818 3342 2948 3383 suos
2977 3325 3160 3382 fideles
3189 3322 3408 3379 indubi‘

1823 3430 1998 3476 tanter
2023 3423 2408 3497 promulgavit,
2434 3423 2562 3492 quia
2595 3421 2682 3494 [C.
2707 3417 2932 3490 λείπεις]
2962 3425 3018 3473 et
3040 3411 3142 3473 sub
3165 3415 3304 3472 fideli
3327 3423 3412 3470 at-

1825 3514 2117 3570 tcstationc
2152 3513 2308 3568 nobis
2330 3513 2499 3568 dicit:
2531 3531 2549 3564 ι
2570 3511 2764 3590 Amen,
2805 3525 2962 3564 amen
3001 3509 3124 3563 dico
3149 3499 3327 3572 vobis,
3360 3507 3410 3566 si

1818 3605 1942 3675 quis
1971 3620 2279 3660 sermonem
2312 3619 2493 3658 meum
2531 3601 2850 3668 servaverit,
2889 3616 2996 3654 non
3027 3598 3232 3654 videbit
3262 3613 3412 3652 mor-

1816 3705 1925 3750 tem
1963 3696 2016 3748 in
2040 3703 2302 3750 :eternum
2335 3693 2514 3765 (Joan.
2541 3694 2694 3763 vui);
2731 3712 2750 3744 ι
2785 3692 2912 3747 item
2939 3687 3108 3746 alibi:
3148 3707 3168 3742 t
3207 3688 3412 3762 Siquis

1817 3785 1992 3856 diligit
2019 3801 2126 3852 me,
2167 3774 2475 3840 sermonem
2502 3800 2685 3839 meum
2723 3783 2964 3838 servabit
2986 3782 3166 3853 (Joan.
3199 3779 3336 3852 le).
3383 3799 3402 3832 ι

1821 3876 1962 3948 Ergo
1991 3879 2088 3947 qui
2113 3878 2367 3932 mandata
2399 3877 2518 3946 ejus
2546 3891 2658 3930 non
2691 3877 2963 3942 observat,
3000 3876 3173 3945 ipsam
3209 3873 3410 3928 verita-

1818 3976 1922 4021 tem
1951 3984 2058 4022 non
2101 3976 2267 4022 amat.
2307 3987 2325 4018 ‹
2363 3967 2466 4034 Qui
2498 3975 2680 4022 autem
2728 3981 2838 4021 non
2880 3967 3074 4037 diligit,
3119 3972 3408 4020 attestante

1815 4057 1976 4112 beato
2017 4055 2246 4122 Joanne,
2299 4065 2480 4112 manet
2521 4059 2576 4110 in
2625 4065 2802 4111 morte
2837 4054 2890 4128 (Ι
2911 4055 3074 4108 Joan.
3109 4056 3210 4120 Ill).
3252 4071 3270 4104 ι
3300 4051 3406 4118 Qui

1814 4148 1980 4220 igitur
1998 4149 2178 4203 divina
2203 4158 2469 4218 praecepta
2493 4148 2810 4214 contemnit,
2844 4147 3154 4202 nullatenus
3173 4153 3404 4200 mortem

1815 4237 2188 4309 subterfugere
2218 4237 2431 4292 valebit.

1883 4339 2013 4396 CAP.
2051 4339 2145 4394 XI.
2187 4339 2430 4394 Tertium
2459 4347 2641 4394 autem
2683 4338 2861 4394 nostri
2903 4335 3190 4407 apostolici
3229 4342 3404 4390 statu-

1817 4445 1932 4492 tum
1960 4436 2108 4507 quod
2135 4434 2604 4491 incontinentibus
2621 4433 2839 4488 clericis
2867 4433 3230 4488 ministerium
3250 4430 3394 4485 altae

124 4517 306 4588 lingua
353 4525 446 4572 tua
493 4520 860 4575 concinnabat
902 4522 1058 4576 dolos
1100 4521 1314 4591 (Ibid.).
1359 4541 1377 4574 ι
1414 4521 1616 4578 Deinde
1657 4522 1712 4578 in
1745 4513 1790 4568 D
1817 4530 1891 4584 ris
1923 4527 2217 4594 interdicit,
2245 4527 2602 4582 nihilominus
2625 4525 2906 4580 definitum
2923 4531 3008 4580 est
3036 4540 3066 4578 a
3100 4520 3200 4576 SS.
3221 4519 3402 4576 Patri-

123 4611 310 4664 eodem
334 4611 548 4679 psalmo
578 4612 834 4668 terribilis
869 4613 1134 4668 sententia
1163 4613 1230 4667 de
1264 4614 1579 4683 hujusmodi
1617 4630 1710 4671 as-

124 4709 395 4755 scutatore
417 4700 711 4771 profertur,
744 4703 993 4758 videlicet
1035 4704 1182 4772 quod
1205 4721 1236 4758 a
1259 4703 1492 4760 Domino
1525 4706 1597 4761 sit
1615 4721 1709 4761 ar-

123 4793 390 4861 guendos,
417 4808 519 4845 nec
545 4808 640 4862 per
665 4794 900 4862 aliquem
942 4810 972 4848 a
1005 4809 1169 4848 manu
1210 4794 1424 4851 Domini
1454 4797 1710 4868 deiuCeps

119 4883 432 4953 eripiendus
465 4881 681 4954 (Ibid.).
715 4883 825 4939 Nec
856 4885 1091 4950 mireris,
1132 4886 1180 4940 si
1216 4887 1518 4956 spiritualis
1545 4890 1706 4946 ofﬁcii

122 4981 394 5028 mercator
421 4973 529 5027 sub
557 4975 778 5029 nomine
819 4974 956 5029 furis
995 4975 1339 5046 designetur;
1372 4995 1500 5036 cum
1544 4989 1601 5034 et
1640 4983 1710 5038 ab

122 5063 228 5132 ipsa
251 5064 487 5119 veritate
509 5065 564 5118 in
585 5063 878 5134 Evangrlio
899 5067 971 5120 ita
997 5067 1344 5126 nominetur:
1377 5092 1395 5123 ι
1431 5071 1536 5137 Qui
1560 5074 1708 5128 enim

123 5155 330 5211 aliunde
361 5157 553 5220 intrat,
602 5157 709 5211 nisi
759 5173 856 5226 per
882 5158 1101 5222 ostium,
1140 5174 1246 5213 nou
1270 5174 1460 5230 pastor
1497 5163 1706 5232 ovium,

123 5247 206 5301 sed
244 5245 335 5302 fur
370 5256 430 5303 et
475 5247 614 5302 latro
644 5245 826 5318 (Ιοηη.
874 5247 929 5313 x)
965 5267 984 5300 ι
1018 5260 1364 5318 nuncupatur
1386 5271 1418 5308 a
1447 5252 1702 5311 Domino.

1811 4622 1932 4678 bus.
1969 4621 2069 4676 Est
2091 4621 2238 4676 enim
2277 4619 2540 4688 scriptum
2567 4619 2622 4672 in
2653 4616 2740 4688 [C.
2779 4616 2843 4670 Β.
2877 4611 3274 4686 sacratissimo]
3301 4610 3400 4665 Ni-

1809 4729 1962 4769 czeno
2006 4713 2240 4768 concilio
2269 4711 2411 4782 quod
2442 4712 2743 4766 maximum
2786 4717 2872 4764 est
2914 4709 3054 4762 inter
3085 4723 3139 4762 1v
3169 4704 3402 4762 concilia

1810 4804 2122 4875 Evangeliis
2145 4804 2454 4874 adsequata,
2479 4819 2598 4872 cap.
2622 4803 2657 4855 '5
2681 4821 2692 4857 :
2753 4822 2772 4854 ι
2801 4799 3080 4856 lnterdicit
3099 4814 3196 4868 per
3215 4798 3400 4854 omnia

1809 4913 2006 4969 magna
2035 4898 2278 4969 synodus
2305 4911 2415 4952 non
2455 4895 2734 4965 episcopo,
2770 4909 2880 4948 non
2922 4893 3260 4963 presbytero,
3288 4905 3400 4947 non

1808 4991 2064 5054 diacono,
2095 5005 2196 5044 nec
2239 4988 2400 5044 alicui
2446 4985 2672 5041 omnino
2709 4986 2802 5056 qui
2833 4985 2887 5038 in
2917 4985 3066 5041 clero
3101 4992 3207 5050 est,
3238 4985 3405 5041 licere

1809 5080 2281 5137 subintroductam
2307 5077 2506 5134 habere
2525 5075 2834 5141 mulierem,
2857 5077 2964 5142 nisi
2987 5075 3126 5130 forte
3145 5089 3403 5140 matrem,

1809 5183 1908 5230 aut
1941 5187 2212 5237 sororem,
2243 5179 2337 5226 aut
2369 5169 2615 5233 amitam,
2645 5169 2732 5223 vel
2760 5183 2856 5222 eas
2892 5177 3104 5223 tantum
3137 5181 3408 5237 personas

1808 5279 1936 5336 quae
1963 5263 2306 5332 suspiciones
2331 5258 2614 5328 eﬁugiuut.
2651 5278 2670 5309 ι
