  <div class='ocr_page' id='page_1' title='image "/cluster/home/n/w/nwhite01/storage/ocr_20150623/148/hvd.32044015471840/557.png"; bbox 0 0 3986 5312; ppageno 0'>
   <div class='ocr_carea' id='block_1_1' title="bbox 532 368 670 424">
    <p class='ocr_par' dir='ltr' id='par_1_1' title="bbox 532 368 670 424">
     <span class='ocr_line' id='line_1_1' title="bbox 532 368 670 424; baseline 0.007 -2"><span class='ocrx_word' id='word_1_1' title='bbox 532 368 670 424; x_wconf 69' lang='grc' dir='ltr'><strong>ΗΝ</strong></span> 
     </span>
    </p>
   </div>
   <div class='ocr_carea' id='block_1_2' title="bbox 1517 353 2828 419">
    <p class='ocr_par' dir='ltr' id='par_1_2' title="bbox 1517 353 2828 419">
     <span class='ocr_line' id='line_1_2' title="bbox 1517 353 2828 419; baseline -0.005 -2"><span class='ocrx_word' id='word_1_2' title='bbox 1517 363 1608 417; x_wconf 82' lang='lat' dir='ltr'><strong>AD</strong></span> <span class='ocrx_word' id='word_1_3' title='bbox 1645 361 1874 417; x_wconf 75' lang='lat' dir='ltr'><strong>OPERA</strong></span> <span class='ocrx_word' id='word_1_4' title='bbox 1915 360 1972 415; x_wconf 92' lang='lat' dir='ltr'><strong>S.</strong></span> <span class='ocrx_word' id='word_1_5' title='bbox 2013 355 2342 419; x_wconf 75' lang='lat' dir='ltr'><strong>GREGORII</strong></span> <span class='ocrx_word' id='word_1_6' title='bbox 2379 353 2828 415; x_wconf 76' lang='lat' dir='ltr'><strong>APPENDICES.</strong></span> 
     </span>
    </p>
   </div>
   <div class='ocr_carea' id='block_1_3' title="bbox 3677 346 3818 400">
    <p class='ocr_par' dir='ltr' id='par_1_3' title="bbox 3677 346 3818 400">
     <span class='ocr_line' id='line_1_3' title="bbox 3677 346 3818 400; baseline 0 0"><span class='ocrx_word' id='word_1_7' title='bbox 3677 346 3818 400; x_wconf 69' lang='grc' dir='ltr'>ιω</span> 
     </span>
    </p>
   </div>
   <div class='ocr_carea' id='block_1_4' title="bbox 533 459 3823 547">
    <p class='ocr_par' dir='ltr' id='par_1_4' title="bbox 533 459 3823 547">
     <span class='ocr_line' id='line_1_4' title="bbox 533 459 3823 547; baseline -0.008 -11"><span class='ocrx_word' id='word_1_8' title='bbox 533 480 627 536; x_wconf 82' lang='lat' dir='ltr'><strong>ulli</strong></span> <span class='ocrx_word' id='word_1_9' title='bbox 671 475 1020 542; x_wconf 85' lang='lat' dir='ltr'><strong>clericorum,</strong></span> <span class='ocrx_word' id='word_1_10' title='bbox 1058 476 1317 547; x_wconf 74' lang='lat' dir='ltr'><strong>permittit</strong></span> <span class='ocrx_word' id='word_1_11' title='bbox 1362 475 1562 530; x_wconf 89' lang='lat' dir='ltr'><strong>habere</strong></span> <span class='ocrx_word' id='word_1_12' title='bbox 1597 491 1784 531; x_wconf 85' lang='lat' dir='ltr'><strong>secum</strong></span> <span class='ocrx_word' id='word_1_13' title='bbox 1833 473 2120 532; x_wconf 73' lang='lat' dir='ltr'><strong>mulierem</strong></span> <span class='ocrx_word' id='word_1_14' title='bbox 2147 477 2196 537; x_wconf 80' lang='grc' dir='ltr'><strong>Α</strong></span> <span class='ocrx_word' id='word_1_15' title='bbox 2219 489 2283 531; x_wconf 90' lang='lat' dir='ltr'><strong>ca</strong></span> <span class='ocrx_word' id='word_1_16' title='bbox 2314 493 2327 530; x_wconf 91' lang='lat'><strong>:</strong></span> <span class='ocrx_word' id='word_1_17' title='bbox 2362 493 2382 525; x_wconf 76' lang='grc' dir='ltr'>ι</span> <span class='ocrx_word' id='word_1_18' title='bbox 2410 471 2683 529; x_wconf 69' lang='lat' dir='ltr'><strong>Prmterea</strong></span> <span class='ocrx_word' id='word_1_19' title='bbox 2711 483 2860 525; x_wconf 80' lang='lat' dir='ltr'><strong>curae</strong></span> <span class='ocrx_word' id='word_1_20' title='bbox 2889 473 2996 522; x_wconf 68' lang='lat' dir='ltr'><strong>tua:</strong></span> <span class='ocrx_word' id='word_1_21' title='bbox 3017 461 3091 520; x_wconf 90' lang='lat' dir='ltr'><strong>sit</strong></span> <span class='ocrx_word' id='word_1_22' title='bbox 3106 461 3326 519; x_wconf 88' lang='lat' dir='ltr'><strong>eosdem</strong></span> <span class='ocrx_word' id='word_1_23' title='bbox 3355 459 3562 515; x_wconf 76' lang='lat' dir='ltr'><strong>fratres</strong></span> <span class='ocrx_word' id='word_1_24' title='bbox 3587 466 3823 513; x_wconf 81' lang='lat' dir='ltr'><strong>nostros</strong></span> 
     </span>
    </p>
   </div>
   <div class='ocr_carea' id='block_1_5' title="bbox 532 568 2118 637">
    <p class='ocr_par' dir='ltr' id='par_1_5' title="bbox 532 568 2118 637">
     <span class='ocr_line' id='line_1_5' title="bbox 532 568 2118 637; baseline -0.001 -11"><span class='ocrx_word' id='word_1_25' title='bbox 532 580 868 637; x_wconf 75' lang='lat' dir='ltr'><strong>extraneam,</strong></span> <span class='ocrx_word' id='word_1_26' title='bbox 897 570 1002 626; x_wconf 85' lang='lat' dir='ltr'><strong>nisi</strong></span> <span class='ocrx_word' id='word_1_27' title='bbox 1025 569 1165 624; x_wconf 90' lang='lat' dir='ltr'><strong>forte</strong></span> <span class='ocrx_word' id='word_1_28' title='bbox 1186 579 1362 624; x_wconf 89' lang='lat' dir='ltr'><strong>mater</strong></span> <span class='ocrx_word' id='word_1_29' title='bbox 1379 568 1470 637; x_wconf 87' lang='lat' dir='ltr'><strong>sit,</strong></span> <span class='ocrx_word' id='word_1_30' title='bbox 1495 577 1588 623; x_wconf 90' lang='lat' dir='ltr'><strong>aut</strong></span> <span class='ocrx_word' id='word_1_31' title='bbox 1607 583 1788 635; x_wconf 83' lang='lat' dir='ltr'><strong>soror,</strong></span> <span class='ocrx_word' id='word_1_32' title='bbox 1817 575 1913 626; x_wconf 91' lang='lat' dir='ltr'><strong>aut</strong></span> <span class='ocrx_word' id='word_1_33' title='bbox 1931 571 2118 626; x_wconf 79' lang='lat' dir='ltr'><strong>amita.</strong></span> 
     </span>
    </p>
   </div>
   <div class='ocr_carea' id='block_1_6' title="bbox 536 663 2124 735">
    <p class='ocr_par' dir='ltr' id='par_1_6' title="bbox 536 663 2124 735">
     <span class='ocr_line' id='line_1_6' title="bbox 536 663 2124 735; baseline 0.001 -17"><span class='ocrx_word' id='word_1_34' title='bbox 536 663 593 719; x_wconf 90' lang='lat' dir='ltr'><strong>In</strong></span> <span class='ocrx_word' id='word_1_35' title='bbox 623 665 709 720; x_wconf 88' lang='lat' dir='ltr'><strong>his</strong></span> <span class='ocrx_word' id='word_1_36' title='bbox 743 679 980 734; x_wconf 85' lang='lat' dir='ltr'><strong>namque</strong></span> <span class='ocrx_word' id='word_1_37' title='bbox 1023 665 1272 735; x_wconf 82' lang='lat' dir='ltr'><strong>personis</strong></span> <span class='ocrx_word' id='word_1_38' title='bbox 1299 673 1353 720; x_wconf 88' lang='lat' dir='ltr'><strong>et</strong></span> <span class='ocrx_word' id='word_1_39' title='bbox 1393 664 1594 720; x_wconf 88' lang='lat' dir='ltr'><strong>horum</strong></span> <span class='ocrx_word' id='word_1_40' title='bbox 1637 663 1912 724; x_wconf 77' lang='lat' dir='ltr'><strong>similibus</strong></span> <span class='ocrx_word' id='word_1_41' title='bbox 1943 666 2124 721; x_wconf 82' lang='lat' dir='ltr'><strong>omnis</strong></span> 
     </span>
    </p>
   </div>
   <div class='ocr_carea' id='block_1_7' title="bbox 534 755 2126 832">
    <p class='ocr_par' dir='ltr' id='par_1_7' title="bbox 534 755 2126 832">
     <span class='ocr_line' id='line_1_7' title="bbox 534 755 2126 832; baseline 0.001 -20"><span class='ocrx_word' id='word_1_42' title='bbox 534 757 777 827; x_wconf 89' lang='lat' dir='ltr'><strong>suspicio</strong></span> <span class='ocrx_word' id='word_1_43' title='bbox 810 757 1130 813; x_wconf 78' lang='lat' dir='ltr'><strong>declinatur.</strong></span> <span class='ocrx_word' id='word_1_44' title='bbox 1160 755 1263 824; x_wconf 86' lang='lat' dir='ltr'><strong>Qui</strong></span> <span class='ocrx_word' id='word_1_45' title='bbox 1291 757 1448 812; x_wconf 84' lang='lat' dir='ltr'><strong>aliter</strong></span> <span class='ocrx_word' id='word_1_46' title='bbox 1475 765 1675 828; x_wconf 65' lang='lat' dir='ltr'><strong>praeter</strong></span> <span class='ocrx_word' id='word_1_47' title='bbox 1700 756 1820 817; x_wconf 62' lang='lat' dir='ltr'><strong>hac</strong></span> <span class='ocrx_word' id='word_1_48' title='bbox 1844 759 1956 832; x_wconf 82' lang='lat' dir='ltr'><strong>agit</strong></span> <span class='ocrx_word' id='word_1_49' title='bbox 1982 757 2126 830; x_wconf 90' lang='lat' dir='ltr'><strong>peri-</strong></span> 
     </span>
    </p>
   </div>
   <div class='ocr_carea' id='block_1_8' title="bbox 537 835 2127 926">
    <p class='ocr_par' dir='ltr' id='par_1_8' title="bbox 537 835 2127 926">
     <span class='ocr_line' id='line_1_8' title="bbox 537 835 2127 926; baseline 0.003 -24"><span class='ocrx_word' id='word_1_50' title='bbox 537 847 813 902; x_wconf 87' lang='lat' dir='ltr'><strong>clitabitur</strong></span> <span class='ocrx_word' id='word_1_51' title='bbox 833 848 900 903; x_wconf 90' lang='lat' dir='ltr'><strong>de</strong></span> <span class='ocrx_word' id='word_1_52' title='bbox 934 849 1082 904; x_wconf 88' lang='lat' dir='ltr'><strong>clero</strong></span> <span class='ocrx_word' id='word_1_53' title='bbox 1105 863 1226 904; x_wconf 89' lang='lat' dir='ltr'><strong>suo.</strong></span> <span class='ocrx_word' id='word_1_54' title='bbox 1260 835 1695 926; x_wconf 53' lang='lat' dir='ltr'><strong>Videsneigitur</strong></span> <span class='ocrx_word' id='word_1_55' title='bbox 1731 853 1860 924; x_wconf 87' lang='lat' dir='ltr'><strong>quia</strong></span> <span class='ocrx_word' id='word_1_56' title='bbox 1911 851 2127 922; x_wconf 86' lang='lat' dir='ltr'><strong>penitus</strong></span> 
     </span>
    </p>
   </div>
   <div class='ocr_carea' id='block_1_9' title="bbox 537 939 2128 1042">
    <p class='ocr_par' dir='ltr' id='par_1_9' title="bbox 537 939 2128 1042">
     <span class='ocr_line' id='line_1_9' title="bbox 537 939 2128 1042; baseline 0.003 -50"><span class='ocrx_word' id='word_1_57' title='bbox 537 939 750 1042; x_wconf 74' lang='lat' dir='ltr'><strong>clericis</strong></span> <span class='ocrx_word' id='word_1_58' title='bbox 794 941 1082 1042; x_wconf 55' lang='lat' dir='ltr'><strong>coniugale</strong></span> <span class='ocrx_word' id='word_1_59' title='bbox 1127 957 1266 1012; x_wconf 91' lang='lat' dir='ltr'><strong>opus</strong></span> <span class='ocrx_word' id='word_1_60' title='bbox 1315 941 1406 1021; x_wconf 70' lang='lat' dir='ltr'><strong>[C.</strong></span> <span class='ocrx_word' id='word_1_61' title='bbox 1437 946 1502 1002; x_wconf 74' lang='grc' dir='ltr'><strong>Β.</strong></span> <span class='ocrx_word' id='word_1_62' title='bbox 1541 944 1691 1018; x_wconf 81' lang='lat' dir='ltr'><strong>istic]</strong></span> <span class='ocrx_word' id='word_1_63' title='bbox 1737 943 2128 1000; x_wconf 86' lang='lat' dir='ltr'><strong>interdicatur?</strong></span> 
     </span>
    </p>
   </div>
   <div class='ocr_carea' id='block_1_10' title="bbox 537 1034 2128 1105">
    <p class='ocr_par' dir='ltr' id='par_1_10' title="bbox 537 1034 2128 1105">
     <span class='ocr_line' id='line_1_10' title="bbox 537 1034 2128 1105; baseline -0.008 -4"><span class='ocrx_word' id='word_1_64' title='bbox 537 1034 664 1101; x_wconf 67' lang='lat' dir='ltr'><strong>quia</strong></span> <span class='ocrx_word' id='word_1_65' title='bbox 693 1041 748 1088; x_wconf 72' lang='grc' dir='ltr'><strong>θῑ</strong></span> <span class='ocrx_word' id='word_1_66' title='bbox 777 1047 875 1102; x_wconf 78' lang='grc' dir='ltr'><strong>Ι)Υο</strong></span> <span class='ocrx_word' id='word_1_67' title='bbox 906 1034 1023 1104; x_wconf 71' lang='lat' dir='ltr'><strong>ipsa</strong></span> <span class='ocrx_word' id='word_1_68' title='bbox 1053 1035 1460 1105; x_wconf 72' lang='lat' dir='ltr'><strong>00h=Jbitatione</strong></span> <span class='ocrx_word' id='word_1_69' title='bbox 1498 1053 1600 1094; x_wconf 91' lang='lat' dir='ltr'><strong>sua</strong></span> <span class='ocrx_word' id='word_1_70' title='bbox 1636 1036 1986 1102; x_wconf 80' lang='lat' dir='ltr'><strong>feminarum,</strong></span> <span class='ocrx_word' id='word_1_71' title='bbox 2019 1051 2128 1089; x_wconf 90' lang='lat' dir='ltr'><strong>non</strong></span> 
     </span>
    </p>
   </div>
   <div class='ocr_carea' id='block_1_11' title="bbox 537 1119 2127 1198">
    <p class='ocr_par' dir='ltr' id='par_1_11' title="bbox 537 1119 2127 1198">
     <span class='ocr_line' id='line_1_11' title="bbox 537 1119 2127 1198; baseline 0.004 -20"><span class='ocrx_word' id='word_1_72' title='bbox 537 1123 718 1178; x_wconf 86' lang='lat' dir='ltr'><strong>solum</strong></span> <span class='ocrx_word' id='word_1_73' title='bbox 743 1125 814 1181; x_wconf 85' lang='lat' dir='ltr'><strong>de</strong></span> <span class='ocrx_word' id='word_1_74' title='bbox 837 1119 1063 1182; x_wconf 85' lang='lat' dir='ltr'><strong>ministe</strong></span> <span class='ocrx_word' id='word_1_75' title='bbox 1093 1123 1150 1180; x_wconf 87' lang='lat' dir='ltr'><strong>i0</strong></span> <span class='ocrx_word' id='word_1_76' title='bbox 1180 1131 1390 1198; x_wconf 70' lang='lat' dir='ltr'><strong>auaris,</strong></span> <span class='ocrx_word' id='word_1_77' title='bbox 1412 1130 1508 1186; x_wconf 88' lang='lat' dir='ltr'><strong>sed</strong></span> <span class='ocrx_word' id='word_1_78' title='bbox 1528 1130 1595 1186; x_wconf 89' lang='lat' dir='ltr'><strong>de</strong></span> <span class='ocrx_word' id='word_1_79' title='bbox 1626 1129 1885 1186; x_wconf 90' lang='lat' dir='ltr'><strong>clericatu</strong></span> <span class='ocrx_word' id='word_1_80' title='bbox 1909 1145 2011 1184; x_wconf 90' lang='lat' dir='ltr'><strong>suo</strong></span> <span class='ocrx_word' id='word_1_81' title='bbox 2030 1143 2127 1198; x_wconf 86' lang='lat' dir='ltr'><strong>pe-</strong></span> 
     </span>
    </p>
   </div>
   <div class='ocr_carea' id='block_1_12' title="bbox 539 1211 2132 1284">
    <p class='ocr_par' dir='ltr' id='par_1_12' title="bbox 539 1211 2132 1284">
     <span class='ocr_line' id='line_1_12' title="bbox 539 1211 2132 1284; baseline -0.002 -6"><span class='ocrx_word' id='word_1_82' title='bbox 539 1211 917 1284; x_wconf 59' lang='grc' dir='ltr'><strong>τῑθιῐωνὶἱυτεν</strong></span> <span class='ocrx_word' id='word_1_83' title='bbox 941 1233 1254 1280; x_wconf 90' lang='lat' dir='ltr'><strong>censentur.</strong></span> <span class='ocrx_word' id='word_1_84' title='bbox 1281 1221 1394 1279; x_wconf 83' lang='lat' dir='ltr'><strong>Nec</strong></span> <span class='ocrx_word' id='word_1_85' title='bbox 1422 1224 1528 1278; x_wconf 88' lang='lat' dir='ltr'><strong>hoc</strong></span> <span class='ocrx_word' id='word_1_86' title='bbox 1557 1233 1769 1278; x_wconf 89' lang='lat' dir='ltr'><strong>tantum</strong></span> <span class='ocrx_word' id='word_1_87' title='bbox 1799 1223 1864 1277; x_wconf 89' lang='lat' dir='ltr'><strong>de</strong></span> <span class='ocrx_word' id='word_1_88' title='bbox 1885 1221 2132 1276; x_wconf 88' lang='lat' dir='ltr'><strong>sacerdo-</strong></span> 
     </span>
    </p>
   </div>
   <div class='ocr_carea' id='block_1_13' title="bbox 545 1306 2133 1384">
    <p class='ocr_par' dir='ltr' id='par_1_13' title="bbox 545 1306 2133 1384">
     <span class='ocr_line' id='line_1_13' title="bbox 545 1306 2133 1384; baseline 0.004 -22"><span class='ocrx_word' id='word_1_89' title='bbox 545 1306 718 1384; x_wconf 85' lang='lat' dir='ltr'><strong>tibus,</strong></span> <span class='ocrx_word' id='word_1_90' title='bbox 743 1315 839 1372; x_wconf 89' lang='lat' dir='ltr'><strong>sed</strong></span> <span class='ocrx_word' id='word_1_91' title='bbox 865 1315 934 1372; x_wconf 88' lang='lat' dir='ltr'><strong>de</strong></span> <span class='ocrx_word' id='word_1_92' title='bbox 957 1317 1216 1372; x_wconf 87' lang='lat' dir='ltr'><strong>omnibus</strong></span> <span class='ocrx_word' id='word_1_93' title='bbox 1239 1317 1413 1372; x_wconf 86' lang='lat' dir='ltr'><strong>sacris</strong></span> <span class='ocrx_word' id='word_1_94' title='bbox 1436 1315 1720 1372; x_wconf 85' lang='lat' dir='ltr'><strong>ordinibus</strong></span> <span class='ocrx_word' id='word_1_95' title='bbox 1741 1315 2021 1370; x_wconf 84' lang='lat' dir='ltr'><strong>evidenter</strong></span> <span class='ocrx_word' id='word_1_96' title='bbox 2043 1312 2133 1368; x_wconf 89' lang='lat' dir='ltr'><strong>de-</strong></span> 
     </span>
    </p>
   </div>
   <div class='ocr_carea' id='block_1_14' title="bbox 545 1405 807 1464">
    <p class='ocr_par' dir='ltr' id='par_1_14' title="bbox 545 1405 807 1464">
     <span class='ocr_line' id='line_1_14' title="bbox 545 1405 807 1464; baseline 0.015 -4"><span class='ocrx_word' id='word_1_97' title='bbox 545 1405 807 1464; x_wconf 83' lang='lat' dir='ltr'><strong>cernitur.</strong></span> 
     </span>
    </p>
   </div>
   <div class='ocr_carea' id='block_1_15' title="bbox 614 1497 2134 1572">
    <p class='ocr_par' dir='ltr' id='par_1_15' title="bbox 614 1497 2134 1572">
     <span class='ocr_line' id='line_1_15' title="bbox 614 1497 2134 1572; baseline 0.002 -19"><span class='ocrx_word' id='word_1_98' title='bbox 614 1497 751 1555; x_wconf 91' lang='lat' dir='ltr'><strong>Item</strong></span> <span class='ocrx_word' id='word_1_99' title='bbox 781 1499 1238 1560; x_wconf 68' lang='lat' dir='ltr'><strong>Neocaesareense</strong></span> <span class='ocrx_word' id='word_1_100' title='bbox 1268 1501 1586 1569; x_wconf 87' lang='lat' dir='ltr'><strong>concilium,</strong></span> <span class='ocrx_word' id='word_1_101' title='bbox 1632 1501 1777 1572; x_wconf 87' lang='lat' dir='ltr'><strong>quod</strong></span> <span class='ocrx_word' id='word_1_102' title='bbox 1808 1509 1932 1556; x_wconf 83' lang='lat' dir='ltr'><strong>ante</strong></span> <span class='ocrx_word' id='word_1_103' title='bbox 1959 1497 2134 1556; x_wconf 60' lang='lat' dir='ltr'><strong>Nicae-</strong></span> 
     </span>
    </p>
   </div>
   <div class='ocr_carea' id='block_1_16' title="bbox 549 1593 2127 1670">
    <p class='ocr_par' dir='ltr' id='par_1_16' title="bbox 549 1593 2127 1670">
     <span class='ocr_line' id='line_1_16' title="bbox 549 1593 2127 1670; baseline 0 -26"><span class='ocrx_word' id='word_1_104' title='bbox 549 1607 682 1647; x_wconf 87' lang='lat' dir='ltr'><strong>nnm</strong></span> <span class='ocrx_word' id='word_1_105' title='bbox 711 1594 1006 1649; x_wconf 89' lang='lat' dir='ltr'><strong>concilium</strong></span> <span class='ocrx_word' id='word_1_106' title='bbox 1059 1595 1232 1653; x_wconf 89' lang='lat' dir='ltr'><strong>fuisse</strong></span> <span class='ocrx_word' id='word_1_107' title='bbox 1266 1596 1484 1670; x_wconf 80' lang='lat' dir='ltr'><strong>legitur,</strong></span> <span class='ocrx_word' id='word_1_108' title='bbox 1520 1595 1596 1650; x_wconf 88' lang='lat' dir='ltr'><strong>ita</strong></span> <span class='ocrx_word' id='word_1_109' title='bbox 1635 1595 1810 1665; x_wconf 84' lang='lat' dir='ltr'><strong>cap.l</strong></span> <span class='ocrx_word' id='word_1_110' title='bbox 1847 1593 2127 1649; x_wconf 81' lang='lat' dir='ltr'><strong>decrevit:</strong></span> 
     </span>
    </p>
   </div>
   <div class='ocr_carea' id='block_1_17' title="bbox 557 1684 2134 1758">
    <p class='ocr_par' dir='ltr' id='par_1_17' title="bbox 557 1684 2134 1758">
     <span class='ocr_line' id='line_1_17' title="bbox 557 1684 2134 1758; baseline 0.001 -21"><span class='ocrx_word' id='word_1_111' title='bbox 557 1703 575 1736; x_wconf 74' lang='grc' dir='ltr'><strong>ε</strong></span> <span class='ocrx_word' id='word_1_112' title='bbox 611 1684 921 1758; x_wconf 85' lang='lat' dir='ltr'><strong>Presbyter,</strong></span> <span class='ocrx_word' id='word_1_113' title='bbox 950 1687 995 1742; x_wconf 90' lang='lat' dir='ltr'><strong>si</strong></span> <span class='ocrx_word' id='word_1_114' title='bbox 1037 1705 1264 1744; x_wconf 79' lang='lat' dir='ltr'><strong>uxorem</strong></span> <span class='ocrx_word' id='word_1_115' title='bbox 1290 1689 1528 1757; x_wconf 85' lang='lat' dir='ltr'><strong>duxerit,</strong></span> <span class='ocrx_word' id='word_1_116' title='bbox 1559 1687 1630 1743; x_wconf 87' lang='lat' dir='ltr'><strong>ab</strong></span> <span class='ocrx_word' id='word_1_117' title='bbox 1657 1687 1849 1742; x_wconf 89' lang='lat' dir='ltr'><strong>ordine</strong></span> <span class='ocrx_word' id='word_1_118' title='bbox 1893 1686 2134 1756; x_wconf 89' lang='lat' dir='ltr'><strong>depona-</strong></span> 
     </span>
    </p>
   </div>
   <div class='ocr_carea' id='block_1_18' title="bbox 555 1779 2134 1860">
    <p class='ocr_par' dir='ltr' id='par_1_18' title="bbox 555 1779 2134 1860">
     <span class='ocr_line' id='line_1_18' title="bbox 555 1779 2134 1860; baseline -0.001 -28"><span class='ocrx_word' id='word_1_119' title='bbox 555 1787 662 1833; x_wconf 86' lang='lat' dir='ltr'><strong>tur.</strong></span> <span class='ocrx_word' id='word_1_120' title='bbox 698 1779 754 1835; x_wconf 90' lang='lat' dir='ltr'><strong>Si</strong></span> <span class='ocrx_word' id='word_1_121' title='bbox 792 1796 922 1836; x_wconf 90' lang='lat' dir='ltr'><strong>vero</strong></span> <span class='ocrx_word' id='word_1_122' title='bbox 955 1779 1254 1860; x_wconf 78' lang='lat' dir='ltr'><strong>fornicatus</strong></span> <span class='ocrx_word' id='word_1_123' title='bbox 1291 1782 1478 1849; x_wconf 90' lang='lat' dir='ltr'><strong>fuerit,</strong></span> <span class='ocrx_word' id='word_1_124' title='bbox 1509 1790 1604 1838; x_wconf 90' lang='lat' dir='ltr'><strong>aut</strong></span> <span class='ocrx_word' id='word_1_125' title='bbox 1637 1779 1964 1836; x_wconf 83' lang='lat' dir='ltr'><strong>adulterium</strong></span> <span class='ocrx_word' id='word_1_126' title='bbox 2005 1793 2134 1846; x_wconf 89' lang='lat' dir='ltr'><strong>per-</strong></span> 
     </span>
    </p>
   </div>
   <div class='ocr_carea' id='block_1_19' title="bbox 549 1870 2130 1946">
    <p class='ocr_par' dir='ltr' id='par_1_19' title="bbox 549 1870 2130 1946">
     <span class='ocr_line' id='line_1_19' title="bbox 549 1870 2130 1946; baseline -0.003 -19"><span class='ocrx_word' id='word_1_127' title='bbox 549 1873 882 1942; x_wconf 80' lang='lat' dir='ltr'><strong>petravetit,</strong></span> <span class='ocrx_word' id='word_1_128' title='bbox 925 1875 1161 1944; x_wconf 88' lang='lat' dir='ltr'><strong>amplius</strong></span> <span class='ocrx_word' id='word_1_129' title='bbox 1217 1876 1342 1946; x_wconf 89' lang='lat' dir='ltr'><strong>pelli</strong></span> <span class='ocrx_word' id='word_1_130' title='bbox 1372 1875 1528 1932; x_wconf 85' lang='lat' dir='ltr'><strong>debet</strong></span> <span class='ocrx_word' id='word_1_131' title='bbox 1556 1884 1610 1930; x_wconf 88' lang='lat' dir='ltr'><strong>et</strong></span> <span class='ocrx_word' id='word_1_132' title='bbox 1651 1873 1718 1928; x_wconf 89' lang='lat' dir='ltr'><strong>ad</strong></span> <span class='ocrx_word' id='word_1_133' title='bbox 1757 1870 2130 1943; x_wconf 63' lang='lat' dir='ltr'><strong>paenitentiam</strong></span> 
     </span>
    </p>
   </div>
   <div class='ocr_carea' id='block_1_20' title="bbox 553 1966 814 2036">
    <p class='ocr_par' dir='ltr' id='par_1_20' title="bbox 553 1966 814 2036">
     <span class='ocr_line' id='line_1_20' title="bbox 553 1966 814 2036; baseline 0 -18"><span class='ocrx_word' id='word_1_134' title='bbox 553 1966 744 2036; x_wconf 79' lang='lat' dir='ltr'><strong>redigi.</strong></span> <span class='ocrx_word' id='word_1_135' title='bbox 793 1985 814 2018; x_wconf 71' lang='grc' dir='ltr'><strong><em>ι</em></strong></span> 
     </span>
    </p>
   </div>
   <div class='ocr_carea' id='block_1_21' title="bbox 625 2051 2136 2125">
    <p class='ocr_par' dir='ltr' id='par_1_21' title="bbox 625 2051 2136 2125">
     <span class='ocr_line' id='line_1_21' title="bbox 625 2051 2136 2125; baseline -0.004 -13"><span class='ocrx_word' id='word_1_136' title='bbox 625 2055 1072 2114; x_wconf 84' lang='lat' dir='ltr'><strong>Chalcedonense</strong></span> <span class='ocrx_word' id='word_1_137' title='bbox 1115 2059 1279 2114; x_wconf 90' lang='lat' dir='ltr'><strong>etiam</strong></span> <span class='ocrx_word' id='word_1_138' title='bbox 1323 2057 1642 2121; x_wconf 90' lang='lat' dir='ltr'><strong>concilium,</strong></span> <span class='ocrx_word' id='word_1_139' title='bbox 1675 2055 1823 2125; x_wconf 89' lang='lat' dir='ltr'><strong>quod</strong></span> <span class='ocrx_word' id='word_1_140' title='bbox 1862 2053 2010 2122; x_wconf 89' lang='lat' dir='ltr'><strong>ipsas</strong></span> <span class='ocrx_word' id='word_1_141' title='bbox 2041 2051 2136 2106; x_wconf 83' lang='lat' dir='ltr'><strong>Ni-</strong></span> 
     </span>
    </p>
   </div>
   <div class='ocr_carea' id='block_1_22' title="bbox 557 2145 2135 2217">
    <p class='ocr_par' dir='ltr' id='par_1_22' title="bbox 557 2145 2135 2217">
     <span class='ocr_line' id='line_1_22' title="bbox 557 2145 2135 2217; baseline -0.005 -13"><span class='ocrx_word' id='word_1_142' title='bbox 557 2165 756 2217; x_wconf 70' lang='lat' dir='ltr'><strong>caanas,</strong></span> <span class='ocrx_word' id='word_1_143' title='bbox 785 2149 1288 2216; x_wconf 78' lang='lat' dir='ltr'><strong>Neoczesareeuses,</strong></span> <span class='ocrx_word' id='word_1_144' title='bbox 1304 2149 1414 2204; x_wconf 87' lang='lat' dir='ltr'><strong>imo</strong></span> <span class='ocrx_word' id='word_1_145' title='bbox 1433 2164 1626 2203; x_wconf 91' lang='lat' dir='ltr'><strong>omnes</strong></span> <span class='ocrx_word' id='word_1_146' title='bbox 1639 2145 1738 2201; x_wconf 88' lang='lat' dir='ltr'><strong>SS.</strong></span> <span class='ocrx_word' id='word_1_147' title='bbox 1754 2145 1977 2199; x_wconf 84' lang='lat' dir='ltr'><strong>Patrum</strong></span> <span class='ocrx_word' id='word_1_148' title='bbox 2005 2159 2135 2198; x_wconf 92' lang='lat' dir='ltr'><strong>san-</strong></span> 
     </span>
    </p>
   </div>
   <div class='ocr_carea' id='block_1_23' title="bbox 557 2237 2136 2312">
    <p class='ocr_par' dir='ltr' id='par_1_23' title="bbox 557 2237 2136 2312">
     <span class='ocr_line' id='line_1_23' title="bbox 557 2237 2136 2312; baseline -0.006 -16"><span class='ocrx_word' id='word_1_149' title='bbox 557 2241 770 2296; x_wconf 70' lang='lat' dir='ltr'><strong>ctiones</strong></span> <span class='ocrx_word' id='word_1_150' title='bbox 815 2250 941 2296; x_wconf 88' lang='lat' dir='ltr'><strong>ante</strong></span> <span class='ocrx_word' id='word_1_151' title='bbox 981 2243 1160 2312; x_wconf 90' lang='lat' dir='ltr'><strong>ipsum</strong></span> <span class='ocrx_word' id='word_1_152' title='bbox 1209 2250 1537 2306; x_wconf 76' lang='lat' dir='ltr'><strong>transactus,</strong></span> <span class='ocrx_word' id='word_1_153' title='bbox 1575 2249 1636 2294; x_wconf 90' lang='lat' dir='ltr'><strong>ut</strong></span> <span class='ocrx_word' id='word_1_154' title='bbox 1662 2237 1978 2308; x_wconf 67' lang='lat' dir='ltr'><strong>praedictum</strong></span> <span class='ocrx_word' id='word_1_155' title='bbox 2032 2241 2136 2299; x_wconf 90' lang='lat' dir='ltr'><strong>est,</strong></span> 
     </span>
    </p>
   </div>
   <div class='ocr_carea' id='block_1_24' title="bbox 559 2328 2139 2400">
    <p class='ocr_par' dir='ltr' id='par_1_24' title="bbox 559 2328 2139 2400">
     <span class='ocr_line' id='line_1_24' title="bbox 559 2328 2139 2400; baseline -0.004 -12"><span class='ocrx_word' id='word_1_156' title='bbox 559 2335 866 2400; x_wconf 79' lang='lat' dir='ltr'><strong>confirmat,</strong></span> <span class='ocrx_word' id='word_1_157' title='bbox 897 2333 1060 2388; x_wconf 89' lang='lat' dir='ltr'><strong>etiam</strong></span> <span class='ocrx_word' id='word_1_158' title='bbox 1091 2335 1404 2389; x_wconf 86' lang='lat' dir='ltr'><strong>earumdem</strong></span> <span class='ocrx_word' id='word_1_159' title='bbox 1435 2333 1783 2394; x_wconf 86' lang='lat' dir='ltr'><strong>sanctionum</strong></span> <span class='ocrx_word' id='word_1_160' title='bbox 1811 2328 2139 2400; x_wconf 72' lang='lat' dir='ltr'><strong>przevarica-</strong></span> 
     </span>
    </p>
   </div>
   <div class='ocr_carea' id='block_1_25' title="bbox 562 2418 2142 2498">
    <p class='ocr_par' dir='ltr' id='par_1_25' title="bbox 562 2418 2142 2498">
     <span class='ocr_line' id='line_1_25' title="bbox 562 2418 2142 2498; baseline -0.004 -18"><span class='ocrx_word' id='word_1_161' title='bbox 562 2434 708 2482; x_wconf 89' lang='lat' dir='ltr'><strong>tores</strong></span> <span class='ocrx_word' id='word_1_162' title='bbox 757 2427 1082 2498; x_wconf 81' lang='lat' dir='ltr'><strong>generaliter</strong></span> <span class='ocrx_word' id='word_1_163' title='bbox 1116 2425 1192 2480; x_wconf 87' lang='lat' dir='ltr'><strong>ita</strong></span> <span class='ocrx_word' id='word_1_164' title='bbox 1227 2426 1579 2490; x_wconf 88' lang='lat' dir='ltr'><strong>condemnat,</strong></span> <span class='ocrx_word' id='word_1_165' title='bbox 1631 2439 1752 2494; x_wconf 88' lang='lat' dir='ltr'><strong>cap.</strong></span> <span class='ocrx_word' id='word_1_166' title='bbox 1791 2421 1857 2476; x_wconf 81' lang='grc'><strong>10</strong></span> <span class='ocrx_word' id='word_1_167' title='bbox 1901 2440 1916 2476; x_wconf 84' lang='lat'><strong>:</strong></span> <span class='ocrx_word' id='word_1_168' title='bbox 1960 2440 1977 2470; x_wconf 76' lang='grc' dir='ltr'>ι</span> <span class='ocrx_word' id='word_1_169' title='bbox 2033 2418 2142 2474; x_wconf 86' lang='lat' dir='ltr'><strong>Eos</strong></span> 
     </span>
    </p>
   </div>
   <div class='ocr_carea' id='block_1_26' title="bbox 561 2516 2146 2589">
    <p class='ocr_par' dir='ltr' id='par_1_26' title="bbox 561 2516 2146 2589">
     <span class='ocr_line' id='line_1_26' title="bbox 561 2516 2146 2589; baseline -0.005 -16"><span class='ocrx_word' id='word_1_170' title='bbox 561 2527 745 2574; x_wconf 85' lang='lat' dir='ltr'><strong>autem</strong></span> <span class='ocrx_word' id='word_1_171' title='bbox 785 2518 881 2589; x_wconf 89' lang='lat' dir='ltr'><strong>qui</strong></span> <span class='ocrx_word' id='word_1_172' title='bbox 911 2517 1032 2574; x_wconf 88' lang='lat' dir='ltr'><strong>ausi</strong></span> <span class='ocrx_word' id='word_1_173' title='bbox 1055 2517 1260 2574; x_wconf 81' lang='lat' dir='ltr'><strong>fuerint</strong></span> <span class='ocrx_word' id='word_1_174' title='bbox 1292 2526 1416 2589; x_wconf 90' lang='lat' dir='ltr'><strong>post</strong></span> <span class='ocrx_word' id='word_1_175' title='bbox 1443 2516 1816 2572; x_wconf 88' lang='lat' dir='ltr'><strong>delinitionem</strong></span> <span class='ocrx_word' id='word_1_176' title='bbox 1857 2527 2066 2584; x_wconf 62' lang='lat' dir='ltr'><strong>magnae</strong></span> <span class='ocrx_word' id='word_1_177' title='bbox 2089 2519 2146 2565; x_wconf 84' lang='lat' dir='ltr'><strong>et</strong></span> 
     </span>
    </p>
   </div>
   <div class='ocr_carea' id='block_1_27' title="bbox 563 2608 2146 2684">
    <p class='ocr_par' dir='ltr' id='par_1_27' title="bbox 563 2608 2146 2684">
     <span class='ocr_line' id='line_1_27' title="bbox 563 2608 2146 2684; baseline -0.004 -18"><span class='ocrx_word' id='word_1_178' title='bbox 563 2611 890 2667; x_wconf 83' lang='lat' dir='ltr'><strong>universalis</strong></span> <span class='ocrx_word' id='word_1_179' title='bbox 914 2612 1081 2682; x_wconf 84' lang='lat' dir='ltr'><strong>hujus</strong></span> <span class='ocrx_word' id='word_1_180' title='bbox 1111 2611 1302 2684; x_wconf 81' lang='lat' dir='ltr'><strong>synodi</strong></span> <span class='ocrx_word' id='word_1_181' title='bbox 1329 2611 1628 2682; x_wconf 88' lang='lat' dir='ltr'><strong>quidquam</strong></span> <span class='ocrx_word' id='word_1_182' title='bbox 1657 2625 1725 2664; x_wconf 80' lang='lat' dir='ltr'><strong>ex</strong></span> <span class='ocrx_word' id='word_1_183' title='bbox 1756 2608 1842 2663; x_wconf 90' lang='lat' dir='ltr'><strong>his</strong></span> <span class='ocrx_word' id='word_1_184' title='bbox 1871 2622 1994 2678; x_wconf 54' lang='lat' dir='ltr'><strong>quae</strong></span> <span class='ocrx_word' id='word_1_185' title='bbox 2018 2613 2146 2660; x_wconf 90' lang='lat' dir='ltr'><strong>sunt</strong></span> 
     </span>
    </p>
   </div>
   <div class='ocr_carea' id='block_1_28' title="bbox 561 2701 2145 2776">
    <p class='ocr_par' dir='ltr' id='par_1_28' title="bbox 561 2701 2145 2776">
     <span class='ocr_line' id='line_1_28' title="bbox 561 2701 2145 2776; baseline -0.004 -18"><span class='ocrx_word' id='word_1_186' title='bbox 561 2703 833 2774; x_wconf 88' lang='lat' dir='ltr'><strong>prohibita</strong></span> <span class='ocrx_word' id='word_1_187' title='bbox 867 2713 1199 2776; x_wconf 91' lang='lat' dir='ltr'><strong>perpetrare,</strong></span> <span class='ocrx_word' id='word_1_188' title='bbox 1229 2703 1469 2760; x_wconf 86' lang='lat' dir='ltr'><strong>decrevit</strong></span> <span class='ocrx_word' id='word_1_189' title='bbox 1485 2711 1675 2760; x_wconf 89' lang='lat' dir='ltr'><strong>sancta</strong></span> <span class='ocrx_word' id='word_1_190' title='bbox 1698 2701 1938 2774; x_wconf 83' lang='lat' dir='ltr'><strong>synodus</strong></span> <span class='ocrx_word' id='word_1_191' title='bbox 1961 2715 1990 2753; x_wconf 91' lang='lat' dir='ltr'><strong>a</strong></span> <span class='ocrx_word' id='word_1_192' title='bbox 2017 2713 2145 2768; x_wconf 90' lang='lat' dir='ltr'><strong>pro-</strong></span> 
     </span>
    </p>
   </div>
   <div class='ocr_carea' id='block_1_29' title="bbox 561 2797 1237 2869">
    <p class='ocr_par' dir='ltr' id='par_1_29' title="bbox 561 2797 1237 2869">
     <span class='ocr_line' id='line_1_29' title="bbox 561 2797 1237 2869; baseline -0.003 -19"><span class='ocrx_word' id='word_1_193' title='bbox 561 2797 684 2868; x_wconf 84' lang='lat' dir='ltr'><strong>prio</strong></span> <span class='ocrx_word' id='word_1_194' title='bbox 720 2799 892 2869; x_wconf 77' lang='lat' dir='ltr'><strong>gradu</strong></span> <span class='ocrx_word' id='word_1_195' title='bbox 913 2798 1186 2854; x_wconf 88' lang='lat' dir='ltr'><strong>recedere.</strong></span> <span class='ocrx_word' id='word_1_196' title='bbox 1219 2817 1237 2848; x_wconf 75' lang='grc' dir='ltr'><strong><em>ι</em></strong></span> 
     </span>
    </p>
   </div>
   <div class='ocr_carea' id='block_1_30' title="bbox 631 2906 2150 2985">
    <p class='ocr_par' dir='ltr' id='par_1_30' title="bbox 631 2906 2150 2985">
     <span class='ocr_line' id='line_1_30' title="bbox 631 2906 2150 2985; baseline -0.004 -18"><span class='ocrx_word' id='word_1_197' title='bbox 631 2912 768 2969; x_wconf 90' lang='lat' dir='ltr'><strong>Item</strong></span> <span class='ocrx_word' id='word_1_198' title='bbox 818 2914 1170 2973; x_wconf 81' lang='lat' dir='ltr'><strong>beatissimus</strong></span> <span class='ocrx_word' id='word_1_199' title='bbox 1221 2929 1357 2985; x_wconf 88' lang='lat' dir='ltr'><strong>papa</strong></span> <span class='ocrx_word' id='word_1_200' title='bbox 1399 2912 1690 2985; x_wconf 79' lang='lat' dir='ltr'><strong>Sylvester,</strong></span> <span class='ocrx_word' id='word_1_201' title='bbox 1741 2909 1836 2980; x_wconf 91' lang='lat' dir='ltr'><strong>qui</strong></span> <span class='ocrx_word' id='word_1_202' title='bbox 1872 2906 2150 2963; x_wconf 74' lang='lat' dir='ltr'><strong>Nicaenam</strong></span> 
     </span>
    </p>
   </div>
   <div class='ocr_carea' id='block_1_31' title="bbox 565 3001 2154 3078">
    <p class='ocr_par' dir='ltr' id='par_1_31' title="bbox 565 3001 2154 3078">
     <span class='ocr_line' id='line_1_31' title="bbox 565 3001 2154 3078; baseline -0.006 -17"><span class='ocrx_word' id='word_1_203' title='bbox 565 3006 839 3077; x_wconf 82' lang='lat' dir='ltr'><strong>synodum</strong></span> <span class='ocrx_word' id='word_1_204' title='bbox 867 3006 1240 3078; x_wconf 81' lang='lat' dir='ltr'><strong>congregavit,</strong></span> <span class='ocrx_word' id='word_1_205' title='bbox 1276 3015 1330 3060; x_wconf 90' lang='lat' dir='ltr'><strong>ct</strong></span> <span class='ocrx_word' id='word_1_206' title='bbox 1363 3005 1612 3060; x_wconf 88' lang='lat' dir='ltr'><strong>eamdem</strong></span> <span class='ocrx_word' id='word_1_207' title='bbox 1640 3001 1942 3072; x_wconf 87' lang='lat' dir='ltr'><strong>apostolica</strong></span> <span class='ocrx_word' id='word_1_208' title='bbox 1963 3007 2154 3054; x_wconf 87' lang='lat' dir='ltr'><strong>aucto-</strong></span> 
     </span>
    </p>
   </div>
   <div class='ocr_carea' id='block_1_32' title="bbox 566 3091 2152 3168">
    <p class='ocr_par' dir='ltr' id='par_1_32' title="bbox 566 3091 2152 3168">
     <span class='ocr_line' id='line_1_32' title="bbox 566 3091 2152 3168; baseline -0.006 -15"><span class='ocrx_word' id='word_1_209' title='bbox 566 3097 727 3154; x_wconf 86' lang='lat' dir='ltr'><strong>ritate</strong></span> <span class='ocrx_word' id='word_1_210' title='bbox 753 3099 1149 3164; x_wconf 83' lang='lat' dir='ltr'><strong>corroboravit,</strong></span> <span class='ocrx_word' id='word_1_211' title='bbox 1187 3099 1242 3153; x_wconf 91' lang='lat' dir='ltr'><strong>in</strong></span> <span class='ocrx_word' id='word_1_212' title='bbox 1272 3099 1386 3154; x_wconf 89' lang='lat' dir='ltr'><strong>suis</strong></span> <span class='ocrx_word' id='word_1_213' title='bbox 1417 3095 1772 3168; x_wconf 73' lang='lat' dir='ltr'><strong>synodalibus</strong></span> <span class='ocrx_word' id='word_1_214' title='bbox 1794 3091 2052 3157; x_wconf 86' lang='lat' dir='ltr'><strong>decretis,</strong></span> <span class='ocrx_word' id='word_1_215' title='bbox 2078 3091 2152 3144; x_wconf 87' lang='lat' dir='ltr'><strong>ita</strong></span> 
     </span>
    </p>
   </div>
   <div class='ocr_carea' id='block_1_33' title="bbox 567 3181 2154 3262">
    <p class='ocr_par' dir='ltr' id='par_1_33' title="bbox 567 3181 2154 3262">
     <span class='ocr_line' id='line_1_33' title="bbox 567 3181 2154 3262; baseline -0.007 -16"><span class='ocrx_word' id='word_1_216' title='bbox 567 3189 834 3258; x_wconf 88' lang='lat' dir='ltr'><strong>decernit,</strong></span> <span class='ocrx_word' id='word_1_217' title='bbox 861 3207 982 3262; x_wconf 86' lang='lat' dir='ltr'><strong>cap.</strong></span> <span class='ocrx_word' id='word_1_218' title='bbox 1033 3191 1104 3247; x_wconf 86' lang='lat'><strong>6:</strong></span> <span class='ocrx_word' id='word_1_219' title='bbox 1153 3211 1171 3243; x_wconf 73' lang='grc' dir='ltr'><strong><em>ς</em></strong></span> <span class='ocrx_word' id='word_1_220' title='bbox 1206 3189 1378 3245; x_wconf 84' lang='lat' dir='ltr'><strong>Nemo</strong></span> <span class='ocrx_word' id='word_1_221' title='bbox 1414 3189 1696 3260; x_wconf 83' lang='lat' dir='ltr'><strong>presbyter</strong></span> <span class='ocrx_word' id='word_1_222' title='bbox 1737 3203 1768 3241; x_wconf 88' lang='lat' dir='ltr'><strong>a</strong></span> <span class='ocrx_word' id='word_1_223' title='bbox 1809 3186 1897 3241; x_wconf 90' lang='lat' dir='ltr'><strong>die</strong></span> <span class='ocrx_word' id='word_1_224' title='bbox 1927 3181 2154 3238; x_wconf 90' lang='lat' dir='ltr'><strong>honoris</strong></span> 
     </span>
    </p>
   </div>
   <div class='ocr_carea' id='block_1_34' title="bbox 567 3276 2156 3355">
    <p class='ocr_par' dir='ltr' id='par_1_34' title="bbox 567 3276 2156 3355">
     <span class='ocr_line' id='line_1_34' title="bbox 567 3276 2156 3355; baseline -0.008 -15"><span class='ocrx_word' id='word_1_225' title='bbox 567 3283 925 3355; x_wconf 62' lang='lat' dir='ltr'><strong>praasbyterii,</strong></span> <span class='ocrx_word' id='word_1_226' title='bbox 949 3293 1132 3340; x_wconf 89' lang='lat' dir='ltr'><strong>sumat</strong></span> <span class='ocrx_word' id='word_1_227' title='bbox 1158 3283 1470 3354; x_wconf 82' lang='lat' dir='ltr'><strong>conjugium</strong></span> <span class='ocrx_word' id='word_1_228' title='bbox 1488 3301 1502 3349; x_wconf 92' lang='lat'><strong>;</strong></span> <span class='ocrx_word' id='word_1_229' title='bbox 1521 3281 1669 3352; x_wconf 89' lang='lat' dir='ltr'><strong>quod</strong></span> <span class='ocrx_word' id='word_1_230' title='bbox 1691 3280 1738 3334; x_wconf 88' lang='lat' dir='ltr'><strong>si</strong></span> <span class='ocrx_word' id='word_1_231' title='bbox 1759 3281 1884 3350; x_wconf 87' lang='lat' dir='ltr'><strong>quis</strong></span> <span class='ocrx_word' id='word_1_232' title='bbox 1911 3276 2156 3347; x_wconf 84' lang='lat' dir='ltr'><strong>neglecto</strong></span> 
     </span>
    </p>
   </div>
   <div class='ocr_carea' id='block_1_35' title="bbox 565 3365 2156 3448">
    <p class='ocr_par' dir='ltr' id='par_1_35' title="bbox 565 3365 2156 3448">
     <span class='ocr_line' id='line_1_35' title="bbox 565 3365 2156 3448; baseline -0.006 -20"><span class='ocrx_word' id='word_1_233' title='bbox 565 3377 700 3442; x_wconf 76' lang='lat' dir='ltr'><strong>hoc,</strong></span> <span class='ocrx_word' id='word_1_234' title='bbox 748 3376 906 3432; x_wconf 87' lang='lat' dir='ltr'><strong>aliter</strong></span> <span class='ocrx_word' id='word_1_235' title='bbox 949 3377 1142 3448; x_wconf 79' lang='lat' dir='ltr'><strong>egerit,</strong></span> <span class='ocrx_word' id='word_1_236' title='bbox 1176 3392 1251 3430; x_wconf 77' lang='lat' dir='ltr'><strong>xu</strong></span> <span class='ocrx_word' id='word_1_237' title='bbox 1287 3375 1446 3430; x_wconf 88' lang='lat' dir='ltr'><strong>annis</strong></span> <span class='ocrx_word' id='word_1_238' title='bbox 1475 3389 1598 3428; x_wconf 89' lang='lat' dir='ltr'><strong>eum</strong></span> <span class='ocrx_word' id='word_1_239' title='bbox 1641 3372 1900 3442; x_wconf 87' lang='lat' dir='ltr'><strong>jubemus</strong></span> <span class='ocrx_word' id='word_1_240' title='bbox 1952 3365 2156 3438; x_wconf 87' lang='lat' dir='ltr'><strong>privari</strong></span> 
     </span>
    </p>
   </div>
   <div class='ocr_carea' id='block_1_36' title="bbox 572 3459 2155 3536">
    <p class='ocr_par' dir='ltr' id='par_1_36' title="bbox 572 3459 2155 3536">
     <span class='ocr_line' id='line_1_36' title="bbox 572 3459 2155 3536; baseline -0.006 -16"><span class='ocrx_word' id='word_1_241' title='bbox 572 3465 804 3523; x_wconf 90' lang='lat' dir='ltr'><strong>honore.</strong></span> <span class='ocrx_word' id='word_1_242' title='bbox 863 3466 1022 3532; x_wconf 89' lang='lat' dir='ltr'><strong>Quod</strong></span> <span class='ocrx_word' id='word_1_243' title='bbox 1064 3467 1110 3520; x_wconf 91' lang='lat' dir='ltr'><strong>si</strong></span> <span class='ocrx_word' id='word_1_244' title='bbox 1166 3467 1292 3536; x_wconf 91' lang='lat' dir='ltr'><strong>quis</strong></span> <span class='ocrx_word' id='word_1_245' title='bbox 1353 3474 1546 3520; x_wconf 89' lang='lat' dir='ltr'><strong>contra</strong></span> <span class='ocrx_word' id='word_1_246' title='bbox 1593 3465 1698 3518; x_wconf 90' lang='lat' dir='ltr'><strong>hoc</strong></span> <span class='ocrx_word' id='word_1_247' title='bbox 1730 3459 2155 3532; x_wconf 81' lang='lat' dir='ltr'><strong>chimgraphum</strong></span> 
     </span>
    </p>
   </div>
   <div class='ocr_carea' id='block_1_37' title="bbox 573 3549 2158 3630">
    <p class='ocr_par' dir='ltr' id='par_1_37' title="bbox 573 3549 2158 3630">
     <span class='ocr_line' id='line_1_37' title="bbox 573 3549 2158 3630; baseline -0.008 -16"><span class='ocrx_word' id='word_1_248' title='bbox 573 3574 820 3630; x_wconf 67' lang='lat' dir='ltr'><strong>praesens</strong></span> <span class='ocrx_word' id='word_1_249' title='bbox 868 3568 924 3614; x_wconf 85' lang='lat' dir='ltr'><strong>et</strong></span> <span class='ocrx_word' id='word_1_250' title='bbox 967 3559 1184 3628; x_wconf 89' lang='lat' dir='ltr'><strong>publice</strong></span> <span class='ocrx_word' id='word_1_251' title='bbox 1234 3558 1446 3613; x_wconf 90' lang='lat' dir='ltr'><strong>dictum</strong></span> <span class='ocrx_word' id='word_1_252' title='bbox 1498 3555 1692 3626; x_wconf 84' lang='lat' dir='ltr'><strong>egerit,</strong></span> <span class='ocrx_word' id='word_1_253' title='bbox 1721 3551 2072 3609; x_wconf 88' lang='lat' dir='ltr'><strong>damnabitur</strong></span> <span class='ocrx_word' id='word_1_254' title='bbox 2101 3549 2158 3603; x_wconf 90' lang='lat' dir='ltr'><strong>in</strong></span> 
     </span>
    </p>
   </div>
   <div class='ocr_carea' id='block_1_38' title="bbox 573 3658 980 3722">
    <p class='ocr_par' dir='ltr' id='par_1_38' title="bbox 573 3658 980 3722">
     <span class='ocr_line' id='line_1_38' title="bbox 573 3658 980 3722; baseline -0.017 -15"><span class='ocrx_word' id='word_1_255' title='bbox 573 3658 920 3722; x_wconf 86' lang='lat' dir='ltr'><strong>perpetuum.</strong></span> <span class='ocrx_word' id='word_1_256' title='bbox 961 3669 980 3700; x_wconf 75' lang='grc' dir='ltr'><strong><em>ι</em></strong></span> 
     </span>
    </p>
   </div>
   <div class='ocr_carea' id='block_1_39' title="bbox 645 3756 2156 3834">
    <p class='ocr_par' dir='ltr' id='par_1_39' title="bbox 645 3756 2156 3834">
     <span class='ocr_line' id='line_1_39' title="bbox 645 3756 2156 3834; baseline -0.007 -16"><span class='ocrx_word' id='word_1_257' title='bbox 645 3763 780 3820; x_wconf 89' lang='lat' dir='ltr'><strong>Item</strong></span> <span class='ocrx_word' id='word_1_258' title='bbox 802 3763 997 3818; x_wconf 89' lang='lat' dir='ltr'><strong>beatus</strong></span> <span class='ocrx_word' id='word_1_259' title='bbox 1021 3761 1253 3818; x_wconf 89' lang='lat' dir='ltr'><strong>Siricius</strong></span> <span class='ocrx_word' id='word_1_260' title='bbox 1275 3777 1412 3834; x_wconf 89' lang='lat' dir='ltr'><strong>papa</strong></span> <span class='ocrx_word' id='word_1_261' title='bbox 1439 3761 1492 3815; x_wconf 92' lang='lat' dir='ltr'><strong>in</strong></span> <span class='ocrx_word' id='word_1_262' title='bbox 1515 3759 1750 3816; x_wconf 87' lang='lat' dir='ltr'><strong>decretis</strong></span> <span class='ocrx_word' id='word_1_263' title='bbox 1773 3757 1912 3822; x_wconf 90' lang='lat' dir='ltr'><strong>suis,</strong></span> <span class='ocrx_word' id='word_1_264' title='bbox 1943 3771 2064 3826; x_wconf 88' lang='lat' dir='ltr'><strong>cap.</strong></span> <span class='ocrx_word' id='word_1_265' title='bbox 2093 3756 2122 3808; x_wconf 87' lang='lat'><strong>7</strong></span> <span class='ocrx_word' id='word_1_266' title='bbox 2143 3777 2156 3787; x_wconf 76' lang='grc' dir='ltr'><strong><em>ο</em></strong></span> 
     </span>
    </p>
   </div>
   <div class='ocr_carea' id='block_1_40' title="bbox 583 3849 2158 3926">
    <p class='ocr_par' dir='ltr' id='par_1_40' title="bbox 583 3849 2158 3926">
     <span class='ocr_line' id='line_1_40' title="bbox 583 3849 2158 3926; baseline -0.003 -18"><span class='ocrx_word' id='word_1_267' title='bbox 583 3875 606 3908; x_wconf 69' lang='grc' dir='ltr'><em>ς</em></span> <span class='ocrx_word' id='word_1_268' title='bbox 645 3855 887 3924; x_wconf 83' lang='lat' dir='ltr'><strong>Quilibet</strong></span> <span class='ocrx_word' id='word_1_269' title='bbox 941 3855 1252 3926; x_wconf 89' lang='lat' dir='ltr'><strong>episcopus,</strong></span> <span class='ocrx_word' id='word_1_270' title='bbox 1309 3854 1594 3925; x_wconf 83' lang='lat' dir='ltr'><strong>presbyter</strong></span> <span class='ocrx_word' id='word_1_271' title='bbox 1637 3860 1802 3920; x_wconf 87' lang='lat' dir='ltr'><strong>atque</strong></span> <span class='ocrx_word' id='word_1_272' title='bbox 1849 3849 2116 3905; x_wconf 87' lang='lat' dir='ltr'><strong>diaconus</strong></span> <span class='ocrx_word' id='word_1_273' title='bbox 2141 3889 2158 3916; x_wconf 93' lang='lat'><strong>,</strong></span> 
     </span>
    </p>
   </div>
   <div class='ocr_carea' id='block_1_41' title="bbox 577 3941 2160 4022">
    <p class='ocr_par' dir='ltr' id='par_1_41' title="bbox 577 3941 2160 4022">
     <span class='ocr_line' id='line_1_41' title="bbox 577 3941 2160 4022; baseline -0.006 -18"><span class='ocrx_word' id='word_1_274' title='bbox 577 3949 727 4022; x_wconf 74' lang='lat' dir='ltr'><strong>qubd</strong></span> <span class='ocrx_word' id='word_1_275' title='bbox 751 3963 860 4006; x_wconf 89' lang='lat' dir='ltr'><strong>non</strong></span> <span class='ocrx_word' id='word_1_276' title='bbox 883 3957 1158 4020; x_wconf 87' lang='lat' dir='ltr'><strong>optamus,</strong></span> <span class='ocrx_word' id='word_1_277' title='bbox 1190 3947 1448 4018; x_wconf 88' lang='lat' dir='ltr'><strong>deinceps</strong></span> <span class='ocrx_word' id='word_1_278' title='bbox 1479 3945 1825 4002; x_wconf 87' lang='lat' dir='ltr'><strong>incontinens</strong></span> <span class='ocrx_word' id='word_1_279' title='bbox 1868 3941 2032 3997; x_wconf 84' lang='lat' dir='ltr'><strong>fuerit</strong></span> <span class='ocrx_word' id='word_1_280' title='bbox 2073 3941 2160 3995; x_wconf 88' lang='lat' dir='ltr'><strong>in-</strong></span> 
     </span>
    </p>
   </div>
   <div class='ocr_carea' id='block_1_42' title="bbox 578 4031 2164 4111">
    <p class='ocr_par' dir='ltr' id='par_1_42' title="bbox 578 4031 2164 4111">
     <span class='ocr_line' id='line_1_42' title="bbox 578 4031 2164 4111; baseline -0.005 -15"><span class='ocrx_word' id='word_1_281' title='bbox 578 4049 798 4107; x_wconf 79' lang='lat' dir='ltr'><strong>ventus,</strong></span> <span class='ocrx_word' id='word_1_282' title='bbox 819 4039 935 4111; x_wconf 83' lang='lat' dir='ltr'><strong>jam</strong></span> <span class='ocrx_word' id='word_1_283' title='bbox 963 4039 1070 4095; x_wconf 87' lang='lat' dir='ltr'><strong>sibi</strong></span> <span class='ocrx_word' id='word_1_284' title='bbox 1095 4054 1196 4110; x_wconf 85' lang='lat' dir='ltr'><strong>per</strong></span> <span class='ocrx_word' id='word_1_285' title='bbox 1219 4055 1322 4094; x_wconf 87' lang='lat' dir='ltr'><strong>nos</strong></span> <span class='ocrx_word' id='word_1_286' title='bbox 1341 4053 1561 4094; x_wconf 89' lang='lat' dir='ltr'><strong>omnem</strong></span> <span class='ocrx_word' id='word_1_287' title='bbox 1583 4037 1790 4092; x_wconf 90' lang='lat' dir='ltr'><strong>aditum</strong></span> <span class='ocrx_word' id='word_1_288' title='bbox 1815 4031 2164 4105; x_wconf 65' lang='lat' dir='ltr'><strong>indulgentiae</strong></span> 
     </span>
    </p>
   </div>
   <div class='ocr_carea' id='block_1_43' title="bbox 579 4125 2160 4206">
    <p class='ocr_par' dir='ltr' id='par_1_43' title="bbox 579 4125 2160 4206">
     <span class='ocr_line' id='line_1_43' title="bbox 579 4125 2160 4206; baseline -0.008 -16"><span class='ocrx_word' id='word_1_289' title='bbox 579 4133 850 4206; x_wconf 70' lang='lat' dir='ltr'><strong>intelligat</strong></span> <span class='ocrx_word' id='word_1_290' title='bbox 893 4133 1230 4188; x_wconf 87' lang='lat' dir='ltr'><strong>obseratum.</strong></span> <span class='ocrx_word' id='word_1_291' title='bbox 1279 4151 1299 4184; x_wconf 83' lang='grc'>›</span> <span class='ocrx_word' id='word_1_292' title='bbox 1339 4129 1494 4197; x_wconf 87' lang='lat' dir='ltr'><strong>Item,</strong></span> <span class='ocrx_word' id='word_1_293' title='bbox 1537 4129 1590 4184; x_wconf 91' lang='lat' dir='ltr'><strong>in</strong></span> <span class='ocrx_word' id='word_1_294' title='bbox 1633 4128 1863 4194; x_wconf 89' lang='lat' dir='ltr'><strong>eisdem,</strong></span> <span class='ocrx_word' id='word_1_295' title='bbox 1895 4141 2016 4196; x_wconf 89' lang='lat' dir='ltr'><strong>cap.</strong></span> <span class='ocrx_word' id='word_1_296' title='bbox 2047 4125 2160 4178; x_wconf 66' lang='grc' dir='ltr'><strong>ηε</strong></span> 
     </span>
    </p>
   </div>
   <div class='ocr_carea' id='block_1_44' title="bbox 589 4217 2165 4294">
    <p class='ocr_par' dir='ltr' id='par_1_44' title="bbox 589 4217 2165 4294">
     <span class='ocr_line' id='line_1_44' title="bbox 589 4217 2165 4294; baseline -0.006 -14"><span class='ocrx_word' id='word_1_297' title='bbox 589 4247 608 4280; x_wconf 74' lang='grc' dir='ltr'><strong>α</strong></span> <span class='ocrx_word' id='word_1_298' title='bbox 635 4227 913 4294; x_wconf 83' lang='lat' dir='ltr'><strong>Feminas,</strong></span> <span class='ocrx_word' id='word_1_299' title='bbox 945 4227 1043 4283; x_wconf 92' lang='lat' dir='ltr'><strong>sed</strong></span> <span class='ocrx_word' id='word_1_300' title='bbox 1085 4243 1195 4281; x_wconf 90' lang='lat' dir='ltr'><strong>non</strong></span> <span class='ocrx_word' id='word_1_301' title='bbox 1227 4225 1364 4281; x_wconf 87' lang='lat' dir='ltr'><strong>alias</strong></span> <span class='ocrx_word' id='word_1_302' title='bbox 1388 4239 1512 4280; x_wconf 90' lang='lat' dir='ltr'><strong>esse</strong></span> <span class='ocrx_word' id='word_1_303' title='bbox 1538 4222 1778 4293; x_wconf 87' lang='lat' dir='ltr'><strong>patimur</strong></span> <span class='ocrx_word' id='word_1_304' title='bbox 1811 4221 1872 4274; x_wconf 89' lang='lat' dir='ltr'><strong>iu</strong></span> <span class='ocrx_word' id='word_1_305' title='bbox 1911 4217 2165 4274; x_wconf 87' lang='lat' dir='ltr'><strong>domibus</strong></span> 
     </span>
    </p>
   </div>
   <div class='ocr_carea' id='block_1_45' title="bbox 581 4311 2165 4386">
    <p class='ocr_par' dir='ltr' id='par_1_45' title="bbox 581 4311 2165 4386">
     <span class='ocr_line' id='line_1_45' title="bbox 581 4311 2165 4386; baseline -0.007 -10"><span class='ocrx_word' id='word_1_306' title='bbox 581 4317 934 4386; x_wconf 81' lang='lat' dir='ltr'><strong>clericorum,</strong></span> <span class='ocrx_word' id='word_1_307' title='bbox 981 4317 1090 4374; x_wconf 88' lang='lat' dir='ltr'><strong>nisi</strong></span> <span class='ocrx_word' id='word_1_308' title='bbox 1123 4333 1219 4374; x_wconf 89' lang='lat' dir='ltr'><strong>eas</strong></span> <span class='ocrx_word' id='word_1_309' title='bbox 1261 4325 1498 4383; x_wconf 87' lang='lat' dir='ltr'><strong>tantum,</strong></span> <span class='ocrx_word' id='word_1_310' title='bbox 1537 4330 1676 4386; x_wconf 87' lang='lat' dir='ltr'><strong>quas</strong></span> <span class='ocrx_word' id='word_1_311' title='bbox 1720 4321 1944 4384; x_wconf 88' lang='lat' dir='ltr'><strong>propter</strong></span> <span class='ocrx_word' id='word_1_312' title='bbox 1990 4311 2165 4368; x_wconf 88' lang='lat' dir='ltr'><strong>solam</strong></span> 
     </span>
    </p>
   </div>
   <div class='ocr_carea' id='block_1_46' title="bbox 581 4403 2166 4474">
    <p class='ocr_par' dir='ltr' id='par_1_46' title="bbox 581 4403 2166 4474">
     <span class='ocr_line' id='line_1_46' title="bbox 581 4403 2166 4474; baseline -0.008 -6"><span class='ocrx_word' id='word_1_313' title='bbox 581 4410 1054 4468; x_wconf 85' lang='lat' dir='ltr'><strong>necessitudinum</strong></span> <span class='ocrx_word' id='word_1_314' title='bbox 1081 4425 1304 4466; x_wconf 89' lang='lat' dir='ltr'><strong>causam</strong></span> <span class='ocrx_word' id='word_1_315' title='bbox 1334 4407 1582 4463; x_wconf 87' lang='lat' dir='ltr'><strong>habitare</strong></span> <span class='ocrx_word' id='word_1_316' title='bbox 1609 4421 1733 4461; x_wconf 89' lang='lat' dir='ltr'><strong>cum</strong></span> <span class='ocrx_word' id='word_1_317' title='bbox 1775 4403 1968 4459; x_wconf 89' lang='lat' dir='ltr'><strong>iisdem</strong></span> <span class='ocrx_word' id='word_1_318' title='bbox 1997 4416 2166 4474; x_wconf 78' lang='lat' dir='ltr'><strong>syno—</strong></span> 
     </span>
    </p>
   </div>
   <div class='ocr_carea' id='block_1_47' title="bbox 581 4501 1272 4574">
    <p class='ocr_par' dir='ltr' id='par_1_47' title="bbox 581 4501 1272 4574">
     <span class='ocr_line' id='line_1_47' title="bbox 581 4501 1272 4574; baseline -0.017 -10"><span class='ocrx_word' id='word_1_319' title='bbox 581 4505 690 4564; x_wconf 86' lang='lat' dir='ltr'><strong>dus</strong></span> <span class='ocrx_word' id='word_1_320' title='bbox 709 4503 930 4560; x_wconf 84' lang='lat' dir='ltr'><strong>Nicaena</strong></span> <span class='ocrx_word' id='word_1_321' title='bbox 953 4501 1222 4574; x_wconf 86' lang='lat' dir='ltr'><strong>permisit.</strong></span> <span class='ocrx_word' id='word_1_322' title='bbox 1252 4519 1272 4552; x_wconf 66' lang='grc' dir='ltr'><strong>ι</strong></span> 
     </span>
    </p>
   </div>
   <div class='ocr_carea' id='block_1_48' title="bbox 656 4604 2164 4684">
    <p class='ocr_par' dir='ltr' id='par_1_48' title="bbox 656 4604 2164 4684">
     <span class='ocr_line' id='line_1_48' title="bbox 656 4604 2164 4684; baseline -0.007 -14"><span class='ocrx_word' id='word_1_323' title='bbox 656 4615 814 4684; x_wconf 90' lang='lat' dir='ltr'><strong>Item,</strong></span> <span class='ocrx_word' id='word_1_324' title='bbox 859 4615 1245 4672; x_wconf 87' lang='lat' dir='ltr'><strong>sanctissimus</strong></span> <span class='ocrx_word' id='word_1_325' title='bbox 1291 4628 1431 4682; x_wconf 89' lang='lat' dir='ltr'><strong>papa</strong></span> <span class='ocrx_word' id='word_1_326' title='bbox 1477 4607 1773 4682; x_wconf 80' lang='lat' dir='ltr'><strong>Gregorius</strong></span> <span class='ocrx_word' id='word_1_327' title='bbox 1823 4607 2070 4664; x_wconf 88' lang='lat' dir='ltr'><strong>scribens</strong></span> <span class='ocrx_word' id='word_1_328' title='bbox 2096 4604 2164 4660; x_wconf 91' lang='lat' dir='ltr'><strong>ad</strong></span> 
     </span>
    </p>
   </div>
   <div class='ocr_carea' id='block_1_49' title="bbox 585 4700 2167 4777">
    <p class='ocr_par' dir='ltr' id='par_1_49' title="bbox 585 4700 2167 4777">
     <span class='ocr_line' id='line_1_49' title="bbox 585 4700 2167 4777; baseline -0.008 -13"><span class='ocrx_word' id='word_1_329' title='bbox 585 4707 900 4764; x_wconf 84' lang='lat' dir='ltr'><strong>Romanum</strong></span> <span class='ocrx_word' id='word_1_330' title='bbox 922 4706 1266 4764; x_wconf 81' lang='lat' dir='ltr'><strong>defensorem</strong></span> <span class='ocrx_word' id='word_1_331' title='bbox 1294 4706 1413 4777; x_wconf 78' lang='lat' dir='ltr'><strong>(lib.</strong></span> <span class='ocrx_word' id='word_1_332' title='bbox 1437 4721 1510 4759; x_wconf 88' lang='lat' dir='ltr'><strong>vn</strong></span> <span class='ocrx_word' id='word_1_333' title='bbox 1529 4745 1543 4770; x_wconf 93' lang='lat'><strong>,</strong></span> <span class='ocrx_word' id='word_1_334' title='bbox 1579 4711 1733 4774; x_wconf 66' lang='lat' dir='ltr'><strong>epist.</strong></span> <span class='ocrx_word' id='word_1_335' title='bbox 1762 4702 1852 4774; x_wconf 75' lang='lat'><strong>59)</strong></span> <span class='ocrx_word' id='word_1_336' title='bbox 1877 4702 1950 4756; x_wconf 88' lang='lat' dir='ltr'><strong>ita</strong></span> <span class='ocrx_word' id='word_1_337' title='bbox 1981 4700 2167 4755; x_wconf 88' lang='lat' dir='ltr'><strong>decer-</strong></span> 
     </span>
    </p>
   </div>
   <div class='ocr_carea' id='block_1_50' title="bbox 587 4788 2168 4872">
    <p class='ocr_par' dir='ltr' id='par_1_50' title="bbox 587 4788 2168 4872">
     <span class='ocr_line' id='line_1_50' title="bbox 587 4788 2168 4872; baseline -0.01 -14"><span class='ocrx_word' id='word_1_338' title='bbox 587 4803 690 4870; x_wconf 90' lang='lat' dir='ltr'><strong>nit,</strong></span> <span class='ocrx_word' id='word_1_339' title='bbox 732 4817 854 4872; x_wconf 90' lang='lat' dir='ltr'><strong>cap.</strong></span> <span class='ocrx_word' id='word_1_340' title='bbox 883 4799 984 4857; x_wconf 73' lang='lat'><strong>10:</strong></span> <span class='ocrx_word' id='word_1_341' title='bbox 1014 4821 1032 4852; x_wconf 77' lang='grc' dir='ltr'>σ</span> <span class='ocrx_word' id='word_1_342' title='bbox 1069 4799 1126 4856; x_wconf 91' lang='lat' dir='ltr'><strong>Si</strong></span> <span class='ocrx_word' id='word_1_343' title='bbox 1149 4799 1244 4872; x_wconf 92' lang='lat' dir='ltr'><strong>qui</strong></span> <span class='ocrx_word' id='word_1_344' title='bbox 1273 4799 1679 4870; x_wconf 88' lang='lat' dir='ltr'><strong>episcoporum,</strong></span> <span class='ocrx_word' id='word_1_345' title='bbox 1713 4811 1854 4866; x_wconf 91' lang='lat' dir='ltr'><strong>quos</strong></span> <span class='ocrx_word' id='word_1_346' title='bbox 1887 4788 2168 4850; x_wconf 90' lang='lat' dir='ltr'><strong>commissi</strong></span> 
     </span>
    </p>
   </div>
   <div class='ocr_carea' id='block_1_51' title="bbox 591 4881 2166 4966">
    <p class='ocr_par' dir='ltr' id='par_1_51' title="bbox 591 4881 2166 4966">
     <span class='ocr_line' id='line_1_51' title="bbox 591 4881 2166 4966; baseline -0.009 -16"><span class='ocrx_word' id='word_1_347' title='bbox 591 4895 689 4950; x_wconf 92' lang='lat' dir='ltr'><strong>tibi</strong></span> <span class='ocrx_word' id='word_1_348' title='bbox 731 4894 1044 4966; x_wconf 89' lang='lat' dir='ltr'><strong>patrimonii</strong></span> <span class='ocrx_word' id='word_1_349' title='bbox 1090 4895 1216 4949; x_wconf 84' lang='lat' dir='ltr'><strong>linis</strong></span> <span class='ocrx_word' id='word_1_350' title='bbox 1255 4890 1505 4958; x_wconf 90' lang='lat' dir='ltr'><strong>includit,</strong></span> <span class='ocrx_word' id='word_1_351' title='bbox 1549 4906 1676 4946; x_wconf 91' lang='lat' dir='ltr'><strong>cum</strong></span> <span class='ocrx_word' id='word_1_352' title='bbox 1713 4884 2038 4944; x_wconf 90' lang='lat' dir='ltr'><strong>mulieribus</strong></span> <span class='ocrx_word' id='word_1_353' title='bbox 2069 4881 2166 4937; x_wconf 88' lang='lat' dir='ltr'><strong>de-</strong></span> 
     </span>
    </p>
   </div>
   <div class='ocr_carea' id='block_1_52' title="bbox 591 4975 2172 5060">
    <p class='ocr_par' dir='ltr' id='par_1_52' title="bbox 591 4975 2172 5060">
     <span class='ocr_line' id='line_1_52' title="bbox 591 4975 2172 5060; baseline -0.011 -17"><span class='ocrx_word' id='word_1_354' title='bbox 591 4997 747 5060; x_wconf 77' lang='lat' dir='ltr'><strong>gunt,</strong></span> <span class='ocrx_word' id='word_1_355' title='bbox 779 4989 881 5042; x_wconf 89' lang='lat' dir='ltr'><strong>bos</strong></span> <span class='ocrx_word' id='word_1_356' title='bbox 905 4985 992 5058; x_wconf 85' lang='lat' dir='ltr'><strong>[C.</strong></span> <span class='ocrx_word' id='word_1_357' title='bbox 1022 4985 1086 5040; x_wconf 76' lang='grc' dir='ltr'><strong>Β.</strong></span> <span class='ocrx_word' id='word_1_358' title='bbox 1111 4985 1239 5059; x_wconf 90' lang='lat' dir='ltr'><strong>hoc]</strong></span> <span class='ocrx_word' id='word_1_359' title='bbox 1289 4985 1515 5041; x_wconf 91' lang='lat' dir='ltr'><strong>omnino</strong></span> <span class='ocrx_word' id='word_1_360' title='bbox 1539 4995 1878 5052; x_wconf 89' lang='lat' dir='ltr'><strong>compescas,</strong></span> <span class='ocrx_word' id='word_1_361' title='bbox 1901 4985 1955 5034; x_wconf 91' lang='lat' dir='ltr'><strong>et</strong></span> <span class='ocrx_word' id='word_1_362' title='bbox 1973 4975 2040 5031; x_wconf 88' lang='lat' dir='ltr'><strong>de</strong></span> <span class='ocrx_word' id='word_1_363' title='bbox 2065 4986 2172 5029; x_wconf 73' lang='lat' dir='ltr'><strong>cae-</strong></span> 
     </span>
    </p>
   </div>
   <div class='ocr_carea' id='block_1_53' title="bbox 2224 551 3818 636">
    <p class='ocr_par' dir='ltr' id='par_1_53' title="bbox 2224 551 3818 636">
     <span class='ocr_line' id='line_1_53' title="bbox 2224 551 3818 636; baseline -0.011 -14"><span class='ocrx_word' id='word_1_364' title='bbox 2224 565 2512 636; x_wconf 88' lang='lat' dir='ltr'><strong>episcopos</strong></span> <span class='ocrx_word' id='word_1_365' title='bbox 2547 560 2850 627; x_wconf 80' lang='lat' dir='ltr'><strong>adhortari,</strong></span> <span class='ocrx_word' id='word_1_366' title='bbox 2893 567 2956 614; x_wconf 88' lang='lat' dir='ltr'><strong>ut</strong></span> <span class='ocrx_word' id='word_1_367' title='bbox 3008 555 3283 626; x_wconf 83' lang='lat' dir='ltr'><strong>subjectos</strong></span> <span class='ocrx_word' id='word_1_368' title='bbox 3309 553 3416 609; x_wconf 83' lang='lat' dir='ltr'><strong>sibi</strong></span> <span class='ocrx_word' id='word_1_369' title='bbox 3440 553 3499 606; x_wconf 88' lang='lat' dir='ltr'><strong>in</strong></span> <span class='ocrx_word' id='word_1_370' title='bbox 3527 551 3717 608; x_wconf 78' lang='lat' dir='ltr'><strong>sacris</strong></span> <span class='ocrx_word' id='word_1_371' title='bbox 3735 551 3818 605; x_wconf 82' lang='lat' dir='ltr'><strong>vi—</strong></span> 
     </span>
    </p>
   </div>
   <div class='ocr_carea' id='block_1_54' title="bbox 2223 641 3822 718">
    <p class='ocr_par' dir='ltr' id='par_1_54' title="bbox 2223 641 3822 718">
     <span class='ocr_line' id='line_1_54' title="bbox 2223 641 3822 718; baseline -0.013 -3"><span class='ocrx_word' id='word_1_372' title='bbox 2223 658 2420 715; x_wconf 88' lang='lat' dir='ltr'><strong>delicet</strong></span> <span class='ocrx_word' id='word_1_373' title='bbox 2437 657 2726 713; x_wconf 90' lang='lat' dir='ltr'><strong>ordinibus</strong></span> <span class='ocrx_word' id='word_1_374' title='bbox 2753 650 3104 714; x_wconf 85' lang='lat' dir='ltr'><strong>constitutos,</strong></span> <span class='ocrx_word' id='word_1_375' title='bbox 3139 646 3290 718; x_wconf 89' lang='lat' dir='ltr'><strong>quod</strong></span> <span class='ocrx_word' id='word_1_376' title='bbox 3323 643 3429 716; x_wconf 89' lang='lat' dir='ltr'><strong>ipsi</strong></span> <span class='ocrx_word' id='word_1_377' title='bbox 3475 650 3733 708; x_wconf 80' lang='lat' dir='ltr'><strong>servant,</strong></span> <span class='ocrx_word' id='word_1_378' title='bbox 3754 641 3822 696; x_wconf 76' lang='lat' dir='ltr'><strong>ad</strong></span> 
     </span>
    </p>
   </div>
   <div class='ocr_carea' id='block_1_55' title="bbox 2225 739 3822 808">
    <p class='ocr_par' dir='ltr' id='par_1_55' title="bbox 2225 739 3822 808">
     <span class='ocr_line' id='line_1_55' title="bbox 2225 739 3822 808; baseline -0.012 0"><span class='ocrx_word' id='word_1_379' title='bbox 2225 751 2638 808; x_wconf 86' lang='lat' dir='ltr'><strong>similitudinem</strong></span> <span class='ocrx_word' id='word_1_380' title='bbox 2673 748 2761 806; x_wconf 90' lang='lat' dir='ltr'><strong>sui</strong></span> <span class='ocrx_word' id='word_1_381' title='bbox 2810 744 2988 802; x_wconf 90' lang='lat' dir='ltr'><strong>modis</strong></span> <span class='ocrx_word' id='word_1_382' title='bbox 3017 739 3276 798; x_wconf 88' lang='lat' dir='ltr'><strong>omnibus</strong></span> <span class='ocrx_word' id='word_1_383' title='bbox 3307 751 3532 795; x_wconf 87' lang='lat' dir='ltr'><strong>servare</strong></span> <span class='ocrx_word' id='word_1_384' title='bbox 3563 748 3822 792; x_wconf 85' lang='lat' dir='ltr'><strong>commo—</strong></span> 
     </span>
    </p>
   </div>
   <div class='ocr_carea' id='block_1_56' title="bbox 2227 851 2848 898">
    <p class='ocr_par' dir='ltr' id='par_1_56' title="bbox 2227 851 2848 898">
     <span class='ocr_line' id='line_1_56' title="bbox 2227 851 2848 898; baseline -0.006 0"><span class='ocrx_word' id='word_1_385' title='bbox 2227 851 2411 898; x_wconf 89' lang='lat' dir='ltr'><strong>neant.</strong></span> <span class='ocrx_word' id='word_1_386' title='bbox 2457 861 2476 894; x_wconf 74' lang='grc' dir='ltr'><strong><em>ι</em></strong></span> <span class='ocrx_word' id='word_1_387' title='bbox 2844 889 2848 894; x_wconf 85' lang='grc'>.</span> 
     </span>
    </p>
   </div>
   <div class='ocr_carea' id='block_1_57' title="bbox 2298 915 3821 1002">
    <p class='ocr_par' dir='ltr' id='par_1_57' title="bbox 2298 915 3821 1002">
     <span class='ocr_line' id='line_1_57' title="bbox 2298 915 3821 1002; baseline -0.013 -13"><span class='ocrx_word' id='word_1_388' title='bbox 2298 935 2454 1002; x_wconf 88' lang='lat' dir='ltr'><strong>Item,</strong></span> <span class='ocrx_word' id='word_1_389' title='bbox 2501 931 2800 988; x_wconf 83' lang='lat' dir='ltr'><strong>Zacharias</strong></span> <span class='ocrx_word' id='word_1_390' title='bbox 2844 944 2984 1000; x_wconf 89' lang='lat' dir='ltr'><strong>papa</strong></span> <span class='ocrx_word' id='word_1_391' title='bbox 3017 927 3076 982; x_wconf 92' lang='lat' dir='ltr'><strong>in</strong></span> <span class='ocrx_word' id='word_1_392' title='bbox 3114 923 3348 982; x_wconf 87' lang='lat' dir='ltr'><strong>decretis</strong></span> <span class='ocrx_word' id='word_1_393' title='bbox 3376 920 3515 986; x_wconf 87' lang='lat' dir='ltr'><strong>suis,</strong></span> <span class='ocrx_word' id='word_1_394' title='bbox 3559 933 3696 989; x_wconf 83' lang='lat' dir='ltr'><strong>cap.</strong></span> <span class='ocrx_word' id='word_1_395' title='bbox 3737 915 3766 970; x_wconf 73' lang='grc' dir='ltr'>ί</span> <span class='ocrx_word' id='word_1_396' title='bbox 3807 932 3821 964; x_wconf 90' lang='lat'><strong>:</strong></span> 
     </span>
    </p>
   </div>
   <div class='ocr_carea' id='block_1_58' title="bbox 2236 1007 3827 1094">
    <p class='ocr_par' dir='ltr' id='par_1_58' title="bbox 2236 1007 3827 1094">
     <span class='ocr_line' id='line_1_58' title="bbox 2236 1007 3827 1094; baseline -0.012 -14"><span class='ocrx_word' id='word_1_397' title='bbox 2236 1046 2254 1080; x_wconf 70' lang='grc' dir='ltr'><strong><em>ι</em></strong></span> <span class='ocrx_word' id='word_1_398' title='bbox 2299 1027 2657 1084; x_wconf 88' lang='lat' dir='ltr'><strong>Deeernimus</strong></span> <span class='ocrx_word' id='word_1_399' title='bbox 2699 1033 2762 1080; x_wconf 91' lang='lat' dir='ltr'><strong>ut</strong></span> <span class='ocrx_word' id='word_1_400' title='bbox 2787 1021 3029 1094; x_wconf 84' lang='lat' dir='ltr'><strong>episcopi</strong></span> <span class='ocrx_word' id='word_1_401' title='bbox 3069 1033 3196 1075; x_wconf 89' lang='lat' dir='ltr'><strong>cum</strong></span> <span class='ocrx_word' id='word_1_402' title='bbox 3235 1012 3560 1070; x_wconf 86' lang='lat' dir='ltr'><strong>mulieribus</strong></span> <span class='ocrx_word' id='word_1_403' title='bbox 3590 1007 3827 1065; x_wconf 79' lang='lat' dir='ltr'><strong>omnino</strong></span> 
     </span>
    </p>
   </div>
   <div class='ocr_carea' id='block_1_59' title="bbox 2231 1101 3828 1186">
    <p class='ocr_par' dir='ltr' id='par_1_59' title="bbox 2231 1101 3828 1186">
     <span class='ocr_line' id='line_1_59' title="bbox 2231 1101 3828 1186; baseline -0.016 -9"><span class='ocrx_word' id='word_1_404' title='bbox 2231 1134 2344 1176; x_wconf 92' lang='lat' dir='ltr'><strong>non</strong></span> <span class='ocrx_word' id='word_1_405' title='bbox 2366 1119 2636 1186; x_wconf 87' lang='lat' dir='ltr'><strong>habitent,</strong></span> <span class='ocrx_word' id='word_1_406' title='bbox 2670 1133 2738 1172; x_wconf 89' lang='lat' dir='ltr'><strong>ne</strong></span> <span class='ocrx_word' id='word_1_407' title='bbox 2769 1115 2839 1170; x_wconf 89' lang='lat' dir='ltr'><strong>ab</strong></span> <span class='ocrx_word' id='word_1_408' title='bbox 2866 1111 3079 1183; x_wconf 90' lang='lat' dir='ltr'><strong>antiqui</strong></span> <span class='ocrx_word' id='word_1_409' title='bbox 3104 1108 3281 1166; x_wconf 88' lang='lat' dir='ltr'><strong>hostis</strong></span> <span class='ocrx_word' id='word_1_410' title='bbox 3320 1103 3512 1160; x_wconf 80' lang='lat' dir='ltr'><strong>fraude</strong></span> <span class='ocrx_word' id='word_1_411' title='bbox 3537 1101 3828 1172; x_wconf 74' lang='lat' dir='ltr'><strong>decipian-</strong></span> 
     </span>
    </p>
   </div>
   <div class='ocr_carea' id='block_1_60' title="bbox 2228 1191 3826 1278">
    <p class='ocr_par' dir='ltr' id='par_1_60' title="bbox 2228 1191 3826 1278">
     <span class='ocr_line' id='line_1_60' title="bbox 2228 1191 3826 1278; baseline -0.016 -8"><span class='ocrx_word' id='word_1_412' title='bbox 2228 1223 2340 1270; x_wconf 90' lang='lat' dir='ltr'><strong>tur.</strong></span> <span class='ocrx_word' id='word_1_413' title='bbox 2383 1233 2401 1265; x_wconf 72' lang='grc' dir='ltr'><strong>ι</strong></span> <span class='ocrx_word' id='word_1_414' title='bbox 2439 1212 2607 1278; x_wconf 89' lang='lat' dir='ltr'><strong>Idem,</strong></span> <span class='ocrx_word' id='word_1_415' title='bbox 2657 1211 2712 1264; x_wconf 89' lang='lat' dir='ltr'><strong>in</strong></span> <span class='ocrx_word' id='word_1_416' title='bbox 2767 1207 2970 1264; x_wconf 84' lang='lat' dir='ltr'><strong>eisdem</strong></span> <span class='ocrx_word' id='word_1_417' title='bbox 3015 1219 3136 1274; x_wconf 91' lang='lat' dir='ltr'><strong>cap.</strong></span> <span class='ocrx_word' id='word_1_418' title='bbox 3171 1201 3256 1256; x_wconf 77' lang='lat'><strong>2:</strong></span> <span class='ocrx_word' id='word_1_419' title='bbox 3301 1219 3320 1251; x_wconf 79' lang='grc' dir='ltr'>ι</span> <span class='ocrx_word' id='word_1_420' title='bbox 3364 1196 3438 1252; x_wconf 86' lang='lat' dir='ltr'><strong>Ut</strong></span> <span class='ocrx_word' id='word_1_421' title='bbox 3487 1191 3826 1264; x_wconf 76' lang='lat' dir='ltr'><strong>presbyteri,</strong></span> 
     </span>
    </p>
   </div>
   <div class='ocr_carea' id='block_1_61' title="bbox 2230 1285 3826 1380">
    <p class='ocr_par' dir='ltr' id='par_1_61' title="bbox 2230 1285 3826 1380">
     <span class='ocr_line' id='line_1_61' title="bbox 2230 1285 3826 1380; baseline -0.016 -19"><span class='ocrx_word' id='word_1_422' title='bbox 2230 1305 2317 1361; x_wconf 89' lang='lat' dir='ltr'><strong>vel</strong></span> <span class='ocrx_word' id='word_1_423' title='bbox 2341 1304 2557 1380; x_wconf 87' lang='lat' dir='ltr'><strong>diaconi</strong></span> <span class='ocrx_word' id='word_1_424' title='bbox 2590 1299 3036 1357; x_wconf 86' lang='lat' dir='ltr'><strong>subintroductas</strong></span> <span class='ocrx_word' id='word_1_425' title='bbox 3057 1293 3315 1348; x_wconf 88' lang='lat' dir='ltr'><strong>mulieres</strong></span> <span class='ocrx_word' id='word_1_426' title='bbox 3347 1288 3502 1344; x_wconf 88' lang='lat' dir='ltr'><strong>nullo</strong></span> <span class='ocrx_word' id='word_1_427' title='bbox 3531 1285 3704 1340; x_wconf 89' lang='lat' dir='ltr'><strong>modo</strong></span> <span class='ocrx_word' id='word_1_428' title='bbox 3734 1299 3826 1338; x_wconf 73' lang='lat' dir='ltr'><strong>Se-</strong></span> 
     </span>
    </p>
   </div>
   <div class='ocr_carea' id='block_1_62' title="bbox 2233 1384 3826 1455">
    <p class='ocr_par' dir='ltr' id='par_1_62' title="bbox 2233 1384 3826 1455">
     <span class='ocr_line' id='line_1_62' title="bbox 2233 1384 3826 1455; baseline -0.016 -3"><span class='ocrx_word' id='word_1_429' title='bbox 2233 1411 2360 1453; x_wconf 90' lang='lat' dir='ltr'><strong>cum</strong></span> <span class='ocrx_word' id='word_1_430' title='bbox 2390 1394 2592 1449; x_wconf 90' lang='lat' dir='ltr'><strong>habere</strong></span> <span class='ocrx_word' id='word_1_431' title='bbox 2621 1391 2859 1447; x_wconf 89' lang='lat' dir='ltr'><strong>audeant</strong></span> <span class='ocrx_word' id='word_1_432' title='bbox 2886 1430 2902 1455; x_wconf 94' lang='lat'><strong>,</strong></span> <span class='ocrx_word' id='word_1_433' title='bbox 2933 1387 3044 1442; x_wconf 85' lang='lat' dir='ltr'><strong>nisi</strong></span> <span class='ocrx_word' id='word_1_434' title='bbox 3087 1384 3232 1439; x_wconf 78' lang='lat' dir='ltr'><strong>forte</strong></span> <span class='ocrx_word' id='word_1_435' title='bbox 3273 1389 3642 1436; x_wconf 86' lang='lat' dir='ltr'><strong>commatrem</strong></span> <span class='ocrx_word' id='word_1_436' title='bbox 3667 1388 3826 1429; x_wconf 83' lang='lat' dir='ltr'><strong>suam</strong></span> 
     </span>
    </p>
   </div>
   <div class='ocr_carea' id='block_1_63' title="bbox 2234 1471 3829 1557">
    <p class='ocr_par' dir='ltr' id='par_1_63' title="bbox 2234 1471 3829 1557">
     <span class='ocr_line' id='line_1_63' title="bbox 2234 1471 3829 1557; baseline -0.014 -15"><span class='ocrx_word' id='word_1_437' title='bbox 2234 1496 2331 1542; x_wconf 90' lang='lat' dir='ltr'><strong>aut</strong></span> <span class='ocrx_word' id='word_1_438' title='bbox 2363 1484 2765 1557; x_wconf 80' lang='lat' dir='ltr'><strong>proximitatem</strong></span> <span class='ocrx_word' id='word_1_439' title='bbox 2816 1476 3186 1554; x_wconf 74' lang='lat' dir='ltr'><strong>generationis</strong></span> <span class='ocrx_word' id='word_1_440' title='bbox 3233 1473 3340 1529; x_wconf 90' lang='lat' dir='ltr'><strong>sibi</strong></span> <span class='ocrx_word' id='word_1_441' title='bbox 3375 1471 3674 1531; x_wconf 86' lang='lat' dir='ltr'><strong>habentes,</strong></span> <span class='ocrx_word' id='word_1_442' title='bbox 3703 1481 3829 1536; x_wconf 65' lang='lat' dir='ltr'><strong>qua</strong></span> 
     </span>
    </p>
   </div>
   <div class='ocr_carea' id='block_1_64' title="bbox 2237 1560 3828 1649">
    <p class='ocr_par' dir='ltr' id='par_1_64' title="bbox 2237 1560 3828 1649">
     <span class='ocr_line' id='line_1_64' title="bbox 2237 1560 3828 1649; baseline -0.015 -14"><span class='ocrx_word' id='word_1_443' title='bbox 2237 1578 2582 1649; x_wconf 88' lang='lat' dir='ltr'><strong>suspiciones</strong></span> <span class='ocrx_word' id='word_1_444' title='bbox 2613 1573 2899 1647; x_wconf 76' lang='lat' dir='ltr'><strong>effugiunt,</strong></span> <span class='ocrx_word' id='word_1_445' title='bbox 2945 1571 3092 1627; x_wconf 89' lang='lat' dir='ltr'><strong>sicut</strong></span> <span class='ocrx_word' id='word_1_446' title='bbox 3116 1569 3173 1624; x_wconf 87' lang='lat' dir='ltr'><strong>in</strong></span> <span class='ocrx_word' id='word_1_447' title='bbox 3201 1565 3423 1621; x_wconf 68' lang='lat' dir='ltr'><strong>Nicaana</strong></span> <span class='ocrx_word' id='word_1_448' title='bbox 3451 1560 3667 1633; x_wconf 83' lang='lat' dir='ltr'><strong>synodo</strong></span> <span class='ocrx_word' id='word_1_449' title='bbox 3697 1573 3828 1614; x_wconf 78' lang='lat' dir='ltr'><strong>con-</strong></span> 
     </span>
    </p>
   </div>
   <div class='ocr_carea' id='block_1_65' title="bbox 2235 1650 3830 1738">
    <p class='ocr_par' dir='ltr' id='par_1_65' title="bbox 2235 1650 3830 1738">
     <span class='ocr_line' id='line_1_65' title="bbox 2235 1650 3830 1738; baseline -0.014 -12"><span class='ocrx_word' id='word_1_450' title='bbox 2235 1671 2458 1726; x_wconf 88' lang='lat' dir='ltr'><strong>tinetur.</strong></span> <span class='ocrx_word' id='word_1_451' title='bbox 2493 1668 2551 1724; x_wconf 89' lang='lat' dir='ltr'><strong>Si</strong></span> <span class='ocrx_word' id='word_1_452' title='bbox 2599 1667 2724 1738; x_wconf 93' lang='lat' dir='ltr'><strong>quis</strong></span> <span class='ocrx_word' id='word_1_453' title='bbox 2765 1673 2963 1736; x_wconf 66' lang='lat' dir='ltr'><strong>praater</strong></span> <span class='ocrx_word' id='word_1_454' title='bbox 3015 1662 3134 1716; x_wconf 82' lang='lat' dir='ltr'><strong>haec</strong></span> <span class='ocrx_word' id='word_1_455' title='bbox 3181 1664 3385 1714; x_wconf 87' lang='lat' dir='ltr'><strong>statuta</strong></span> <span class='ocrx_word' id='word_1_456' title='bbox 3411 1650 3830 1726; x_wconf 63' lang='lat' dir='ltr'><strong>praesumpserit</strong></span> 
     </span>
    </p>
   </div>
   <div class='ocr_carea' id='block_1_66' title="bbox 2238 1752 3424 1835">
    <p class='ocr_par' dir='ltr' id='par_1_66' title="bbox 2238 1752 3424 1835">
     <span class='ocr_line' id='line_1_66' title="bbox 2238 1752 3424 1835; baseline -0.013 -19"><span class='ocrx_word' id='word_1_457' title='bbox 2238 1777 2419 1834; x_wconf 81' lang='lat' dir='ltr'><strong>agere,</strong></span> <span class='ocrx_word' id='word_1_458' title='bbox 2452 1757 2744 1835; x_wconf 80' lang='lat' dir='ltr'><strong>sacerdotii</strong></span> <span class='ocrx_word' id='word_1_459' title='bbox 2774 1755 2862 1812; x_wconf 93' lang='lat' dir='ltr'><strong>sui</strong></span> <span class='ocrx_word' id='word_1_460' title='bbox 2887 1757 3096 1810; x_wconf 88' lang='lat' dir='ltr'><strong>honore</strong></span> <span class='ocrx_word' id='word_1_461' title='bbox 3126 1752 3424 1822; x_wconf 65' lang='lat' dir='ltr'><strong>privetur.»</strong></span> 
     </span>
    </p>
   </div>
   <div class='ocr_carea' id='block_1_67' title="bbox 2305 1840 3828 1924">
    <p class='ocr_par' dir='ltr' id='par_1_67' title="bbox 2305 1840 3828 1924">
     <span class='ocr_line' id='line_1_67' title="bbox 2305 1840 3828 1924; baseline -0.013 -12"><span class='ocrx_word' id='word_1_462' title='bbox 2305 1859 2440 1914; x_wconf 88' lang='lat' dir='ltr'><strong>Item</strong></span> <span class='ocrx_word' id='word_1_463' title='bbox 2486 1858 2678 1912; x_wconf 89' lang='lat' dir='ltr'><strong>beatus</strong></span> <span class='ocrx_word' id='word_1_464' title='bbox 2717 1854 3084 1924; x_wconf 81' lang='lat' dir='ltr'><strong>Hieronymus</strong></span> <span class='ocrx_word' id='word_1_465' title='bbox 3131 1847 3383 1905; x_wconf 89' lang='lat' dir='ltr'><strong>scribens</strong></span> <span class='ocrx_word' id='word_1_466' title='bbox 3417 1843 3490 1898; x_wconf 88' lang='lat' dir='ltr'><strong>ad</strong></span> <span class='ocrx_word' id='word_1_467' title='bbox 3520 1840 3828 1904; x_wconf 85' lang='lat' dir='ltr'><strong>Oceanum,</strong></span> 
     </span>
    </p>
   </div>
   <div class='ocr_carea' id='block_1_68' title="bbox 2237 1931 3833 2012">
    <p class='ocr_par' dir='ltr' id='par_1_68' title="bbox 2237 1931 3833 2012">
     <span class='ocr_line' id='line_1_68' title="bbox 2237 1931 3833 2012; baseline -0.016 -5"><span class='ocrx_word' id='word_1_468' title='bbox 2237 1949 2566 2006; x_wconf 88' lang='lat' dir='ltr'><strong>authenticis</strong></span> <span class='ocrx_word' id='word_1_469' title='bbox 2587 1945 2891 2001; x_wconf 88' lang='lat' dir='ltr'><strong>rationibus</strong></span> <span class='ocrx_word' id='word_1_470' title='bbox 2915 1941 3162 2012; x_wconf 83' lang='lat' dir='ltr'><strong>probavit</strong></span> <span class='ocrx_word' id='word_1_471' title='bbox 3183 1953 3296 1992; x_wconf 92' lang='lat' dir='ltr'><strong>non</strong></span> <span class='ocrx_word' id='word_1_472' title='bbox 3316 1936 3485 1989; x_wconf 87' lang='lat' dir='ltr'><strong>licere</strong></span> <span class='ocrx_word' id='word_1_473' title='bbox 3504 1931 3672 1986; x_wconf 87' lang='lat' dir='ltr'><strong>cleris</strong></span> <span class='ocrx_word' id='word_1_474' title='bbox 3703 1944 3833 1984; x_wconf 89' lang='lat' dir='ltr'><strong>con-</strong></span> 
     </span>
    </p>
   </div>
   <div class='ocr_carea' id='block_1_69' title="bbox 2236 2017 3832 2101">
    <p class='ocr_par' dir='ltr' id='par_1_69' title="bbox 2236 2017 3832 2101">
     <span class='ocr_line' id='line_1_69' title="bbox 2236 2017 3832 2101; baseline -0.014 -6"><span class='ocrx_word' id='word_1_475' title='bbox 2236 2039 2446 2095; x_wconf 88' lang='lat' dir='ltr'><strong>versari</strong></span> <span class='ocrx_word' id='word_1_476' title='bbox 2468 2053 2592 2093; x_wconf 89' lang='lat' dir='ltr'><strong>cum</strong></span> <span class='ocrx_word' id='word_1_477' title='bbox 2625 2034 2844 2090; x_wconf 85' lang='lat' dir='ltr'><strong>feminis</strong></span> <span class='ocrx_word' id='word_1_478' title='bbox 2863 2051 2876 2086; x_wconf 92' lang='lat'><strong>:</strong></span> <span class='ocrx_word' id='word_1_479' title='bbox 2895 2031 2962 2085; x_wconf 81' lang='lat' dir='ltr'><strong>Et</strong></span> <span class='ocrx_word' id='word_1_480' title='bbox 2987 2027 3276 2101; x_wconf 90' lang='lat' dir='ltr'><strong>postmodo</strong></span> <span class='ocrx_word' id='word_1_481' title='bbox 3291 2023 3589 2080; x_wconf 87' lang='lat' dir='ltr'><strong>subintulit</strong></span> <span class='ocrx_word' id='word_1_482' title='bbox 3606 2040 3622 2074; x_wconf 86' lang='lat'><strong>:</strong></span> <span class='ocrx_word' id='word_1_483' title='bbox 3641 2041 3660 2072; x_wconf 83' lang='grc'><strong>‹</strong></span> <span class='ocrx_word' id='word_1_484' title='bbox 3677 2017 3832 2086; x_wconf 83' lang='lat' dir='ltr'><strong>Quod</strong></span> 
     </span>
    </p>
   </div>
   <div class='ocr_carea' id='block_1_70' title="bbox 2239 2117 3833 2202">
    <p class='ocr_par' dir='ltr' id='par_1_70' title="bbox 2239 2117 3833 2202">
     <span class='ocr_line' id='line_1_70' title="bbox 2239 2117 3833 2202; baseline -0.016 -14"><span class='ocrx_word' id='word_1_485' title='bbox 2239 2133 2306 2199; x_wconf 92' lang='lat' dir='ltr'><strong>si,</strong></span> <span class='ocrx_word' id='word_1_486' title='bbox 2332 2138 2456 2202; x_wconf 90' lang='lat' dir='ltr'><strong>post</strong></span> <span class='ocrx_word' id='word_1_487' title='bbox 2477 2139 2665 2184; x_wconf 90' lang='lat' dir='ltr'><strong>nostra</strong></span> <span class='ocrx_word' id='word_1_488' title='bbox 2697 2124 2929 2191; x_wconf 90' lang='lat' dir='ltr'><strong>monita,</strong></span> <span class='ocrx_word' id='word_1_489' title='bbox 2954 2121 3154 2192; x_wconf 89' lang='lat' dir='ltr'><strong>aliquis</strong></span> <span class='ocrx_word' id='word_1_490' title='bbox 3185 2117 3446 2181; x_wconf 89' lang='lat' dir='ltr'><strong>clericus,</strong></span> <span class='ocrx_word' id='word_1_491' title='bbox 3475 2129 3612 2169; x_wconf 87' lang='lat' dir='ltr'><strong>suas</strong></span> <span class='ocrx_word' id='word_1_492' title='bbox 3641 2125 3833 2180; x_wconf 73' lang='lat' dir='ltr'><strong>agape-</strong></span> 
     </span>
    </p>
   </div>
   <div class='ocr_carea' id='block_1_71' title="bbox 2239 2205 3834 2297">
    <p class='ocr_par' dir='ltr' id='par_1_71' title="bbox 2239 2205 3834 2297">
     <span class='ocr_line' id='line_1_71' title="bbox 2239 2205 3834 2297; baseline -0.017 -16"><span class='ocrx_word' id='word_1_493' title='bbox 2239 2233 2324 2281; x_wconf 88' lang='lat' dir='ltr'><strong>tas</strong></span> <span class='ocrx_word' id='word_1_494' title='bbox 2340 2222 2462 2297; x_wconf 81' lang='lat' dir='ltr'><strong>[ms.</strong></span> <span class='ocrx_word' id='word_1_495' title='bbox 2491 2229 2794 2294; x_wconf 79' lang='lat' dir='ltr'><strong>sagapetas,</strong></span> <span class='ocrx_word' id='word_1_496' title='bbox 2831 2215 3074 2272; x_wconf 79' lang='lat' dir='ltr'><strong>mendose</strong></span> <span class='ocrx_word' id='word_1_497' title='bbox 3095 2206 3407 2281; x_wconf 83' lang='lat' dir='ltr'><strong>admodum]</strong></span> <span class='ocrx_word' id='word_1_498' title='bbox 3429 2205 3671 2276; x_wconf 86' lang='lat' dir='ltr'><strong>amplius</strong></span> <span class='ocrx_word' id='word_1_499' title='bbox 3697 2217 3834 2272; x_wconf 50' lang='lat' dir='ltr'><strong>qua.</strong></span> 
     </span>
    </p>
   </div>
   <div class='ocr_carea' id='block_1_72' title="bbox 2245 2292 3830 2381">
    <p class='ocr_par' dir='ltr' id='par_1_72' title="bbox 2245 2292 3830 2381">
     <span class='ocr_line' id='line_1_72' title="bbox 2245 2292 3830 2381; baseline -0.016 -11"><span class='ocrx_word' id='word_1_500' title='bbox 2245 2314 2400 2370; x_wconf 88' lang='lat' dir='ltr'><strong>sierit</strong></span> <span class='ocrx_word' id='word_1_501' title='bbox 2427 2292 2612 2368; x_wconf 81' lang='lat' dir='ltr'><strong>amare</strong></span> <span class='ocrx_word' id='word_1_502' title='bbox 2637 2324 2802 2381; x_wconf 91' lang='lat' dir='ltr'><strong>quam</strong></span> <span class='ocrx_word' id='word_1_503' title='bbox 2834 2306 3136 2370; x_wconf 89' lang='lat' dir='ltr'><strong>Christum,</strong></span> <span class='ocrx_word' id='word_1_504' title='bbox 3175 2292 3830 2366; x_wconf 69' lang='lat' dir='ltr'><strong>secundum,synodalem</strong></span> 
     </span>
    </p>
   </div>
   <div class='ocr_carea' id='block_1_73' title="bbox 2241 2379 3828 2474">
    <p class='ocr_par' dir='ltr' id='par_1_73' title="bbox 2241 2379 3828 2474">
     <span class='ocr_line' id='line_1_73' title="bbox 2241 2379 3828 2474; baseline -0.017 -15"><span class='ocrx_word' id='word_1_505' title='bbox 2241 2403 2486 2474; x_wconf 76' lang='lat' dir='ltr'><strong>regulam</strong></span> <span class='ocrx_word' id='word_1_506' title='bbox 2509 2379 2888 2462; x_wconf 78' lang='lat' dir='ltr'><strong>conveniatur,</strong></span> <span class='ocrx_word' id='word_1_507' title='bbox 2939 2403 2994 2448; x_wconf 91' lang='lat' dir='ltr'><strong>et</strong></span> <span class='ocrx_word' id='word_1_508' title='bbox 3016 2399 3285 2463; x_wconf 57' lang='lat' dir='ltr'><strong>praecepta</strong></span> <span class='ocrx_word' id='word_1_509' title='bbox 3313 2386 3549 2440; x_wconf 88' lang='lat' dir='ltr'><strong>Patrum</strong></span> <span class='ocrx_word' id='word_1_510' title='bbox 3574 2385 3634 2437; x_wconf 90' lang='lat' dir='ltr'><strong>in</strong></span> <span class='ocrx_word' id='word_1_511' title='bbox 3661 2379 3828 2435; x_wconf 66' lang='lat' dir='ltr'><strong>Nicza</strong></span> 
     </span>
    </p>
   </div>
   <div class='ocr_carea' id='block_1_74' title="bbox 2244 2479 3832 2560">
    <p class='ocr_par' dir='ltr' id='par_1_74' title="bbox 2244 2479 3832 2560">
     <span class='ocr_line' id='line_1_74' title="bbox 2244 2479 3832 2560; baseline -0.016 -10"><span class='ocrx_word' id='word_1_512' title='bbox 2244 2493 2469 2550; x_wconf 77' lang='lat' dir='ltr'><strong>definita</strong></span> <span class='ocrx_word' id='word_1_513' title='bbox 2515 2491 2566 2546; x_wconf 91' lang='lat' dir='ltr'><strong>ei</strong></span> <span class='ocrx_word' id='word_1_514' title='bbox 2595 2491 2864 2560; x_wconf 79' lang='lat' dir='ltr'><strong>legantur.</strong></span> <span class='ocrx_word' id='word_1_515' title='bbox 2905 2485 3044 2540; x_wconf 89' lang='lat' dir='ltr'><strong>Tum</strong></span> <span class='ocrx_word' id='word_1_516' title='bbox 3071 2497 3222 2548; x_wconf 86' lang='lat' dir='ltr'><strong>vero,</strong></span> <span class='ocrx_word' id='word_1_517' title='bbox 3248 2479 3294 2534; x_wconf 88' lang='lat' dir='ltr'><strong>si</strong></span> <span class='ocrx_word' id='word_1_518' title='bbox 3335 2485 3669 2541; x_wconf 87' lang='lat' dir='ltr'><strong>conventus,</strong></span> <span class='ocrx_word' id='word_1_519' title='bbox 3702 2487 3832 2542; x_wconf 62' lang='lat' dir='ltr'><strong>pm</strong></span> 
     </span>
    </p>
   </div>
   <div class='ocr_carea' id='block_1_75' title="bbox 2245 2562 3828 2652">
    <p class='ocr_par' dir='ltr' id='par_1_75' title="bbox 2245 2562 3828 2652">
     <span class='ocr_line' id='line_1_75' title="bbox 2245 2562 3828 2652; baseline -0.015 -13"><span class='ocrx_word' id='word_1_520' title='bbox 2245 2583 2420 2640; x_wconf 87' lang='lat' dir='ltr'><strong>dictas</strong></span> <span class='ocrx_word' id='word_1_521' title='bbox 2454 2581 2650 2652; x_wconf 78' lang='lat' dir='ltr'><strong>fugerit</strong></span> <span class='ocrx_word' id='word_1_522' title='bbox 2689 2588 2745 2635; x_wconf 88' lang='lat' dir='ltr'><strong>et</strong></span> <span class='ocrx_word' id='word_1_523' title='bbox 2785 2574 3086 2647; x_wconf 87' lang='lat' dir='ltr'><strong>reliquerit,</strong></span> <span class='ocrx_word' id='word_1_524' title='bbox 3109 2569 3394 2628; x_wconf 88' lang='lat' dir='ltr'><strong>consecuti</strong></span> <span class='ocrx_word' id='word_1_525' title='bbox 3432 2582 3636 2622; x_wconf 89' lang='lat' dir='ltr'><strong>sumus</strong></span> <span class='ocrx_word' id='word_1_526' title='bbox 3662 2562 3828 2619; x_wconf 71' lang='lat' dir='ltr'><strong>maxi-</strong></span> 
     </span>
    </p>
   </div>
   <div class='ocr_carea' id='block_1_76' title="bbox 2248 2655 3830 2736">
    <p class='ocr_par' dir='ltr' id='par_1_76' title="bbox 2248 2655 3830 2736">
     <span class='ocr_line' id='line_1_76' title="bbox 2248 2655 3830 2736; baseline -0.015 -9"><span class='ocrx_word' id='word_1_527' title='bbox 2248 2689 2399 2728; x_wconf 89' lang='lat' dir='ltr'><strong>mum</strong></span> <span class='ocrx_word' id='word_1_528' title='bbox 2433 2671 2670 2726; x_wconf 89' lang='lat' dir='ltr'><strong>lucrum.</strong></span> <span class='ocrx_word' id='word_1_529' title='bbox 2711 2666 2966 2736; x_wconf 76' lang='lat' dir='ltr'><strong>Alioquin</strong></span> <span class='ocrx_word' id='word_1_530' title='bbox 2992 2663 3118 2718; x_wconf 91' lang='lat' dir='ltr'><strong>talis</strong></span> <span class='ocrx_word' id='word_1_531' title='bbox 3141 2661 3208 2715; x_wconf 91' lang='lat' dir='ltr'><strong>ab</strong></span> <span class='ocrx_word' id='word_1_532' title='bbox 3229 2658 3482 2714; x_wconf 86' lang='lat' dir='ltr'><strong>Ecclesia</strong></span> <span class='ocrx_word' id='word_1_533' title='bbox 3517 2655 3830 2710; x_wconf 80' lang='lat' dir='ltr'><strong>anathema-</strong></span> 
     </span>
    </p>
   </div>
   <div class='ocr_carea' id='block_1_77' title="bbox 2249 2745 3829 2820">
    <p class='ocr_par' dir='ltr' id='par_1_77' title="bbox 2249 2745 3829 2820">
     <span class='ocr_line' id='line_1_77' title="bbox 2249 2745 3829 2820; baseline -0.016 0"><span class='ocrx_word' id='word_1_534' title='bbox 2249 2763 2501 2820; x_wconf 89' lang='lat' dir='ltr'><strong>tizaudus</strong></span> <span class='ocrx_word' id='word_1_535' title='bbox 2543 2768 2646 2816; x_wconf 90' lang='lat' dir='ltr'><strong>est.</strong></span> <span class='ocrx_word' id='word_1_536' title='bbox 2693 2757 3016 2814; x_wconf 87' lang='lat' dir='ltr'><strong>Germinaut</strong></span> <span class='ocrx_word' id='word_1_537' title='bbox 3050 2751 3196 2808; x_wconf 87' lang='lat' dir='ltr'><strong>enim</strong></span> <span class='ocrx_word' id='word_1_538' title='bbox 3235 2747 3454 2802; x_wconf 64' lang='lat' dir='ltr'><strong>feminae</strong></span> <span class='ocrx_word' id='word_1_539' title='bbox 3479 2745 3672 2814; x_wconf 89' lang='lat' dir='ltr'><strong>spinas</strong></span> <span class='ocrx_word' id='word_1_540' title='bbox 3711 2756 3829 2796; x_wconf 80' lang='lat' dir='ltr'><strong>cum</strong></span> 
     </span>
    </p>
   </div>
   <div class='ocr_carea' id='block_1_78' title="bbox 2249 2840 3830 2919">
    <p class='ocr_par' dir='ltr' id='par_1_78' title="bbox 2249 2840 3830 2919">
     <span class='ocr_line' id='line_1_78' title="bbox 2249 2840 3830 2919; baseline -0.015 -8"><span class='ocrx_word' id='word_1_541' title='bbox 2249 2856 2384 2912; x_wconf 90' lang='lat' dir='ltr'><strong>viris</strong></span> <span class='ocrx_word' id='word_1_542' title='bbox 2425 2853 2760 2919; x_wconf 86' lang='lat' dir='ltr'><strong>habitantes,</strong></span> <span class='ocrx_word' id='word_1_543' title='bbox 2783 2858 2838 2904; x_wconf 91' lang='lat' dir='ltr'><strong>et</strong></span> <span class='ocrx_word' id='word_1_544' title='bbox 2864 2860 3064 2902; x_wconf 87' lang='lat' dir='ltr'><strong>arcana</strong></span> <span class='ocrx_word' id='word_1_545' title='bbox 3099 2840 3367 2898; x_wconf 86' lang='lat' dir='ltr'><strong>mentium</strong></span> <span class='ocrx_word' id='word_1_546' title='bbox 3391 2845 3558 2894; x_wconf 89' lang='lat' dir='ltr'><strong>acuto</strong></span> <span class='ocrx_word' id='word_1_547' title='bbox 3581 2847 3830 2890; x_wconf 87' lang='lat' dir='ltr'><strong>mucrone</strong></span> 
     </span>
    </p>
   </div>
   <div class='ocr_carea' id='block_1_79' title="bbox 2251 2943 2638 3018">
    <p class='ocr_par' dir='ltr' id='par_1_79' title="bbox 2251 2943 2638 3018">
     <span class='ocr_line' id='line_1_79' title="bbox 2251 2943 2638 3018; baseline -0.023 -16"><span class='ocrx_word' id='word_1_548' title='bbox 2251 2943 2586 3018; x_wconf 86' lang='lat' dir='ltr'><strong>percutiunt.</strong></span> <span class='ocrx_word' id='word_1_549' title='bbox 2620 2961 2638 2992; x_wconf 69' lang='grc' dir='ltr'>ι</span> 
     </span>
    </p>
   </div>
   <div class='ocr_carea' id='block_1_80' title="bbox 2331 3038 3830 3127">
    <p class='ocr_par' dir='ltr' id='par_1_80' title="bbox 2331 3038 3830 3127">
     <span class='ocr_line' id='line_1_80' title="bbox 2331 3038 3830 3127; baseline -0.017 -15"><span class='ocrx_word' id='word_1_550' title='bbox 2331 3058 2435 3112; x_wconf 86' lang='lat' dir='ltr'><strong>Sed</strong></span> <span class='ocrx_word' id='word_1_551' title='bbox 2471 3055 2598 3127; x_wconf 88' lang='lat' dir='ltr'><strong>quid</strong></span> <span class='ocrx_word' id='word_1_552' title='bbox 2623 3053 2802 3108; x_wconf 91' lang='lat' dir='ltr'><strong>dicam</strong></span> <span class='ocrx_word' id='word_1_553' title='bbox 2833 3044 3103 3103; x_wconf 60' lang='lat' dir='ltr'><strong>ulterius‘l</strong></span> <span class='ocrx_word' id='word_1_554' title='bbox 3135 3041 3360 3097; x_wconf 82' lang='lat' dir='ltr'><strong>Deficiet</strong></span> <span class='ocrx_word' id='word_1_555' title='bbox 3387 3038 3538 3092; x_wconf 88' lang='lat' dir='ltr'><strong>enim</strong></span> <span class='ocrx_word' id='word_1_556' title='bbox 3583 3050 3666 3090; x_wconf 86' lang='lat' dir='ltr'><strong>me</strong></span> <span class='ocrx_word' id='word_1_557' title='bbox 3697 3042 3830 3088; x_wconf 84' lang='lat' dir='ltr'><strong>tem-</strong></span> 
     </span>
    </p>
   </div>
   <div class='ocr_carea' id='block_1_81' title="bbox 2181 3122 3831 3225">
    <p class='ocr_par' dir='ltr' id='par_1_81' title="bbox 2181 3122 3831 3225">
     <span class='ocr_line' id='line_1_81' title="bbox 2181 3122 3831 3225; baseline -0.018 -20"><span class='ocrx_word' id='word_1_558' title='bbox 2181 3169 2224 3225; x_wconf 69' lang='grc' dir='ltr'>α</span> <span class='ocrx_word' id='word_1_559' title='bbox 2257 3165 2359 3220; x_wconf 86' lang='lat' dir='ltr'><strong>pus</strong></span> <span class='ocrx_word' id='word_1_560' title='bbox 2415 3155 2473 3202; x_wconf 87' lang='lat' dir='ltr'><strong>ut</strong></span> <span class='ocrx_word' id='word_1_561' title='bbox 2488 3122 2746 3200; x_wconf 70' lang='lat' dir='ltr'><strong>enarrem</strong></span> <span class='ocrx_word' id='word_1_562' title='bbox 2785 3141 3054 3195; x_wconf 88' lang='lat' dir='ltr'><strong>virtutum</strong></span> <span class='ocrx_word' id='word_1_563' title='bbox 3089 3131 3177 3206; x_wconf 70' lang='lat' dir='ltr'><strong>[C.</strong></span> <span class='ocrx_word' id='word_1_564' title='bbox 3221 3131 3285 3186; x_wconf 76' lang='grc' dir='ltr'><strong>Β.</strong></span> <span class='ocrx_word' id='word_1_565' title='bbox 3336 3125 3572 3198; x_wconf 75' lang='lat' dir='ltr'><strong>viritim]</strong></span> <span class='ocrx_word' id='word_1_566' title='bbox 3604 3125 3704 3179; x_wconf 83' lang='lat' dir='ltr'><strong>SS.</strong></span> <span class='ocrx_word' id='word_1_567' title='bbox 3731 3122 3831 3177; x_wconf 76' lang='lat' dir='ltr'><strong>Pa-</strong></span> 
     </span>
    </p>
   </div>
   <div class='ocr_carea' id='block_1_82' title="bbox 2257 3217 3830 3308">
    <p class='ocr_par' dir='ltr' id='par_1_82' title="bbox 2257 3217 3830 3308">
     <span class='ocr_line' id='line_1_82' title="bbox 2257 3217 3830 3308; baseline -0.017 -12"><span class='ocrx_word' id='word_1_568' title='bbox 2257 3217 2368 3296; x_wconf 77' lang='lat' dir='ltr'><strong>tres</strong></span> <span class='ocrx_word' id='word_1_569' title='bbox 2398 3235 2646 3308; x_wconf 68' lang='lat' dir='ltr'><strong>praedicti</strong></span> <span class='ocrx_word' id='word_1_570' title='bbox 2679 3231 2852 3288; x_wconf 90' lang='lat' dir='ltr'><strong>nostri</strong></span> <span class='ocrx_word' id='word_1_571' title='bbox 2900 3225 3186 3300; x_wconf 89' lang='lat' dir='ltr'><strong>apostolici</strong></span> <span class='ocrx_word' id='word_1_572' title='bbox 3231 3221 3456 3278; x_wconf 88' lang='lat' dir='ltr'><strong>statutis</strong></span> <span class='ocrx_word' id='word_1_573' title='bbox 3485 3217 3830 3274; x_wconf 85' lang='lat' dir='ltr'><strong>subscriben-</strong></span> 
     </span>
    </p>
   </div>
   <div class='ocr_carea' id='block_1_83' title="bbox 2259 3307 3831 3386">
    <p class='ocr_par' dir='ltr' id='par_1_83' title="bbox 2259 3307 3831 3386">
     <span class='ocr_line' id='line_1_83' title="bbox 2259 3307 3831 3386; baseline -0.017 -2"><span class='ocrx_word' id='word_1_574' title='bbox 2259 3340 2360 3386; x_wconf 82' lang='lat' dir='ltr'><strong>tes.</strong></span> <span class='ocrx_word' id='word_1_575' title='bbox 2396 3307 2532 3380; x_wconf 72' lang='lat' dir='ltr'><strong>Nam</strong></span> <span class='ocrx_word' id='word_1_576' title='bbox 2569 3338 2762 3380; x_wconf 91' lang='lat' dir='ltr'><strong>omnes</strong></span> <span class='ocrx_word' id='word_1_577' title='bbox 2794 3316 3064 3375; x_wconf 82' lang='lat' dir='ltr'><strong>Catholici</strong></span> <span class='ocrx_word' id='word_1_578' title='bbox 3099 3313 3289 3370; x_wconf 89' lang='lat' dir='ltr'><strong>eadem</strong></span> <span class='ocrx_word' id='word_1_579' title='bbox 3337 3307 3688 3365; x_wconf 86' lang='lat' dir='ltr'><strong>observanda</strong></span> <span class='ocrx_word' id='word_1_580' title='bbox 3717 3317 3831 3360; x_wconf 86' lang='lat' dir='ltr'><strong>esse</strong></span> 
     </span>
    </p>
   </div>
   <div class='ocr_carea' id='block_1_84' title="bbox 2258 3395 3833 3486">
    <p class='ocr_par' dir='ltr' id='par_1_84' title="bbox 2258 3395 3833 3486">
     <span class='ocr_line' id='line_1_84' title="bbox 2258 3395 3833 3486; baseline -0.018 -8"><span class='ocrx_word' id='word_1_581' title='bbox 2258 3425 2592 3478; x_wconf 86' lang='lat' dir='ltr'><strong>censuerunt</strong></span> <span class='ocrx_word' id='word_1_582' title='bbox 2635 3416 2731 3486; x_wconf 88' lang='lat' dir='ltr'><strong>qui</strong></span> <span class='ocrx_word' id='word_1_583' title='bbox 2761 3422 2816 3469; x_wconf 90' lang='lat' dir='ltr'><strong>et</strong></span> <span class='ocrx_word' id='word_1_584' title='bbox 2846 3428 2879 3467; x_wconf 87' lang='lat' dir='ltr'><strong>a</strong></span> <span class='ocrx_word' id='word_1_585' title='bbox 2913 3405 3302 3466; x_wconf 89' lang='lat' dir='ltr'><strong>sacratissimis</strong></span> <span class='ocrx_word' id='word_1_586' title='bbox 3327 3410 3575 3474; x_wconf 85' lang='lat' dir='ltr'><strong>quatuor</strong></span> <span class='ocrx_word' id='word_1_587' title='bbox 3599 3395 3833 3454; x_wconf 84' lang='lat' dir='ltr'><strong>conciliis</strong></span> 
     </span>
    </p>
   </div>
   <div class='ocr_carea' id='block_1_85' title="bbox 2258 3488 3833 3570">
    <p class='ocr_par' dir='ltr' id='par_1_85' title="bbox 2258 3488 3833 3570">
     <span class='ocr_line' id='line_1_85' title="bbox 2258 3488 3833 3570; baseline -0.019 0"><span class='ocrx_word' id='word_1_588' title='bbox 2258 3511 2550 3570; x_wconf 83' lang='lat' dir='ltr'><strong>dissentire</strong></span> <span class='ocrx_word' id='word_1_589' title='bbox 2591 3507 2906 3564; x_wconf 89' lang='lat' dir='ltr'><strong>noluerunt.</strong></span> <span class='ocrx_word' id='word_1_590' title='bbox 2935 3501 3012 3556; x_wconf 78' lang='lat' dir='ltr'><strong>Ex</strong></span> <span class='ocrx_word' id='word_1_591' title='bbox 3051 3497 3250 3570; x_wconf 90' lang='lat' dir='ltr'><strong>quibus</strong></span> <span class='ocrx_word' id='word_1_592' title='bbox 3276 3505 3466 3550; x_wconf 87' lang='lat' dir='ltr'><strong>noster</strong></span> <span class='ocrx_word' id='word_1_593' title='bbox 3513 3488 3833 3562; x_wconf 88' lang='lat' dir='ltr'><strong>apostolicus</strong></span> 
     </span>
    </p>
   </div>
   <div class='ocr_carea' id='block_1_86' title="bbox 2258 3583 3834 3676">
    <p class='ocr_par' dir='ltr' id='par_1_86' title="bbox 2258 3583 3834 3676">
     <span class='ocr_line' id='line_1_86' title="bbox 2258 3583 3834 3676; baseline -0.016 -16"><span class='ocrx_word' id='word_1_594' title='bbox 2258 3603 2482 3676; x_wconf 65' lang='lat' dir='ltr'><strong>praefata</strong></span> <span class='ocrx_word' id='word_1_595' title='bbox 2529 3598 2785 3672; x_wconf 71' lang='lat' dir='ltr'><strong>produxit</strong></span> <span class='ocrx_word' id='word_1_596' title='bbox 2828 3596 3066 3652; x_wconf 91' lang='lat' dir='ltr'><strong>decreta.</strong></span> <span class='ocrx_word' id='word_1_597' title='bbox 3111 3589 3455 3658; x_wconf 83' lang='lat' dir='ltr'><strong>Quapropter</strong></span> <span class='ocrx_word' id='word_1_598' title='bbox 3501 3599 3604 3638; x_wconf 81' lang='lat' dir='ltr'><strong>nec</strong></span> <span class='ocrx_word' id='word_1_599' title='bbox 3651 3583 3834 3638; x_wconf 80' lang='lat' dir='ltr'><strong>idiotas</strong></span> 
     </span>
    </p>
   </div>
   <div class='ocr_carea' id='block_1_87' title="bbox 2260 3673 3832 3760">
    <p class='ocr_par' dir='ltr' id='par_1_87' title="bbox 2260 3673 3832 3760">
     <span class='ocr_line' id='line_1_87' title="bbox 2260 3673 3832 3760; baseline -0.019 -8"><span class='ocrx_word' id='word_1_600' title='bbox 2260 3699 2428 3752; x_wconf 86' lang='lat' dir='ltr'><strong>latere</strong></span> <span class='ocrx_word' id='word_1_601' title='bbox 2481 3693 2696 3749; x_wconf 59' lang='lat' dir='ltr'><strong>aestimo</strong></span> <span class='ocrx_word' id='word_1_602' title='bbox 2741 3703 2906 3760; x_wconf 89' lang='lat' dir='ltr'><strong>quam</strong></span> <span class='ocrx_word' id='word_1_603' title='bbox 2963 3681 3288 3755; x_wconf 85' lang='lat' dir='ltr'><strong>periculose,</strong></span> <span class='ocrx_word' id='word_1_604' title='bbox 3326 3677 3410 3731; x_wconf 84' lang='lat' dir='ltr'><strong>vel</strong></span> <span class='ocrx_word' id='word_1_605' title='bbox 3453 3673 3644 3744; x_wconf 88' lang='lat' dir='ltr'><strong>potius</strong></span> <span class='ocrx_word' id='word_1_606' title='bbox 3683 3685 3832 3741; x_wconf 84' lang='lat' dir='ltr'><strong>quam</strong></span> 
     </span>
    </p>
   </div>
   <div class='ocr_carea' id='block_1_88' title="bbox 2262 3762 3834 3859">
    <p class='ocr_par' dir='ltr' id='par_1_88' title="bbox 2262 3762 3834 3859">
     <span class='ocr_line' id='line_1_88' title="bbox 2262 3762 3834 3859; baseline -0.018 -16"><span class='ocrx_word' id='word_1_607' title='bbox 2262 3787 2568 3859; x_wconf 89' lang='lat' dir='ltr'><strong>perniciose</strong></span> <span class='ocrx_word' id='word_1_608' title='bbox 2610 3782 2714 3838; x_wconf 86' lang='lat' dir='ltr'><strong>sibi</strong></span> <span class='ocrx_word' id='word_1_609' title='bbox 2751 3780 2974 3849; x_wconf 88' lang='lat' dir='ltr'><strong>suisque</strong></span> <span class='ocrx_word' id='word_1_610' title='bbox 3017 3769 3382 3831; x_wconf 86' lang='lat' dir='ltr'><strong>sectatoribus</strong></span> <span class='ocrx_word' id='word_1_611' title='bbox 3415 3765 3692 3836; x_wconf 80' lang='lat' dir='ltr'><strong>desipiant</strong></span> <span class='ocrx_word' id='word_1_612' title='bbox 3721 3762 3834 3832; x_wconf 86' lang='lat' dir='ltr'><strong>qui-</strong></span> 
     </span>
    </p>
   </div>
   <div class='ocr_carea' id='block_1_89' title="bbox 2263 3851 3836 3948">
    <p class='ocr_par' dir='ltr' id='par_1_89' title="bbox 2263 3851 3836 3948">
     <span class='ocr_line' id='line_1_89' title="bbox 2263 3851 3836 3948; baseline -0.02 -14"><span class='ocrx_word' id='word_1_613' title='bbox 2263 3893 2481 3948; x_wconf 89' lang='lat' dir='ltr'><strong>cunque</strong></span> <span class='ocrx_word' id='word_1_614' title='bbox 2523 3890 2620 3946; x_wconf 89' lang='lat' dir='ltr'><strong>per</strong></span> <span class='ocrx_word' id='word_1_615' title='bbox 2662 3868 2952 3926; x_wconf 83' lang='lat' dir='ltr'><strong>Sozomeni</strong></span> <span class='ocrx_word' id='word_1_616' title='bbox 2998 3873 3159 3935; x_wconf 88' lang='lat' dir='ltr'><strong>caput</strong></span> <span class='ocrx_word' id='word_1_617' title='bbox 3201 3856 3585 3918; x_wconf 86' lang='lat' dir='ltr'><strong>sacerdotibus</strong></span> <span class='ocrx_word' id='word_1_618' title='bbox 3615 3851 3836 3909; x_wconf 78' lang='lat' dir='ltr'><strong>inconti—</strong></span> 
     </span>
    </p>
   </div>
   <div class='ocr_carea' id='block_1_90' title="bbox 2266 3948 3837 4028">
    <p class='ocr_par' dir='ltr' id='par_1_90' title="bbox 2266 3948 3837 4028">
     <span class='ocr_line' id='line_1_90' title="bbox 2266 3948 3837 4028; baseline -0.02 0"><span class='ocrx_word' id='word_1_619' title='bbox 2266 3971 2508 4028; x_wconf 86' lang='lat' dir='ltr'><strong>nentiam</strong></span> <span class='ocrx_word' id='word_1_620' title='bbox 2541 3965 2818 4023; x_wconf 88' lang='lat' dir='ltr'><strong>ascribere</strong></span> <span class='ocrx_word' id='word_1_621' title='bbox 2858 3976 2968 4015; x_wconf 90' lang='lat' dir='ltr'><strong>non</strong></span> <span class='ocrx_word' id='word_1_622' title='bbox 3004 3955 3318 4012; x_wconf 86' lang='lat' dir='ltr'><strong>formidant.</strong></span> <span class='ocrx_word' id='word_1_623' title='bbox 3345 3951 3584 4018; x_wconf 87' lang='lat' dir='ltr'><strong>Quibus,</strong></span> <span class='ocrx_word' id='word_1_624' title='bbox 3607 3948 3730 4001; x_wconf 88' lang='lat' dir='ltr'><strong>licet</strong></span> <span class='ocrx_word' id='word_1_625' title='bbox 3754 3959 3837 3998; x_wconf 82' lang='lat' dir='ltr'><strong>su-</strong></span> 
     </span>
    </p>
   </div>
   <div class='ocr_carea' id='block_1_91' title="bbox 2265 4041 3836 4134">
    <p class='ocr_par' dir='ltr' id='par_1_91' title="bbox 2265 4041 3836 4134">
     <span class='ocr_line' id='line_1_91' title="bbox 2265 4041 3836 4134; baseline -0.02 -17"><span class='ocrx_word' id='word_1_626' title='bbox 2265 4062 2451 4134; x_wconf 86' lang='lat' dir='ltr'><strong>perior</strong></span> <span class='ocrx_word' id='word_1_627' title='bbox 2491 4055 2848 4128; x_wconf 87' lang='lat' dir='ltr'><strong>epistolarqu</strong></span> <span class='ocrx_word' id='word_1_628' title='bbox 2891 4046 3122 4106; x_wconf 84' lang='lat' dir='ltr'><strong>assertio</strong></span> <span class='ocrx_word' id='word_1_629' title='bbox 3152 4043 3400 4100; x_wconf 79' lang='lat' dir='ltr'><strong>sufﬁcere</strong></span> <span class='ocrx_word' id='word_1_630' title='bbox 3433 4041 3654 4103; x_wconf 86' lang='lat' dir='ltr'><strong>debeat,</strong></span> <span class='ocrx_word' id='word_1_631' title='bbox 3683 4049 3836 4089; x_wconf 84' lang='lat' dir='ltr'><strong>unum</strong></span> 
     </span>
    </p>
   </div>
   <div class='ocr_carea' id='block_1_92' title="bbox 2267 4125 3838 4224">
    <p class='ocr_par' dir='ltr' id='par_1_92' title="bbox 2267 4125 3838 4224">
     <span class='ocr_line' id='line_1_92' title="bbox 2267 4125 3838 4224; baseline -0.02 -13"><span class='ocrx_word' id='word_1_632' title='bbox 2267 4125 2452 4212; x_wconf 73' lang='lat' dir='ltr'><strong>tamen</strong></span> <span class='ocrx_word' id='word_1_633' title='bbox 2482 4125 2569 4224; x_wconf 67' lang='grc' dir='ltr'><strong>[ἀ.</strong></span> <span class='ocrx_word' id='word_1_634' title='bbox 2603 4148 2670 4202; x_wconf 84' lang='lat' dir='ltr'><strong>R.</strong></span> <span class='ocrx_word' id='word_1_635' title='bbox 2711 4141 2936 4215; x_wconf 87' lang='lat' dir='ltr'><strong>iterum]</strong></span> <span class='ocrx_word' id='word_1_636' title='bbox 2989 4156 3084 4197; x_wconf 90' lang='lat' dir='ltr'><strong>eos</strong></span> <span class='ocrx_word' id='word_1_637' title='bbox 3117 4147 3460 4209; x_wconf 75' lang='lat' dir='ltr'><strong>praemonere</strong></span> <span class='ocrx_word' id='word_1_638' title='bbox 3501 4131 3571 4186; x_wconf 89' lang='lat' dir='ltr'><strong>de</strong></span> <span class='ocrx_word' id='word_1_639' title='bbox 3615 4125 3838 4184; x_wconf 79' lang='lat' dir='ltr'><strong>cavendo</strong></span> 
     </span>
    </p>
   </div>
   <div class='ocr_carea' id='block_1_93' title="bbox 2269 4235 2993 4304">
    <p class='ocr_par' dir='ltr' id='par_1_93' title="bbox 2269 4235 2993 4304">
     <span class='ocr_line' id='line_1_93' title="bbox 2269 4235 2993 4304; baseline -0.025 0"><span class='ocrx_word' id='word_1_640' title='bbox 2269 4246 2618 4304; x_wconf 85' lang='lat' dir='ltr'><strong>anathemate</strong></span> <span class='ocrx_word' id='word_1_641' title='bbox 2649 4255 2757 4293; x_wconf 91' lang='lat' dir='ltr'><strong>non</strong></span> <span class='ocrx_word' id='word_1_642' title='bbox 2783 4235 2993 4292; x_wconf 61' lang='lat' dir='ltr'><strong>taedeat.</strong></span> 
     </span>
    </p>
   </div>
   <div class='ocr_carea' id='block_1_94' title="bbox 2343 4305 3837 4392">
    <p class='ocr_par' dir='ltr' id='par_1_94' title="bbox 2343 4305 3837 4392">
     <span class='ocr_line' id='line_1_94' title="bbox 2343 4305 3837 4392; baseline -0.023 0"><span class='ocrx_word' id='word_1_643' title='bbox 2343 4337 2474 4392; x_wconf 73' lang='lat' dir='ltr'><strong>CAP.</strong></span> <span class='ocrx_word' id='word_1_644' title='bbox 2500 4332 2616 4388; x_wconf 77' lang='lat' dir='ltr'><strong>Xll.</strong></span> <span class='ocrx_word' id='word_1_645' title='bbox 2633 4329 2804 4384; x_wconf 85' lang='lat' dir='ltr'><strong>Vetus</strong></span> <span class='ocrx_word' id='word_1_646' title='bbox 2821 4325 3231 4380; x_wconf 88' lang='lat' dir='ltr'><strong>Testamentum</strong></span> <span class='ocrx_word' id='word_1_647' title='bbox 3254 4313 3457 4386; x_wconf 89' lang='lat' dir='ltr'><strong>partim</strong></span> <span class='ocrx_word' id='word_1_648' title='bbox 3473 4311 3532 4365; x_wconf 91' lang='lat' dir='ltr'><strong>in</strong></span> <span class='ocrx_word' id='word_1_649' title='bbox 3555 4305 3837 4381; x_wconf 78' lang='lat' dir='ltr'><strong>mysteriis,</strong></span> 
     </span>
    </p>
   </div>
   <div class='ocr_carea' id='block_1_95' title="bbox 2271 4397 3842 4500">
    <p class='ocr_par' dir='ltr' id='par_1_95' title="bbox 2271 4397 3842 4500">
     <span class='ocr_line' id='line_1_95' title="bbox 2271 4397 3842 4500; baseline -0.024 -14"><span class='ocrx_word' id='word_1_650' title='bbox 2271 4429 2470 4500; x_wconf 89' lang='lat' dir='ltr'><strong>partim</strong></span> <span class='ocrx_word' id='word_1_651' title='bbox 2495 4426 2549 4480; x_wconf 92' lang='lat' dir='ltr'><strong>in</strong></span> <span class='ocrx_word' id='word_1_652' title='bbox 2573 4419 2876 4479; x_wconf 87' lang='lat' dir='ltr'><strong>moralibus</strong></span> <span class='ocrx_word' id='word_1_653' title='bbox 2901 4409 3182 4486; x_wconf 72' lang='lat' dir='ltr'><strong>przeceptis</strong></span> <span class='ocrx_word' id='word_1_654' title='bbox 3202 4405 3540 4462; x_wconf 89' lang='lat' dir='ltr'><strong>continetur.</strong></span> <span class='ocrx_word' id='word_1_655' title='bbox 3567 4398 3678 4454; x_wconf 83' lang='lat' dir='ltr'><strong>Sed</strong></span> <span class='ocrx_word' id='word_1_656' title='bbox 3696 4397 3842 4452; x_wconf 78' lang='lat' dir='ltr'><strong>adve-</strong></span> 
     </span>
    </p>
   </div>
   <div class='ocr_carea' id='block_1_96' title="bbox 2198 4487 3841 4588">
    <p class='ocr_par' dir='ltr' id='par_1_96' title="bbox 2198 4487 3841 4588">
     <span class='ocr_line' id='line_1_96' title="bbox 2198 4487 3841 4588; baseline -0.024 -9"><span class='ocrx_word' id='word_1_657' title='bbox 2198 4533 2244 4588; x_wconf 86' lang='grc' dir='ltr'><strong>Ι)</strong></span> <span class='ocrx_word' id='word_1_658' title='bbox 2270 4487 2452 4577; x_wconf 76' lang='lat' dir='ltr'><strong>niente</strong></span> <span class='ocrx_word' id='word_1_659' title='bbox 2481 4515 2702 4572; x_wconf 88' lang='lat' dir='ltr'><strong>Christo</strong></span> <span class='ocrx_word' id='word_1_660' title='bbox 2750 4504 2988 4566; x_wconf 88' lang='lat' dir='ltr'><strong>cessavit</strong></span> <span class='ocrx_word' id='word_1_661' title='bbox 3027 4502 3082 4556; x_wconf 91' lang='lat' dir='ltr'><strong>in</strong></span> <span class='ocrx_word' id='word_1_662' title='bbox 3124 4495 3401 4570; x_wconf 78' lang='lat' dir='ltr'><strong>mysteriis</strong></span> <span class='ocrx_word' id='word_1_663' title='bbox 3445 4501 3503 4546; x_wconf 89' lang='lat' dir='ltr'><strong>et</strong></span> <span class='ocrx_word' id='word_1_664' title='bbox 3543 4487 3841 4545; x_wconf 79' lang='lat' dir='ltr'><strong>carnalibus</strong></span> 
     </span>
    </p>
   </div>
   <div class='ocr_carea' id='block_1_97' title="bbox 2273 4576 3842 4672">
    <p class='ocr_par' dir='ltr' id='par_1_97' title="bbox 2273 4576 3842 4672">
     <span class='ocr_line' id='line_1_97' title="bbox 2273 4576 3842 4672; baseline -0.027 0"><span class='ocrx_word' id='word_1_665' title='bbox 2273 4607 2656 4672; x_wconf 89' lang='lat' dir='ltr'><strong>observantiis,</strong></span> <span class='ocrx_word' id='word_1_666' title='bbox 2696 4602 2825 4672; x_wconf 89' lang='lat' dir='ltr'><strong>quia</strong></span> <span class='ocrx_word' id='word_1_667' title='bbox 2853 4599 2970 4668; x_wconf 90' lang='lat' dir='ltr'><strong>ipse</strong></span> <span class='ocrx_word' id='word_1_668' title='bbox 3009 4603 3094 4650; x_wconf 91' lang='lat' dir='ltr'><strong>est</strong></span> <span class='ocrx_word' id='word_1_669' title='bbox 3137 4589 3282 4654; x_wconf 82' lang='lat' dir='ltr'><strong>finis,</strong></span> <span class='ocrx_word' id='word_1_670' title='bbox 3316 4587 3434 4642; x_wconf 91' lang='lat' dir='ltr'><strong>sive</strong></span> <span class='ocrx_word' id='word_1_671' title='bbox 3459 4576 3842 4651; x_wconf 81' lang='lat' dir='ltr'><strong>compietiole-</strong></span> 
     </span>
    </p>
   </div>
   <div class='ocr_carea' id='block_1_98' title="bbox 2275 4668 3843 4782">
    <p class='ocr_par' dir='ltr' id='par_1_98' title="bbox 2275 4668 3843 4782">
     <span class='ocr_line' id='line_1_98' title="bbox 2275 4668 3843 4782; baseline -0.035 -18"><span class='ocrx_word' id='word_1_672' title='bbox 2403 4705 2466 4760; x_wconf 93' lang='lat' dir='ltr'><strong>In</strong></span> <span class='ocrx_word' id='word_1_673' title='bbox 2503 4668 2804 4757; x_wconf 80' lang='lat' dir='ltr'><strong>moralibus</strong></span> <span class='ocrx_word' id='word_1_674' title='bbox 2843 4689 2930 4764; x_wconf 90' lang='lat' dir='ltr'><strong>[C.</strong></span> <span class='ocrx_word' id='word_1_675' title='bbox 2979 4687 3045 4742; x_wconf 89' lang='lat' dir='ltr'><strong>R.</strong></span> <span class='ocrx_word' id='word_1_676' title='bbox 3094 4676 3300 4750; x_wconf 84' lang='lat' dir='ltr'><strong>autem]</strong></span> <span class='ocrx_word' id='word_1_677' title='bbox 3347 4672 3640 4782; x_wconf 58' lang='lat' dir='ltr'><strong>praeceptis</strong></span> <span class='ocrx_word' id='word_1_678' title='bbox 3662 4668 3843 4782; x_wconf 39' lang='lat' dir='ltr'><strong>fil-[mc</strong></span> 
     </span>
    </p>
   </div>
   <div class='ocr_carea' id='block_1_99' title="bbox 2275 4761 3843 4862">
    <p class='ocr_par' dir='ltr' id='par_1_99' title="bbox 2275 4761 3843 4862">
     <span class='ocr_line' id='line_1_99' title="bbox 2275 4761 3843 4862; baseline -0.028 -7"><span class='ocrx_word' id='word_1_679' title='bbox 2275 4761 2479 4860; x_wconf 63' lang='lat' dir='ltr'><strong>:nanet,</strong></span> <span class='ocrx_word' id='word_1_680' title='bbox 2520 4789 2649 4862; x_wconf 89' lang='lat' dir='ltr'><strong>quia</strong></span> <span class='ocrx_word' id='word_1_681' title='bbox 2698 4761 2913 4854; x_wconf 79' lang='lat' dir='ltr'><strong>semper</strong></span> <span class='ocrx_word' id='word_1_682' title='bbox 2958 4784 3044 4832; x_wconf 91' lang='lat' dir='ltr'><strong>est</strong></span> <span class='ocrx_word' id='word_1_683' title='bbox 3089 4768 3538 4830; x_wconf 87' lang='lat' dir='ltr'><strong>observandum:</strong></span> <span class='ocrx_word' id='word_1_684' title='bbox 3583 4783 3605 4816; x_wconf 69' lang='grc' dir='ltr'>ι</span> <span class='ocrx_word' id='word_1_685' title='bbox 3662 4761 3843 4830; x_wconf 79' lang='lat' dir='ltr'><strong>Diliges</strong></span> 
     </span>
    </p>
   </div>
   <div class='ocr_carea' id='block_1_100' title="bbox 2275 4844 3844 4960">
    <p class='ocr_par' dir='ltr' id='par_1_100' title="bbox 2275 4844 3844 4960">
     <span class='ocr_line' id='line_1_100' title="bbox 2275 4844 3844 4960; baseline -0.025 -18"><span class='ocrx_word' id='word_1_686' title='bbox 2275 4844 2590 4960; x_wconf 62' lang='lat' dir='ltr'><strong>proximum</strong></span> <span class='ocrx_word' id='word_1_687' title='bbox 2639 4884 2797 4932; x_wconf 88' lang='lat' dir='ltr'><strong>tuum</strong></span> <span class='ocrx_word' id='word_1_688' title='bbox 2818 4844 2991 4926; x_wconf 49' lang='lat' dir='ltr'><strong>-sicut</strong></span> <span class='ocrx_word' id='word_1_689' title='bbox 3039 4865 3274 4934; x_wconf 91' lang='lat' dir='ltr'><strong>teipsum</strong></span> <span class='ocrx_word' id='word_1_690' title='bbox 3324 4857 3411 4931; x_wconf 83' lang='lat' dir='ltr'><strong>[C.</strong></span> <span class='ocrx_word' id='word_1_691' title='bbox 3441 4855 3508 4910; x_wconf 76' lang='grc' dir='ltr'><strong>Β.</strong></span> <span class='ocrx_word' id='word_1_692' title='bbox 3546 4863 3602 4910; x_wconf 88' lang='lat' dir='ltr'><strong>et</strong></span> <span class='ocrx_word' id='word_1_693' title='bbox 3631 4844 3844 4948; x_wconf 65' lang='lat' dir='ltr'><strong>reliqua]</strong></span> 
     </span>
    </p>
   </div>
   <div class='ocr_carea' id='block_1_101' title="bbox 2279 4938 3841 5054">
    <p class='ocr_par' dir='ltr' id='par_1_101' title="bbox 2279 4938 3841 5054">
     <span class='ocr_line' id='line_1_101' title="bbox 2279 4938 3841 5054; baseline -0.028 -19"><span class='ocrx_word' id='word_1_694' title='bbox 2279 4938 2498 5054; x_wconf 39' lang='lat' dir='ltr'><strong>III—aula</strong></span> <span class='ocrx_word' id='word_1_695' title='bbox 2522 4989 2584 5039; x_wconf 86' lang='lat' dir='ltr'><strong>v;</strong></span> <span class='ocrx_word' id='word_1_696' title='bbox 2618 4968 2776 5023; x_wconf 82' lang='lat' dir='ltr'><strong>Deut.</strong></span> <span class='ocrx_word' id='word_1_697' title='bbox 2799 4963 2898 5036; x_wconf 80' lang='lat' dir='ltr'><strong>vi).</strong></span> <span class='ocrx_word' id='word_1_698' title='bbox 2920 4981 2939 5012; x_wconf 77' lang='grc' dir='ltr'><strong><em>ι</em></strong></span> <span class='ocrx_word' id='word_1_699' title='bbox 2967 4957 3290 5054; x_wconf 43' lang='lat' dir='ltr'><strong>Quicunqp&#39;e</strong></span> <span class='ocrx_word' id='word_1_700' title='bbox 3309 4949 3478 5020; x_wconf 73' lang='lat' dir='ltr'><strong>igitur</strong></span> <span class='ocrx_word' id='word_1_701' title='bbox 3499 4961 3576 5048; x_wconf 75' lang='lat' dir='ltr'><strong>ex</strong></span> <span class='ocrx_word' id='word_1_702' title='bbox 3611 4943 3728 5054; x_wconf 50' lang='lat' dir='ltr'><strong>lege</strong></span> <span class='ocrx_word' id='word_1_703' title='bbox 3752 4938 3841 4993; x_wconf 76' lang='lat' dir='ltr'><strong>ali-</strong></span> 
     </span>
    </p>
   </div>
   <div class='ocr_carea' id='block_1_102' title="bbox 2789 5032 3842 5076">
    <p class='ocr_par' dir='ltr' id='par_1_102' title="bbox 2789 5032 3842 5076">
     <span class='ocr_line' id='line_1_102' title="bbox 2789 5032 3842 5076; baseline 0 0"><span class='ocrx_word' id='word_1_704' title='bbox 2789 5047 3182 5076; x_wconf 67' lang='grc' dir='ltr'><strong>-ι.--.-.,...οἷεηη</strong></span> <span class='ocrx_word' id='word_1_705' title='bbox 3220 5040 3373 5076; x_wconf 71' lang='lat' dir='ltr'><strong>Nnvn</strong></span> <span class='ocrx_word' id='word_1_706' title='bbox 3418 5037 3643 5076; x_wconf 66' lang='lat' dir='ltr'><strong>nnil‘nm</strong></span> <span class='ocrx_word' id='word_1_707' title='bbox 3669 5032 3842 5076; x_wconf 69' lang='grc' dir='ltr'><strong>Τρςυ-</strong></span> 
     </span>
    </p>
   </div>
  </div>
