3986 5312
128 298 266 352 1121

1022 293 1313 349 APPEND.
1357 293 1442 348 lli.
1484 324 1551 334 —-
1591 292 2023 349 MONUMENTA
2064 293 2527 352 GREGORIANA.

3284 301 3310 357 l
3322 302 3420 359 1‘22

124 409 381 481 quolibet
414 424 608 480 genere
643 408 954 465 sacerdotes
1001 408 1201 479 eligere
1236 408 1395 473 licet,
1443 409 1644 479 quibus
1670 418 1723 463 ct
1752 411 1798 468 A
1823 408 1995 471 hibet.
2028 411 2174 479 quod
2200 425 2401 479 corpus
2433 408 2637 464 Christi
2680 408 2929 479 accipere.
2972 426 3084 466 non
3120 413 3421 482 permittit?

125 502 334 556 merito
383 501 727 557 interdicitur
758 500 1044 571 conjugale
1092 516 1253 571 opus,
1289 516 1415 556 cum
1452 516 1562 555 non
1605 500 1720 570 jam

124 592 375 646 habeant
402 607 751 647 successores
794 591 1155 647 necessarios.
1183 590 1527 661 Quapropter
1566 592 1720 662 quis-

125 682 277 753 quis,
307 692 362 738 et
390 683 494 737 hoc
530 692 772 753 tempore
796 683 927 737 illud
952 681 1242 738 Judaicum
1283 683 1598 755 coniugium
1630 698 1722 738 sa-

126 774 454 828 cerdotibus
506 773 670 829 licere
698 789 823 829 cum
874 773 1203 841 Sozomcno,
1240 773 1325 829 vel
1375 774 1556 844 potius
1595 788 1721 828 cum

128 864 382 921 llebione
408 864 662 937 [Ebione]
691 866 1022 937 dogmatizat
1040 910 1054 933 ,
1083 881 1192 921 non
1228 866 1564 937 negligenter
1591 864 1723 921 illud

126 957 450 1012 inevitabile
479 959 769 1012 anathema
794 959 1123 1023 consideret,
1148 973 1260 1029 quo
1288 957 1403 1029 ipse
1429 957 1723 1028 Apostolus

128 1049 448 1118 specialiter
475 1047 826 1105 Judaicarum
865 1051 1310 1105 Observationum
1339 1049 1724 1121 praedicatores

128 1141 587 1207 anathematizat,
634 1140 857 1198 Galatas
894 1142 1240 1212 judaizautcs
1275 1142 1349 1197 ita
1392 1141 1719 1196 deterrens:

134 1251 154 1282 ι
186 1231 293 1287 Sed
309 1233 438 1289 licet
462 1249 582 1299 nos,
607 1243 702 1288 aut
721 1235 947 1305 angelus
967 1235 1035 1289 de
1055 1234 1194 1289 εωιο
1215 1233 1548 1305 evangelizet
1569 1233 1724 1289 vobis

129 1333 330 1393 pneter
351 1325 497 1395 quod
525 1326 1022 1396 evangelizavimus
1064 1326 1220 1380 vobis
1250 1369 1265 1392 ,
1319 1326 1609 1380 anathema
1654 1325 1726 1380 sit

129 1414 280 1481 (Gal.
322 1418 386 1484 ι).
413 1436 429 1468 ι
474 1416 619 1471 ldem
657 1433 786 1472 vero
812 1418 1095 1473 inculcans
1135 1416 1462 1488 subjungit:
1509 1435 1528 1466 ι
1568 1415 1725 1472 Nunc

129 1506 329 1561 iterum
361 1508 487 1563 dico
518 1526 532 1563 :
567 1507 624 1562 Si
669 1508 795 1580 quis
839 1509 997 1564 vobis
1035 1508 1488 1580 evangelizaverit
1530 1517 1725 1579 praeter

130 1597 205 1661 id,
236 1598 386 1666 quod
417 1598 729 1668 accepistis,
763 1599 1053 1653 anathema
1098 1598 1171 1653 sit
1214 1598 1359 1669 (Gal.
1409 1598 1492 1669 ιι).
1525 1618 1543 1650 ι
1579 1597 1725 1654 idem

130 1690 334 1760 quippe
372 1689 576 1747 Paulus
622 1692 806 1762 ipsum
850 1692 1152 1762 principem
1195 1691 1568 1762 apostolorum
1610 1693 1724 1744 An-

1825 502 2069 571 quandiu
2115 502 2261 555 enim
2306 501 2506 571 impleo
2552 502 2734 556 mariti
2767 501 3027 568 cilicium,
3067 517 3179 557 non
3219 503 3420 573 impleo

1825 593 2175 649 continentis.
2222 592 2384 648 lubet
2423 594 2565 649 idem
2615 593 2916 662 Apostolus
2956 595 3012 648 in
3045 595 3154 650 alio
3206 595 3330 651 loco
3359 606 3423 654 ut

1825 700 2040 754 semper
2069 700 2309 740 oremus.
2344 684 2399 756 (I
2430 685 2607 739 Thess.
2642 685 2719 753 v.)
2749 683 2834 756 [ϐ.
2865 684 2927 739 R.
2970 685 3137 758 Ergo]
3180 685 3236 742 Si
3269 703 3418 744 sem-

1824 788 1923 843 per
1956 773 2247 840 orandum,
2286 789 2570 844 nunquam
2611 773 2872 845 coniugio
2922 775 3271 830 serviendum
3313 784 3418 845 est,

1825 865 2066 935 quando,
2107 865 2547 936 quotiescunque
2578 866 2739 920 uxori
2774 866 3019 921 debitum
3046 867 3235 934 reddo,
3260 883 3420 923 orare

1825 971 1933 1011 non
1975 972 2220 1026 possum.
2257 975 2275 1008 ι
2317 956 2407 1011 Sic
2432 966 2488 1012 et
2532 957 2725 1013 Petrus
2754 960 3036 1028 apostolus
3063 959 3223 1014 docet
3254 958 3419 1014 Chri-

1826 1049 2035 1104 stianos
2057 1056 2117 1102 ut
2143 1048 2431 1103 infirmiori
2474 1050 2697 1104 vasculo
2738 1050 2989 1105 muliebri
3020 1051 3283 1106 honorem
3320 1053 3418 1107 tri-

1824 1140 2018 1204 buant,
2050 1140 2119 1193 ab
2155 1156 2319 1209 opere
2367 1140 2641 1212 coniugali
2672 1150 2972 1209 cessantes,
3001 1156 3070 1197 ne
3113 1143 3421 1213 impcdian»

1826 1240 1915 1286 tur
1934 1247 2126 1286 eorum
2163 1232 2441 1286 orationes
2469 1231 2524 1303 (1
2551 1232 2700 1287 Petr.
2732 1232 2838 1301 ιιι).

1891 1321 2027 1389 Quis
2071 1323 2239 1393 igitur
2268 1339 2418 1378 sanm
2449 1323 2967 1393 mentis-prtetlictas
2998 1321 3243 1392 Apostoli
3294 1338 3419 1378 sen-

1826 1416 2028 1470 tentias
2057 1416 2125 1469 de
2158 1415 2465 1471 exercendo
2507 1415 2783 1487 conjugali
2824 1430 2989 1485 opere
3043 1414 3421 1470 sacerdotibus

1826 1507 2085 1572 ascribat,
2103 1522 2343 1577 quorum
2371 1507 2755 1577 quotidianum
2784 1516 2867 1561 est
2889 1506 3148 1572 ollicium,
3175 1520 3282 1560 non
3301 1521 3422 1561 mo-

1826 1597 1898 1652 do
1948 1612 2130 1663 orare,
2180 1598 2276 1652 sed
2316 1606 2370 1652 et
2415 1598 2597 1653 divina
2650 1606 2996 1653 sacramenta
3056 1606 3419 1667 contrectare,

1826 1688 2133 1759 prarsertim
2164 1705 2291 1744 eum
2332 1690 2387 1743 in
2416 1690 2607 1745 eodem
2638 1690 2760 1745 loco
2783 1689 2948 1744 etiam
2984 1690 3208 1745 cuilibet
3256 1689 3422 1745 Chri-

132 1779 372 1846 tiochie,
403 1780 533 1836 licet
569 1781 813 1851 ejusdem
859 1782 1005 1837 sedis
1038 1781 1375 1853 episcopum,
1431 1783 1726 1837 liberaliter
1758 1774 1801 1830 Β
1826 1781 2027 1848 stiano,
2079 1789 2322 1852 tempore
2347 1781 2618 1837 orationis
2671 1782 2994 1854 injungatur
3047 1781 3425 1843 continentia?

130 1871 420 1941 corripuit,
459 1887 528 1927 eo
550 1873 695 1944 quod
729 1882 938 1943 gentes,
963 1890 1074 1929 non
1105 1874 1324 1945 quidem
1354 1876 1719 1946 ptzedicando,

133 1961 227 2014 sed
269 1977 375 2015 suo
404 1964 656 2033 exemplo
679 1962 963 2033 judaizare
1008 1974 1248 2035 cogeret,
1278 1981 1404 2020 cum
1436 1981 1493 2020 se
1527 1965 1595 2019 ab
1630 1981 1724 2019 co-

132 2068 255 2105 rum
281 2053 536 2109 convivio
562 2069 664 2124 pro
689 2055 885 2109 timore
908 2053 1222 2111 Iudaeorum
1247 2056 1556 2112 simulando
1588 2056 1721 2112 sub-

134 2142 395 2197 traheret.

204 2231 474 2287 Przeterca
512 2234 627 2303 ipse
664 2233 1057 2289 itaaresiarcltes
1082 2231 1290 2288 llebiun
1314 2250 1439 2289 cum
1467 2235 1723 2293 omnibus

134 2321 253 2377 suis
277 2322 646 2378 sectatoribus
668 2322 811 2377 inter
836 2323 1079 2393 reliquos
1101 2324 1388 2405 luereticos
1410 2325 1726 2379 anathema-

134 2416 334 2469 tizatus
366 2423 453 2470 est
488 2432 519 2469 a
549 2415 924 2471 sacratissima
967 2416 1176 2487 synodo
1220 2415 1725 2488 Constantinopoli-

134 2516 261 2561 tana
281 2515 337 2562 et
357 2523 390 2562 a
411 2507 571 2563 beato
593 2506 808 2562 Gelasio
835 2523 974 2578 papa
997 2507 1052 2561 in
1074 2510 1373 2578 apostolica
1404 2510 1550 2577 sedc,
1575 2510 1723 2582 quod

135 2599 427 2653 anathema
471 2597 655 2655 nullus
705 2598 1084 2671 supterfugere
1139 2601 1359 2670 poterit,
1406 2602 1723 2672 quicunque

134 2690 316 2759 ipsum
352 2691 799 2758 hzeresiarcham,
843 2707 941 2762 per
967 2690 1261 2747 Sozomcni
1292 2702 1477 2763 caput,
1522 2695 1723 2750 sectari

135 2783 572 2851 praesumpserit.

126 2904 143 2915 -
206 2872 337 2928 Car.
370 2873 508 2930 Xlll.
553 2874 786 2942 Quidam
838 2877 1004 2932 etiam
1047 2876 1152 2932 sibi
1199 2877 1427 2933 nimium
1470 2880 1723 2936 videntur

135 2967 313 3033 scioli,
357 2979 667 3024 asserentes
707 2970 1159 3025 incontinentiam
1197 2972 1571 3029 sacerdotibus
1601 2988 1723 3029 esse

135 3074 461 3115 concessam
506 3062 561 3115 in
592 3062 686 3116 illo
731 3062 977 3132 Apostoli
1018 3082 1030 3117 :
1069 3082 1087 3115 ι
1132 3062 1523 3136 Unusquisque
1563 3082 1720 3120 suam

134 3167 363 3206 uxorem
396 3154 593 3209 habeat
637 3153 692 3225 (1
728 3154 852 3210 Cor.
882 3155 1001 3225 vn).
1044 3176 1061 3207 ι
1112 3154 1216 3224 Qui
1249 3133 1343 3212 aut
1381 3133 1490 3212 non
1524 3160 1723 3214 intelli-
1749 3133 1791 3189 Ο

134 3252 291 3313 gunt,
319 3260 444 3315 quze
476 3245 799 3316 loquuntur,
836 3264 1013 3318 neque
1047 3247 1115 3303 de
1151 3249 1352 3319 quibus
1371 3250 1640 3306 ailirmant
1669 3251 1722 3323 (I

136 3334 279 3390 Tim.
310 3338 385 3408 t);
417 3347 512 3393 aut
542 3340 590 3394 si
625 3340 955 3412 intelligunt,
980 3358 1136 3397 suam
1162 3343 1406 3413 ipsorum
1438 3346 1725 3400 conscien-

131 3428 266 3482 tiam
293 3429 633 3501 impugnant.
668 3429 826 3498 Nam,
850 3440 1142 3489 attestante
1179 3434 1339 3489 beato
1369 3433 1720 3509 Hieronymo,

132 3518 408 3575 Corinthii
449 3521 592 3576 inter
634 3532 829 3578 caetera
872 3525 942 3579 ab
989 3526 1252 3596 Apostolo
1301 3528 1628 3597 quaesierunt
1652 3546 1723 3586 an

132 3627 312 3682 nuper
341 3613 546 3668 renatis
593 3614 650 3668 in
685 3615 907 3671 Christo
942 3618 1185 3674 carnalis
1222 3620 1417 3690 copula
1462 3621 1610 3677 licita
1636 3638 1725 3678 es-

132 3703 255 3757 set?
302 3704 507 3773 quibus
536 3704 612 3761 ita
644 3708 929 3778 rescripsit
977 3708 1300 3779 Apostolus:
1340 3731 1358 3762 ι
1416 3711 1491 3768 De
1523 3714 1725 3784 quibus

131 3807 316 3852 autem
370 3798 673 3869 scripsistis
714 3800 848 3855 mihi
884 3820 896 3855 :
928 3802 1136 3857 bonum
1181 3813 1265 3858 est
1294 3805 1502 3860 homini
1530 3807 1725 3863 mulie—

130 3904 251 3942 rem
300 3902 410 3943 non
469 3898 724 3962 tangere;
778 3901 1001 3962 propter
1056 3891 1472 3950 fornicationem
1541 3906 1722 3952 autem

129 3978 517 4050 unusquisque
554 3996 711 4035 suam
741 3998 967 4037 uxorem
1010 3983 1228 4050 habeat,
1279 3994 1335 4039 ct
1382 4002 1724 4058 unaquaque

130 4072 315 4126 virum
338 4088 498 4127 suum
524 4074 743 4128 habeat.
777 4072 946 4129 Uxori
972 4075 1054 4129 vir
1075 4075 1318 4131 debitum
1332 4077 1551 4145 reddat;
1577 4079 1725 4133 simi-

131 4164 263 4217 liter
288 4174 470 4218 autem
500 4180 641 4219 uxor
676 4165 812 4221 viro.
854 4166 1049 4221 Mulier
1090 4167 1175 4221 sui
1203 4169 1449 4238 corporis
1478 4178 1721 4239 potesta-

131 4261 245 4307 tem
285 4270 393 4309 non
442 4255 629 4320 habet,
662 4257 756 4312 sed
802 4257 907 4312 vir.
941 4257 1206 4313 Similiter
1233 4268 1416 4313 autem
1450 4267 1504 4313 et
1524 4259 1608 4314 vir
1637 4262 1722 4316 sui

128 4346 385 4416 corporis
421 4355 751 4418 potestatem
803 4366 912 4405 non
958 4350 1145 4416 habet,
1171 4351 1264 4405 sed
1307 4352 1520 4406 mulier.
1546 4351 1724 4410 Nolite

1827 1872 1964 1928 Nam
2000 1873 2047 1929 si
2096 1873 2391 1943 Apostolus
2417 1874 2506 1930 hic
2539 1874 2702 1929 etiam
2730 1874 3110 1929 sacerdotibus
3145 1874 3423 1929 carnalem

1827 1966 2081 2036 c0pulam
2108 1966 2455 2032 concederet,
2487 1965 2735 2037 profecto
2782 1966 3095 2022 contrarius
3122 1967 3227 2022 sibi
3253 1976 3420 2035 esset,

1827 2057 1923 2126 qui
1962 2042 2031 2111 ad
2075 2055 2257 2111 Titum
2302 2058 2547 2113 scribens
2577 2057 2844 2129 przecipit,
2881 2066 2942 2113 ut
2977 2060 3288 2115 sacerdotes
3334 2075 3425 2115 so-

1829 2147 1953 2215 brii,
1980 2148 2118 2218 justi
2147 2149 2276 2215 sint,
2307 2157 2471 2220 atque
2496 2151 2843 2207 continentes
2868 2150 2999 2221 (Tit.
3035 2150 3095 2221 ι).
3122 2149 3285 2222 Ergo,
3312 2168 3422 2206 non

1828 2239 1917 2295 hic
1951 2240 2352 2307 sacerdotibus,
2385 2242 2479 2296 sed
2530 2241 2709 2308 laicis,
2743 2250 2799 2297 et
2823 2241 2911 2296 his
2934 2257 3044 2296 non
3083 2242 3318 2297 solidum
3344 2242 3424 2295 ei-

1827 2330 1993 2398 bum,
2032 2331 2127 2387 sed
2175 2332 2412 2387 lacteum
2451 2340 2643 2402 potum
2682 2332 2960 2385 ministrat
3007 2330 3195 2402 (Hebr.
3246 2330 3324 2402 v),
3364 2340 3425 2385 ut

1826 2430 1957 2493 puta
1981 2423 2289 2494 neophytis,
2319 2422 2414 2493 qui
2446 2422 2690 2477 nondum
2726 2422 2851 2488 sibi,
2895 2422 3128 2477 necdum
3162 2421 3283 2477 aliis
3306 2420 3425 2476 suf-
3462 2468 3469 2475 ,

1826 2511 2074 2568 ﬁcienter
2108 2520 2266 2568 erant
2317 2512 2588 2568 instructi.
2636 2510 2903 2579 Qualibus
2939 2511 3081 2566 idem
3129 2509 3424 2582 Apostolus

1827 2605 2166 2660 sacerdotale
2190 2604 2427 2659 cilicium
2450 2604 2670 2674 penitus
2694 2603 3026 2658 intercludit.

1896 2696 2102 2752 Eadem
2128 2696 2293 2752 etiam
2323 2696 2539 2751 ratione
2583 2697 2848 2767 probatur
2888 2695 2956 2749 ad
2982 2694 3175 2759 laicos,
3209 2708 3317 2747 non
3349 2690 3418 2748 ad

1828 2791 2142 2847 sacerdotes
2182 2797 2431 2859 spectare
2467 2788 2733 2858 quidquid
2769 2787 2911 2842 idem
2943 2786 3239 2856 Apostolus
3279 2785 3420 2840 scri-

1826 2884 1907 2939 bit
1935 2884 2004 2939 de
2047 2881 2352 2938 exercendo
2387 2880 2664 2951 coniugali
2696 2895 2879 2950 opere,
2904 2887 2965 2934 ut
3014 2877 3167 2945 illud,
3208 2895 3227 2929 ι
3272 2876 3419 2947 quod

1828 2976 1874 3031 si
1899 2991 1960 3033 se
1983 2990 2094 3029 non
2119 2973 2421 3040 continent,
2453 2972 2683 3027 nubant.
2717 2970 2910 3027 Melius
2935 2980 3019 3026 est
3044 2970 3190 3025 enim
3213 2970 3422 3025 nubere

1829 3083 1998 3139 quam
2028 3067 2116 3121 uri
2147 3064 2203 3138 (Ι
2237 3064 2361 3121 Cor.
2393 3065 2515 3135 vn).
2556 3082 2575 3116 ι
2613 3062 2680 3118 Et
2704 3064 2901 3119 melius
2921 3072 3005 3118 est
3026 3063 3269 3133 legitimo
3298 3077 3420 3116 ma-

1825 3159 1931 3214 rito
1961 3158 2183 3214 misceri
2219 3172 2386 3227 quam
2431 3155 2712 3211 fornicari.
2740 3154 2807 3209 Et
2840 3154 3004 3209 illud:
3041 3173 3059 3206 ι
3108 3151 3333 3209 Solutus
3360 3167 3421 3209 es

1824 3251 1894 3306 ab
1928 3266 2123 3318 uxore,
2165 3250 2278 3305 noli
2304 3264 2552 3320 quaerere
2597 3263 2849 3304 uxorem.
2890 3245 2948 3301 Si
2972 3246 3247 3317 acceperis
3276 3259 3414 3299 uxo-

1824 3359 1961 3411 rem,
1994 3359 2105 3398 non
2134 3342 2392 3414 peccasti.
2430 3339 2487 3396 Si
2540 3340 2790 3411 nupserit
2829 3340 3004 3410 virgo,
3037 3351 3149 3393 non
3174 3335 3425 3408 peccavit

1826 3435 2039 3507 (Ibid.).
2080 3454 2099 3487 ι
2150 3433 2266 3490 Hoc
2316 3435 2502 3505 itaque
2532 3434 2684 3489 nullo
2730 3433 2895 3488 modo
2923 3432 2990 3487 de
3024 3430 3420 3496 sacerdotilus,

1822 3530 1910 3585 vel
1937 3529 2004 3584 de
2028 3528 2151 3584 aliis
2178 3526 2533 3583 continentia:
2560 3525 2828 3582 dedicatis
2850 3525 3068 3590 dicitur,
3093 3523 3189 3578 sed
3226 3521 3293 3577 de
3314 3520 3423 3578 illis

1824 3630 2040 3678 tantum
2091 3620 2186 3691 qui
2218 3619 2458 3692 legitime
2491 3618 2777 3690 coniugari
2803 3624 3056 3688 possunt.
3096 3613 3252 3669 Unde
3304 3611 3426 3669 Ilie-

1824 3729 2092 3786 ronymus
2121 3712 2177 3766 in
2200 3709 2518 3783 su'pradicto
2550 3712 2689 3766 libro
2718 3729 2731 3764 :
2776 3729 2794 3761 ι
2843 3708 2923 3775 Si,
2953 3710 3200 3779 inquam,
3230 3722 3426 3778 nupse-

1826 3806 1897 3861 rit
1920 3806 2074 3876 virgo
2100 3820 2207 3859 non
2231 3804 2508 3875 peccavit;
2541 3819 2652 3858 non
2688 3803 2778 3857 illa
2815 3801 2989 3873 virgo,
3021 3816 3144 3871 quae
3168 3815 3228 3856 se
3253 3800 3425 3855 semel

1826 3897 1921 3953 Dei
1953 3895 2125 3953 cultui
2170 3897 2460 3952 dedicavit.
2496 3894 2702 3949 llarum
2737 3894 2885 3949 enim
2926 3893 2972 3950 si
3014 3908 3122 3962 qua
3153 3891 3421 3962 nupserit,

1825 3989 2236 4043 damnationem
2268 3988 2516 4053 habebit;
2553 3986 2682 4056 quia
2728 3985 2960 4054 primam
3003 3984 3163 4038 [idem
3204 3984 3421 4039 irritam

1826 4081 1959 4136 fecit
2004 4079 2059 4151 (Ι
2087 4078 2224 4134 Tim.
2262 4080 2337 4149 v).
2375 4098 2392 4129 ι
2442 4078 2499 4132 Si
2542 4086 2726 4131 autem
2768 4076 2873 4130 hoc
2909 4075 2976 4129 de
3003 4074 3183 4132 viduis
3214 4074 3423 4130 dictum

1825 4173 2087 4243 objecerit
2112 4169 2285 4243 [quis]
2314 4177 2522 4240 quanto
2551 4166 2726 4238 magis
2763 4167 2830 4221 de
2863 4165 3168 4235 virginibus
3209 4179 3423 4235 przcva-

1826 4265 1976 4331 lebit,
2009 4279 2133 4319 cum
2162 4262 2326 4317 etiam
2372 4262 2458 4316 his
2493 4275 2605 4315 non
2650 4259 2832 4325 liccat,
2874 4257 3077 4328 quibus
3125 4257 3423 4327 aliquando

1826 4357 2011 4412 licuit?
2037 4354 2290 4426 Virgines
2315 4354 2461 4409 enim
2491 4368 2614 4424 qua:
2634 4359 2760 4422 post
2786 4349 3258 4407 consecrationem
3283 4365 3422 4420 nup-

128 4437 393 4494 fraudare
422 4439 679 4508 invicem,
709 4442 815 4496 nisi
867 4441 1013 4496 forte
1062 4458 1128 4497 ex
1171 4459 1446 4500 consensu
1476 4445 1543 4499 ad
1582 4454 1720 4501 tem—
1755 4480 1799 4534 Ι)
1828 4449 1998 4503 serint
2024 4463 2132 4501 non
2160 4456 2269 4501 tam
2302 4447 2562 4501 adultera:
2589 4452 2719 4501 sunt
2739 4457 2904 4514 quam
2931 4442 3172 4498 incestae.
3206 4439 3263 4496 Si
3288 4456 3421 4513 ergo

127 4547 257 4600 pus,
287 4540 347 4586 ut
374 4533 583 4589 vacetis
622 4534 859 4589 orationi
903 4534 1118 4606 (Ibid.).
1144 4555 1161 4587 ι
1200 4534 1358 4603 Quod
1396 4537 1469 4591 ita
1500 4539 1723 4609 exponit

130 4622 189 4678 S.
226 4623 597 4698 Hieronymus
619 4626 675 4681 in
703 4627 798 4681 lib.
837 4635 1027 4682 contra
1060 4626 1408 4683 Jovinianum
1440 4630 1578 4700 (cap.
1622 4630 1676 4702 4)
1706 4649 1716 4685 :

135 4736 171 4796 ι’
192 4714 315 4770 Non
354 4716 491 4771 dixit
511 4716 832 4787 Apostolus,
855 4727 1075 4788 propter
1107 4719 1524 4775 fornicationem
1557 4722 1725 4777 ducat

129 4808 519 4878 unusquisque
539 4824 791 4863 uxorem.
832 4809 1090 4880 Alioquin
1134 4811 1237 4866 hac
1269 4812 1623 4868 excusatione
1651 4813 1719 4867 li-

126 4900 307 4955 bidini
354 4898 510 4955 frena
558 4900 800 4957 laxasset
833 4920 845 4955 :
875 4909 936 4956 ut
966 4904 1405 4975 quotiescunque
1434 4921 1575 4959 uxor
1611 4922 1728 4961 mo-

126 4992 294 5061 ritur,
334 4991 503 5048 toties
539 4993 789 5049 ducenda
825 4993 899 5048 sit
937 4994 1065 5062 alia,
1103 5011 1171 5050 ne
1207 4995 1562 5053 fornicemur.
1617 4998 1724 5054 Sed

831 5101 978 5108 ----‘..
1038 5088 1259 5108 L-I,__a.
1318 5106 1462 5110 ----A-
1522 5090 1567 5110 ἔκ
1592 5091 1698 5112 κγ-ξι

1830 4540 2098 4610 praedictae
2124 4538 2371 4609 Apostoli
2411 4538 2693 4603 sentcntiae
2731 4533 3045 4607 hujusmodi
3083 4534 3424 4589 continenti-

1829 4633 1934 4688 bus
1970 4632 2247 4687 carnalem
2285 4631 2537 4702 copulam
2575 4646 2684 4685 non
2723 4628 3052 4694 concedunt,
3075 4635 3284 4697 quanto
3314 4626 3423 4682 mi-

1829 4740 1935 4779 nus
1968 4723 2365 4791 sacerdotibus,
2413 4723 2650 4778 maxime
2675 4739 2803 4778 cum
2845 4721 2951 4776 illze
2994 4720 3324 4790 simpliciter
3356 4718 3430 4774 ad

1828 4816 2220 4871 continentiam
2254 4817 2362 4871 sint
2382 4823 2737 4882 consecrate,
2764 4814 2840 4869 illi
2870 4821 3052 4867 autem
3078 4812 3213 4882 ipsis
3246 4810 3433 4878 conti-

1828 4909 2085 4963 nentibus
2109 4908 2220 4963 sint
2249 4906 2479 4980 praelati,
2504 4915 2558 4960 et
2578 4921 2674 4975 per
2694 4904 3063 4961 venerandam
3090 4918 3290 4961 manus
3321 4904 3430 4957 im-

1826 4999 2187 5069 positionem,
2244 5010 2300 5056 ct
2338 5014 2435 5071 per
2467 4997 2808 5053 sacrosancti
2854 4994 3171 5052 chrismatis
3208 4996 3436 5052 unctio-—
