3986 5312
549 329 688 382 Ηξὸ

1530 316 1622 370 AD
1657 314 1884 370 OPERA
1925 310 1982 367 5.
2021 305 2348 366 GRECORll
2381 301 2825 358 APPENDiCES.

3666 298 3815 358 ΗΞὲ

549 440 840 512 bigamiam
894 435 1110 507 penitus
1153 432 1452 504 prohibuit,
1507 446 1632 484 cum
1681 429 1868 499 iubeat
1909 434 2120 480 tantum
2153 425 2198 480 Α
2223 417 2372 491 rum]
2402 419 2694 474 observare
2727 416 3012 478 decernat,
3041 420 3096 466 et
3125 413 3324 482 quibus
3361 423 3553 464 sacros
3591 407 3822 464 ouium

549 533 716 587 unius
735 529 921 584 uxoris
939 528 1119 582 virum
1141 525 1266 596 eligi
1289 524 1358 579 ad
1385 521 1752 578 sacerdotium
1782 517 1837 589 (Ι
1862 517 2000 571 Tim.
2031 531 2125 582 ut;

557 623 661 677 Tit.
692 623 752 692 t).
801 617 938 674 Nam
966 633 1068 672 nec
1095 617 1238 685 apud
1265 615 1514 668 ethnicos
1541 611 1778 681 bigamia
1804 609 2006 664 licebat
2051 623 2138 662 sa-

553 711 884 774 cerdotibus,
915 709 1074 762 beato
1111 705 1440 776 Hieronymo
1464 709 1748 773 asserente
1769 707 1958 754 contra
1981 695 2137 752 Jovi-

554 805 799 858 nianum.
838 819 856 852 ‹
893 799 1119 870 Legant,
1168 796 1367 866 inquit,
1411 801 1704 860 nostrates,
1744 799 1799 846 et
1843 798 2136 860 antequam

554 893 744 964 religio
778 899 967 946 nostra
1011 889 1243 960 fulgeret
1288 887 1344 942 in
1372 886 1616 950 mundo,
1683 883 1947 938 unicubas
1999 895 2142 935 sem-

555 1001 650 1056 per
675 984 936 1041 habuisse
973 984 1112 1038 inter
1137 989 1416 1036 matronas
1441 979 1626 1033 decus.
1686 975 1789 1030 Per
1818 975 1963 1039 illas,
2008 973 2144 1026 For-

556 1085 706 1132 tunm
732 1075 985 1131 muliebri
1009 1089 1164 1143 sacra
1193 1072 1310 1128 ﬁeri
1333 1071 1524 1136 solita;
1550 1069 1764 1124 nullum
1797 1066 2143 1122 sacerdotum

560 1167 870 1237 bigamum;
900 1166 1110 1221 nullum
1132 1163 1414 1219 ﬂaminem
1436 1161 1774 1217 bimaritum.
1805 1155 2146 1228 Hierophan-

561 1263 648 1312 tas
682 1271 900 1328 quoque
925 1256 1339 1327 Atheniensium
1356 1268 1534 1322 usque
1566 1251 1728 1322 hodie
1753 1249 1948 1305 cicutre
1973 1247 2150 1304 sorbi-

561 1349 710 1404 tione
737 1349 1002 1415 castrari;
1030 1349 1176 1418 ipsos
1197 1348 1292 1417 qui
1321 1347 1375 1400 in
1403 1344 1794 1416 pontiﬁcatum
1828 1342 2010 1398 allecti
2039 1339 2153 1396 fue-

563 1443 676 1496 rint
697 1443 844 1498 viros
873 1457 996 1497 esse
1021 1441 1290 1496 desinere.
1331 1458 1350 1488 ι

633 1528 955 1603 Quicunque
989 1541 1170 1586 autem
1195 1531 1452 1601 prtevlicta
1477 1527 1723 1599 Apostoli
1755 1527 1920 1582 verba
1944 1526 2001 1580 in
2033 1533 2148 1580 tan-

563 1631 684 1678 tum
731 1623 1042 1678 adulteram
1069 1630 1128 1676 ut
1158 1623 1260 1678 sub
1293 1636 1486 1676 eorum
1521 1633 1779 1689 perversa
1815 1617 2146 1686 interpreta-

566 1713 732 1776 tione,
758 1713 920 1790 etiam
944 1711 1320 1768 sacerdotibus
1343 1709 1794 1766 incontinentiam
1821 1709 1986 1764 licere
2016 1722 2148 1762 con—
2182 1751 2225 1805 Β

568 1805 792 1875 ﬁngant,
815 1803 1002 1874 procul
1032 1803 1198 1858 dubio
1219 1810 1522 1872 sequuntur
1545 1800 1828 1856 Nicolaum
1853 1798 2148 1854 haeresiar-

569 1897 729 1962 chen,
760 1910 924 1965 quem
971 1893 1226 1950 Clemens
1255 1893 1656 1949 Alexandrinus
1686 1891 1742 1947 in
1763 1891 1856 1946 lib.
1889 1907 1950 1946 ιιι
1990 1889 2146 1945 Stro-

569 1995 776 2043 matum
799 1987 985 2055 refert,
1015 2003 1134 2058 cap.
1155 1989 1207 2054 5,
1237 1997 1289 2042 et
1309 1987 1402 2042 lib.
1431 2003 1490 2052 ιι,
1513 2001 1632 2056 cap.
1659 1985 1714 2052 9,
1736 2000 1967 2040 uxorem
1993 1999 2150 2040 suam

571 2080 796 2135 cuilibet
824 2081 988 2134 etiam
1021 2079 1225 2134 volenti
1269 2077 1636 2151 prostituisse,
1681 2083 1737 2130 et
1765 2074 1871 2130 hoc
1900 2072 2150 2142 exemplo

573 2188 678 2228 suo
715 2173 970 2228 docuisse
1015 2164 1226 2228 eunetis
1277 2170 1590 2241 promiscua
1629 2177 1793 2238 atque
1837 2163 2152 2222 communia

575 2263 902 2319 feminarum
950 2263 1225 2319 consortia
1253 2263 1437 2318 licere.
1471 2261 1537 2316 Et
1567 2261 1675 2316 hoc
1719 2259 1864 2327 ideo,
1893 2265 1952 2314 ut
1980 2243 2156 2312 alma-

572 2353 786 2425 joribus
828 2353 1078 2418 relatum,
1105 2352 1233 2422 quia
1264 2352 1525 2422 scriptum
1566 2358 1650 2404 est
1683 2368 1696 2402 :
1733 2348 1830 2402 «Et
1855 2355 2011 2404 erant
2045 2346 2156 2402 illis

581 2443 806 2516 (omnia)
845 2443 1156 2499 communia
1205 2441 1346 2514 (Act.
1386 2443 1477 2512 ιι);
1501 2460 1518 2492 ι
1554 2442 1700 2496 inter
1727 2455 1852 2511 quae
1894 2437 2157 2496 Nicolaus

581 2535 888 2614 numeravit
911 2542 967 2590 et
992 2533 1264 2604 coniugia.
1298 2532 1451 2588 Sicut
1478 2531 1758 2604 igiturille
1797 2531 2157 2602 apostolicum

580 2627 888 2697 exemplum
929 2626 1094 2700 nimis
1119 2625 1462 2697 generaliter,
1493 2633 1546 2680 et
1577 2638 1830 2695 perverse
1875 2631 2159 2694 acceptum

581 2719 637 2774 in
668 2719 918 2774 haeresim
944 2726 1185 2772 mutasse
1213 2715 1467 2782 refertur,
1492 2715 1572 2772 sic
1598 2724 1653 2770 et
1689 2715 1804 2781 isti,
1840 2715 1974 2770 illud
2009 2715 2158 2786 Apo»

583 2809 708 2867 stoli
744 2828 758 2864 :
789 2829 808 2862 ι
843 2807 1232 2879 Unusquisque
1262 2824 1418 2865 suam
1443 2824 1668 2864 uxorem
1693 2807 1909 2874 habeat,
1949 2827 1966 2860 ι
1996 2808 2162 2865 nimis

585 2900 908 2970 generaliter
935 2907 990 2954 et
1009 2898 1421 2969 perversissime
1444 2899 1886 2976 interpretantes,
1916 2897 1970 2952 in
2013 2914 2164 2953 erro—

584 3007 698 3046 rem
747 2991 977 3047 vertisse
1024 2998 1310 3057 notantur;
1361 2990 1458 3061 qui
1513 2990 1616 3046 sub
1669 2989 1860 3044 eodem
1915 2989 2166 3060 exemplo

2238 509 2484 574 concedi,
2532 508 2616 562 vel
2664 505 2921 576 denegari
2973 505 3285 560 constituat.
3335 499 3473 556 Nam
3523 500 3584 553 in
3628 497 3822 552 eadem

2238 600 2534 671 apostolica
2579 597 2920 653 institutione
2960 603 3014 650 et
3039 594 3419 650 defensoribus
3464 589 3828 646 sacerdotalis

2241 691 2648 748 incontinentiae
2667 695 2987 759 perpetuum
3031 687 3307 742 silentium
3336 686 3622 741 evidenter
3643 683 3829 752 impo-

2243 785 2410 849 nitur,
2435 793 2490 839 et
2516 780 2739 852 praefata
2764 779 2938 835 nostri
2966 777 3250 848 apostolici
3291 784 3496 833 statuta
3533 773 3834 842 irrefraga—

2241 875 2422 930 biliter
2445 873 2891 929 corroborantur.
2925 869 3132 940 Quippe
3157 884 3280 940 qua:
3305 868 3441 924 nulli
3468 882 3697 922 sacrum
3721 863 3838 918 om-

2246 965 2392 1021 cium
2435 964 2783 1034 interdicunt,
2821 961 2926 1017 nisi
2949 977 3110 1032 quem
3152 968 3208 1015 et
3230 959 3527 1030 apostolica
3557 963 3834 1026 pm:

2246 1055 2464 1126 penitus
2492 1055 2562 1110 ab
2601 1055 2722 1124 ipso
2749 1067 2908 1109 sacro
2928 1052 3119 1107 ordine
3155 1051 3466 1106 secludunt.

2317 1147 2445 1202 Car.
2472 1128 2613 1200 XIV.
2657 1143 2852 1199 Beatus
2875 1143 3038 1213 igitur
3058 1141 3263 1196 Paulus
3283 1139 3564 1211 apostolus
3585 1136 3838 1194 set-ibas

2250 1237 2318 1294 ad
2339 1237 2708 1303 Timotheum,
2731 1235 2798 1290 de
2820 1234 2991 1290 sacris
3013 1232 3302 1288 ordinibus
3320 1231 3394 1285 ita
3409 1239 3680 1286 testatur:
3702 1247 3724 1278 ε
3749 1225 3840 1281 Fi-

2249 1329 2411 1396 delis,
2438 1327 2633 1398 inquit,
2659 1341 2869 1393 sermo;
2896 1325 2944 1379 si
2964 1325 3089 1394 quis
3115 1323 3492 1394 episcopatum
3536 1318 3836 1380 desiderat.

2251 1422 2456 1478 bonum
2478 1433 2618 1488 opus
2641 1417 2932 1474 desiderat.
2957 1413 3183 1484 Oportet
3201 1427 3332 1484 ergo
3351 1412 3672 1482 episcopum
3694 1409 3839 1462 irre-

2251 1509 2674 1582 prehensibilem
2713 1523 2854 1573 esse,
2897 1505 3060 1560 unius
3090 1503 3282 1559 uxoris
3319 1503 3525 1568 virum,
3565 1499 3836 1560 sobrium,

2257 1601 2604 1672 prudentem,
2630 1599 2909 1669 pudicum,
2941 1604 3216 1662 ornatum,
3261 1594 3614 1664 hospitalem,
3645 1591 3837 1646 docto-

2257 1708 2394 1759 rem,
2425 1706 2532 1746 non
2563 1690 2922 1754 vinolentum,
2953 1703 3062 1742 non
3089 1699 3504 1756 percussorem,
3532 1682 3627 1738 sed
3653 1680 3834 1734 mode-

2251 1792 2426 1849 stum;
2452 1797 2562 1837 non
2583 1781 2902 1852 litigiosum,
2925 1794 3032 1834 non
3055 1778 3334 1848 cupidum,
3357 1791 3474 1832 suae
3491 1773 3682 1829 domui
3701 1773 3838 1826 bene

2250 1861 2624 1947 praepositum,
2657 1872 2799 1928 filios
2825 1871 3112 1927 habentem
3136 1869 3387 1924 subditos
3415 1883 3546 1923 cum
3573 1864 3724 1919 omni
3749 1879 3837 1917 ω-

2253 1967 2455 2040 stitate.
2487 1963 2546 2020 Si
2588 1964 2714 2034 quis
2762 1971 2943 2018 autem
2968 1961 3155 2016 domui
3202 1975 3316 2016 suae
3356 1971 3600 2028 praeesse
3647 1953 3836 2016 nescit,

2253 2041 2528 2128 quomodo
2578 2053 2832 2110 Ecclesiae
2881 2052 2977 2108 Dei
3021 2050 3356 2123 diligentiam
3410 2047 3680 2102 habebit?
3723 2041 3835 2096 Non

2255 2147 2608 2218 neopbytum,
2637 2160 2707 2200 ne
2741 2145 2797 2199 in
2826 2143 3136 2214 superbiam
3179 2142 3356 2196 elatus
3380 2138 3440 2194 in
3463 2138 3736 2208 judicium
3757 2135 3840 2188 in-

2255 2239 2401 2295 cidat
2439 2236 2659 2292 diaboli.
2691 2233 2919 2306 Oportet
2945 2243 3126 2290 autem
3159 2233 3312 2288 illum
3363 2239 3422 2286 et
3464 2228 3833 2285 testimonium

2257 2331 2462 2386 habere
2482 2329 2686 2384 bonum
2707 2327 2775 2382 ab
2799 2327 2886 2383 his
2911 2327 3006 2396 qui
3028 2324 3160 2380 foris
3181 2331 3329 2387 sunt,
3353 2330 3416 2377 ut
3439 2337 3555 2377 non
3581 2321 3636 2374 in
3656 2334 3840 2388 oppro-

2257 2421 2442 2478 brium
2471 2419 2674 2476 incidal
2692 2427 2748 2476 et
2776 2420 3029 2490 laqueum
3051 2415 3270 2472 diaboli.
3297 2413 3576 2468 Diaconos
3599 2410 3836 2465 similiter

2259 2512 2512 2586 pudicos,
2540 2526 2650 2567 non
2679 2511 2968 2582 bilingues,
2991 2523 3100 2563 non
3124 2507 3296 2562 multo
3315 2507 3450 2559 vino
3477 2503 3716 2567 deditos,
3737 2515 3836 2554 nou

2259 2616 2419 2678 turpe
2445 2605 2661 2661 lucrum
2689 2609 2982 2668 sectantes,
3007 2599 3268 2654 habentes
3294 2595 3625 2668 mysterium
3648 2593 3767 2646 ﬁdei
3785 2590 3836 2643 in

2261 2697 2598 2756 conscientia
2630 2711 2788 2768 pura.
2815 2693 2883 2750 Et
2928 2693 2985 2748 bl
3016 2691 3252 2762 primum
3286 2688 3626 2760 probentur,
3668 2693 3722 2740 et
3764 2683 3839 2737 sic

2263 2792 2596 2857 ministrent,
2621 2788 2830 2843 nullum
2865 2785 3069 2840 crimen
3095 2783 3376 2838 habentes.
3409 2778 3671 2834 Mulieres
3697 2775 3836 2831 simi-

2263 2884 2389 2940 liter
2429 2881 2680 2953 pudicas,
2711 2894 2822 2934 non
2853 2876 3222 2939 detrahentes,
3273 2873 3528 2937 sobrias,
3566 2869 3752 2924 ﬁdeles
3784 2867 3845 2930 in

2267 2974 2543 3032 omnibus.
2579 2971 2806 3027 Diaconi
2833 2969 2944 3026 sint
2975 2967 3082 3022 viri
3123 2966 3285 3022 unius
3314 2964 3540 3028 uxoris;
3584 2962 3680 3032 qui
3723 2959 3838 3014 ﬁliis

589 3091 777 3140 contra
821 3083 1073 3138 eumdem
1112 3053 1432 3153 Apostoluin
1461 3081 1836 3138 sacerdotibus
1882 3053 2159 3152 coniugale

2269 3067 2386 3124 suis
2413 3065 2554 3122 bene
2581 3063 2841 3134 praesint,
2866 3068 2920 3116 et
2947 3057 3199 3115 domibus
3227 3057 3360 3112 suis.
3393 3053 3504 3122 Qui
3538 3054 3686 3108 enim
3713 3053 3838 3106 liene

590 3189 730 3245 Opus
799 3189 1140 3254 concessum
1183 3173 1362 3252 fallaci
1431 3173 1730 3244 pertinacia
1809 3172 2162 3228 contendunt.

595 3267 856 3334 Quamvis
885 3265 1035 3322 enim
1079 3265 1147 3347 in,
1175 3266 1348 3322 sacris
1367 3265 1651 3322 ordinibus
1673 3264 1984 3336 promiscua
2011 3263 2170 3320 femi-

592 3373 788 3412 narum
817 3357 1092 3414 consortia
1137 3357 1312 3428 magis
1341 3357 1659 3414 detestanda
1687 3364 1816 3414 sunt
1851 3372 2016 3428 quam
2054 3356 2168 3410 sin-

594 3447 830 3518 gularia,
881 3447 1195 3517 depravatio
1239 3456 1420 3504 tamen
1457 3447 1768 3518 apostolicae
1811 3445 2171 3504 institutionis

588 3537 701 3607 ipsi
731 3525 1108 3592 haeresiarchze
1147 3535 1372 3593 Nicolao
1399 3538 1581 3593 minus
1617 3537 1933 3607 imputanda
1960 3536 2176 3591 videtur

599 3643 764 3698 quam
792 3627 934 3682 istis.
971 3625 1064 3682 Ille
1097 3627 1242 3681 enim
1271 3643 1338 3682 eo
1366 3628 1584 3698 quidem
1628 3607 1872 3697 tempore
1913 3627 2175 3698 apostoli-

601 3733 722 3772 cam
748 3717 1050 3774 doctrinam
1093 3719 1235 3772 male
1281 3719 1669 3789 interpretatus
1696 3727 1800 3786 est,
1829 3736 1953 3776 cum
1994 3720 2084 3776 vix
2119 3721 2176 3775 in

601 3808 794 3878 primis
825 3824 1020 3864 nomen
1044 3808 1472 3866 Christianitatis
1500 3811 1830 3881 incmpisset,
1861 3827 1988 3866 cum
2014 3827 2180 3866 evan-

604 3899 774 3970 gelica
829 3906 884 3954 et
946 3899 1240 3980 apostolica
1301 3901 1547 3957 doctrina
1594 3901 1837 3956 nondum
1893 3908 2039 3956 esset
2083 3914 2181 3970 per

605 3996 778 4044 totum
812 3988 1076 4062 mundum
1113 3989 1356 4057 dilatata,
1398 3992 1644 4047 nondum
1673 3999 1753 4047 tot
1785 3992 1957 4062 signis
1978 4001 2034 4047 et
2064 3992 2180 4046 vir-

544 4095 558 4104 ’
604 4081 858 4147 tutihus,
908 4087 990 4136 tot
1047 4082 1438 4138 sacratiSsimis
1498 4091 1814 4139 sanctorum
1877 4093 2182 4154 martyrum

604 4169 898 4240 triumphis
923 4169 1236 4238 approbata.
1262 4169 1354 4224 Isti
1377 4180 1580 4237 autem,
1611 4172 1857 4228 eamdem
1879 4172 2184 4228 doctrinam

2268 3155 2720 3220 ministraverint,
2763 3153 2992 3224 gradum
3040 3149 3146 3206 sibi
3184 3147 3390 3204 bonum
3435 3148 3755 3216 acquirent,
3791 3151 3840 3196 et

2270 3251 2502 3306 multam
2526 3246 2780 3303 ﬁduciam
2807 3245 2862 3299 in
2907 3242 3012 3298 ﬁde
3036 3257 3160 3313 quas
3181 3249 3264 3297 est
3289 3239 3348 3294 in
3374 3238 3602 3294 Christo
3627 3235 3840 3290 Domino

2272 3339 2327 3413 (Ι
2361 3341 2498 3395 Tim.
2530 3338 2635 3405 ιιι).
2666 3356 2686 3390 ι

2342 3432 2513 3499 Idem,
2535 3431 2603 3486 ad
2623 3427 2806 3484 Titum
2836 3444 2850 3482 :
2886 3445 2906 3478 ι
2923 3423 3120 3496 Hujus,
3147 3423 3356 3493 inquit,
3379 3419 3559 3494 gratia
3583 3418 3772 3488 reliqui
3795 3425 3842 3472 te

2271 3525 2448 3582 Cretae
2473 3565 2490 3591 ,
2544 3529 2608 3577 ut
2639 3535 2703 3576 ea
2736 3533 2860 3591 qua
2892 3517 3092 3573 desunt
3148 3515 3424 3586 corrigas,
3473 3520 3534 3568 et
3559 3511 3842 3566 constituas

2273 3633 2371 3690 per
2406 3617 2656 3673 civitates
2703 3609 3071 3685 presbyteros,
3097 3605 3241 3662 sicut
3285 3621 3388 3676 ego
3431 3605 3532 3660 tibi
3571 3601 3840 3673 disposui,

2277 3710 2325 3766 si
2351 3708 2478 3780 quis
2528 3706 2649 3763 sine
2677 3702 2908 3760 crimine
2958 3707 3064 3764 est,
3113 3699 3280 3754 unius
3325 3698 3521 3752 uxoris
3558 3697 3676 3760 vir,
3721 3694 3844 3747 ﬁlios

2278 3802 2486 3858 habens
2511 3798 2721 3864 ﬁdeles;
2747 3811 2858 3851 non
2885 3793 2942 3850 in
2970 3791 3314 3848 accusatione
3340 3789 3600 3854 luxuriae,
3638 3795 3731 3842 aut
3751 3799 3843 3838 non

2280 3891 2550 3948 subditos.
2597 3885 2826 3958 Oportet
2871 3893 3052 3940 autem
3103 3881 3419 3952 episcopum
3471 3881 3594 3934 sine
3637 3877 3845 3934 crimine

2281 3996 2422 4046 esse,
2452 3979 2596 4035 sicut
2631 3976 2728 4033 Dei
2768 3975 3230 4046 dispensatorem,
3259 3987 3367 4027 non
3403 3971 3724 4041 superbum,
3750 3981 3845 4020 non

2282 4069 2626 4134 iracundum,
2652 4083 2762 4122 non
2781 4067 3144 4131 vinolentum,
3169 4080 3276 4119 non
3306 4076 3697 4134 percussorem
3715 4102 3730 4126 ,
3750 4073 3844 4112 non

2283 4162 2460 4232 turpis
2491 4161 2632 4216 lucri
2682 4157 2964 4229 cupidum,
3004 4157 3100 4213 sed
3147 4155 3471 4224 hospitalem
3493 4196 3508 4220 ,
3546 4153 3844 4222 benignum.

603 4259 718 4330 jam
753 4259 953 4328 ubique
979 4274 1080 4312 nec
1121 4259 1359 4330 ignotam
1384 4261 1628 4326 rusticis,
1661 4260 1776 4330 jam
1818 4260 2044 4328 dudum,
2074 4261 2187 4314 imo
2285 4253 2552 4318 sobrium,
2569 4250 3092 4332 justum,osanctum,
3119 4244 3511 4331 continentem,
3537 4245 3847 4315 amplecten-

605 4351 719 4418 jam
750 4351 819 4405 ab
860 4349 1086 4420 antiquo
1107 4350 1372 4420 sanguine
1399 4359 1714 4406 sanctorum
1748 4353 1971 4407 Patrum
2001 4366 2159 4408 cense

2287 4355 2397 4401 tem
2425 4359 2572 4409 eum,
2594 4342 2689 4413 qui
2712 4341 3012 4397 secundum
3041 4337 3345 4395 doctrinam
3369 4347 3474 4404 est,
3509 4339 3718 4392 ﬁdelem
3745 4351 3846 4390 ser-

611 4449 842 4507 cratam,
894 4449 949 4494 et
968 4439 1413 4511 irrefragabiliter
1437 4443 1842 4498 corroboratam
1869 4442 2190 4498 obstinatis-
2221 4439 2267 4492 D
2291 4431 2530 4500 monem,
2561 4442 2625 4488 ut
2643 4425 2837 4504 potens
2853 4431 2946 4498 sit,
2970 4439 3028 4486 et
3043 4430 3320 4486 exhortari
3348 4429 3406 4484 in
3433 4429 3686 4484 doctrina
3713 4441 3845 4490 sana,

613 4532 752 4588 sima
773 4529 1082 4586 temeritate
1124 4531 1376 4586 nituntur
1407 4533 1722 4602 depravare.
1754 4531 1928 4598 Unde,
1957 4541 2011 4586 et
2035 4532 2186 4587 illam

2289 4537 2344 4583 et
2369 4541 2464 4583 eos
2487 4524 2582 4597 qui
2610 4523 3012 4589 contradicunt,
3038 4535 3284 4592 arguere.
3321 4519 3468 4582 Sunt
3492 4521 3654 4575 multi
3679 4519 3847 4574 inube—

614 4619 972 4690 perditionem
987 4618 1362 4689 subterfugere
1382 4621 1879 4692 nequibunt,quam
1904 4621 2019 4691 ipse
2039 4621 2190 4691 prin—
2289 4620 2530 4685 dientes,
2558 4615 2855 4686 vaniloqui,
2897 4623 2954 4670 et
2997 4614 3330 4678 seductores,
3380 4614 3628 4668 maxime
3672 4611 3760 4682 qui
3791 4608 3848 4662 de

617 4722 744 4777 ceps
769 4709 1142 4778 apostolorum
1165 4707 1610 4778 depravatoribus
1633 4709 2037 4781 Scripturarum
2059 4711 2194 4766 assi—

2289 4709 2707 4766 circumcisione
2732 4715 2880 4769 sunt,
2905 4720 3047 4776 quos
3072 4712 3287 4776 oportet
3312 4705 3603 4775 redargui;
3629 4703 3720 4774 qui
3745 4701 3849 4754 uni-

617 4805 768 4868 gnat,
797 4787 896 4868 qui
939 4795 1210 4869 Epistolas
1239 4801 1534 4870 coapostoli
1579 4801 1701 4871 ejus
1725 4801 1878 4856 Pauli
1915 4801 1991 4856 ita
2032 4800 2193 4856 nobis
2291 4817 2479 4858 versas
2502 4799 2696 4855 domos
2721 4798 3060 4862 subvertunt,
3078 4797 3332 4853 docentes
3355 4811 3480 4866 quae
3502 4811 3614 4850 non
3639 4799 3845 4864 oportet,

619 4889 1004 4944 commendat:
1052 4909 1071 4943 ι
1115 4888 1176 4945 1η
1225 4891 1455 4962 quibus,
1503 4891 1707 4962 inquit,
1756 4892 2012 4963 Epistolis
2063 4901 2194 4947 sunt
2295 4892 2472 4962 turpis
2514 4889 2652 4945 lucri
2679 4889 2853 4959 gratia
2883 4888 3013 4959 (Tit.
3046 4887 3106 4959 ι).
3143 4905 3164 4939 ›
3198 4886 3264 4942 Et
3298 4896 3426 4958 post
3467 4903 3684 4957 pauca:
3731 4903 3750 4936 ς
3778 4881 3848 4935 Ir.-

621 4977 868 5046 quaadam
892 4977 1128 5035 dillicilia
1149 4980 1442 5047 intellectu,
1467 4997 1588 5052 qua:
1610 4982 1809 5038 indocti
1837 4991 1890 5038 et
1916 4981 2196 5037 instabiles
2298 4998 2460 5052 crepa
2485 4981 2606 5036 illos
2619 4981 2753 5036 dure
2768 5023 2783 5046 ,
2814 4989 2874 5035 ut
2895 4979 3008 5034 sint
3027 4979 3144 5034 sani
3171 4979 3226 5032 in
3250 4978 3374 5042 ﬁde,
3397 4992 3509 5032 non
3533 4975 3846 5033 intendente!»
