3986 5312
209 108 358 165 Ηὶδ

1094 108 1383 169 APPEND.
1424 112 1512 168 III.
1552 145 1624 154 --
1659 98 2093 169 ΜΟΝῸΜΕΝΤΑ
2132 114 2598 174 GRECORIANA.

3327 111 3461 167 H26

202 237 346 292 pum
371 219 629 293 proximi,
657 230 711 278 et
736 216 875 294 ipsis
899 223 1221 284 diaeonibus
1268 226 1638 285 indubitanter
1664 233 1795 284 sunt
1821 226 1868 285 A
1892 242 2091 284 uxores
2116 239 2355 297 vestras,
2394 231 2537 286 sicut
2564 238 2617 284 et
2639 225 2890 282 Christus
2920 224 3218 282 Ecclesiam
3246 222 3457 296 (Ephes.

205 311 526 383 antepositi.
543 311 648 368 Aut
666 314 812 370 enim
834 330 1106 386 nusquam
1128 316 1195 373 de
1216 317 1557 373 ordinatione
1578 317 1797 389 presby-

199 410 459 458 terorum
505 404 661 469 dixit,
713 414 808 461 aut
858 407 963 462 sub
1012 408 1232 463 nomine
1277 410 1659 480 episc0porum
1698 424 1794 466 eos

200 492 518 564 descripsit.
547 493 765 551 Scilicet
786 496 1148 568 incongruum
1167 510 1311 555 esset
1322 509 1402 567 ut,
1425 501 1793 572 praetermisso

198 585 500 655 magistro,
534 587 848 641 ministrum
887 588 1007 657 ejus
1044 588 1405 657 describeret,
1441 607 1566 648 cum
1610 599 1792 647 tamen

197 676 472 744 magister
519 677 903 732 ecclesiasticis
949 677 1399 748 dispositionibus
1438 680 1615 750 magis
1647 688 1794 735 esset

198 767 576 821 necessarius.
601 766 867 822 Praeterea
888 784 1015 823 cum
1036 768 1331 841 Apostolus
1346 770 1469 826 Tito
1493 772 1789 843 pra'cipiat,

196 860 265 907 nt
293 869 394 923 per
423 855 671 911 civitates
704 857 1048 928 presbyteros
1077 860 1313 927 ordinet,
1341 861 1525 916 statim
1565 876 1693 917 eum
1723 862 1791 917 de

198 945 555 1001 ordinatione
582 961 775 1001 eorum
817 947 1120 1005 informans
1145 950 1456 1006 subinfert:
1496 969 1515 1003 α
1557 951 1788 1022 Oportet

195 1032 523 1104 episcopum
548 1035 666 1109 sine
698 1036 927 1091 crimine
955 1054 1077 1094 esse
1092 1039 1307 1112 (Ibid.).
1350 1059 1370 1092 ι
1404 1040 1549 1096 Idem
1595 1041 1787 1097 Timo-

196 1122 334 1177 theo
370 1123 603 1178 scribit:
641 1142 660 1176 ι
696 1122 819 1178 Noli
857 1126 1129 1197 negligere
1178 1128 1409 1199 gratiam
1458 1145 1580 1200 quae
1631 1130 1687 1184 in
1736 1139 1787 1185 te

193 1221 309 1279 est,
331 1230 458 1284 quae
495 1217 622 1271 data
646 1225 731 1272 est
774 1218 873 1272 tibi
904 1233 1000 1288 per
1024 1219 1364 1289 prophetiam
1392 1237 1515 1278 cum
1559 1223 1787 1293 imposi-

194 1306 352 1360 tione
385 1321 648 1362 manuum
684 1308 1001 1380 presbyterii
1028 1308 1080 1379 (1
1112 1310 1246 1365 Tim.
1272 1317 1335 1382 ι).
1376 1329 1396 1364 ι
1431 1311 1553 1379 Cui,
1591 1314 1646 1368 in
1693 1329 1784 1370 se-

191 1398 496 1466 quentibus
514 1401 702 1454 statim
731 1400 863 1455 dicit
888 1419 901 1454 :
940 1420 958 1453 ι
996 1399 1209 1457 Nemini
1230 1404 1339 1458 cito
1360 1419 1582 1458 manum
1609 1405 1785 1475 impo-

192 1491 382 1545 sueris
409 1489 464 1559 (Ι
508 1490 644 1545 Tim.
674 1491 728 1562 v)
747 1534 760 1557 ,
793 1510 812 1544 ι
841 1493 989 1563 quod
1022 1495 1240 1564 proprie
1272 1495 1651 1565 episcoporum
1675 1505 1777 1550 est.

1892 317 2000 390 v).s
2027 317 2181 376 Unde
2205 321 2602 394 Hieronymus:
2634 318 2722 373 «Si
2743 318 3011 383 Christus,
3038 315 3231 387 inquit,
3256 322 3461 378 sancte,

1893 410 1940 467 si
1974 419 2142 478 caste,
2186 413 2235 468 si
2264 414 2470 483 absque
2510 411 2619 466 ulla
2668 408 2882 465 macula
2928 407 3102 478 diligit
3140 404 3460 468 Ecclesiam,

1890 499 1994 554 viri
2022 515 2242 572 quoque
2265 502 2321 556 in
2348 502 2599 558 castitate
2629 515 2829 555 uxores
2844 496 2979 555 ‘suas
3019 498 3270 568 diligant;
3302 515 3321 547 ι
3357 502 3413 549 et
3443 512 3460 528 ο

1898 608 1917 642 ι
1951 589 2103 647 Sciat
2122 594 2504 664 unusquisque
2522 608 2619 648 vas
2648 606 2809 647 suum
2835 590 3112 660 possidere
3141 587 3195 643 in
3218 585 3460 642 sanctifi—

1890 682 2126 748 catione,
2165 692 2221 738 et
2242 684 2473 749 honore,
2522 698 2632 737 non
2658 682 2713 737 in
2744 681 2997 753 passione
3023 679 3296 744 desiderii,
3319 678 3463 732 sicut

1889 781 1943 827 et
1968 784 2157 845 gentes
2177 791 2299 846 quae
2322 775 2576 847 ignorant
2600 774 2768 829 Deum
2805 773 2858 844 (I
2891 773 3067 828 Thess.
3108 771 3203 843 ιν).
3235 789 3254 823 ι
3288 770 3461 838 Quem

1890 865 2153 918 honorem
2175 864 2250 920 ita
2272 865 2658 935 interpretatur
2679 864 3077 936 Hieronymus:
3108 881 3127 915 ι
3161 862 3239 929 Si,
3264 861 3459 933 inquit,

1888 953 2229 1010 abstinemus
2270 971 2374 1011 nos
2398 972 2429 1010 a
2460 956 2637 1020 coitu,
2667 957 2928 1011 honorem
2959 955 3207 1010 muliebri
3238 954 3461 1009 vascqu

1888 1042 2210 1109 tribuimus;
2244 1044 2291 1098 si
2327 1059 2437 1099 non
2481 1045 2846 1109 abstinemus,
2873 1046 3218 1114 perspicuum
3245 1052 3328 1099 est
3356 1045 3459 1099 hoa

1887 1134 2010 1186 nori
2037 1134 2369 1189 contrariam
2399 1150 2521 1190 esse
2551 1135 2955 1189 contumeliam.
2993 1154 3012 1188 ι

1956 1223 2223 1279 Praeterea
2246 1226 2427 1280 omnis
2453 1226 2685 1296 populus
2712 1227 2946 1282 ﬁliorum
2991 1226 3155 1281 Israel
3184 1226 3251 1282 ad
3297 1240 3458 1281 mon-

1884 1322 1995 1369 tem
2029 1315 2114 1387 IC.
2142 1315 2207 1371 Β.
2257 1315 2413 1389 Sina]
2458 1333 2804 1384 accessurus,
2838 1325 2893 1372 et
2941 1317 3036 1372 Dei
3079 1314 3354 1388 eloquium
3393 1317 3463 1372 de

1883 1406 2183 1479 longinquo
2206 1415 2416 1464 tantum
2465 1409 2774 1475 auditurus,
2824 1409 3005 1464 triduo
3031 1409 3376 1476 sanctificari,
3405 1416 3461 1464 et

1884 1513 1945 1553 se
1969 1498 2249 1554 continere
2277 1499 2347 1553 ab
2374 1500 2640 1554 uxoribus
2662 1499 2888 1569 jubetur
2916 1498 3113 1571 (Ea-od.
3155 1500 3291 1571 nx).
3328 1498 3459 1553 Jure

192 1577 346 1650 Ergo
378 1582 631 1637 eumdem
662 1560 976 1655 episcopum
1012 1560 1176 1651 dicit,
1206 1560 1370 1656 quem
1403 1560 1475 1641 et
1494 1588 1776 1659 presbyte-
1813 1560 1855 1615 Β
1879 1602 2011 1659 ergo
2046 1587 2341 1658 Apostolus
2372 1560 2967 1646 sacrorum'ministris
3010 1560 3457 1646 incontinentiam

189 1686 323 1725 rum
354 1674 676 1728 nominavit.
722 1674 814 1750 Sic
863 1676 1053 1730 beatus
1099 1675 1463 1749 Hieronymus
1512 1679 1682 1749 (995),
1723 1687 1778 1734 et

193 1760 257 1815 S.
291 1760 455 1817 Pater
495 1764 822 1821 Ambrosius
863 1767 1151 1836 praedictas
1189 1769 1433 1838 Apostoli
1481 1771 1775 1824 sententias

188 1850 429 1913 fidelith
450 1862 813 1923 exponentes,
846 1864 1116 1911 testantur
1156 1858 1300 1928 apud
1342 1858 1599 1929 antiquos
1632 1859 1774 1914 idem

189 1940 367 1998 fuisse
398 1944 714 2015 episcopum
746 1956 799 2001 et
823 1948 1221 2020 presbyterum,
1248 1958 1312 2005 ut
1350 1965 1549 2006 nomen
1582 1968 1772 2020 unum,

188 2044 343 2091 esset
360 2036 552 2103 cilicii,
610 2039 756 2093 aliud
786 2041 983 2095 atratis.
1028 2040 1225 2097 Postea
1265 2052 1469 2110 autem,
1500 2053 1559 2098 ut
1580 2042 1772 2100 lliero—

190 2142 397 2198 nymns
429 2130 651 2197 asserit,
682 2144 808 2185 cum
835 2133 1213 2204 unusquisque
1238 2149 1336 2189 eos
1364 2150 1503 2205 quos
1528 2136 1774 2205 baptiza-

184 2227 349 2275 verat
366 2222 499 2276 'suos
531 2237 654 2277 esse
683 2231 918 2293 putaret,
952 2233 1006 2279 et
1031 2241 1141 2280 non
1167 2224 1393 2292 Christi,
1427 2235 1647 2297 propter
1675 2245 1774 2282 au-

186 2306 415 2365 ferenda
454 2312 752 2368 schismata
779 2354 794 2380 ,
830 2314 887 2368 in
930 2322 1047 2370 toto
1087 2316 1366 2371 decretum
1408 2326 1495 2372 est
1540 2319 1672 2373 orbe
1712 2326 1774 2374 ut

187 2414 338 2455 unus
373 2400 439 2455 de
469 2394 805 2474 presbyteris
824 2415 1231 2475 prazponeretur
1256 2408 1486 2473 caeteris,
1515 2410 1583 2463 ad
1608 2424 1770 2481 quem

185 2491 374 2546 omnis
400 2507 533 2547 cura
559 2492 812 2550 Ecclesiae
845 2496 1158 2565 pertineret.

256 2579 393 2637 Post
418 2582 839 2654 descriptionem
868 2593 1050 2639 autem
1092 2585 1335 2655 episcopi
1362 2594 1417 2641 et
1445 2586 1766 2659 presbyteri,

186 2682 347 2729 caute
367 2673 665 2742 Apostolus
708 2676 990 2747 subjungit
1012 2677 1081 2732 de
1108 2677 1430 2733 diaeonibus
1470 2678 1545 2733 ita
1581 2680 1769 2734 decer-

184 2780 327 2822 nens
355 2785 372 2820 :
411 2786 431 2818 ‹
452 2766 723 2823 Diaconos
744 2768 1015 2836 similiter,
1043 2769 1253 2827 scilicet
1275 2777 1509 2842 Oportet,
1541 2772 1768 2842 pudicos

186 2871 332 2924 esse,
370 2867 427 2913 et
453 2860 662 2930 reliqua
688 2858 744 2930 (Ι
784 2860 919 2915 Tim.
958 2860 1062 2932 ιιι).
1098 2880 1117 2913 ›
1155 2862 1234 2917 Ac
1262 2862 1309 2918 si
1337 2862 1577 2919 diceret:
1611 2862 1765 2930 Quod

185 2946 256 3002 de
280 2948 553 3019 episcopis
587 2959 642 3005 et
662 2952 992 3023 presbyteris
1035 2953 1273 3019 decrevi,
1315 2953 1421 3010 hoc
1461 2953 1604 3009 idem
1626 2955 1765 3010 etde

182 3038 511 3095 diaeonibus
534 3056 621 3095 me
640 3041 825 3099 sciatis
854 3043 1180 3099 decrevisse.
1219 3042 1363 3100 Satis
1393 3058 1524 3115 ergo
1545 3046 1764 3100 eviden-

184 3135 271 3182 ter
303 3138 470 3198 patet,
495 3140 557 3185 ut
575 3133 809 3200 aestimo,
832 3133 1149 3205 Apostolum
1176 3136 1229 3189 in
1254 3135 1627 3206 superioribus
1649 3137 1764 3195 suis

182 3218 600 3278 diuinitionibus
634 3225 798 3278 etiam
843 3225 1192 3297 presbyteros
1239 3241 1365 3281 cum
1396 3225 1669 3297 episcopis
1707 3235 1762 3283 et

182 3310 509 3369 diaeonibus
537 3316 1032 3387 comprehendisse.
1066 3316 1220 3374 Unde
1254 3327 1310 3373 et
1355 3320 1551 3375 merito
1601 3320 1763 3390 quili-

184 3400 279 3454 bet
304 3408 493 3459 eorum
520 3421 551 3460 a
576 3397 748 3461 sacris
776 3406 965 3463 ciliciis
992 3408 1327 3477 dimovetur,
1358 3411 1669 3482 quicunque
1694 3428 1762 3468 ex

183 3490 296 3549 illis
344 3493 403 3549 in
449 3511 510 3552 se
557 3499 912 3567 apostolicam
955 3499 1400 3559 informationem
1451 3502 1762 3574 corrupisse

181 3582 468 3650 probatur.
520 3584 724 3657 Nempe
766 3588 1058 3659 Apostolus
1086 3599 1319 3648 testatur
1358 3593 1663 3665 episcopos,
1707 3605 1763 3652 et

182 3676 551 3748 presbyteros,
579 3688 633 3734 et
654 3680 917 3738 diaconos
953 3692 1204 3754 oportere
1224 3684 1402 3755 turpis
1442 3687 1580 3743 lucri
1608 3689 1763 3759 cupi-

180 3762 284 3819 dos
317 3781 427 3821 non
452 3783 573 3823 esse
603 3769 731 3839 (Tit.
765 3771 825 3840 ι).
851 3772 1040 3829 Omnis
1071 3784 1253 3829 autem
1280 3774 1623 3834 Simoniacus
1645 3786 1759 3834 tur-

178 3853 397 3922 pissimi
427 3863 483 3911 et
512 3857 884 3916 nefandissimi
913 3862 1050 3917 lucri
1096 3863 1468 3921 indubitanter
1496 3875 1580 3923 est
1613 3868 1761 3938 cupi-

179 3944 304 4000 dus.
344 3944 490 4018 Ergo
518 3946 658 4003 inter
684 3966 869 4007 sacros
897 3953 1117 4010 ordines
1146 3955 1457 4011 nullatenus
1497 3964 1581 4012 est
1608 3972 1759 4013 com-

176 4038 479 4108 putandus,
509 4040 715 4096 scilicet
741 4041 857 4111 jam
902 4042 1105 4099 dudum
1134 4060 1231 4115 per
1249 4047 1603 4116 apostolicam
1628 4063 1757 4103 sel-

176 4128 405 4182 tentiam
450 4129 667 4197 penitus
709 4131 780 4185 ab
821 4130 1028 4187 eisdem
1066 4143 1400 4206 segregatus.
1447 4134 1757 4192 Notandum

173 4227 382 4287 autem,
407 4219 457 4276 si
486 4222 791 4293 neophytus
831 4223 975 4278 inter
996 4239 1184 4281 sacros
1214 4228 1433 4283 ordines
1463 4244 1573 4283 non
1613 4230 1755 4285 reci-

174 4310 345 4379 pitur,
382 4312 478 4381 qui
502 4313 1049 4371 tamcn'interlaicos
1077 4332 1238 4386 posse
1273 4319 1469 4374 salvari
1494 4321 1752 4389 creditur,

174 4411 383 4471 quanto
404 4404 579 4475 magis
602 4405 726 4461 inde
743 4414 871 4460 sunt
886 4410 1199 4479 segregandi
1222 4411 1425 4480 cupidi,
1449 4412 1563 4467 sive
1584 4416 1752 4485 avari,

172 4494 269 4565 qui
332 4502 466 4550 sunt
511 4496 781 4553 idolorum
835 4500 1008 4565 servi,
1040 4501 1164 4570 qui,
1212 4501 1367 4571 juxta
1411 4504 1754 4574 Apostolum,

170 4586 487 4643 nullatenus
512 4588 715 4644 habent
740 4590 1109 4648 haereditatcm
1158 4594 1215 4648 in
1245 4610 1413 4665 regno
1459 4596 1661 4651 Christi
1692 4588 1756 4652 et

173 4676 270 4733 Dei
306 4678 525 4749 (Ephes.
556 4681 611 4750 γ)
638 4682 661 4735 ?

240 4768 378 4825 Item
402 4769 700 4841 Apostolus
733 4773 979 4844 praecipit
1007 4775 1063 4831 in
1104 4776 1503 4847 superioribus,
1542 4787 1603 4833 ut
1641 4781 1755 4851 epi-

168 4861 346 4929 scopi,
371 4862 692 4933 presbyteri,
720 4863 938 4919 diaconi
968 4867 1076 4922 sint
1106 4867 1318 4938 pudici,
1350 4869 1407 4925 id
1439 4876 1524 4924 est
1569 4872 1753 4926 conti-

168 4961 381 5007 nentes.
425 4951 538 5008 Nec
578 4957 804 5019 mirum,
827 4970 949 5010 cum
982 4967 1036 5013 et
1056 4960 1225 5013 Iaicos
1255 4960 1323 5014 ad
1354 4959 1752 5017 continentiam

169 5044 418 5099 hortetur
441 5045 623 5102 dicens
657 5067 669 5102 :
714 5066 735 5099 ι
776 5044 910 5101 Volo
935 5059 1115 5107 autem
1149 5050 1398 5109 homines
1439 5065 1583 5113 esse,
1610 5051 1757 5107 sicut

166 5152 254 5191 me
286 5136 464 5206 ipsum
489 5136 543 5205 (Ι
569 5138 691 5195 Cor.
719 5137 843 5208 vn),
878 5158 897 5190 ι
934 5142 1122 5213 utique
1161 5143 1523 5200 continentes.
1570 5139 1702 5196 Item
1735 5163 1748 5199 :

174 5245 193 5279 ι
226 5226 515 5299 Reliquum
547 5240 644 5296 est,
682 5238 749 5285 ut
779 5237 833 5282 et
857 5231 951 5299 qui
995 5234 1196 5290 habent
1224 5249 1441 5301 uxores,
1481 5242 1743 5302 tanquam

1792 2905 1833 2962 C

1875 1676 2152 1733 interdicit
2172 1677 2258 1751 [0.
2286 1678 2352 1733 Β.
2378 1680 2765 1734 continentiam
2795 1679 3030 1752 indixit],
3061 1682 3157 1750 qui
3207 1690 3261 1735 et
3282 1697 3457 1737 saecu-

1874 1766 2083 1823 laribus
2130 1769 2329 1824 debent
2370 1771 2724 1839 praeminere
2774 1772 2831 1826 in
2888 1773 3182 1827 castitate:
3236 1774 3364 1843 qui,
3403 1781 3458 1827 et

1875 1857 2050 1929 ipsius
2097 1858 2335 1930 Spiritus
2385 1862 2919 1925 sanctilocutorium
2962 1863 3170 1928 ell‘ccti,
3215 1862 3457 1931 quotidie

1874 1946 2165 2004 Dominum
2190 1964 2287 2018 pro
2308 1951 2510 2019 populo
2526 1950 2724 2005 debent
2748 1950 3109 2020 interpellare.
3135 1949 3457 2020 Quicunque

1873 2052 2003 2110 ergo
2030 2040 2227 2094 horum
2253 2041 2595 2095 incontinens
2618 2057 2737 2097 csse
2762 2042 3048 2111 detegitur,
3074 2042 3142 2095 ab
3171 2042 3288 2111 ipso
3310 2041 3455 2111 Apo-

1872 2130 2013 2185 stoIo
2042 2131 2214 2185 sacris
2244 2115 2529 2185 ordinibus
2557 2130 2819 2186 interesse
2850 2132 3189 2200 prohilmtur,
3216 2148 3339 2185 cum
3361 2145 3454 2200 per
3532 2155 3549 2171 -

1873 2220 2322 2277 incontinentiam
2349 2221 2663 2290 apostolicae
2699 2221 3030 2276 institutioni
3056 2221 3295 2289 seipsum
3321 2222 3452 2277 snba

1871 2314 2105 2370 traxisse
2126 2316 2392 2370 videatur.
2418 2312 2552 2367 Nam
2580 2314 2725 2383 quod
2748 2312 3043 2383 Apostolus
3063 2313 3214 2379 dicit,
3244 2332 3262 2365 ι
3290 2312 3454 2369 unius

1871 2405 2062 2461 uxoris
2106 2405 2308 2472 virum,
2343 2424 2363 2457 ι
2416 2406 2573 2475 juxta
2618 2403 3023 2485 attestationem
3072 2401 3171 2457 SS.
3205 2398 3450 2468 Patrum,

1875 2503 2001 2550 ante
2030 2495 2427 2549 ordinationem
2463 2502 2694 2560 tantum,
2741 2509 2848 2548 non
2873 2502 3000 2564 post
3026 2492 3221 2564 ipsam,
3256 2502 3339 2549 est
3368 2492 3454 2546 in-

1870 2584 2242 2655 telligendum.
2277 2582 2432 2638 Unde
2460 2582 2517 2637 S.
2546 2582 2852 2655 Cyprianus
2880 2584 2935 2636 in
2960 2584 3053 2638 lib.
3087 2583 3164 2639 De
3184 2572 3261 2638 xtl
3309 2582 3451 2639 abu-

1868 2675 2118 2730 sionibus
2133 2674 2302 2745 (996),
2327 2675 2459 2729 dicit
2476 2694 2492 2725 ι
2505 2675 2647 2743 quod
2662 2674 2784 2729 talis
2801 2688 2921 2729 esse
2931 2673 3123 2729 debeat
3142 2674 3449 2745 episcopus,

1868 2771 1930 2817 ut
1950 2771 2077 2818 ante
2099 2764 2472 2833 episcopatum
2492 2778 2654 2816 unam
2683 2770 2896 2816 tantum
2924 2778 3151 2817 uxorem
3175 2765 3448 2830 habuerit,

1869 2871 1977 2908 non
2010 2855 2213 2925 plures.
2252 2873 2269 2906 ς
2302 2852 2453 2910 Unde
2470 2862 2523 2908 et
2547 2852 2604 2907 S.
2633 2852 2994 2925 Hieronymus
3017 2854 3071 2908 in
3094 2855 3450 2926 Apologctico

1867 2946 1933 3000 ad
1948 2943 2389 3001 Pammachium:
2420 2964 2438 2996 ι
2476 2944 2751 3015 Episc0pi,
2770 2944 3451 3017 presbyteri,diaconi,aut

1864 3037 2102 3109 virgines
2128 3037 2425 3107 eliguntur,
2456 3045 2551 3091 aut
2576 3037 2761 3102 vidui;
2796 3037 2881 3090 vel
2931 3045 3078 3091 certe
3116 3045 3237 3108 post
3263 3052 3448 3092 sacer-

1864 3117 2074 3182 dotium
2098 3127 2151 3181 in
2173 3137 2434 3183 aeternum
2462 3126 2699 3198 pudici.»
2732 3126 2887 3194 Item,
2915 3127 3109 3184 beatus
3131 3128 3447 3197 Zacharias,

1863 3218 1950 3273 vir
1971 3218 2308 3289 apostolicus
2334 3219 2583 3276 scribens
2603 3220 2669 3275 ad
2696 3218 2752 3273 S.
2781 3218 3129 3275 Bonifacium'
3149 3219 3451 3291 Maguntia—

1862 3326 2081 3368 censem
2131 3312 2599 3382 archiepiscopum
2655 3310 2829 3383 (epist.
2872 3310 2933 3383 I)
2963 3353 2977 3378 ,
3026 3312 3101 3366 ita
3158 3312 3440 3368 decrevit:

1869 3421 1889 3456 ι
1918 3402 2088 3471 Cum,
2117 3403 2327 3472 inquit,
2365 3409 2455 3457 tua
2484 3401 2799 3458 fraternitas
2822 3402 2888 3457 in
2918 3403 3153 3458 concilio
3195 3401 3446 3473 (Mogun-

1860 3492 2000 3564 tino)
2028 3492 2335 3549 consederit
2361 3508 2487 3547 cum
2531 3491 2943 3564 (Carlomanno)
2986 3492 3446 3547 excellentissimo

1860 3584 2002 3651 viro,
2033 3583 2081 3639 si
2110 3595 2251 3653 quos
2297 3583 2567 3652 repererit
2592 3582 2901 3652 episcopos,
2938 3582 3310 3653 presbyteros,
3352 3588 3449 3636 aut

1859 3674 2141 3739 diaconos,
2168 3680 2359 3727 contra
2408 3686 2647 3727 canones
2679 3672 2761 3726 vel
2783 3678 2985 3726 statuta
3006 3669 3231 3725 Patrum
3255 3684 3446 3725 exces-

1860 3766 2021 3830 sisse,
2048 3763 2105 3818 id
2130 3772 2234 3829 est,
2268 3764 2323 3817 in
2359 3763 2656 3829 adulterio;
2688 3763 2796 3828 vel,
2831 3763 2874 3817 si
2899 3763 3081 3832 plures
3122 3777 3321 3817 uxores
3343 3762 3445 3816 ha-

1857 3856 2133 3921 buerunt;
2164 3862 2259 3908 aut
2289 3855 2332 3909 si
2363 3853 2682 3924 sanguinem
2710 3852 3170 3919 Christianorum,
3199 3851 3313 3907 sive
3344 3865 3444 3920 pa-

1858 3962 2125 4019 ganorum
2149 3946 2474 4012 eﬂ‘udcrunt,
2502 3944 2589 3999 vel
2607 3945 2770 3999 etiam
2794 3944 2916 4000 aliis
2944 3944 3215 4013 capitulis,
3241 3942 3444 4013 quibus

1858 4040 2161 4096 canonibus
2204 4034 2454 4095 obvias‘se
2508 4037 2773 4106 repererit
2815 4045 2908 4091 tua
2957 4036 3241 4102 sanctitas,
3290 4034 3444 4090 nulla

1856 4135 2069 4191 ratione
2103 4131 2401 4203 apostolica
2430 4129 2757 4185 auctoritate
2779 4128 3056 4199 permittat
3079 4125 3220 4200 [eos]
3255 4141 3441 4182 sacer-

1788 4238 1833 4294 ι)
1857 4226 2005 4281 dotio
2018 4224 2191 4295 fungi,
2204 4225 2332 4294 quia
2346 4224 2477 4277 tales
2492 4238 2521 4275 a
2544 4235 2647 4276 suo
2658 4221 2880 4291 proprio
2892 4234 2985 4275 ore
2998 4217 3135 4275 falso
3151 4218 3412 4274 nominan
3423 4243 3442 4257 -

1860 4325 1952 4373 tur
1975 4316 2306 4381 sacerdotes,
2338 4323 2392 4370 et
2414 4314 2629 4384 pejores
2661 4328 2725 4368 ac
2753 4311 3052 4368 deteriores
3080 4310 3438 4367 srecularibus

1858 4424 1981 4465 esse
1992 4416 2314 4473 noscuntur,
2337 4406 2431 4478 qui
2455 4421 2515 4461 se
2546 4419 2724 4474 neque
2737 4422 2765 4460 a
2781 4403 3250 4481 fornicationibus,
3264 4414 3442 4469 neque

1862 4516 1893 4555 a
1913 4497 2134 4554 nefariis
2148 4498 2512 4553 matrimoniis
2534 4496 2839 4562 abstinent,
2863 4509 3039 4566 neque
3060 4495 3129 4550 ab
3154 4492 3442 4549 hemiuum

1846 4590 2143 4661 sanguinis
2155 4590 2417 4647 effusione
2428 4584 2624 4644 manus
2645 4586 3148 4643 servantinnoxias.
3165 4584 3367 4651 Quales
3388 4595 3449 4634 se

1859 4698 1981 4740 esse
1994 4683 2302 4740 sacerdotes
2313 4681 2645 4758 existimant,
2659 4678 2895 4750 autquid
2909 4678 3032 4733 inde
3055 4677 3307 4734 sentiunt
3322 4717 3337 4741 ,
3363 4673 3452 4727 (Ιί-

1859 4784 2015 4833 cente
2042 4774 2155 4832 Deo
2184 4796 2195 4831 :
2229 4775 2551 4833 Sacerdotes
2594 4772 2700 4824 mei
2728 4770 2896 4828 semel
2926 4770 3173 4826 nubant?
3220 4771 3295 4827 Et
3316 4768 3461 4833 Apo-

1860 4870 2069 4927 stolus:
2100 4867 2277 4927 Unius
2316 4866 2504 4926 uxoris
2537 4865 2740 4930 virum,
2773 4873 2827 4919 et
2851 4855 3164 4919 caetera.Et
3202 4866 3324 4923 hoc
3344 4860 3472 4921 ante

1838 4970 2176 5031 susceptum
2203 4959 2567 5018 sacerdotium
2596 4955 2676 5009 uti
2715 4956 2929 5011 licitum
2972 4965 3075 5011 est.
3118 4951 3285 5018 Nam
3325 4966 3359 5005 a
3399 4942 3483 4999 die

1863 5056 2106 5125 suscepti
2138 5051 2427 5111 sacerdotii
2474 5051 2644 5105 etiam
2687 5049 2758 5103 ab
2797 5049 2915 5118 ipso
2947 5046 3174 5120 proprio
3214 5034 3487 5115 conjugio

1842 5145 2189 5221 prohibendi
2226 5154 2374 5201 sunt.
2408 5162 2426 5194 ι
2455 5141 2611 5196 Unde
2638 5148 2693 5193 ct
2719 5138 3089 5212 Hieronymus
3110 5139 3185 5194 ad
3238 5131 3510 5208 Vigilan»

1858 5245 2001 5301 tium
2058 5241 2306 5295 scribens
2356 5243 2590 5291 testatur
2641 5250 2653 5285 :
2710 5252 2729 5286 ι
2792 5233 3056 5290 Ecclesiae
3109 5227 3417 5297 Orientis,
3444 5225 3498 5269 el
