  <div class='ocr_page' id='page_1' title='image "/cluster/home/n/w/nwhite01/storage/ocr_20150623/148/hvd.32044015471840/562.png"; bbox 0 0 3986 5312; ppageno 0'>
   <div class='ocr_carea' id='block_1_1' title="bbox 186 331 322 386">
    <p class='ocr_par' dir='ltr' id='par_1_1' title="bbox 186 331 322 386">
     <span class='ocr_line' id='line_1_1' title="bbox 186 331 322 386; baseline -0.007 0"><span class='ocrx_word' id='word_1_1' title='bbox 186 331 322 386; x_wconf 70' lang='grc'><strong>1129</strong></span> 
     </span>
    </p>
   </div>
   <div class='ocr_carea' id='block_1_2' title="bbox 1070 315 2573 393">
    <p class='ocr_par' dir='ltr' id='par_1_2' title="bbox 1070 315 2573 393">
     <span class='ocr_line' id='line_1_2' title="bbox 1070 315 2573 393; baseline 0.001 -18"><span class='ocrx_word' id='word_1_2' title='bbox 1070 320 1356 379; x_wconf 75' lang='lat' dir='ltr'><strong>APPEND.</strong></span> <span class='ocrx_word' id='word_1_3' title='bbox 1398 321 1485 374; x_wconf 92' lang='grc' dir='ltr'>ιιι.</span> <span class='ocrx_word' id='word_1_4' title='bbox 1527 315 2065 393; x_wconf 48' lang='grc' dir='ltr'>..λιιοιιυιιιειςη</span> <span class='ocrx_word' id='word_1_5' title='bbox 2105 322 2573 382; x_wconf 64' lang='lat' dir='ltr'><strong>cucumam.</strong></span> 
     </span>
    </p>
   </div>
   <div class='ocr_carea' id='block_1_3' title="bbox 3289 335 3424 393">
    <p class='ocr_par' dir='ltr' id='par_1_3' title="bbox 3289 335 3424 393">
     <span class='ocr_line' id='line_1_3' title="bbox 3289 335 3424 393; baseline 0.037 -5"><span class='ocrx_word' id='word_1_6' title='bbox 3289 335 3424 393; x_wconf 74' lang='grc'><strong>1150</strong></span> 
     </span>
    </p>
   </div>
   <div class='ocr_carea' id='block_1_4' title="bbox 136 430 3423 525">
    <p class='ocr_par' dir='ltr' id='par_1_4' title="bbox 136 430 3423 525">
     <span class='ocr_line' id='line_1_4' title="bbox 136 430 3423 525; baseline 0.003 -30"><span class='ocrx_word' id='word_1_7' title='bbox 136 430 148 444; x_wconf 76' lang='grc'><em>’</em></span> <span class='ocrx_word' id='word_1_8' title='bbox 181 453 231 499; x_wconf 86' lang='lat' dir='ltr'><strong>et</strong></span> <span class='ocrx_word' id='word_1_9' title='bbox 254 441 528 525; x_wconf 71' lang='lat' dir='ltr'><strong>presbyter</strong></span> <span class='ocrx_word' id='word_1_10' title='bbox 553 446 607 492; x_wconf 88' lang='lat' dir='ltr'><strong>ct</strong></span> <span class='ocrx_word' id='word_1_11' title='bbox 632 437 894 491; x_wconf 80' lang='lat' dir='ltr'><strong>diaconus</strong></span> <span class='ocrx_word' id='word_1_12' title='bbox 940 452 1049 490; x_wconf 93' lang='lat' dir='ltr'><strong>non</strong></span> <span class='ocrx_word' id='word_1_13' title='bbox 1077 447 1205 493; x_wconf 90' lang='lat' dir='ltr'><strong>sunt</strong></span> <span class='ocrx_word' id='word_1_14' title='bbox 1230 447 1549 491; x_wconf 81' lang='lat' dir='ltr'><strong>memorum</strong></span> <span class='ocrx_word' id='word_1_15' title='bbox 1574 450 1751 490; x_wconf 80' lang='lat' dir='ltr'><strong>nomt-</strong></span> <span class='ocrx_word' id='word_1_16' title='bbox 1778 436 1823 490; x_wconf 83' lang='lat' dir='ltr'><strong>A</strong></span> <span class='ocrx_word' id='word_1_17' title='bbox 1848 433 2119 492; x_wconf 86' lang='lat' dir='ltr'><strong>dicatione</strong></span> <span class='ocrx_word' id='word_1_18' title='bbox 2161 456 2189 494; x_wconf 91' lang='lat' dir='ltr'><strong>a</strong></span> <span class='ocrx_word' id='word_1_19' title='bbox 2226 438 2283 495; x_wconf 94' lang='lat' dir='ltr'><strong>S.</strong></span> <span class='ocrx_word' id='word_1_20' title='bbox 2317 439 2563 498; x_wconf 83' lang='lat' dir='ltr'><strong>Romana</strong></span> <span class='ocrx_word' id='word_1_21' title='bbox 2593 443 2834 502; x_wconf 75' lang='lat' dir='ltr'><strong>Ecclesia</strong></span> <span class='ocrx_word' id='word_1_22' title='bbox 2875 448 3195 519; x_wconf 81' lang='lat' dir='ltr'><strong>deviarunt;</strong></span> <span class='ocrx_word' id='word_1_23' title='bbox 3232 455 3327 511; x_wconf 81' lang='lat' dir='ltr'><strong>sed</strong></span> <span class='ocrx_word' id='word_1_24' title='bbox 3368 457 3423 513; x_wconf 74' lang='lat' dir='ltr'><strong>In</strong></span> 
     </span>
    </p>
   </div>
   <div class='ocr_carea' id='block_1_5' title="bbox 180 527 1748 598">
    <p class='ocr_par' dir='ltr' id='par_1_5' title="bbox 180 527 1748 598">
     <span class='ocr_line' id='line_1_5' title="bbox 180 527 1748 598; baseline -0.007 -7"><span class='ocrx_word' id='word_1_25' title='bbox 180 550 265 597; x_wconf 87' lang='lat' dir='ltr'><strong>ua,</strong></span> <span class='ocrx_word' id='word_1_26' title='bbox 290 533 383 588; x_wconf 84' lang='lat' dir='ltr'><strong>sed</strong></span> <span class='ocrx_word' id='word_1_27' title='bbox 408 530 722 587; x_wconf 80' lang='lat' dir='ltr'><strong>ciliciorum.</strong></span> <span class='ocrx_word' id='word_1_28' title='bbox 750 527 858 584; x_wconf 87' lang='lat' dir='ltr'><strong>Nec</strong></span> <span class='ocrx_word' id='word_1_29' title='bbox 879 529 1109 589; x_wconf 88' lang='lat' dir='ltr'><strong>dicitur:</strong></span> <span class='ocrx_word' id='word_1_30' title='bbox 1137 528 1192 583; x_wconf 90' lang='lat' dir='ltr'><strong>Si</strong></span> <span class='ocrx_word' id='word_1_31' title='bbox 1224 528 1349 598; x_wconf 88' lang='lat' dir='ltr'><strong>quis</strong></span> <span class='ocrx_word' id='word_1_32' title='bbox 1377 529 1748 598; x_wconf 81' lang='lat' dir='ltr'><strong>episcopatum</strong></span> 
     </span>
    </p>
   </div>
   <div class='ocr_carea' id='block_1_6' title="bbox 178 615 1749 709">
    <p class='ocr_par' dir='ltr' id='par_1_6' title="bbox 178 615 1749 709">
     <span class='ocr_line' id='line_1_6' title="bbox 178 615 1749 709; baseline -0.005 -31"><span class='ocrx_word' id='word_1_33' title='bbox 178 621 462 709; x_wconf 65' lang='lat' dir='ltr'><strong>desiderat,</strong></span> <span class='ocrx_word' id='word_1_34' title='bbox 513 619 716 709; x_wconf 76' lang='lat' dir='ltr'><strong>bonum</strong></span> <span class='ocrx_word' id='word_1_35' title='bbox 744 616 1041 709; x_wconf 45' lang='grc' dir='ltr'><strong>Δξειιίόιξιῄι</strong></span> <span class='ocrx_word' id='word_1_36' title='bbox 1084 618 1351 709; x_wconf 78' lang='lat' dir='ltr'><strong>gradum;</strong></span> <span class='ocrx_word' id='word_1_37' title='bbox 1405 615 1749 709; x_wconf 32' lang='lat' dir='ltr'><strong>sed-bouum</strong></span> 
     </span>
    </p>
   </div>
   <div class='ocr_carea' id='block_1_7' title="bbox 179 703 1748 781">
    <p class='ocr_par' dir='ltr' id='par_1_7' title="bbox 179 703 1748 781">
     <span class='ocr_line' id='line_1_7' title="bbox 179 703 1748 781; baseline -0.004 -16"><span class='ocrx_word' id='word_1_38' title='bbox 179 703 309 781; x_wconf 77' lang='lat' dir='ltr'><strong>Opus</strong></span> <span class='ocrx_word' id='word_1_39' title='bbox 349 708 619 763; x_wconf 77' lang='lat' dir='ltr'><strong>desiderat</strong></span> <span class='ocrx_word' id='word_1_40' title='bbox 661 705 712 778; x_wconf 82' lang='grc' dir='ltr'><strong>(Ι</strong></span> <span class='ocrx_word' id='word_1_41' title='bbox 741 703 876 759; x_wconf 85' lang='lat' dir='ltr'><strong>Tim.</strong></span> <span class='ocrx_word' id='word_1_42' title='bbox 918 704 1001 775; x_wconf 89' lang='grc' dir='ltr'>ιιι)</span> <span class='ocrx_word' id='word_1_43' title='bbox 1037 705 1205 776; x_wconf 88' lang='lat' dir='ltr'><strong>quod,</strong></span> <span class='ocrx_word' id='word_1_44' title='bbox 1240 705 1296 759; x_wconf 91' lang='lat' dir='ltr'><strong>in</strong></span> <span class='ocrx_word' id='word_1_45' title='bbox 1342 704 1536 775; x_wconf 90' lang='lat' dir='ltr'><strong>majori</strong></span> <span class='ocrx_word' id='word_1_46' title='bbox 1558 705 1748 760; x_wconf 89' lang='lat' dir='ltr'><strong>ordine</strong></span> 
     </span>
    </p>
   </div>
   <div class='ocr_carea' id='block_1_8' title="bbox 178 794 1747 875">
    <p class='ocr_par' dir='ltr' id='par_1_8' title="bbox 178 794 1747 875">
     <span class='ocr_line' id='line_1_8' title="bbox 178 794 1747 875; baseline -0.006 -18"><span class='ocrx_word' id='word_1_47' title='bbox 178 800 519 864; x_wconf 84' lang='lat' dir='ltr'><strong>constitutus,</strong></span> <span class='ocrx_word' id='word_1_48' title='bbox 543 796 735 868; x_wconf 82' lang='lat' dir='ltr'><strong>possit,</strong></span> <span class='ocrx_word' id='word_1_49' title='bbox 766 795 812 851; x_wconf 89' lang='lat' dir='ltr'><strong>si</strong></span> <span class='ocrx_word' id='word_1_50' title='bbox 843 795 991 862; x_wconf 89' lang='lat' dir='ltr'><strong>velit,</strong></span> <span class='ocrx_word' id='word_1_51' title='bbox 1034 795 1382 851; x_wconf 84' lang='lat' dir='ltr'><strong>occasionem</strong></span> <span class='ocrx_word' id='word_1_52' title='bbox 1415 794 1747 875; x_wconf 72' lang='lat' dir='ltr'><strong>exercenda-</strong></span> 
     </span>
    </p>
   </div>
   <div class='ocr_carea' id='block_1_9' title="bbox 179 892 837 950">
    <p class='ocr_par' dir='ltr' id='par_1_9' title="bbox 179 892 837 950">
     <span class='ocr_line' id='line_1_9' title="bbox 179 892 837 950; baseline -0.009 0"><span class='ocrx_word' id='word_1_53' title='bbox 179 911 295 950; x_wconf 87' lang='lat' dir='ltr'><strong>rum</strong></span> <span class='ocrx_word' id='word_1_54' title='bbox 324 895 526 949; x_wconf 82' lang='lat' dir='ltr'><strong>habere</strong></span> <span class='ocrx_word' id='word_1_55' title='bbox 551 892 837 947; x_wconf 86' lang='lat' dir='ltr'><strong>virtutum.</strong></span> 
     </span>
    </p>
   </div>
   <div class='ocr_carea' id='block_1_10' title="bbox 249 980 1745 1062">
    <p class='ocr_par' dir='ltr' id='par_1_10' title="bbox 249 980 1745 1062">
     <span class='ocr_line' id='line_1_10' title="bbox 249 980 1745 1062; baseline -0.003 -25"><span class='ocrx_word' id='word_1_56' title='bbox 249 1006 267 1037; x_wconf 71' lang='grc' dir='ltr'><strong>ι</strong></span> <span class='ocrx_word' id='word_1_57' title='bbox 294 984 518 1055; x_wconf 87' lang='lat' dir='ltr'><strong>Oportet</strong></span> <span class='ocrx_word' id='word_1_58' title='bbox 547 998 677 1062; x_wconf 82' lang='lat' dir='ltr'><strong>ergo</strong></span> <span class='ocrx_word' id='word_1_59' title='bbox 701 983 1015 1052; x_wconf 77' lang='lat' dir='ltr'><strong>episeOpum</strong></span> <span class='ocrx_word' id='word_1_60' title='bbox 1056 980 1586 1052; x_wconf 80' lang='lat' dir='ltr'><strong>irreprehensibilem</strong></span> <span class='ocrx_word' id='word_1_61' title='bbox 1622 993 1745 1033; x_wconf 90' lang='lat' dir='ltr'><strong>esse</strong></span> 
     </span>
    </p>
   </div>
   <div class='ocr_carea' id='block_1_11' title="bbox 178 1071 1743 1145">
    <p class='ocr_par' dir='ltr' id='par_1_11' title="bbox 178 1071 1743 1145">
     <span class='ocr_line' id='line_1_11' title="bbox 178 1071 1743 1145; baseline -0.003 -16"><span class='ocrx_word' id='word_1_62' title='bbox 178 1075 226 1141; x_wconf 81' lang='grc'><strong><em>(1</em></strong></span> <span class='ocrx_word' id='word_1_63' title='bbox 256 1076 389 1129; x_wconf 82' lang='lat' dir='ltr'><strong>Tim.</strong></span> <span class='ocrx_word' id='word_1_64' title='bbox 418 1077 500 1145; x_wconf 83' lang='grc' dir='ltr'>ιιι)</span> <span class='ocrx_word' id='word_1_65' title='bbox 525 1082 585 1129; x_wconf 85' lang='grc' dir='ltr'><strong>ιιι</strong></span> <span class='ocrx_word' id='word_1_66' title='bbox 614 1074 747 1128; x_wconf 86' lang='lat' dir='ltr'><strong>nulli</strong></span> <span class='ocrx_word' id='word_1_67' title='bbox 773 1073 906 1127; x_wconf 90' lang='lat' dir='ltr'><strong>vitio</strong></span> <span class='ocrx_word' id='word_1_68' title='bbox 927 1073 1265 1143; x_wconf 80' lang='lat' dir='ltr'><strong>mancipatus</strong></span> <span class='ocrx_word' id='word_1_69' title='bbox 1295 1072 1386 1139; x_wconf 89' lang='lat' dir='ltr'><strong>sit,</strong></span> <span class='ocrx_word' id='word_1_70' title='bbox 1417 1071 1583 1127; x_wconf 89' lang='lat' dir='ltr'><strong>unius</strong></span> <span class='ocrx_word' id='word_1_71' title='bbox 1609 1085 1743 1125; x_wconf 85' lang='lat' dir='ltr'><strong>uxo-</strong></span> 
     </span>
    </p>
   </div>
   <div class='ocr_carea' id='block_1_12' title="bbox 176 1163 1737 1236">
    <p class='ocr_par' dir='ltr' id='par_1_12' title="bbox 176 1163 1737 1236">
     <span class='ocr_line' id='line_1_12' title="bbox 176 1163 1737 1236; baseline -0.003 -15"><span class='ocrx_word' id='word_1_72' title='bbox 176 1169 245 1222; x_wconf 90' lang='lat' dir='ltr'><strong>ris</strong></span> <span class='ocrx_word' id='word_1_73' title='bbox 279 1167 474 1232; x_wconf 90' lang='lat' dir='ltr'><strong>virum,</strong></span> <span class='ocrx_word' id='word_1_74' title='bbox 504 1167 595 1236; x_wconf 93' lang='lat' dir='ltr'><strong>qui</strong></span> <span class='ocrx_word' id='word_1_75' title='bbox 617 1180 780 1219; x_wconf 89' lang='lat' dir='ltr'><strong>unam</strong></span> <span class='ocrx_word' id='word_1_76' title='bbox 818 1179 1043 1219; x_wconf 88' lang='lat' dir='ltr'><strong>uxorem</strong></span> <span class='ocrx_word' id='word_1_77' title='bbox 1070 1164 1343 1232; x_wconf 83' lang='lat' dir='ltr'><strong>habuerit,</strong></span> <span class='ocrx_word' id='word_1_78' title='bbox 1374 1177 1487 1219; x_wconf 89' lang='lat' dir='ltr'><strong>non</strong></span> <span class='ocrx_word' id='word_1_79' title='bbox 1517 1163 1737 1220; x_wconf 89' lang='lat' dir='ltr'><strong>habeat.</strong></span> 
     </span>
    </p>
   </div>
   <div class='ocr_carea' id='block_1_13' title="bbox 178 1254 1740 1328">
    <p class='ocr_par' dir='ltr' id='par_1_13' title="bbox 178 1254 1740 1328">
     <span class='ocr_line' id='line_1_13' title="bbox 178 1254 1740 1328; baseline 0.001 -17"><span class='ocrx_word' id='word_1_80' title='bbox 178 1256 442 1322; x_wconf 76' lang='lat' dir='ltr'><strong>Subrium,</strong></span> <span class='ocrx_word' id='word_1_81' title='bbox 472 1257 605 1322; x_wconf 84' lang='lat' dir='ltr'><strong>sive,</strong></span> <span class='ocrx_word' id='word_1_82' title='bbox 630 1264 693 1311; x_wconf 91' lang='lat' dir='ltr'><strong>ut</strong></span> <span class='ocrx_word' id='word_1_83' title='bbox 716 1255 912 1310; x_wconf 90' lang='lat' dir='ltr'><strong>melius</strong></span> <span class='ocrx_word' id='word_1_84' title='bbox 944 1255 998 1310; x_wconf 92' lang='lat' dir='ltr'><strong>in</strong></span> <span class='ocrx_word' id='word_1_85' title='bbox 1038 1254 1227 1311; x_wconf 64' lang='lat' dir='ltr'><strong>Graeco</strong></span> <span class='ocrx_word' id='word_1_86' title='bbox 1252 1256 1473 1322; x_wconf 89' lang='lat' dir='ltr'><strong>dicitur,</strong></span> <span class='ocrx_word' id='word_1_87' title='bbox 1509 1256 1740 1328; x_wconf 87' lang='lat' dir='ltr'><strong>vigilan-</strong></span> 
     </span>
    </p>
   </div>
   <div class='ocr_carea' id='block_1_14' title="bbox 173 1347 1738 1421">
    <p class='ocr_par' dir='ltr' id='par_1_14' title="bbox 173 1347 1738 1421">
     <span class='ocr_line' id='line_1_14' title="bbox 173 1347 1738 1421; baseline -0.001 -16"><span class='ocrx_word' id='word_1_88' title='bbox 173 1359 293 1415; x_wconf 78' lang='lat' dir='ltr'><strong>tem,</strong></span> <span class='ocrx_word' id='word_1_89' title='bbox 325 1350 376 1404; x_wconf 94' lang='lat' dir='ltr'><strong>id</strong></span> <span class='ocrx_word' id='word_1_90' title='bbox 400 1357 505 1413; x_wconf 90' lang='lat' dir='ltr'><strong>est,</strong></span> <span class='ocrx_word' id='word_1_91' title='bbox 530 1350 782 1419; x_wconf 56' lang='grc' dir='ltr'>νηφάλιον.</span> <span class='ocrx_word' id='word_1_92' title='bbox 815 1347 1101 1414; x_wconf 88' lang='lat' dir='ltr'><strong>Pudicum,</strong></span> <span class='ocrx_word' id='word_1_93' title='bbox 1152 1349 1256 1404; x_wconf 92' lang='lat' dir='ltr'><strong>hoc</strong></span> <span class='ocrx_word' id='word_1_94' title='bbox 1283 1350 1427 1404; x_wconf 90' lang='lat' dir='ltr'><strong>enim</strong></span> <span class='ocrx_word' id='word_1_95' title='bbox 1450 1348 1738 1421; x_wconf 84' lang='lat' dir='ltr'><strong>signiﬁcat,</strong></span> 
     </span>
    </p>
   </div>
   <div class='ocr_carea' id='block_1_15' title="bbox 175 1438 1741 1516">
    <p class='ocr_par' dir='ltr' id='par_1_15' title="bbox 175 1438 1741 1516">
     <span class='ocr_line' id='line_1_15' title="bbox 175 1438 1741 1516; baseline 0 -20"><span class='ocrx_word' id='word_1_96' title='bbox 175 1438 489 1516; x_wconf 62' lang='grc' dir='ltr'><strong>σώφροναμῖ.</strong></span> <span class='ocrx_word' id='word_1_97' title='bbox 520 1439 608 1505; x_wconf 86' lang='lat' dir='ltr'><strong>R.,</strong></span> <span class='ocrx_word' id='word_1_98' title='bbox 639 1438 890 1516; x_wconf 69' lang='grc' dir='ltr'><strong>Σώφρων].</strong></span> <span class='ocrx_word' id='word_1_99' title='bbox 913 1438 1176 1494; x_wconf 89' lang='lat' dir='ltr'><strong>Ornatum</strong></span> <span class='ocrx_word' id='word_1_100' title='bbox 1199 1448 1253 1495; x_wconf 91' lang='lat' dir='ltr'><strong>et</strong></span> <span class='ocrx_word' id='word_1_101' title='bbox 1272 1441 1522 1496; x_wconf 84' lang='lat' dir='ltr'><strong>castitate</strong></span> <span class='ocrx_word' id='word_1_102' title='bbox 1547 1450 1601 1496; x_wconf 89' lang='lat' dir='ltr'><strong>et</strong></span> <span class='ocrx_word' id='word_1_103' title='bbox 1624 1457 1741 1496; x_wconf 83' lang='lat' dir='ltr'><strong>ma-</strong></span> 
     </span>
    </p>
   </div>
   <div class='ocr_carea' id='block_1_16' title="bbox 176 1529 1735 1602">
    <p class='ocr_par' dir='ltr' id='par_1_16' title="bbox 176 1529 1735 1602">
     <span class='ocr_line' id='line_1_16' title="bbox 176 1529 1735 1602; baseline 0.001 -17"><span class='ocrx_word' id='word_1_104' title='bbox 176 1531 334 1585; x_wconf 86' lang='lat' dir='ltr'><strong>ribus.</strong></span> <span class='ocrx_word' id='word_1_105' title='bbox 364 1529 719 1600; x_wconf 78' lang='lat' dir='ltr'><strong>Hospitalem,</strong></span> <span class='ocrx_word' id='word_1_106' title='bbox 738 1539 797 1585; x_wconf 91' lang='lat' dir='ltr'><strong>ut</strong></span> <span class='ocrx_word' id='word_1_107' title='bbox 819 1530 1063 1585; x_wconf 81' lang='lat' dir='ltr'><strong>imitetur</strong></span> <span class='ocrx_word' id='word_1_108' title='bbox 1088 1530 1386 1595; x_wconf 83' lang='lat' dir='ltr'><strong>Abraham,</strong></span> <span class='ocrx_word' id='word_1_109' title='bbox 1412 1539 1468 1585; x_wconf 89' lang='lat' dir='ltr'><strong>et</strong></span> <span class='ocrx_word' id='word_1_110' title='bbox 1488 1547 1612 1586; x_wconf 90' lang='lat' dir='ltr'><strong>cum</strong></span> <span class='ocrx_word' id='word_1_111' title='bbox 1639 1547 1735 1602; x_wconf 90' lang='lat' dir='ltr'><strong>pe-</strong></span> 
     </span>
    </p>
   </div>
   <div class='ocr_carea' id='block_1_17' title="bbox 175 1617 1732 1690">
    <p class='ocr_par' dir='ltr' id='par_1_17' title="bbox 175 1617 1732 1690">
     <span class='ocr_line' id='line_1_17' title="bbox 175 1617 1732 1690; baseline 0.003 -19"><span class='ocrx_word' id='word_1_112' title='bbox 175 1618 410 1689; x_wconf 86' lang='lat' dir='ltr'><strong>regrinis,</strong></span> <span class='ocrx_word' id='word_1_113' title='bbox 436 1618 549 1672; x_wconf 90' lang='lat' dir='ltr'><strong>imo</strong></span> <span class='ocrx_word' id='word_1_114' title='bbox 571 1618 623 1672; x_wconf 91' lang='lat' dir='ltr'><strong>in</strong></span> <span class='ocrx_word' id='word_1_115' title='bbox 649 1618 948 1689; x_wconf 78' lang='lat' dir='ltr'><strong>peregrinis</strong></span> <span class='ocrx_word' id='word_1_116' title='bbox 975 1617 1257 1673; x_wconf 82' lang='lat' dir='ltr'><strong>Christum</strong></span> <span class='ocrx_word' id='word_1_117' title='bbox 1290 1618 1554 1689; x_wconf 86' lang='lat' dir='ltr'><strong>suscipiat</strong></span> <span class='ocrx_word' id='word_1_118' title='bbox 1580 1619 1732 1690; x_wconf 82' lang='lat' dir='ltr'><strong>(Gen.</strong></span> 
     </span>
    </p>
   </div>
   <div class='ocr_carea' id='block_1_18' title="bbox 1848 526 3422 614">
    <p class='ocr_par' dir='ltr' id='par_1_18' title="bbox 1848 526 3422 614">
     <span class='ocr_line' id='line_1_18' title="bbox 1848 526 3422 614; baseline 0.015 -35"><span class='ocrx_word' id='word_1_119' title='bbox 1848 526 1967 595; x_wconf 84' lang='lat' dir='ltr'><strong>ejus</strong></span> <span class='ocrx_word' id='word_1_120' title='bbox 1996 532 2489 589; x_wconf 75' lang='lat' dir='ltr'><strong>communicatione</strong></span> <span class='ocrx_word' id='word_1_121' title='bbox 2518 550 2691 607; x_wconf 88' lang='lat' dir='ltr'><strong>usque</strong></span> <span class='ocrx_word' id='word_1_122' title='bbox 2721 536 2788 594; x_wconf 89' lang='lat' dir='ltr'><strong>ad</strong></span> <span class='ocrx_word' id='word_1_123' title='bbox 2816 537 2979 595; x_wconf 81' lang='lat' dir='ltr'><strong>linem</strong></span> <span class='ocrx_word' id='word_1_124' title='bbox 3013 542 3135 598; x_wconf 67' lang='lat' dir='ltr'><strong>vita:</strong></span> <span class='ocrx_word' id='word_1_125' title='bbox 3162 545 3422 614; x_wconf 87' lang='lat' dir='ltr'><strong>perdura-</strong></span> 
     </span>
    </p>
   </div>
   <div class='ocr_carea' id='block_1_19' title="bbox 1848 616 3422 706">
    <p class='ocr_par' dir='ltr' id='par_1_19' title="bbox 1848 616 3422 706">
     <span class='ocr_line' id='line_1_19' title="bbox 1848 616 3422 706; baseline 0.017 -37"><span class='ocrx_word' id='word_1_126' title='bbox 1848 625 1994 671; x_wconf 92' lang='lat' dir='ltr'><strong>runt.</strong></span> <span class='ocrx_word' id='word_1_127' title='bbox 2029 616 2087 673; x_wconf 85' lang='lat' dir='ltr'><strong>in</strong></span> <span class='ocrx_word' id='word_1_128' title='bbox 2118 629 2328 676; x_wconf 90' lang='lat' dir='ltr'><strong>tantum</strong></span> <span class='ocrx_word' id='word_1_129' title='bbox 2357 638 2594 695; x_wconf 88' lang='lat' dir='ltr'><strong>namque</strong></span> <span class='ocrx_word' id='word_1_130' title='bbox 2632 627 2821 685; x_wconf 89' lang='lat' dir='ltr'><strong>beatus</strong></span> <span class='ocrx_word' id='word_1_131' title='bbox 2863 629 3112 688; x_wconf 88' lang='lat' dir='ltr'><strong>Gelasius</strong></span> <span class='ocrx_word' id='word_1_132' title='bbox 3141 634 3196 688; x_wconf 93' lang='lat' dir='ltr'><strong>in</strong></span> <span class='ocrx_word' id='word_1_133' title='bbox 3227 637 3422 706; x_wconf 68' lang='lat' dir='ltr'><strong>praedi-</strong></span> 
     </span>
    </p>
   </div>
   <div class='ocr_carea' id='block_1_20' title="bbox 1847 707 3419 794">
    <p class='ocr_par' dir='ltr' id='par_1_20' title="bbox 1847 707 3419 794">
     <span class='ocr_line' id='line_1_20' title="bbox 1847 707 3419 794; baseline 0.015 -33"><span class='ocrx_word' id='word_1_134' title='bbox 1847 708 1950 763; x_wconf 89' lang='lat' dir='ltr'><strong>ctis</strong></span> <span class='ocrx_word' id='word_1_135' title='bbox 1976 707 2205 767; x_wconf 88' lang='lat' dir='ltr'><strong>decretis</strong></span> <span class='ocrx_word' id='word_1_136' title='bbox 2236 715 2611 772; x_wconf 83' lang='lat' dir='ltr'><strong>auctoritatem</strong></span> <span class='ocrx_word' id='word_1_137' title='bbox 2646 716 2701 772; x_wconf 93' lang='lat' dir='ltr'><strong>S.</strong></span> <span class='ocrx_word' id='word_1_138' title='bbox 2738 717 3049 794; x_wconf 83' lang='lat' dir='ltr'><strong>Hieronymi</strong></span> <span class='ocrx_word' id='word_1_139' title='bbox 3080 720 3237 783; x_wconf 89' lang='lat' dir='ltr'><strong>nobis</strong></span> <span class='ocrx_word' id='word_1_140' title='bbox 3265 743 3419 784; x_wconf 90' lang='lat' dir='ltr'><strong>com-</strong></span> 
     </span>
    </p>
   </div>
   <div class='ocr_carea' id='block_1_21' title="bbox 1847 801 3419 888">
    <p class='ocr_par' dir='ltr' id='par_1_21' title="bbox 1847 801 3419 888">
     <span class='ocr_line' id='line_1_21' title="bbox 1847 801 3419 888; baseline 0.015 -36"><span class='ocrx_word' id='word_1_141' title='bbox 1847 801 2066 855; x_wconf 88' lang='lat' dir='ltr'><strong>mendat</strong></span> <span class='ocrx_word' id='word_1_142' title='bbox 2095 812 2153 857; x_wconf 91' lang='lat' dir='ltr'><strong>ut</strong></span> <span class='ocrx_word' id='word_1_143' title='bbox 2182 813 2235 858; x_wconf 88' lang='lat' dir='ltr'><strong>et</strong></span> <span class='ocrx_word' id='word_1_144' title='bbox 2264 805 2494 861; x_wconf 89' lang='lat' dir='ltr'><strong>aliorum</strong></span> <span class='ocrx_word' id='word_1_145' title='bbox 2511 812 2794 879; x_wconf 88' lang='lat' dir='ltr'><strong>opuscula,</strong></span> <span class='ocrx_word' id='word_1_146' title='bbox 2823 814 2979 884; x_wconf 85' lang='lat' dir='ltr'><strong>juxta</strong></span> <span class='ocrx_word' id='word_1_147' title='bbox 2996 816 3114 886; x_wconf 87' lang='lat' dir='ltr'><strong>ejus</strong></span> <span class='ocrx_word' id='word_1_148' title='bbox 3131 816 3419 888; x_wconf 84' lang='lat' dir='ltr'><strong>judicium,</strong></span> 
     </span>
    </p>
   </div>
   <div class='ocr_carea' id='block_1_22' title="bbox 1846 890 3425 978">
    <p class='ocr_par' dir='ltr' id='par_1_22' title="bbox 1846 890 3425 978">
     <span class='ocr_line' id='line_1_22' title="bbox 1846 890 3425 978; baseline 0.014 -35"><span class='ocrx_word' id='word_1_149' title='bbox 1846 890 2153 962; x_wconf 80' lang='lat' dir='ltr'><strong>recipienda</strong></span> <span class='ocrx_word' id='word_1_150' title='bbox 2184 895 2265 950; x_wconf 90' lang='lat' dir='ltr'><strong>vel</strong></span> <span class='ocrx_word' id='word_1_151' title='bbox 2295 901 2598 968; x_wconf 89' lang='lat' dir='ltr'><strong>respuenda</strong></span> <span class='ocrx_word' id='word_1_152' title='bbox 2628 917 2750 958; x_wconf 90' lang='lat' dir='ltr'><strong>esse</strong></span> <span class='ocrx_word' id='word_1_153' title='bbox 2771 903 2967 961; x_wconf 88' lang='lat' dir='ltr'><strong>ibidem</strong></span> <span class='ocrx_word' id='word_1_154' title='bbox 2991 906 3263 965; x_wconf 86' lang='lat' dir='ltr'><strong>decernat.</strong></span> <span class='ocrx_word' id='word_1_155' title='bbox 3297 910 3425 978; x_wconf 86' lang='lat' dir='ltr'><strong>Qui-</strong></span> 
     </span>
    </p>
   </div>
   <div class='ocr_carea' id='block_1_23' title="bbox 1845 984 3421 1069">
    <p class='ocr_par' dir='ltr' id='par_1_23' title="bbox 1845 984 3421 1069">
     <span class='ocr_line' id='line_1_23' title="bbox 1845 984 3421 1069; baseline 0.013 -32"><span class='ocrx_word' id='word_1_156' title='bbox 1845 995 2061 1053; x_wconf 87' lang='lat' dir='ltr'><strong>cunque</strong></span> <span class='ocrx_word' id='word_1_157' title='bbox 2089 984 2256 1057; x_wconf 82' lang='lat' dir='ltr'><strong>igitur</strong></span> <span class='ocrx_word' id='word_1_158' title='bbox 2282 986 2517 1044; x_wconf 89' lang='lat' dir='ltr'><strong>debitam</strong></span> <span class='ocrx_word' id='word_1_159' title='bbox 2562 991 2924 1052; x_wconf 85' lang='lat' dir='ltr'><strong>obedientiam</strong></span> <span class='ocrx_word' id='word_1_160' title='bbox 2968 1001 3279 1069; x_wconf 70' lang='lat' dir='ltr'><strong>apostolicae</strong></span> <span class='ocrx_word' id='word_1_161' title='bbox 3308 1005 3421 1060; x_wconf 87' lang='lat' dir='ltr'><strong>sedi</strong></span> 
     </span>
    </p>
   </div>
   <div class='ocr_carea' id='block_1_24' title="bbox 1843 1070 3421 1159">
    <p class='ocr_par' dir='ltr' id='par_1_24' title="bbox 1843 1070 3421 1159">
     <span class='ocr_line' id='line_1_24' title="bbox 1843 1070 3421 1159; baseline 0.016 -34"><span class='ocrx_word' id='word_1_162' title='bbox 1843 1070 2154 1143; x_wconf 87' lang='lat' dir='ltr'><strong>impendere</strong></span> <span class='ocrx_word' id='word_1_163' title='bbox 2175 1077 2424 1147; x_wconf 89' lang='lat' dir='ltr'><strong>voluerit,</strong></span> <span class='ocrx_word' id='word_1_164' title='bbox 2456 1081 2766 1140; x_wconf 86' lang='lat' dir='ltr'><strong>nullatenus</strong></span> <span class='ocrx_word' id='word_1_165' title='bbox 2782 1087 2862 1142; x_wconf 88' lang='lat' dir='ltr'><strong>vel</strong></span> <span class='ocrx_word' id='word_1_166' title='bbox 2879 1089 3192 1159; x_wconf 89' lang='lat' dir='ltr'><strong>hujusmodi</strong></span> <span class='ocrx_word' id='word_1_167' title='bbox 3207 1091 3421 1150; x_wconf 88' lang='lat' dir='ltr'><strong>SS.Pa-</strong></span> 
     </span>
    </p>
   </div>
   <div class='ocr_carea' id='block_1_25' title="bbox 1843 1166 3420 1257">
    <p class='ocr_par' dir='ltr' id='par_1_25' title="bbox 1843 1166 3420 1257">
     <span class='ocr_line' id='line_1_25' title="bbox 1843 1166 3420 1257; baseline 0.017 -41"><span class='ocrx_word' id='word_1_168' title='bbox 1843 1171 1987 1218; x_wconf 90' lang='lat' dir='ltr'><strong>trum</strong></span> <span class='ocrx_word' id='word_1_169' title='bbox 2017 1166 2383 1239; x_wconf 80' lang='lat' dir='ltr'><strong>singularibus</strong></span> <span class='ocrx_word' id='word_1_170' title='bbox 2434 1176 2719 1231; x_wconf 85' lang='lat' dir='ltr'><strong>sententiis</strong></span> <span class='ocrx_word' id='word_1_171' title='bbox 2756 1182 3093 1252; x_wconf 81' lang='lat' dir='ltr'><strong>repugnabit.</strong></span> <span class='ocrx_word' id='word_1_172' title='bbox 3128 1182 3420 1257; x_wconf 82' lang='lat' dir='ltr'><strong>ilucusque</strong></span> 
     </span>
    </p>
   </div>
   <div class='ocr_carea' id='block_1_26' title="bbox 1842 1254 3417 1343">
    <p class='ocr_par' dir='ltr' id='par_1_26' title="bbox 1842 1254 3417 1343">
     <span class='ocr_line' id='line_1_26' title="bbox 1842 1254 3417 1343; baseline 0.015 -34"><span class='ocrx_word' id='word_1_173' title='bbox 1842 1254 2070 1313; x_wconf 80' lang='lat' dir='ltr'><strong>sulliciat</strong></span> <span class='ocrx_word' id='word_1_174' title='bbox 2098 1257 2302 1316; x_wconf 83' lang='lat' dir='ltr'><strong>dixisse</strong></span> <span class='ocrx_word' id='word_1_175' title='bbox 2350 1262 2481 1332; x_wconf 88' lang='lat' dir='ltr'><strong>quid</strong></span> <span class='ocrx_word' id='word_1_176' title='bbox 2510 1264 2803 1336; x_wconf 86' lang='lat' dir='ltr'><strong>Apostolus</strong></span> <span class='ocrx_word' id='word_1_177' title='bbox 2841 1273 3021 1343; x_wconf 80' lang='lat' dir='ltr'><strong>exigat</strong></span> <span class='ocrx_word' id='word_1_178' title='bbox 3049 1289 3079 1328; x_wconf 89' lang='lat' dir='ltr'><strong>a</strong></span> <span class='ocrx_word' id='word_1_179' title='bbox 3118 1254 3417 1334; x_wconf 58' lang='lat' dir='ltr'><strong>sacerdoti.-</strong></span> 
     </span>
    </p>
   </div>
   <div class='ocr_carea' id='block_1_27' title="bbox 1840 1345 3418 1441">
    <p class='ocr_par' dir='ltr' id='par_1_27' title="bbox 1840 1345 3418 1441">
     <span class='ocr_line' id='line_1_27' title="bbox 1840 1345 3418 1441; baseline 0.016 -42"><span class='ocrx_word' id='word_1_180' title='bbox 1840 1345 1963 1401; x_wconf 90' lang='lat' dir='ltr'><strong>bus.</strong></span> <span class='ocrx_word' id='word_1_181' title='bbox 1995 1346 2171 1417; x_wconf 84' lang='lat' dir='ltr'><strong>Quod,</strong></span> <span class='ocrx_word' id='word_1_182' title='bbox 2212 1351 2524 1426; x_wconf 87' lang='lat' dir='ltr'><strong>quicunque</strong></span> <span class='ocrx_word' id='word_1_183' title='bbox 2571 1358 2799 1415; x_wconf 77' lang='lat' dir='ltr'><strong>ﬁdeliter</strong></span> <span class='ocrx_word' id='word_1_184' title='bbox 2828 1366 3178 1435; x_wconf 78' lang='lat' dir='ltr'><strong>perspexerit,</strong></span> <span class='ocrx_word' id='word_1_185' title='bbox 3211 1384 3418 1441; x_wconf 83' lang='lat' dir='ltr'><strong>nequa-</strong></span> 
     </span>
    </p>
   </div>
   <div class='ocr_carea' id='block_1_28' title="bbox 1798 1444 3410 1529">
    <p class='ocr_par' dir='ltr' id='par_1_28' title="bbox 1798 1444 3410 1529">
     <span class='ocr_line' id='line_1_28' title="bbox 1798 1444 3410 1529; baseline 0.018 -42"><span class='ocrx_word' id='word_1_186' title='bbox 1798 1444 1803 1449; x_wconf 78' lang='lat'>&#39;</span> <span class='ocrx_word' id='word_1_187' title='bbox 1839 1450 2002 1505; x_wconf 90' lang='lat' dir='ltr'><strong>quam</strong></span> <span class='ocrx_word' id='word_1_188' title='bbox 2035 1447 2235 1495; x_wconf 87' lang='lat' dir='ltr'><strong>statuta</strong></span> <span class='ocrx_word' id='word_1_189' title='bbox 2266 1445 2439 1498; x_wconf 85' lang='lat' dir='ltr'><strong>nostri</strong></span> <span class='ocrx_word' id='word_1_190' title='bbox 2488 1449 2771 1525; x_wconf 87' lang='lat' dir='ltr'><strong>apostolici</strong></span> <span class='ocrx_word' id='word_1_191' title='bbox 2816 1451 3150 1510; x_wconf 83' lang='lat' dir='ltr'><strong>obliteranda</strong></span> <span class='ocrx_word' id='word_1_192' title='bbox 3194 1458 3410 1529; x_wconf 82' lang='lat' dir='ltr'><strong>judica-</strong></span> 
     </span>
    </p>
   </div>
   <div class='ocr_carea' id='block_1_29' title="bbox 1838 1527 3417 1617">
    <p class='ocr_par' dir='ltr' id='par_1_29' title="bbox 1838 1527 3417 1617">
     <span class='ocr_line' id='line_1_29' title="bbox 1838 1527 3417 1617; baseline 0.016 -34"><span class='ocrx_word' id='word_1_193' title='bbox 1838 1527 1934 1584; x_wconf 92' lang='lat' dir='ltr'><strong>bit.</strong></span> <span class='ocrx_word' id='word_1_194' title='bbox 1970 1528 2121 1598; x_wconf 62' lang='lat' dir='ltr'><strong>Quas,</strong></span> <span class='ocrx_word' id='word_1_195' title='bbox 2152 1548 2253 1588; x_wconf 91' lang='lat' dir='ltr'><strong>nec</strong></span> <span class='ocrx_word' id='word_1_196' title='bbox 2305 1535 2504 1607; x_wconf 88' lang='lat' dir='ltr'><strong>aliquis</strong></span> <span class='ocrx_word' id='word_1_197' title='bbox 2554 1550 2902 1600; x_wconf 90' lang='lat' dir='ltr'><strong>contemnere</strong></span> <span class='ocrx_word' id='word_1_198' title='bbox 2941 1547 3158 1617; x_wconf 88' lang='lat' dir='ltr'><strong>poterit,</strong></span> <span class='ocrx_word' id='word_1_199' title='bbox 3197 1527 3316 1606; x_wconf 81' lang='lat' dir='ltr'><strong>nisi</strong></span> <span class='ocrx_word' id='word_1_200' title='bbox 3363 1564 3417 1608; x_wconf 92' lang='lat' dir='ltr'><strong>et</strong></span> 
     </span>
    </p>
   </div>
   <div class='ocr_carea' id='block_1_30' title="bbox 1839 1621 3414 1712">
    <p class='ocr_par' dir='ltr' id='par_1_30' title="bbox 1839 1621 3414 1712">
     <span class='ocr_line' id='line_1_30' title="bbox 1839 1621 3414 1712; baseline 0.016 -37"><span class='ocrx_word' id='word_1_201' title='bbox 1839 1621 2082 1691; x_wconf 89' lang='lat' dir='ltr'><strong>ipsorum</strong></span> <span class='ocrx_word' id='word_1_202' title='bbox 2130 1628 2501 1695; x_wconf 87' lang='lat' dir='ltr'><strong>apostolorum</strong></span> <span class='ocrx_word' id='word_1_203' title='bbox 2559 1636 2842 1691; x_wconf 89' lang='lat' dir='ltr'><strong>sententiis</strong></span> <span class='ocrx_word' id='word_1_204' title='bbox 2890 1653 3192 1710; x_wconf 88' lang='lat' dir='ltr'><strong>repugnare</strong></span> <span class='ocrx_word' id='word_1_205' title='bbox 3247 1644 3414 1712; x_wconf 86' lang='lat' dir='ltr'><strong>velit;</strong></span> 
     </span>
    </p>
   </div>
   <div class='ocr_carea' id='block_1_31' title="bbox 174 1709 3416 1806">
    <p class='ocr_par' dir='ltr' id='par_1_31' title="bbox 174 1709 3416 1806">
     <span class='ocr_line' id='line_1_31' title="bbox 174 1709 3416 1806; baseline 0.008 -41"><span class='ocrx_word' id='word_1_206' title='bbox 174 1710 331 1782; x_wconf 80' lang='lat' dir='ltr'><strong>xvnt).</strong></span> <span class='ocrx_word' id='word_1_207' title='bbox 358 1709 666 1777; x_wconf 76' lang='lat' dir='ltr'><strong>Doctorum,</strong></span> <span class='ocrx_word' id='word_1_208' title='bbox 694 1711 827 1765; x_wconf 87' lang='lat' dir='ltr'><strong>nihil</strong></span> <span class='ocrx_word' id='word_1_209' title='bbox 848 1711 993 1766; x_wconf 86' lang='lat' dir='ltr'><strong>enim</strong></span> <span class='ocrx_word' id='word_1_210' title='bbox 1025 1711 1247 1781; x_wconf 88' lang='lat' dir='ltr'><strong>prodest</strong></span> <span class='ocrx_word' id='word_1_211' title='bbox 1272 1713 1604 1768; x_wconf 87' lang='lat' dir='ltr'><strong>conscientia</strong></span> <span class='ocrx_word' id='word_1_212' title='bbox 1626 1714 1737 1769; x_wconf 89' lang='lat' dir='ltr'><strong>vir-</strong></span> <span class='ocrx_word' id='word_1_213' title='bbox 1769 1770 1813 1806; x_wconf 54' lang='grc' dir='ltr'><strong>η</strong></span> <span class='ocrx_word' id='word_1_214' title='bbox 1838 1712 2037 1783; x_wconf 87' lang='lat' dir='ltr'><strong>quibus</strong></span> <span class='ocrx_word' id='word_1_215' title='bbox 2089 1714 2206 1786; x_wconf 89' lang='lat' dir='ltr'><strong>ipsa</strong></span> <span class='ocrx_word' id='word_1_216' title='bbox 2238 1715 2451 1775; x_wconf 84' lang='lat' dir='ltr'><strong>Veritas</strong></span> <span class='ocrx_word' id='word_1_217' title='bbox 2499 1722 2555 1777; x_wconf 92' lang='lat' dir='ltr'><strong>in</strong></span> <span class='ocrx_word' id='word_1_218' title='bbox 2605 1722 2897 1798; x_wconf 75' lang='lat' dir='ltr'><strong>Evangelia</strong></span> <span class='ocrx_word' id='word_1_219' title='bbox 2936 1709 3251 1788; x_wconf 82' lang='lat' dir='ltr'><strong>ﬁdelissime</strong></span> <span class='ocrx_word' id='word_1_220' title='bbox 3285 1709 3416 1806; x_wconf 42' lang='lat' dir='ltr'><strong>pro;</strong></span> 
     </span>
    </p>
   </div>
   <div class='ocr_carea' id='block_1_32' title="bbox 172 1770 3413 1886">
    <p class='ocr_par' dir='ltr' id='par_1_32' title="bbox 172 1770 3413 1886">
     <span class='ocr_line' id='line_1_32' title="bbox 172 1770 3413 1886; baseline 0.008 -30"><span class='ocrx_word' id='word_1_221' title='bbox 172 1770 332 1856; x_wconf 79' lang='lat' dir='ltr'><strong>totum</strong></span> <span class='ocrx_word' id='word_1_222' title='bbox 355 1800 490 1868; x_wconf 86' lang='lat' dir='ltr'><strong>frui,</strong></span> <span class='ocrx_word' id='word_1_223' title='bbox 543 1801 647 1856; x_wconf 93' lang='lat' dir='ltr'><strong>nisi</strong></span> <span class='ocrx_word' id='word_1_224' title='bbox 703 1810 757 1856; x_wconf 92' lang='lat' dir='ltr'><strong>et</strong></span> <span class='ocrx_word' id='word_1_225' title='bbox 792 1802 1057 1857; x_wconf 87' lang='lat' dir='ltr'><strong>creditum</strong></span> <span class='ocrx_word' id='word_1_226' title='bbox 1101 1801 1205 1856; x_wconf 88' lang='lat' dir='ltr'><strong>sibi</strong></span> <span class='ocrx_word' id='word_1_227' title='bbox 1255 1803 1513 1873; x_wconf 86' lang='lat' dir='ltr'><strong>populum</strong></span> <span class='ocrx_word' id='word_1_228' title='bbox 1562 1807 1739 1876; x_wconf 86' lang='lat' dir='ltr'><strong>possit</strong></span> <span class='ocrx_word' id='word_1_229' title='bbox 1769 1770 1814 1825; x_wconf 74' lang='grc' dir='ltr'><strong>Β</strong></span> <span class='ocrx_word' id='word_1_230' title='bbox 1838 1805 2036 1860; x_wconf 88' lang='lat' dir='ltr'><strong>mittit:</strong></span> <span class='ocrx_word' id='word_1_231' title='bbox 2074 1825 2093 1858; x_wconf 79' lang='grc' dir='ltr'><strong>ι</strong></span> <span class='ocrx_word' id='word_1_232' title='bbox 2125 1805 2510 1868; x_wconf 77' lang='lat' dir='ltr'><strong>Verumtamen</strong></span> <span class='ocrx_word' id='word_1_233' title='bbox 2526 1814 2648 1870; x_wconf 89' lang='lat' dir='ltr'><strong>dico</strong></span> <span class='ocrx_word' id='word_1_234' title='bbox 2665 1770 2841 1886; x_wconf 57' lang='lat' dir='ltr'><strong>vobis,</strong></span> <span class='ocrx_word' id='word_1_235' title='bbox 2872 1829 3029 1875; x_wconf 68' lang='lat' dir='ltr'><strong>terra:</strong></span> <span class='ocrx_word' id='word_1_236' title='bbox 3055 1770 3413 1883; x_wconf 45' lang='lat' dir='ltr'><strong>Sodomotum</strong></span> 
     </span>
    </p>
   </div>
   <div class='ocr_carea' id='block_1_33' title="bbox 171 1892 3416 1986">
    <p class='ocr_par' dir='ltr' id='par_1_33' title="bbox 171 1892 3416 1986">
     <span class='ocr_line' id='line_1_33' title="bbox 171 1892 3416 1986; baseline 0.009 -40"><span class='ocrx_word' id='word_1_237' title='bbox 171 1893 443 1957; x_wconf 89' lang='lat' dir='ltr'><strong>instruere,</strong></span> <span class='ocrx_word' id='word_1_238' title='bbox 469 1899 532 1945; x_wconf 89' lang='lat' dir='ltr'><strong>ut</strong></span> <span class='ocrx_word' id='word_1_239' title='bbox 575 1892 750 1947; x_wconf 88' lang='lat' dir='ltr'><strong>valeat</strong></span> <span class='ocrx_word' id='word_1_240' title='bbox 778 1892 1054 1946; x_wconf 69' lang='lat' dir='ltr'><strong>exhortari</strong></span> <span class='ocrx_word' id='word_1_241' title='bbox 1088 1892 1143 1947; x_wconf 94' lang='lat' dir='ltr'><strong>in</strong></span> <span class='ocrx_word' id='word_1_242' title='bbox 1168 1893 1411 1949; x_wconf 88' lang='lat' dir='ltr'><strong>doctrina</strong></span> <span class='ocrx_word' id='word_1_243' title='bbox 1432 1904 1486 1951; x_wconf 91' lang='lat' dir='ltr'><strong>et</strong></span> <span class='ocrx_word' id='word_1_244' title='bbox 1509 1911 1606 1951; x_wconf 88' lang='lat' dir='ltr'><strong>eos</strong></span> <span class='ocrx_word' id='word_1_245' title='bbox 1640 1899 1736 1967; x_wconf 90' lang='lat' dir='ltr'><strong>qui</strong></span> <span class='ocrx_word' id='word_1_246' title='bbox 1838 1897 2122 1953; x_wconf 83' lang='lat' dir='ltr'><strong>remissius</strong></span> <span class='ocrx_word' id='word_1_247' title='bbox 2143 1900 2245 1955; x_wconf 86' lang='lat' dir='ltr'><strong>erit</strong></span> <span class='ocrx_word' id='word_1_248' title='bbox 2281 1901 2336 1957; x_wconf 89' lang='lat' dir='ltr'><strong>in</strong></span> <span class='ocrx_word' id='word_1_249' title='bbox 2366 1903 2454 1959; x_wconf 90' lang='lat' dir='ltr'><strong>die</strong></span> <span class='ocrx_word' id='word_1_250' title='bbox 2475 1904 2665 1975; x_wconf 89' lang='lat' dir='ltr'><strong>judicii</strong></span> <span class='ocrx_word' id='word_1_251' title='bbox 2704 1927 2723 1960; x_wconf 78' lang='grc' dir='ltr'><strong>ι</strong></span> <span class='ocrx_word' id='word_1_252' title='bbox 2759 1926 2924 1981; x_wconf 88' lang='lat' dir='ltr'><strong>quam</strong></span> <span class='ocrx_word' id='word_1_253' title='bbox 2948 1912 3054 1968; x_wconf 89' lang='lat' dir='ltr'><strong>illis</strong></span> <span class='ocrx_word' id='word_1_254' title='bbox 3083 1916 3176 1986; x_wconf 88' lang='lat' dir='ltr'><strong>qui</strong></span> <span class='ocrx_word' id='word_1_255' title='bbox 3207 1934 3416 1975; x_wconf 89' lang='lat' dir='ltr'><strong>sermo-</strong></span> 
     </span>
    </p>
   </div>
   <div class='ocr_carea' id='block_1_34' title="bbox 170 1981 1735 2060">
    <p class='ocr_par' dir='ltr' id='par_1_34' title="bbox 170 1981 1735 2060">
     <span class='ocr_line' id='line_1_34' title="bbox 170 1981 1735 2060; baseline 0.005 -24"><span class='ocrx_word' id='word_1_256' title='bbox 170 1983 537 2039; x_wconf 81' lang='lat' dir='ltr'><strong>contradicunt</strong></span> <span class='ocrx_word' id='word_1_257' title='bbox 564 1984 904 2056; x_wconf 84' lang='lat' dir='ltr'><strong>redarguere.</strong></span> <span class='ocrx_word' id='word_1_258' title='bbox 947 1981 1068 2039; x_wconf 87' lang='lat' dir='ltr'><strong>Non</strong></span> <span class='ocrx_word' id='word_1_259' title='bbox 1098 1984 1457 2045; x_wconf 86' lang='lat' dir='ltr'><strong>vinolentum.</strong></span> <span class='ocrx_word' id='word_1_260' title='bbox 1484 1988 1613 2058; x_wconf 88' lang='lat' dir='ltr'><strong>quia</strong></span> <span class='ocrx_word' id='word_1_261' title='bbox 1639 1990 1735 2060; x_wconf 90' lang='lat' dir='ltr'><strong>qui</strong></span> 
     </span>
    </p>
   </div>
   <div class='ocr_carea' id='block_1_35' title="bbox 172 2074 1733 2149">
    <p class='ocr_par' dir='ltr' id='par_1_35' title="bbox 172 2074 1733 2149">
     <span class='ocr_line' id='line_1_35' title="bbox 172 2074 1733 2149; baseline 0.005 -21"><span class='ocrx_word' id='word_1_262' title='bbox 172 2089 363 2144; x_wconf 84' lang='lat' dir='ltr'><strong>semper</strong></span> <span class='ocrx_word' id='word_1_263' title='bbox 380 2074 437 2129; x_wconf 85' lang='lat' dir='ltr'><strong>in</strong></span> <span class='ocrx_word' id='word_1_264' title='bbox 451 2075 659 2133; x_wconf 89' lang='lat' dir='ltr'><strong>sanctis</strong></span> <span class='ocrx_word' id='word_1_265' title='bbox 687 2085 997 2131; x_wconf 88' lang='lat' dir='ltr'><strong>sanctorum</strong></span> <span class='ocrx_word' id='word_1_266' title='bbox 1013 2086 1116 2142; x_wconf 89' lang='lat' dir='ltr'><strong>est,</strong></span> <span class='ocrx_word' id='word_1_267' title='bbox 1131 2087 1185 2131; x_wconf 91' lang='lat' dir='ltr'><strong>et</strong></span> <span class='ocrx_word' id='word_1_268' title='bbox 1209 2077 1303 2148; x_wconf 89' lang='lat' dir='ltr'><strong>qui</strong></span> <span class='ocrx_word' id='word_1_269' title='bbox 1325 2077 1480 2135; x_wconf 81' lang='lat' dir='ltr'><strong>oll‘ert</strong></span> <span class='ocrx_word' id='word_1_270' title='bbox 1502 2078 1733 2149; x_wconf 89' lang='lat' dir='ltr'><strong>hostias,</strong></span> 
     </span>
    </p>
   </div>
   <div class='ocr_carea' id='block_1_36' title="bbox 169 2167 1735 2241">
    <p class='ocr_par' dir='ltr' id='par_1_36' title="bbox 169 2167 1735 2241">
     <span class='ocr_line' id='line_1_36' title="bbox 169 2167 1735 2241; baseline 0.005 -21"><span class='ocrx_word' id='word_1_271' title='bbox 169 2174 214 2220; x_wconf 89' lang='lat' dir='ltr'><strong>et</strong></span> <span class='ocrx_word' id='word_1_272' title='bbox 242 2167 421 2222; x_wconf 84' lang='lat' dir='ltr'><strong>vinum</strong></span> <span class='ocrx_word' id='word_1_273' title='bbox 443 2176 502 2222; x_wconf 91' lang='lat' dir='ltr'><strong>et</strong></span> <span class='ocrx_word' id='word_1_274' title='bbox 532 2167 762 2223; x_wconf 86' lang='lat' dir='ltr'><strong>siceram</strong></span> <span class='ocrx_word' id='word_1_275' title='bbox 799 2184 907 2223; x_wconf 92' lang='lat' dir='ltr'><strong>non</strong></span> <span class='ocrx_word' id='word_1_276' title='bbox 928 2167 1061 2224; x_wconf 90' lang='lat' dir='ltr'><strong>bibit</strong></span> <span class='ocrx_word' id='word_1_277' title='bbox 1091 2167 1233 2239; x_wconf 72' lang='lat' dir='ltr'><strong>(Leu.</strong></span> <span class='ocrx_word' id='word_1_278' title='bbox 1267 2169 1344 2240; x_wconf 81' lang='grc' dir='ltr'>ιι),</span> <span class='ocrx_word' id='word_1_279' title='bbox 1376 2172 1504 2241; x_wconf 84' lang='lat' dir='ltr'><strong>quia</strong></span> <span class='ocrx_word' id='word_1_280' title='bbox 1523 2172 1578 2226; x_wconf 91' lang='lat' dir='ltr'><strong>in</strong></span> <span class='ocrx_word' id='word_1_281' title='bbox 1608 2173 1735 2229; x_wconf 86' lang='lat' dir='ltr'><strong>vino</strong></span> 
     </span>
    </p>
   </div>
   <div class='ocr_carea' id='block_1_37' title="bbox 170 2252 1734 2335">
    <p class='ocr_par' dir='ltr' id='par_1_37' title="bbox 170 2252 1734 2335">
     <span class='ocr_line' id='line_1_37' title="bbox 170 2252 1734 2335; baseline 0.006 -23"><span class='ocrx_word' id='word_1_282' title='bbox 170 2258 360 2314; x_wconf 87' lang='lat' dir='ltr'><strong>luxnria</strong></span> <span class='ocrx_word' id='word_1_283' title='bbox 388 2267 494 2314; x_wconf 88' lang='lat' dir='ltr'><strong>est.</strong></span> <span class='ocrx_word' id='word_1_284' title='bbox 523 2258 615 2315; x_wconf 91' lang='lat' dir='ltr'><strong>Sic</strong></span> <span class='ocrx_word' id='word_1_285' title='bbox 652 2259 803 2315; x_wconf 85' lang='lat' dir='ltr'><strong>bibat</strong></span> <span class='ocrx_word' id='word_1_286' title='bbox 842 2260 1134 2331; x_wconf 88' lang='lat' dir='ltr'><strong>episcopus</strong></span> <span class='ocrx_word' id='word_1_287' title='bbox 1169 2272 1226 2316; x_wconf 88' lang='lat' dir='ltr'><strong>ut</strong></span> <span class='ocrx_word' id='word_1_288' title='bbox 1248 2252 1547 2320; x_wconf 36' lang='lat' dir='ltr'><strong>an&#39;bibertt</strong></span> <span class='ocrx_word' id='word_1_289' title='bbox 1578 2265 1734 2335; x_wconf 87' lang='lat' dir='ltr'><strong>igno-</strong></span> 
     </span>
    </p>
   </div>
   <div class='ocr_carea' id='block_1_38' title="bbox 169 2348 1733 2423">
    <p class='ocr_par' dir='ltr' id='par_1_38' title="bbox 169 2348 1733 2423">
     <span class='ocr_line' id='line_1_38' title="bbox 169 2348 1733 2423; baseline 0.007 -21"><span class='ocrx_word' id='word_1_290' title='bbox 169 2359 317 2404; x_wconf 87' lang='lat' dir='ltr'><strong>retur.</strong></span> <span class='ocrx_word' id='word_1_291' title='bbox 345 2348 465 2405; x_wconf 82' lang='lat' dir='ltr'><strong>Non</strong></span> <span class='ocrx_word' id='word_1_292' title='bbox 494 2367 894 2421; x_wconf 88' lang='lat' dir='ltr'><strong>percussorem,</strong></span> <span class='ocrx_word' id='word_1_293' title='bbox 912 2352 967 2407; x_wconf 89' lang='lat' dir='ltr'><strong>id</strong></span> <span class='ocrx_word' id='word_1_294' title='bbox 989 2361 1092 2419; x_wconf 90' lang='lat' dir='ltr'><strong>est,</strong></span> <span class='ocrx_word' id='word_1_295' title='bbox 1113 2353 1209 2423; x_wconf 88' lang='lat' dir='ltr'><strong>qui</strong></span> <span class='ocrx_word' id='word_1_296' title='bbox 1229 2355 1594 2412; x_wconf 87' lang='lat' dir='ltr'><strong>conscientias</strong></span> <span class='ocrx_word' id='word_1_297' title='bbox 1622 2372 1733 2413; x_wconf 91' lang='lat' dir='ltr'><strong>non</strong></span> 
     </span>
    </p>
   </div>
   <div class='ocr_carea' id='block_1_39' title="bbox 169 2442 1729 2519">
    <p class='ocr_par' dir='ltr' id='par_1_39' title="bbox 169 2442 1729 2519">
     <span class='ocr_line' id='line_1_39' title="bbox 169 2442 1729 2519; baseline 0.007 -24"><span class='ocrx_word' id='word_1_298' title='bbox 169 2442 415 2508; x_wconf 83' lang='lat' dir='ltr'><strong>percutiat</strong></span> <span class='ocrx_word' id='word_1_299' title='bbox 444 2444 825 2515; x_wconf 83' lang='lat' dir='ltr'><strong>singulorum;</strong></span> <span class='ocrx_word' id='word_1_300' title='bbox 867 2459 1043 2516; x_wconf 90' lang='lat' dir='ltr'><strong>neque</strong></span> <span class='ocrx_word' id='word_1_301' title='bbox 1072 2445 1221 2500; x_wconf 91' lang='lat' dir='ltr'><strong>enim</strong></span> <span class='ocrx_word' id='word_1_302' title='bbox 1249 2447 1492 2519; x_wconf 80' lang='lat' dir='ltr'><strong>pugilem</strong></span> <span class='ocrx_word' id='word_1_303' title='bbox 1520 2449 1729 2506; x_wconf 86' lang='lat' dir='ltr'><strong>descri-</strong></span> 
     </span>
    </p>
   </div>
   <div class='ocr_carea' id='block_1_40' title="bbox 169 2532 1731 2612">
    <p class='ocr_par' dir='ltr' id='par_1_40' title="bbox 169 2532 1731 2612">
     <span class='ocr_line' id='line_1_40' title="bbox 169 2532 1731 2612; baseline 0.008 -25"><span class='ocrx_word' id='word_1_304' title='bbox 169 2532 236 2587; x_wconf 81' lang='lat' dir='ltr'><strong>bit</strong></span> <span class='ocrx_word' id='word_1_305' title='bbox 259 2549 429 2589; x_wconf 89' lang='lat' dir='ltr'><strong>sermo</strong></span> <span class='ocrx_word' id='word_1_306' title='bbox 460 2537 818 2605; x_wconf 84' lang='lat' dir='ltr'><strong>apostolicus,</strong></span> <span class='ocrx_word' id='word_1_307' title='bbox 846 2537 941 2592; x_wconf 86' lang='lat' dir='ltr'><strong>sed</strong></span> <span class='ocrx_word' id='word_1_308' title='bbox 989 2539 1298 2608; x_wconf 78' lang='lat' dir='ltr'><strong>pontiﬁcem</strong></span> <span class='ocrx_word' id='word_1_309' title='bbox 1346 2539 1731 2612; x_wconf 89' lang='lat' dir='ltr'><strong>instituitquid</strong></span> 
     </span>
    </p>
   </div>
   <div class='ocr_carea' id='block_1_41' title="bbox 168 2621 1731 2703">
    <p class='ocr_par' dir='ltr' id='par_1_41' title="bbox 168 2621 1731 2703">
     <span class='ocr_line' id='line_1_41' title="bbox 168 2621 1731 2703; baseline 0.008 -26"><span class='ocrx_word' id='word_1_310' title='bbox 168 2621 326 2681; x_wconf 78' lang='lat' dir='ltr'><strong>facere</strong></span> <span class='ocrx_word' id='word_1_311' title='bbox 372 2641 482 2682; x_wconf 88' lang='lat' dir='ltr'><strong>non</strong></span> <span class='ocrx_word' id='word_1_312' title='bbox 516 2626 726 2683; x_wconf 86' lang='lat' dir='ltr'><strong>debeat.</strong></span> <span class='ocrx_word' id='word_1_313' title='bbox 778 2628 945 2685; x_wconf 90' lang='lat' dir='ltr'><strong>Docet</strong></span> <span class='ocrx_word' id='word_1_314' title='bbox 968 2644 1116 2685; x_wconf 89' lang='lat' dir='ltr'><strong>nunc</strong></span> <span class='ocrx_word' id='word_1_315' title='bbox 1144 2646 1175 2686; x_wconf 92' lang='lat' dir='ltr'><strong>e</strong></span> <span class='ocrx_word' id='word_1_316' title='bbox 1204 2631 1427 2703; x_wconf 83' lang='lat' dir='ltr'><strong>regione</strong></span> <span class='ocrx_word' id='word_1_317' title='bbox 1471 2633 1603 2703; x_wconf 91' lang='lat' dir='ltr'><strong>quid</strong></span> <span class='ocrx_word' id='word_1_318' title='bbox 1647 2633 1731 2690; x_wconf 77' lang='lat' dir='ltr'><strong>fa—</strong></span> 
     </span>
    </p>
   </div>
   <div class='ocr_carea' id='block_1_42' title="bbox 169 2716 1725 2796">
    <p class='ocr_par' dir='ltr' id='par_1_42' title="bbox 169 2716 1725 2796">
     <span class='ocr_line' id='line_1_42' title="bbox 169 2716 1725 2796; baseline 0.006 -25"><span class='ocrx_word' id='word_1_319' title='bbox 169 2717 279 2771; x_wconf 83' lang='lat' dir='ltr'><strong>ciat.</strong></span> <span class='ocrx_word' id='word_1_320' title='bbox 307 2716 410 2773; x_wconf 86' lang='lat' dir='ltr'><strong>Sed</strong></span> <span class='ocrx_word' id='word_1_321' title='bbox 444 2719 777 2787; x_wconf 87' lang='lat' dir='ltr'><strong>modestum,</strong></span> <span class='ocrx_word' id='word_1_322' title='bbox 808 2735 917 2775; x_wconf 90' lang='lat' dir='ltr'><strong>non</strong></span> <span class='ocrx_word' id='word_1_323' title='bbox 947 2721 1266 2793; x_wconf 84' lang='lat' dir='ltr'><strong>litigiosum,</strong></span> <span class='ocrx_word' id='word_1_324' title='bbox 1305 2739 1417 2778; x_wconf 90' lang='lat' dir='ltr'><strong>non</strong></span> <span class='ocrx_word' id='word_1_325' title='bbox 1442 2725 1725 2796; x_wconf 85' lang='lat' dir='ltr'><strong>cupidum,</strong></span> 
     </span>
    </p>
   </div>
   <div class='ocr_carea' id='block_1_43' title="bbox 168 2808 1728 2890">
    <p class='ocr_par' dir='ltr' id='par_1_43' title="bbox 168 2808 1728 2890">
     <span class='ocr_line' id='line_1_43' title="bbox 168 2808 1728 2890; baseline 0.006 -27"><span class='ocrx_word' id='word_1_326' title='bbox 168 2808 367 2864; x_wconf 87' lang='lat' dir='ltr'><strong>domum</strong></span> <span class='ocrx_word' id='word_1_327' title='bbox 396 2825 556 2866; x_wconf 84' lang='lat' dir='ltr'><strong>suam</strong></span> <span class='ocrx_word' id='word_1_328' title='bbox 584 2811 721 2867; x_wconf 85' lang='lat' dir='ltr'><strong>bene</strong></span> <span class='ocrx_word' id='word_1_329' title='bbox 749 2821 1047 2890; x_wconf 85' lang='lat' dir='ltr'><strong>regentem,</strong></span> <span class='ocrx_word' id='word_1_330' title='bbox 1079 2814 1220 2870; x_wconf 77' lang='lat' dir='ltr'><strong>ﬁlios</strong></span> <span class='ocrx_word' id='word_1_331' title='bbox 1234 2814 1522 2872; x_wconf 87' lang='lat' dir='ltr'><strong>habentem</strong></span> <span class='ocrx_word' id='word_1_332' title='bbox 1548 2817 1728 2873; x_wconf 85' lang='lat' dir='ltr'><strong>subdi-</strong></span> 
     </span>
    </p>
   </div>
   <div class='ocr_carea' id='block_1_44' title="bbox 168 2902 1725 2978">
    <p class='ocr_par' dir='ltr' id='par_1_44' title="bbox 168 2902 1725 2978">
     <span class='ocr_line' id='line_1_44' title="bbox 168 2902 1725 2978; baseline 0.008 -25"><span class='ocrx_word' id='word_1_333' title='bbox 168 2909 242 2955; x_wconf 85' lang='lat' dir='ltr'><strong>tos</strong></span> <span class='ocrx_word' id='word_1_334' title='bbox 265 2916 383 2956; x_wconf 90' lang='lat' dir='ltr'><strong>cum</strong></span> <span class='ocrx_word' id='word_1_335' title='bbox 429 2902 582 2958; x_wconf 90' lang='lat' dir='ltr'><strong>omni</strong></span> <span class='ocrx_word' id='word_1_336' title='bbox 621 2904 886 2960; x_wconf 86' lang='lat' dir='ltr'><strong>castitate.</strong></span> <span class='ocrx_word' id='word_1_337' title='bbox 929 2903 1064 2961; x_wconf 80' lang='lat' dir='ltr'><strong>Vide</strong></span> <span class='ocrx_word' id='word_1_338' title='bbox 1091 2917 1294 2976; x_wconf 87' lang='lat' dir='ltr'><strong>quanta</strong></span> <span class='ocrx_word' id='word_1_339' title='bbox 1318 2908 1577 2978; x_wconf 89' lang='lat' dir='ltr'><strong>pudicitia</strong></span> <span class='ocrx_word' id='word_1_340' title='bbox 1606 2912 1725 2966; x_wconf 86' lang='lat' dir='ltr'><strong>exi-</strong></span> 
     </span>
    </p>
   </div>
   <div class='ocr_carea' id='block_1_45' title="bbox 169 2993 1723 3071">
    <p class='ocr_par' dir='ltr' id='par_1_45' title="bbox 169 2993 1723 3071">
     <span class='ocr_line' id='line_1_45' title="bbox 169 2993 1723 3071; baseline 0.007 -24"><span class='ocrx_word' id='word_1_341' title='bbox 169 3002 306 3061; x_wconf 82' lang='lat' dir='ltr'><strong>gatur</strong></span> <span class='ocrx_word' id='word_1_342' title='bbox 336 2993 391 3049; x_wconf 92' lang='lat' dir='ltr'><strong>in</strong></span> <span class='ocrx_word' id='word_1_343' title='bbox 427 2995 709 3066; x_wconf 80' lang='lat' dir='ltr'><strong>episcopo,</strong></span> <span class='ocrx_word' id='word_1_344' title='bbox 747 3006 828 3062; x_wconf 89' lang='lat' dir='ltr'><strong>ut,</strong></span> <span class='ocrx_word' id='word_1_345' title='bbox 853 2997 900 3052; x_wconf 91' lang='lat' dir='ltr'><strong>si</strong></span> <span class='ocrx_word' id='word_1_346' title='bbox 930 2996 1025 3052; x_wconf 84' lang='lat' dir='ltr'><strong>lilii</strong></span> <span class='ocrx_word' id='word_1_347' title='bbox 1059 2998 1179 3068; x_wconf 90' lang='lat' dir='ltr'><strong>ejus</strong></span> <span class='ocrx_word' id='word_1_348' title='bbox 1208 2998 1465 3071; x_wconf 87' lang='lat' dir='ltr'><strong>impudici</strong></span> <span class='ocrx_word' id='word_1_349' title='bbox 1502 3000 1723 3071; x_wconf 82' lang='lat' dir='ltr'><strong>fuerint,</strong></span> 
     </span>
    </p>
   </div>
   <div class='ocr_carea' id='block_1_46' title="bbox 1790 1992 3273 2080">
    <p class='ocr_par' dir='ltr' id='par_1_46' title="bbox 1790 1992 3273 2080">
     <span class='ocr_line' id='line_1_46' title="bbox 1790 1992 3273 2080; baseline 0.016 -39"><span class='ocrx_word' id='word_1_350' title='bbox 1790 1992 1795 1997; x_wconf 75' lang='grc'><strong>“</strong></span> <span class='ocrx_word' id='word_1_351' title='bbox 1837 2003 1935 2043; x_wconf 91' lang='lat' dir='ltr'><strong>nes</strong></span> <span class='ocrx_word' id='word_1_352' title='bbox 1957 1998 2168 2046; x_wconf 88' lang='lat' dir='ltr'><strong>vestros</strong></span> <span class='ocrx_word' id='word_1_353' title='bbox 2192 2008 2301 2049; x_wconf 92' lang='lat' dir='ltr'><strong>non</strong></span> <span class='ocrx_word' id='word_1_354' title='bbox 2331 2008 2652 2066; x_wconf 89' lang='lat' dir='ltr'><strong>receperunt</strong></span> <span class='ocrx_word' id='word_1_355' title='bbox 2682 1999 2898 2071; x_wconf 78' lang='lat' dir='ltr'><strong>(Matth.</strong></span> <span class='ocrx_word' id='word_1_356' title='bbox 2933 2020 3009 2070; x_wconf 72' lang='grc' dir='ltr'>ιι,</span> <span class='ocrx_word' id='word_1_357' title='bbox 3036 2004 3162 2062; x_wconf 87' lang='lat' dir='ltr'><strong>Luc.</strong></span> <span class='ocrx_word' id='word_1_358' title='bbox 3197 2010 3273 2080; x_wconf 87' lang='lat' dir='ltr'><strong>x).</strong></span> 
     </span>
    </p>
   </div>
   <div class='ocr_carea' id='block_1_47' title="bbox 1905 2079 3411 2169">
    <p class='ocr_par' dir='ltr' id='par_1_47' title="bbox 1905 2079 3411 2169">
     <span class='ocr_line' id='line_1_47' title="bbox 1905 2079 3411 2169; baseline 0.016 -34"><span class='ocrx_word' id='word_1_359' title='bbox 1905 2079 2033 2137; x_wconf 70' lang='lat' dir='ltr'><strong>Car.</strong></span> <span class='ocrx_word' id='word_1_360' title='bbox 2064 2082 2230 2139; x_wconf 77' lang='lat' dir='ltr'><strong>XVII.</strong></span> <span class='ocrx_word' id='word_1_361' title='bbox 2264 2084 2527 2153; x_wconf 85' lang='lat' dir='ltr'><strong>Quartum</strong></span> <span class='ocrx_word' id='word_1_362' title='bbox 2568 2101 2748 2147; x_wconf 86' lang='lat' dir='ltr'><strong>autem</strong></span> <span class='ocrx_word' id='word_1_363' title='bbox 2788 2095 2961 2151; x_wconf 87' lang='lat' dir='ltr'><strong>nostri</strong></span> <span class='ocrx_word' id='word_1_364' title='bbox 2986 2079 3267 2169; x_wconf 74' lang='lat' dir='ltr'><strong>apostoliCi</strong></span> <span class='ocrx_word' id='word_1_365' title='bbox 3315 2103 3411 2160; x_wconf 85' lang='lat' dir='ltr'><strong>de-</strong></span> 
     </span>
    </p>
   </div>
   <div class='ocr_carea' id='block_1_48' title="bbox 1833 2177 3412 2252">
    <p class='ocr_par' dir='ltr' id='par_1_48' title="bbox 1833 2177 3412 2252">
     <span class='ocr_line' id='line_1_48' title="bbox 1833 2177 3412 2252; baseline 0.014 -24"><span class='ocrx_word' id='word_1_366' title='bbox 1833 2184 2041 2230; x_wconf 89' lang='lat' dir='ltr'><strong>cretum</strong></span> <span class='ocrx_word' id='word_1_367' title='bbox 2072 2177 2315 2247; x_wconf 66' lang='lat' dir='ltr'><strong>praecipit</strong></span> <span class='ocrx_word' id='word_1_368' title='bbox 2345 2187 2402 2234; x_wconf 94' lang='lat' dir='ltr'><strong>ut</strong></span> <span class='ocrx_word' id='word_1_369' title='bbox 2451 2181 2683 2252; x_wconf 84' lang='lat' dir='ltr'><strong>pepulus</strong></span> <span class='ocrx_word' id='word_1_370' title='bbox 2734 2184 3054 2245; x_wconf 89' lang='lat' dir='ltr'><strong>clericorum</strong></span> <span class='ocrx_word' id='word_1_371' title='bbox 3104 2190 3277 2249; x_wconf 81' lang='lat' dir='ltr'><strong>cilicia</strong></span> <span class='ocrx_word' id='word_1_372' title='bbox 3300 2209 3412 2250; x_wconf 90' lang='lat' dir='ltr'><strong>non</strong></span> 
     </span>
    </p>
   </div>
   <div class='ocr_carea' id='block_1_49' title="bbox 1833 2265 3413 2355">
    <p class='ocr_par' dir='ltr' id='par_1_49' title="bbox 1833 2265 3413 2355">
     <span class='ocr_line' id='line_1_49' title="bbox 1833 2265 3413 2355; baseline 0.016 -38"><span class='ocrx_word' id='word_1_373' title='bbox 1833 2265 2074 2336; x_wconf 85' lang='lat' dir='ltr'><strong>recipiat,</strong></span> <span class='ocrx_word' id='word_1_374' title='bbox 2107 2283 2247 2338; x_wconf 91' lang='lat' dir='ltr'><strong>quos</strong></span> <span class='ocrx_word' id='word_1_375' title='bbox 2278 2270 2452 2325; x_wconf 87' lang='lat' dir='ltr'><strong>sacris</strong></span> <span class='ocrx_word' id='word_1_376' title='bbox 2490 2275 2812 2343; x_wconf 88' lang='lat' dir='ltr'><strong>canonibus,</strong></span> <span class='ocrx_word' id='word_1_377' title='bbox 2855 2278 2965 2333; x_wconf 92' lang='lat' dir='ltr'><strong>imo</strong></span> <span class='ocrx_word' id='word_1_378' title='bbox 3004 2285 3329 2355; x_wconf 82' lang='lat' dir='ltr'><strong>evangelicis</strong></span> <span class='ocrx_word' id='word_1_379' title='bbox 3359 2298 3413 2343; x_wconf 87' lang='lat' dir='ltr'><strong>et</strong></span> 
     </span>
    </p>
   </div>
   <div class='ocr_carea' id='block_1_50' title="bbox 1834 2354 3412 2444">
    <p class='ocr_par' dir='ltr' id='par_1_50' title="bbox 1834 2354 3412 2444">
     <span class='ocr_line' id='line_1_50' title="bbox 1834 2354 3412 2444; baseline 0.016 -35"><span class='ocrx_word' id='word_1_380' title='bbox 1834 2354 2143 2425; x_wconf 88' lang='lat' dir='ltr'><strong>apostolicis</strong></span> <span class='ocrx_word' id='word_1_381' title='bbox 2167 2359 2597 2420; x_wconf 87' lang='lat' dir='ltr'><strong>institutionibus</strong></span> <span class='ocrx_word' id='word_1_382' title='bbox 2635 2366 2911 2424; x_wconf 88' lang='lat' dir='ltr'><strong>adversari</strong></span> <span class='ocrx_word' id='word_1_383' title='bbox 2949 2354 3230 2444; x_wconf 86' lang='lat' dir='ltr'><strong>percipiat,</strong></span> <span class='ocrx_word' id='word_1_384' title='bbox 3260 2378 3412 2433; x_wconf 77' lang='lat' dir='ltr'><strong>vidc—</strong></span> 
     </span>
    </p>
   </div>
   <div class='ocr_carea' id='block_1_51' title="bbox 1831 2445 3409 2526">
    <p class='ocr_par' dir='ltr' id='par_1_51' title="bbox 1831 2445 3409 2526">
     <span class='ocr_line' id='line_1_51' title="bbox 1831 2445 3409 2526; baseline 0.016 -25"><span class='ocrx_word' id='word_1_385' title='bbox 1831 2445 1957 2501; x_wconf 89' lang='lat' dir='ltr'><strong>licet</strong></span> <span class='ocrx_word' id='word_1_386' title='bbox 1984 2463 2123 2520; x_wconf 91' lang='lat' dir='ltr'><strong>quos</strong></span> <span class='ocrx_word' id='word_1_387' title='bbox 2142 2450 2297 2521; x_wconf 89' lang='lat' dir='ltr'><strong>juxta</strong></span> <span class='ocrx_word' id='word_1_388' title='bbox 2322 2468 2609 2509; x_wconf 90' lang='lat' dir='ltr'><strong>censuram</strong></span> <span class='ocrx_word' id='word_1_389' title='bbox 2638 2454 2736 2512; x_wconf 88' lang='lat' dir='ltr'><strong>SS.</strong></span> <span class='ocrx_word' id='word_1_390' title='bbox 2769 2457 2992 2516; x_wconf 89' lang='lat' dir='ltr'><strong>Patrum</strong></span> <span class='ocrx_word' id='word_1_391' title='bbox 3044 2464 3329 2524; x_wconf 84' lang='lat' dir='ltr'><strong>damnatos</strong></span> <span class='ocrx_word' id='word_1_392' title='bbox 3354 2471 3409 2526; x_wconf 91' lang='lat' dir='ltr'><strong>in</strong></span> 
     </span>
    </p>
   </div>
   <div class='ocr_carea' id='block_1_52' title="bbox 1831 2540 3403 2617">
    <p class='ocr_par' dir='ltr' id='par_1_52' title="bbox 1831 2540 3403 2617">
     <span class='ocr_line' id='line_1_52' title="bbox 1831 2540 3403 2617; baseline 0.015 -26"><span class='ocrx_word' id='word_1_393' title='bbox 1831 2540 2102 2610; x_wconf 89' lang='lat' dir='ltr'><strong>propriam</strong></span> <span class='ocrx_word' id='word_1_394' title='bbox 2133 2559 2323 2599; x_wconf 89' lang='lat' dir='ltr'><strong>eorum</strong></span> <span class='ocrx_word' id='word_1_395' title='bbox 2353 2547 2647 2617; x_wconf 87' lang='lat' dir='ltr'><strong>perniciem</strong></span> <span class='ocrx_word' id='word_1_396' title='bbox 2678 2550 2835 2606; x_wconf 87' lang='lat' dir='ltr'><strong>altari</strong></span> <span class='ocrx_word' id='word_1_397' title='bbox 2858 2553 3168 2613; x_wconf 87' lang='lat' dir='ltr'><strong>ministrare</strong></span> <span class='ocrx_word' id='word_1_398' title='bbox 3206 2560 3403 2617; x_wconf 83' lang='lat' dir='ltr'><strong>videat.</strong></span> 
     </span>
    </p>
   </div>
   <div class='ocr_carea' id='block_1_53' title="bbox 1828 2628 3408 2711">
    <p class='ocr_par' dir='ltr' id='par_1_53' title="bbox 1828 2628 3408 2711">
     <span class='ocr_line' id='line_1_53' title="bbox 1828 2628 3408 2711; baseline 0.016 -27"><span class='ocrx_word' id='word_1_399' title='bbox 1828 2628 2030 2702; x_wconf 88' lang='lat' dir='ltr'><strong>Nempe</strong></span> <span class='ocrx_word' id='word_1_400' title='bbox 2090 2632 2487 2693; x_wconf 84' lang='lat' dir='ltr'><strong>Antiochenum</strong></span> <span class='ocrx_word' id='word_1_401' title='bbox 2560 2642 2884 2711; x_wconf 80' lang='lat' dir='ltr'><strong>concilium,</strong></span> <span class='ocrx_word' id='word_1_402' title='bbox 2932 2661 2963 2700; x_wconf 89' lang='lat' dir='ltr'><strong>a</strong></span> <span class='ocrx_word' id='word_1_403' title='bbox 3035 2651 3408 2710; x_wconf 84' lang='lat' dir='ltr'><strong>sacratissimo</strong></span> 
     </span>
    </p>
   </div>
   <div class='ocr_carea' id='block_1_54' title="bbox 1827 2721 3406 2804">
    <p class='ocr_par' dir='ltr' id='par_1_54' title="bbox 1827 2721 3406 2804">
     <span class='ocr_line' id='line_1_54' title="bbox 1827 2721 3406 2804; baseline 0.014 -27"><span class='ocrx_word' id='word_1_404' title='bbox 1827 2721 2253 2782; x_wconf 87' lang='lat' dir='ltr'><strong>Chalcedonensi</strong></span> <span class='ocrx_word' id='word_1_405' title='bbox 2284 2729 2532 2798; x_wconf 89' lang='lat' dir='ltr'><strong>concilio,</strong></span> <span class='ocrx_word' id='word_1_406' title='bbox 2558 2740 2618 2786; x_wconf 92' lang='lat' dir='ltr'><strong>ut</strong></span> <span class='ocrx_word' id='word_1_407' title='bbox 2646 2732 3014 2804; x_wconf 66' lang='lat' dir='ltr'><strong>praediximus,</strong></span> <span class='ocrx_word' id='word_1_408' title='bbox 3039 2739 3406 2799; x_wconf 86' lang='lat' dir='ltr'><strong>indubitanter</strong></span> 
     </span>
    </p>
   </div>
   <div class='ocr_carea' id='block_1_55' title="bbox 1826 2814 3406 2906">
    <p class='ocr_par' dir='ltr' id='par_1_55' title="bbox 1826 2814 3406 2906">
     <span class='ocr_line' id='line_1_55' title="bbox 1826 2814 3406 2906; baseline 0.016 -40"><span class='ocrx_word' id='word_1_409' title='bbox 1826 2814 2163 2882; x_wconf 89' lang='lat' dir='ltr'><strong>roboratum,</strong></span> <span class='ocrx_word' id='word_1_410' title='bbox 2196 2816 2368 2872; x_wconf 80' lang='lat' dir='ltr'><strong>cilicia</strong></span> <span class='ocrx_word' id='word_1_411' title='bbox 2401 2820 2781 2878; x_wconf 85' lang='lat' dir='ltr'><strong>damnatorum</strong></span> <span class='ocrx_word' id='word_1_412' title='bbox 2818 2827 3138 2885; x_wconf 83' lang='lat' dir='ltr'><strong>clericorum</strong></span> <span class='ocrx_word' id='word_1_413' title='bbox 3171 2849 3200 2887; x_wconf 91' lang='lat' dir='ltr'><strong>a</strong></span> <span class='ocrx_word' id='word_1_414' title='bbox 3230 2850 3406 2906; x_wconf 91' lang='lat' dir='ltr'><strong>popu-</strong></span> 
     </span>
    </p>
   </div>
   <div class='ocr_carea' id='block_1_56' title="bbox 1826 2905 3405 2986">
    <p class='ocr_par' dir='ltr' id='par_1_56' title="bbox 1826 2905 3405 2986">
     <span class='ocr_line' id='line_1_56' title="bbox 1826 2905 3405 2986; baseline 0.017 -27"><span class='ocrx_word' id='word_1_415' title='bbox 1826 2905 1894 2962; x_wconf 88' lang='lat' dir='ltr'><strong>lis</strong></span> <span class='ocrx_word' id='word_1_416' title='bbox 1922 2907 2087 2978; x_wconf 90' lang='lat' dir='ltr'><strong>recipi</strong></span> <span class='ocrx_word' id='word_1_417' title='bbox 2111 2908 2512 2968; x_wconf 86' lang='lat' dir='ltr'><strong>districtissime</strong></span> <span class='ocrx_word' id='word_1_418' title='bbox 2535 2916 2801 2985; x_wconf 74' lang='lat' dir='ltr'><strong>prohibet,</strong></span> <span class='ocrx_word' id='word_1_419' title='bbox 2837 2919 3041 2977; x_wconf 83' lang='lat' dir='ltr'><strong>scilicet</strong></span> <span class='ocrx_word' id='word_1_420' title='bbox 3070 2932 3129 2978; x_wconf 91' lang='lat' dir='ltr'><strong>ut</strong></span> <span class='ocrx_word' id='word_1_421' title='bbox 3148 2905 3314 2982; x_wconf 13' lang='lat' dir='ltr'><strong>etiam,</strong></span> <span class='ocrx_word' id='word_1_422' title='bbox 3335 2931 3405 2986; x_wconf 87' lang='lat' dir='ltr'><strong>ab</strong></span> 
     </span>
    </p>
   </div>
   <div class='ocr_carea' id='block_1_57' title="bbox 1824 3000 3404 3084">
    <p class='ocr_par' dir='ltr' id='par_1_57' title="bbox 1824 3000 3404 3084">
     <span class='ocr_line' id='line_1_57' title="bbox 1824 3000 3404 3084; baseline 0.015 -28"><span class='ocrx_word' id='word_1_423' title='bbox 1824 3000 2052 3057; x_wconf 87' lang='lat' dir='ltr'><strong>ecclesia</strong></span> <span class='ocrx_word' id='word_1_424' title='bbox 2101 3003 2437 3073; x_wconf 81' lang='lat' dir='ltr'><strong>abjiciendos</strong></span> <span class='ocrx_word' id='word_1_425' title='bbox 2488 3022 2611 3063; x_wconf 90' lang='lat' dir='ltr'><strong>esse</strong></span> <span class='ocrx_word' id='word_1_426' title='bbox 2661 3009 2868 3079; x_wconf 90' lang='lat' dir='ltr'><strong>judicet</strong></span> <span class='ocrx_word' id='word_1_427' title='bbox 2916 3016 3009 3084; x_wconf 88' lang='lat' dir='ltr'><strong>qui</strong></span> <span class='ocrx_word' id='word_1_428' title='bbox 3065 3015 3169 3074; x_wconf 91' lang='lat' dir='ltr'><strong>illis</strong></span> <span class='ocrx_word' id='word_1_429' title='bbox 3194 3020 3404 3080; x_wconf 77' lang='lat' dir='ltr'><strong>clericis</strong></span> 
     </span>
    </p>
   </div>
   <div class='ocr_carea' id='block_1_58' title="bbox 168 3084 3402 3170">
    <p class='ocr_par' dir='ltr' id='par_1_58' title="bbox 168 3084 3402 3170">
     <span class='ocr_line' id='line_1_58' title="bbox 168 3084 3402 3170; baseline 0.01 -31"><span class='ocrx_word' id='word_1_430' title='bbox 168 3084 267 3153; x_wconf 86' lang='lat' dir='ltr'><strong>ipse</strong></span> <span class='ocrx_word' id='word_1_431' title='bbox 304 3086 589 3157; x_wconf 90' lang='lat' dir='ltr'><strong>episcopus</strong></span> <span class='ocrx_word' id='word_1_432' title='bbox 635 3102 758 3143; x_wconf 92' lang='lat' dir='ltr'><strong>esse</strong></span> <span class='ocrx_word' id='word_1_433' title='bbox 795 3103 905 3144; x_wconf 91' lang='lat' dir='ltr'><strong>non</strong></span> <span class='ocrx_word' id='word_1_434' title='bbox 951 3090 1164 3159; x_wconf 89' lang='lat' dir='ltr'><strong>possit;</strong></span> <span class='ocrx_word' id='word_1_435' title='bbox 1204 3099 1277 3157; x_wconf 89' lang='lat' dir='ltr'><strong>et,</strong></span> <span class='ocrx_word' id='word_1_436' title='bbox 1325 3092 1515 3148; x_wconf 89' lang='lat' dir='ltr'><strong>eodem</strong></span> <span class='ocrx_word' id='word_1_437' title='bbox 1546 3094 1722 3151; x_wconf 83' lang='lat' dir='ltr'><strong>oliicio</strong></span> <span class='ocrx_word' id='word_1_438' title='bbox 1749 3102 1790 3160; x_wconf 69' lang='grc' dir='ltr'><strong>(ζ</strong></span> <span class='ocrx_word' id='word_1_439' title='bbox 1823 3094 2012 3152; x_wconf 87' lang='lat' dir='ltr'><strong>saltem</strong></span> <span class='ocrx_word' id='word_1_440' title='bbox 2040 3094 2563 3153; x_wconf 90' lang='lat' dir='ltr'><strong>communicaverint</strong></span> <span class='ocrx_word' id='word_1_441' title='bbox 2587 3116 2724 3170; x_wconf 86' lang='lat' dir='ltr'><strong>quos</strong></span> <span class='ocrx_word' id='word_1_442' title='bbox 2747 3102 3092 3162; x_wconf 80' lang='lat' dir='ltr'><strong>interdictum</strong></span> <span class='ocrx_word' id='word_1_443' title='bbox 3116 3110 3219 3167; x_wconf 88' lang='lat' dir='ltr'><strong>sibi</strong></span> <span class='ocrx_word' id='word_1_444' title='bbox 3240 3115 3402 3170; x_wconf 78' lang='lat' dir='ltr'><strong>mini—</strong></span> 
     </span>
    </p>
   </div>
   <div class='ocr_carea' id='block_1_59' title="bbox 168 3175 1724 3256">
    <p class='ocr_par' dir='ltr' id='par_1_59' title="bbox 168 3175 1724 3256">
     <span class='ocr_line' id='line_1_59' title="bbox 168 3175 1724 3256; baseline 0.007 -26"><span class='ocrx_word' id='word_1_445' title='bbox 168 3175 381 3233; x_wconf 66' lang='lat' dir='ltr'><strong>offendat</strong></span> <span class='ocrx_word' id='word_1_446' title='bbox 398 3178 594 3246; x_wconf 90' lang='lat' dir='ltr'><strong>Deum,</strong></span> <span class='ocrx_word' id='word_1_447' title='bbox 619 3194 730 3250; x_wconf 90' lang='lat' dir='ltr'><strong>quo</strong></span> <span class='ocrx_word' id='word_1_448' title='bbox 758 3179 982 3236; x_wconf 77' lang='lat' dir='ltr'><strong>offendit</strong></span> <span class='ocrx_word' id='word_1_449' title='bbox 1010 3179 1125 3237; x_wconf 84' lang='lat' dir='ltr'><strong>Heli</strong></span> <span class='ocrx_word' id='word_1_450' title='bbox 1155 3182 1397 3253; x_wconf 80' lang='lat' dir='ltr'><strong>pontifex</strong></span> <span class='ocrx_word' id='word_1_451' title='bbox 1422 3202 1435 3239; x_wconf 91' lang='lat'><strong>:</strong></span> <span class='ocrx_word' id='word_1_452' title='bbox 1462 3185 1577 3256; x_wconf 90' lang='lat' dir='ltr'><strong>qui,</strong></span> <span class='ocrx_word' id='word_1_453' title='bbox 1599 3201 1724 3241; x_wconf 90' lang='lat' dir='ltr'><strong>cor-</strong></span> 
     </span>
    </p>
   </div>
   <div class='ocr_carea' id='block_1_60' title="bbox 167 3266 1723 3346">
    <p class='ocr_par' dir='ltr' id='par_1_60' title="bbox 167 3266 1723 3346">
     <span class='ocr_line' id='line_1_60' title="bbox 167 3266 1723 3346; baseline 0.008 -25"><span class='ocrx_word' id='word_1_454' title='bbox 167 3266 377 3337; x_wconf 87' lang='lat' dir='ltr'><strong>ripuerat</strong></span> <span class='ocrx_word' id='word_1_455' title='bbox 404 3270 625 3341; x_wconf 88' lang='lat' dir='ltr'><strong>quidem</strong></span> <span class='ocrx_word' id='word_1_456' title='bbox 660 3270 822 3340; x_wconf 86' lang='lat' dir='ltr'><strong>ﬁlios,</strong></span> <span class='ocrx_word' id='word_1_457' title='bbox 883 3273 1000 3340; x_wconf 87' lang='lat' dir='ltr'><strong>sed,</strong></span> <span class='ocrx_word' id='word_1_458' title='bbox 1030 3274 1158 3344; x_wconf 91' lang='lat' dir='ltr'><strong>quia</strong></span> <span class='ocrx_word' id='word_1_459' title='bbox 1199 3288 1310 3330; x_wconf 89' lang='lat' dir='ltr'><strong>non</strong></span> <span class='ocrx_word' id='word_1_460' title='bbox 1334 3274 1602 3346; x_wconf 89' lang='lat' dir='ltr'><strong>abjecerat</strong></span> <span class='ocrx_word' id='word_1_461' title='bbox 1629 3277 1723 3333; x_wconf 89' lang='lat' dir='ltr'><strong>de-</strong></span> 
     </span>
    </p>
   </div>
   <div class='ocr_carea' id='block_1_61' title="bbox 167 3357 1719 3439">
    <p class='ocr_par' dir='ltr' id='par_1_61' title="bbox 167 3357 1719 3439">
     <span class='ocr_line' id='line_1_61' title="bbox 167 3357 1719 3439; baseline 0.01 -30"><span class='ocrx_word' id='word_1_462' title='bbox 167 3357 466 3430; x_wconf 83' lang='lat' dir='ltr'><strong>linquentes,</strong></span> <span class='ocrx_word' id='word_1_463' title='bbox 479 3372 780 3418; x_wconf 85' lang='lat' dir='ltr'><strong>retrorsum</strong></span> <span class='ocrx_word' id='word_1_464' title='bbox 793 3364 1048 3429; x_wconf 82' lang='lat' dir='ltr'><strong>ceciditet</strong></span> <span class='ocrx_word' id='word_1_465' title='bbox 1060 3375 1309 3422; x_wconf 89' lang='lat' dir='ltr'><strong>mortuus</strong></span> <span class='ocrx_word' id='word_1_466' title='bbox 1318 3376 1401 3422; x_wconf 91' lang='lat' dir='ltr'><strong>est</strong></span> <span class='ocrx_word' id='word_1_467' title='bbox 1412 3365 1466 3438; x_wconf 89' lang='grc' dir='ltr'><strong>(Ι</strong></span> <span class='ocrx_word' id='word_1_468' title='bbox 1476 3368 1602 3439; x_wconf 81' lang='lat' dir='ltr'><strong>Reg.</strong></span> <span class='ocrx_word' id='word_1_469' title='bbox 1622 3368 1719 3439; x_wconf 85' lang='lat' dir='ltr'><strong>tv),</strong></span> 
     </span>
    </p>
   </div>
   <div class='ocr_carea' id='block_1_62' title="bbox 165 3446 1714 3527">
    <p class='ocr_par' dir='ltr' id='par_1_62' title="bbox 165 3446 1714 3527">
     <span class='ocr_line' id='line_1_62' title="bbox 165 3446 1714 3527; baseline 0.01 -27"><span class='ocrx_word' id='word_1_470' title='bbox 165 3446 361 3506; x_wconf 84' lang='lat' dir='ltr'><strong>lucerna</strong></span> <span class='ocrx_word' id='word_1_471' title='bbox 381 3450 477 3509; x_wconf 91' lang='lat' dir='ltr'><strong>Dei</strong></span> <span class='ocrx_word' id='word_1_472' title='bbox 527 3462 820 3525; x_wconf 86' lang='lat' dir='ltr'><strong>antequam</strong></span> <span class='ocrx_word' id='word_1_473' title='bbox 848 3455 1301 3527; x_wconf 84' lang='lat' dir='ltr'><strong>exstingueretur.</strong></span> <span class='ocrx_word' id='word_1_474' title='bbox 1345 3456 1615 3527; x_wconf 80' lang='lat' dir='ltr'><strong>Mulieres,</strong></span> <span class='ocrx_word' id='word_1_475' title='bbox 1647 3461 1714 3515; x_wconf 87' lang='lat' dir='ltr'><strong>si-</strong></span> 
     </span>
    </p>
   </div>
   <div class='ocr_carea' id='block_1_63' title="bbox 165 3540 1719 3621">
    <p class='ocr_par' dir='ltr' id='par_1_63' title="bbox 165 3540 1719 3621">
     <span class='ocr_line' id='line_1_63' title="bbox 165 3540 1719 3621; baseline 0.008 -28"><span class='ocrx_word' id='word_1_476' title='bbox 165 3540 344 3597; x_wconf 86' lang='lat' dir='ltr'><strong>militer</strong></span> <span class='ocrx_word' id='word_1_477' title='bbox 369 3545 616 3614; x_wconf 88' lang='lat' dir='ltr'><strong>pudicas,</strong></span> <span class='ocrx_word' id='word_1_478' title='bbox 647 3556 702 3601; x_wconf 88' lang='lat' dir='ltr'><strong>et</strong></span> <span class='ocrx_word' id='word_1_479' title='bbox 739 3546 970 3618; x_wconf 85' lang='lat' dir='ltr'><strong>reliqua.</strong></span> <span class='ocrx_word' id='word_1_480' title='bbox 1014 3546 1074 3602; x_wconf 86' lang='lat' dir='ltr'><strong>In</strong></span> <span class='ocrx_word' id='word_1_481' title='bbox 1102 3548 1251 3604; x_wconf 89' lang='lat' dir='ltr'><strong>omni</strong></span> <span class='ocrx_word' id='word_1_482' title='bbox 1290 3549 1458 3621; x_wconf 85' lang='lat' dir='ltr'><strong>gradu</strong></span> <span class='ocrx_word' id='word_1_483' title='bbox 1487 3559 1541 3605; x_wconf 89' lang='lat' dir='ltr'><strong>et</strong></span> <span class='ocrx_word' id='word_1_484' title='bbox 1564 3561 1719 3606; x_wconf 84' lang='lat' dir='ltr'><strong>sextu</strong></span> 
     </span>
    </p>
   </div>
   <div class='ocr_carea' id='block_1_64' title="bbox 164 3636 1717 3713">
    <p class='ocr_par' dir='ltr' id='par_1_64' title="bbox 164 3636 1717 3713">
     <span class='ocr_line' id='line_1_64' title="bbox 164 3636 1717 3713; baseline 0.01 -30"><span class='ocrx_word' id='word_1_485' title='bbox 164 3640 288 3688; x_wconf 85' lang='lat' dir='ltr'><strong>tenet</strong></span> <span class='ocrx_word' id='word_1_486' title='bbox 308 3636 566 3704; x_wconf 86' lang='lat' dir='ltr'><strong>pudicitia</strong></span> <span class='ocrx_word' id='word_1_487' title='bbox 591 3638 976 3709; x_wconf 88' lang='lat' dir='ltr'><strong>principatum.</strong></span> <span class='ocrx_word' id='word_1_488' title='bbox 1008 3638 1202 3695; x_wconf 80' lang='lat' dir='ltr'><strong>Gemis</strong></span> <span class='ocrx_word' id='word_1_489' title='bbox 1236 3640 1400 3710; x_wconf 78' lang='lat' dir='ltr'><strong>igitur</strong></span> <span class='ocrx_word' id='word_1_490' title='bbox 1426 3642 1572 3713; x_wconf 92' lang='lat' dir='ltr'><strong>quod</strong></span> <span class='ocrx_word' id='word_1_491' title='bbox 1601 3644 1717 3712; x_wconf 90' lang='lat' dir='ltr'><strong>epi-</strong></span> 
     </span>
    </p>
   </div>
   <div class='ocr_carea' id='block_1_65' title="bbox 163 3729 1717 3805">
    <p class='ocr_par' dir='ltr' id='par_1_65' title="bbox 163 3729 1717 3805">
     <span class='ocr_line' id='line_1_65' title="bbox 163 3729 1717 3805; baseline 0.011 -31"><span class='ocrx_word' id='word_1_492' title='bbox 163 3735 357 3794; x_wconf 87' lang='lat' dir='ltr'><strong>scopus,</strong></span> <span class='ocrx_word' id='word_1_493' title='bbox 368 3729 669 3800; x_wconf 84' lang='lat' dir='ltr'><strong>presbyter,</strong></span> <span class='ocrx_word' id='word_1_494' title='bbox 699 3730 961 3785; x_wconf 88' lang='lat' dir='ltr'><strong>diaconus</strong></span> <span class='ocrx_word' id='word_1_495' title='bbox 978 3744 1086 3786; x_wconf 91' lang='lat' dir='ltr'><strong>non</strong></span> <span class='ocrx_word' id='word_1_496' title='bbox 1117 3731 1238 3787; x_wconf 92' lang='lat' dir='ltr'><strong>ideo</strong></span> <span class='ocrx_word' id='word_1_497' title='bbox 1267 3732 1377 3788; x_wconf 91' lang='lat' dir='ltr'><strong>sint</strong></span> <span class='ocrx_word' id='word_1_498' title='bbox 1405 3734 1566 3801; x_wconf 88' lang='lat' dir='ltr'><strong>beati,</strong></span> <span class='ocrx_word' id='word_1_499' title='bbox 1590 3736 1717 3805; x_wconf 88' lang='lat' dir='ltr'><strong>quia</strong></span> 
     </span>
    </p>
   </div>
   <div class='ocr_carea' id='block_1_66' title="bbox 162 3816 1718 3893">
    <p class='ocr_par' dir='ltr' id='par_1_66' title="bbox 162 3816 1718 3893">
     <span class='ocr_line' id='line_1_66' title="bbox 162 3816 1718 3893; baseline 0.009 -25"><span class='ocrx_word' id='word_1_500' title='bbox 162 3816 377 3890; x_wconf 78' lang='lat' dir='ltr'><strong>episcopi</strong></span> <span class='ocrx_word' id='word_1_501' title='bbox 420 3821 504 3876; x_wconf 89' lang='lat' dir='ltr'><strong>vel</strong></span> <span class='ocrx_word' id='word_1_502' title='bbox 557 3820 853 3893; x_wconf 79' lang='lat' dir='ltr'><strong>presbyteri</strong></span> <span class='ocrx_word' id='word_1_503' title='bbox 894 3821 1024 3888; x_wconf 89' lang='lat' dir='ltr'><strong>sint,</strong></span> <span class='ocrx_word' id='word_1_504' title='bbox 1069 3830 1163 3877; x_wconf 91' lang='lat' dir='ltr'><strong>aut</strong></span> <span class='ocrx_word' id='word_1_505' title='bbox 1207 3823 1461 3891; x_wconf 91' lang='lat' dir='ltr'><strong>diaconi;</strong></span> <span class='ocrx_word' id='word_1_506' title='bbox 1517 3826 1611 3881; x_wconf 87' lang='lat' dir='ltr'><strong>sed</strong></span> <span class='ocrx_word' id='word_1_507' title='bbox 1668 3826 1718 3882; x_wconf 90' lang='lat' dir='ltr'><strong>si</strong></span> 
     </span>
    </p>
   </div>
   <div class='ocr_carea' id='block_1_67' title="bbox 158 3909 1712 3973">
    <p class='ocr_par' dir='ltr' id='par_1_67' title="bbox 158 3909 1712 3973">
     <span class='ocr_line' id='line_1_67' title="bbox 158 3909 1712 3973; baseline 0.008 -12"><span class='ocrx_word' id='word_1_508' title='bbox 158 3909 362 3967; x_wconf 77' lang='lat' dir='ltr'><strong>virtutes</strong></span> <span class='ocrx_word' id='word_1_509' title='bbox 390 3912 680 3968; x_wconf 88' lang='lat' dir='ltr'><strong>habuerint</strong></span> <span class='ocrx_word' id='word_1_510' title='bbox 720 3913 1004 3968; x_wconf 89' lang='lat' dir='ltr'><strong>nominum</strong></span> <span class='ocrx_word' id='word_1_511' title='bbox 1033 3927 1260 3969; x_wconf 87' lang='lat' dir='ltr'><strong>suorum</strong></span> <span class='ocrx_word' id='word_1_512' title='bbox 1302 3922 1357 3970; x_wconf 90' lang='lat' dir='ltr'><strong>et</strong></span> <span class='ocrx_word' id='word_1_513' title='bbox 1393 3915 1712 3973; x_wconf 76' lang='lat' dir='ltr'><strong>oiliciorum.</strong></span> 
     </span>
    </p>
   </div>
   <div class='ocr_carea' id='block_1_68' title="bbox 160 4000 1711 4077">
    <p class='ocr_par' dir='ltr' id='par_1_68' title="bbox 160 4000 1711 4077">
     <span class='ocr_line' id='line_1_68' title="bbox 160 4000 1711 4077; baseline 0.005 -21"><span class='ocrx_word' id='word_1_514' title='bbox 160 4000 354 4074; x_wconf 75' lang='lat' dir='ltr'><strong>Alioqui</strong></span> <span class='ocrx_word' id='word_1_515' title='bbox 401 4007 448 4061; x_wconf 94' lang='lat' dir='ltr'><strong>si</strong></span> <span class='ocrx_word' id='word_1_516' title='bbox 497 4005 762 4062; x_wconf 88' lang='lat' dir='ltr'><strong>diaconus</strong></span> <span class='ocrx_word' id='word_1_517' title='bbox 811 4005 1055 4060; x_wconf 87' lang='lat' dir='ltr'><strong>sanctior</strong></span> <span class='ocrx_word' id='word_1_518' title='bbox 1080 4005 1338 4076; x_wconf 87' lang='lat' dir='ltr'><strong>episeopo</strong></span> <span class='ocrx_word' id='word_1_519' title='bbox 1390 4022 1492 4061; x_wconf 93' lang='lat' dir='ltr'><strong>suo</strong></span> <span class='ocrx_word' id='word_1_520' title='bbox 1529 4007 1711 4077; x_wconf 79' lang='lat' dir='ltr'><strong>fuerit,</strong></span> 
     </span>
    </p>
   </div>
   <div class='ocr_carea' id='block_1_69' title="bbox 162 4096 1711 4169">
    <p class='ocr_par' dir='ltr' id='par_1_69' title="bbox 162 4096 1711 4169">
     <span class='ocr_line' id='line_1_69' title="bbox 162 4096 1711 4169; baseline 0.006 -23"><span class='ocrx_word' id='word_1_521' title='bbox 162 4108 256 4149; x_wconf 89' lang='lat' dir='ltr'><strong>non</strong></span> <span class='ocrx_word' id='word_1_522' title='bbox 282 4112 343 4151; x_wconf 89' lang='lat' dir='ltr'><strong>ex</strong></span> <span class='ocrx_word' id='word_1_523' title='bbox 368 4112 435 4153; x_wconf 87' lang='lat' dir='ltr'><strong>eo</strong></span> <span class='ocrx_word' id='word_1_524' title='bbox 473 4097 625 4169; x_wconf 89' lang='lat' dir='ltr'><strong>quod</strong></span> <span class='ocrx_word' id='word_1_525' title='bbox 654 4096 879 4153; x_wconf 80' lang='lat' dir='ltr'><strong>inferior</strong></span> <span class='ocrx_word' id='word_1_526' title='bbox 926 4097 1095 4169; x_wconf 89' lang='lat' dir='ltr'><strong>gradu</strong></span> <span class='ocrx_word' id='word_1_527' title='bbox 1124 4106 1210 4152; x_wconf 89' lang='lat' dir='ltr'><strong>est</strong></span> <span class='ocrx_word' id='word_1_528' title='bbox 1245 4097 1388 4167; x_wconf 90' lang='lat' dir='ltr'><strong>apud</strong></span> <span class='ocrx_word' id='word_1_529' title='bbox 1433 4098 1711 4156; x_wconf 88' lang='lat' dir='ltr'><strong>Christum</strong></span> 
     </span>
    </p>
   </div>
   <div class='ocr_carea' id='block_1_70' title="bbox 161 4184 1713 4262">
    <p class='ocr_par' dir='ltr' id='par_1_70' title="bbox 161 4184 1713 4262">
     <span class='ocr_line' id='line_1_70' title="bbox 161 4184 1713 4262; baseline 0.008 -25"><span class='ocrx_word' id='word_1_530' title='bbox 161 4184 369 4243; x_wconf 85' lang='lat' dir='ltr'><strong>deterior</strong></span> <span class='ocrx_word' id='word_1_531' title='bbox 394 4189 515 4245; x_wconf 91' lang='lat' dir='ltr'><strong>erit.</strong></span> <span class='ocrx_word' id='word_1_532' title='bbox 549 4187 705 4244; x_wconf 83' lang='lat' dir='ltr'><strong>Absit</strong></span> <span class='ocrx_word' id='word_1_533' title='bbox 734 4198 793 4244; x_wconf 91' lang='lat' dir='ltr'><strong>ut</strong></span> <span class='ocrx_word' id='word_1_534' title='bbox 824 4188 1131 4258; x_wconf 81' lang='lat' dir='ltr'><strong>Stephanus</strong></span> <span class='ocrx_word' id='word_1_535' title='bbox 1160 4189 1446 4256; x_wconf 83' lang='lat' dir='ltr'><strong>diaconus,</strong></span> <span class='ocrx_word' id='word_1_536' title='bbox 1478 4191 1572 4261; x_wconf 92' lang='lat' dir='ltr'><strong>qui</strong></span> <span class='ocrx_word' id='word_1_537' title='bbox 1602 4196 1713 4262; x_wconf 82' lang='lat' dir='ltr'><strong>pri-</strong></span> 
     </span>
    </p>
   </div>
   <div class='ocr_carea' id='block_1_71' title="bbox 162 4280 1711 4353">
    <p class='ocr_par' dir='ltr' id='par_1_71' title="bbox 162 4280 1711 4353">
     <span class='ocr_line' id='line_1_71' title="bbox 162 4280 1711 4353; baseline 0.006 -22"><span class='ocrx_word' id='word_1_538' title='bbox 162 4291 267 4334; x_wconf 85' lang='lat' dir='ltr'><strong>mus</strong></span> <span class='ocrx_word' id='word_1_539' title='bbox 294 4282 548 4353; x_wconf 78' lang='lat' dir='ltr'><strong>martyrio</strong></span> <span class='ocrx_word' id='word_1_540' title='bbox 601 4291 687 4337; x_wconf 88' lang='lat' dir='ltr'><strong>est</strong></span> <span class='ocrx_word' id='word_1_541' title='bbox 732 4290 1046 4347; x_wconf 89' lang='lat' dir='ltr'><strong>coronatus,</strong></span> <span class='ocrx_word' id='word_1_542' title='bbox 1087 4280 1265 4337; x_wconf 90' lang='lat' dir='ltr'><strong>minor</strong></span> <span class='ocrx_word' id='word_1_543' title='bbox 1292 4280 1507 4338; x_wconf 81' lang='lat' dir='ltr'><strong>futurus</strong></span> <span class='ocrx_word' id='word_1_544' title='bbox 1558 4284 1630 4339; x_wconf 92' lang='lat' dir='ltr'><strong>sit</strong></span> <span class='ocrx_word' id='word_1_545' title='bbox 1656 4285 1711 4341; x_wconf 93' lang='lat' dir='ltr'><strong>in</strong></span> 
     </span>
    </p>
   </div>
   <div class='ocr_carea' id='block_1_72' title="bbox 161 4372 1711 4443">
    <p class='ocr_par' dir='ltr' id='par_1_72' title="bbox 161 4372 1711 4443">
     <span class='ocr_line' id='line_1_72' title="bbox 161 4372 1711 4443; baseline 0.007 -20"><span class='ocrx_word' id='word_1_546' title='bbox 161 4385 306 4441; x_wconf 76' lang='lat' dir='ltr'><strong>regno</strong></span> <span class='ocrx_word' id='word_1_547' title='bbox 349 4375 610 4430; x_wconf 64' lang='lat' dir='ltr'><strong>cos-lorum</strong></span> <span class='ocrx_word' id='word_1_548' title='bbox 653 4373 839 4429; x_wconf 89' lang='lat' dir='ltr'><strong>multis</strong></span> <span class='ocrx_word' id='word_1_549' title='bbox 887 4372 1158 4443; x_wconf 87' lang='lat' dir='ltr'><strong>episcopis</strong></span> <span class='ocrx_word' id='word_1_550' title='bbox 1205 4381 1259 4428; x_wconf 91' lang='lat' dir='ltr'><strong>et</strong></span> <span class='ocrx_word' id='word_1_551' title='bbox 1316 4373 1602 4443; x_wconf 77' lang='lat' dir='ltr'><strong>Timotheo</strong></span> <span class='ocrx_word' id='word_1_552' title='bbox 1647 4392 1711 4435; x_wconf 78' lang='lat' dir='ltr'><strong>ac</strong></span> 
     </span>
    </p>
   </div>
   <div class='ocr_carea' id='block_1_73' title="bbox 162 4458 1715 4535">
    <p class='ocr_par' dir='ltr' id='par_1_73' title="bbox 162 4458 1715 4535">
     <span class='ocr_line' id='line_1_73' title="bbox 162 4458 1715 4535; baseline 0.008 -23"><span class='ocrx_word' id='word_1_553' title='bbox 162 4458 266 4515; x_wconf 83' lang='lat' dir='ltr'><strong>Tito</strong></span> <span class='ocrx_word' id='word_1_554' title='bbox 300 4480 453 4534; x_wconf 86' lang='lat' dir='ltr'><strong>quos,</strong></span> <span class='ocrx_word' id='word_1_555' title='bbox 494 4474 554 4520; x_wconf 91' lang='lat' dir='ltr'><strong>ut</strong></span> <span class='ocrx_word' id='word_1_556' title='bbox 609 4465 875 4535; x_wconf 87' lang='lat' dir='ltr'><strong>subjicere</strong></span> <span class='ocrx_word' id='word_1_557' title='bbox 910 4480 1022 4520; x_wconf 88' lang='lat' dir='ltr'><strong>non</strong></span> <span class='ocrx_word' id='word_1_558' title='bbox 1057 4464 1250 4532; x_wconf 89' lang='lat' dir='ltr'><strong>audeo,</strong></span> <span class='ocrx_word' id='word_1_559' title='bbox 1312 4466 1388 4523; x_wconf 89' lang='lat' dir='ltr'><strong>ita</strong></span> <span class='ocrx_word' id='word_1_560' title='bbox 1419 4482 1518 4524; x_wconf 86' lang='lat' dir='ltr'><strong>nec</strong></span> <span class='ocrx_word' id='word_1_561' title='bbox 1564 4477 1715 4525; x_wconf 90' lang='lat' dir='ltr'><strong>ante-</strong></span> 
     </span>
    </p>
   </div>
   <div class='ocr_carea' id='block_1_74' title="bbox 162 4554 1718 4635">
    <p class='ocr_par' dir='ltr' id='par_1_74' title="bbox 162 4554 1718 4635">
     <span class='ocr_line' id='line_1_74' title="bbox 162 4554 1718 4635; baseline 0.006 -30"><span class='ocrx_word' id='word_1_562' title='bbox 162 4566 354 4618; x_wconf 80' lang='lat' dir='ltr'><strong>ponere.</strong></span> <span class='ocrx_word' id='word_1_563' title='bbox 392 4575 411 4608; x_wconf 78' lang='grc' dir='ltr'><strong>ι</strong></span> <span class='ocrx_word' id='word_1_564' title='bbox 447 4555 741 4627; x_wconf 82' lang='lat' dir='ltr'><strong>ﬂuensque</strong></span> <span class='ocrx_word' id='word_1_565' title='bbox 770 4554 1157 4626; x_wconf 79' lang='lat' dir='ltr'><strong>Hieronymus.</strong></span> <span class='ocrx_word' id='word_1_566' title='bbox 1215 4631 1219 4635; x_wconf 85' lang='lat'>_</span> <span class='ocrx_word' id='word_1_567' title='bbox 1504 4560 1508 4567; x_wconf 83' lang='grc'><em>’</em></span> <span class='ocrx_word' id='word_1_568' title='bbox 1712 4554 1718 4558; x_wconf 77' lang='grc'><strong>’</strong></span> 
     </span>
    </p>
   </div>
   <div class='ocr_carea' id='block_1_75' title="bbox 218 4645 1711 4721">
    <p class='ocr_par' dir='ltr' id='par_1_75' title="bbox 218 4645 1711 4721">
     <span class='ocr_line' id='line_1_75' title="bbox 218 4645 1711 4721; baseline 0.004 -21"><span class='ocrx_word' id='word_1_569' title='bbox 218 4645 312 4714; x_wconf 83' lang='lat' dir='ltr'><strong>Qui</strong></span> <span class='ocrx_word' id='word_1_570' title='bbox 339 4658 553 4718; x_wconf 67' lang='lat' dir='ltr'><strong>quantm</strong></span> <span class='ocrx_word' id='word_1_571' title='bbox 580 4647 922 4705; x_wconf 87' lang='lat' dir='ltr'><strong>auctoritatis</strong></span> <span class='ocrx_word' id='word_1_572' title='bbox 950 4646 1131 4715; x_wconf 82' lang='lat' dir='ltr'><strong>fuerit,</strong></span> <span class='ocrx_word' id='word_1_573' title='bbox 1162 4648 1326 4703; x_wconf 87' lang='lat' dir='ltr'><strong>etiam</strong></span> <span class='ocrx_word' id='word_1_574' title='bbox 1346 4648 1488 4719; x_wconf 91' lang='lat' dir='ltr'><strong>apud</strong></span> <span class='ocrx_word' id='word_1_575' title='bbox 1501 4651 1711 4721; x_wconf 87' lang='lat' dir='ltr'><strong>episco-</strong></span> 
     </span>
    </p>
   </div>
   <div class='ocr_carea' id='block_1_76' title="bbox 162 4739 1708 4811">
    <p class='ocr_par' dir='ltr' id='par_1_76' title="bbox 162 4739 1708 4811">
     <span class='ocr_line' id='line_1_76' title="bbox 162 4739 1708 4811; baseline 0.005 -21"><span class='ocrx_word' id='word_1_576' title='bbox 162 4748 245 4801; x_wconf 81' lang='lat' dir='ltr'><strong>pos</strong></span> <span class='ocrx_word' id='word_1_577' title='bbox 264 4742 565 4808; x_wconf 72' lang='lat' dir='ltr'><strong>apostolicae</strong></span> <span class='ocrx_word' id='word_1_578' title='bbox 594 4740 760 4807; x_wconf 88' lang='lat' dir='ltr'><strong>sedis,</strong></span> <span class='ocrx_word' id='word_1_579' title='bbox 790 4741 1006 4795; x_wconf 87' lang='lat' dir='ltr'><strong>decreta</strong></span> <span class='ocrx_word' id='word_1_580' title='bbox 1037 4739 1179 4795; x_wconf 89' lang='lat' dir='ltr'><strong>beati</strong></span> <span class='ocrx_word' id='word_1_581' title='bbox 1207 4739 1407 4795; x_wconf 89' lang='lat' dir='ltr'><strong>Gelasii</strong></span> <span class='ocrx_word' id='word_1_582' title='bbox 1444 4756 1597 4811; x_wconf 66' lang='lat' dir='ltr'><strong>papas</strong></span> <span class='ocrx_word' id='word_1_583' title='bbox 1616 4757 1708 4797; x_wconf 85' lang='lat' dir='ltr'><strong>sa-</strong></span> 
     </span>
    </p>
   </div>
   <div class='ocr_carea' id='block_1_77' title="bbox 163 4820 1704 4907">
    <p class='ocr_par' dir='ltr' id='par_1_77' title="bbox 163 4820 1704 4907">
     <span class='ocr_line' id='line_1_77' title="bbox 163 4820 1704 4907; baseline 0.008 -31"><span class='ocrx_word' id='word_1_584' title='bbox 163 4824 221 4879; x_wconf 88' lang='lat' dir='ltr'><strong>tis</strong></span> <span class='ocrx_word' id='word_1_585' title='bbox 245 4827 512 4887; x_wconf 87' lang='lat' dir='ltr'><strong>insinuant</strong></span> <span class='ocrx_word' id='word_1_586' title='bbox 540 4832 639 4903; x_wconf 86' lang='lat' dir='ltr'><strong>(De</strong></span> <span class='ocrx_word' id='word_1_587' title='bbox 669 4820 953 4901; x_wconf 67' lang='lat' dir='ltr'><strong>apocryplr.</strong></span> <span class='ocrx_word' id='word_1_588' title='bbox 990 4829 1328 4902; x_wconf 80' lang='lat' dir='ltr'><strong>Scripturis),</strong></span> <span class='ocrx_word' id='word_1_589' title='bbox 1357 4832 1487 4902; x_wconf 88' lang='lat' dir='ltr'><strong>quia</strong></span> <span class='ocrx_word' id='word_1_590' title='bbox 1515 4830 1704 4907; x_wconf 62' lang='lat' dir='ltr'><strong>[quae].</strong></span> 
     </span>
    </p>
   </div>
   <div class='ocr_carea' id='block_1_78' title="bbox 163 4914 1705 4993">
    <p class='ocr_par' dir='ltr' id='par_1_78' title="bbox 163 4914 1705 4993">
     <span class='ocr_line' id='line_1_78' title="bbox 163 4914 1705 4993; baseline 0.01 -26"><span class='ocrx_word' id='word_1_591' title='bbox 163 4914 282 4972; x_wconf 83' lang='lat' dir='ltr'><strong>inter</strong></span> <span class='ocrx_word' id='word_1_592' title='bbox 306 4923 637 4979; x_wconf 88' lang='lat' dir='ltr'><strong>authenticas</strong></span> <span class='ocrx_word' id='word_1_593' title='bbox 676 4932 731 4977; x_wconf 91' lang='lat' dir='ltr'><strong>et</strong></span> <span class='ocrx_word' id='word_1_594' title='bbox 770 4922 1063 4979; x_wconf 90' lang='lat' dir='ltr'><strong>canonicas</strong></span> <span class='ocrx_word' id='word_1_595' title='bbox 1106 4922 1415 4979; x_wconf 89' lang='lat' dir='ltr'><strong>sanctiones</strong></span> <span class='ocrx_word' id='word_1_596' title='bbox 1443 4926 1705 4993; x_wconf 88' lang='lat' dir='ltr'><strong>opuscula</strong></span> 
     </span>
    </p>
   </div>
   <div class='ocr_carea' id='block_1_79' title="bbox 164 5005 1701 5086">
    <p class='ocr_par' dir='ltr' id='par_1_79' title="bbox 164 5005 1701 5086">
     <span class='ocr_line' id='line_1_79' title="bbox 164 5005 1701 5086; baseline 0.009 -28"><span class='ocrx_word' id='word_1_597' title='bbox 164 5005 311 5074; x_wconf 76' lang='lat' dir='ltr'><strong>ipsius</strong></span> <span class='ocrx_word' id='word_1_598' title='bbox 335 5014 637 5084; x_wconf 86' lang='lat' dir='ltr'><strong>recipienda</strong></span> <span class='ocrx_word' id='word_1_599' title='bbox 678 5013 996 5080; x_wconf 88' lang='lat' dir='ltr'><strong>decernunt,</strong></span> <span class='ocrx_word' id='word_1_600' title='bbox 1047 5014 1191 5069; x_wconf 91' lang='lat' dir='ltr'><strong>sicut</strong></span> <span class='ocrx_word' id='word_1_601' title='bbox 1228 5023 1283 5070; x_wconf 89' lang='lat' dir='ltr'><strong>et</strong></span> <span class='ocrx_word' id='word_1_602' title='bbox 1322 5014 1378 5070; x_wconf 92' lang='lat' dir='ltr'><strong>S.</strong></span> <span class='ocrx_word' id='word_1_603' title='bbox 1426 5014 1701 5086; x_wconf 85' lang='lat' dir='ltr'><strong>Cypriani,</strong></span> 
     </span>
    </p>
   </div>
   <div class='ocr_carea' id='block_1_80' title="bbox 162 5098 1705 5176">
    <p class='ocr_par' dir='ltr' id='par_1_80' title="bbox 162 5098 1705 5176">
     <span class='ocr_line' id='line_1_80' title="bbox 162 5098 1705 5176; baseline 0.009 -26"><span class='ocrx_word' id='word_1_604' title='bbox 162 5098 425 5172; x_wconf 75' lang='lat' dir='ltr'><strong>Ambrosii,</strong></span> <span class='ocrx_word' id='word_1_605' title='bbox 452 5105 739 5176; x_wconf 84' lang='lat' dir='ltr'><strong>Augustini</strong></span> <span class='ocrx_word' id='word_1_606' title='bbox 769 5107 1048 5174; x_wconf 88' lang='lat' dir='ltr'><strong>opuscula,</strong></span> <span class='ocrx_word' id='word_1_607' title='bbox 1081 5105 1195 5161; x_wconf 90' lang='lat' dir='ltr'><strong>sive</strong></span> <span class='ocrx_word' id='word_1_608' title='bbox 1223 5114 1504 5172; x_wconf 85' lang='lat' dir='ltr'><strong>tractatus,</strong></span> <span class='ocrx_word' id='word_1_609' title='bbox 1536 5114 1589 5161; x_wconf 89' lang='lat' dir='ltr'><strong>et</strong></span> <span class='ocrx_word' id='word_1_610' title='bbox 1618 5124 1705 5164; x_wconf 80' lang='lat' dir='ltr'><strong>re-</strong></span> 
     </span>
    </p>
   </div>
   <div class='ocr_carea' id='block_1_81' title="bbox 163 5186 1718 5267">
    <p class='ocr_par' dir='ltr' id='par_1_81' title="bbox 163 5186 1718 5267">
     <span class='ocr_line' id='line_1_81' title="bbox 163 5186 1718 5267; baseline 0.013 -22"><span class='ocrx_word' id='word_1_611' title='bbox 163 5186 405 5258; x_wconf 74' lang='lat' dir='ltr'><strong>liquorum</strong></span> <span class='ocrx_word' id='word_1_612' title='bbox 436 5194 535 5251; x_wconf 89' lang='lat' dir='ltr'><strong>SS.</strong></span> <span class='ocrx_word' id='word_1_613' title='bbox 566 5195 810 5262; x_wconf 87' lang='lat' dir='ltr'><strong>Patrum,</strong></span> <span class='ocrx_word' id='word_1_614' title='bbox 849 5196 943 5265; x_wconf 90' lang='lat' dir='ltr'><strong>qui</strong></span> <span class='ocrx_word' id='word_1_615' title='bbox 973 5212 1073 5254; x_wconf 89' lang='lat' dir='ltr'><strong>nec</strong></span> <span class='ocrx_word' id='word_1_616' title='bbox 1099 5196 1155 5250; x_wconf 91' lang='lat' dir='ltr'><strong>in</strong></span> <span class='ocrx_word' id='word_1_617' title='bbox 1182 5197 1308 5265; x_wconf 82' lang='lat' dir='ltr'><strong>ﬁde,</strong></span> <span class='ocrx_word' id='word_1_618' title='bbox 1348 5214 1450 5255; x_wconf 90' lang='lat' dir='ltr'><strong>nec</strong></span> <span class='ocrx_word' id='word_1_619' title='bbox 1479 5197 1534 5250; x_wconf 88' lang='lat' dir='ltr'><strong>in</strong></span> <span class='ocrx_word' id='word_1_620' title='bbox 1562 5213 1718 5267; x_wconf 53' lang='lat' dir='ltr'><strong>Dm&quot;.</strong></span> 
     </span>
    </p>
   </div>
   <div class='ocr_carea' id='block_1_82' title="bbox 1824 3188 3399 3273">
    <p class='ocr_par' dir='ltr' id='par_1_82' title="bbox 1824 3188 3399 3273">
     <span class='ocr_line' id='line_1_82' title="bbox 1824 3188 3399 3273; baseline 0.011 -29"><span class='ocrx_word' id='word_1_621' title='bbox 1824 3188 2050 3244; x_wconf 88' lang='lat' dir='ltr'><strong>sterium</strong></span> <span class='ocrx_word' id='word_1_622' title='bbox 2094 3202 2360 3258; x_wconf 88' lang='lat' dir='ltr'><strong>usurpare</strong></span> <span class='ocrx_word' id='word_1_623' title='bbox 2408 3193 2774 3260; x_wconf 74' lang='lat' dir='ltr'><strong>cognoverint.</strong></span> <span class='ocrx_word' id='word_1_624' title='bbox 2827 3195 2918 3252; x_wconf 92' lang='lat' dir='ltr'><strong>Sic</strong></span> <span class='ocrx_word' id='word_1_625' title='bbox 2945 3200 3091 3256; x_wconf 90' lang='lat' dir='ltr'><strong>enim</strong></span> <span class='ocrx_word' id='word_1_626' title='bbox 3145 3215 3399 3273; x_wconf 88' lang='lat' dir='ltr'><strong>quartum</strong></span> 
     </span>
    </p>
   </div>
   <div class='ocr_carea' id='block_1_83' title="bbox 1823 3278 3396 3366">
    <p class='ocr_par' dir='ltr' id='par_1_83' title="bbox 1823 3278 3396 3366">
     <span class='ocr_line' id='line_1_83' title="bbox 1823 3278 3396 3366; baseline 0.013 -33"><span class='ocrx_word' id='word_1_627' title='bbox 1823 3279 2064 3350; x_wconf 82' lang='lat' dir='ltr'><strong>ejusdem</strong></span> <span class='ocrx_word' id='word_1_628' title='bbox 2088 3278 2476 3350; x_wconf 83' lang='lat' dir='ltr'><strong>conciliicaput</strong></span> <span class='ocrx_word' id='word_1_629' title='bbox 2492 3290 2720 3338; x_wconf 88' lang='lat' dir='ltr'><strong>testatur</strong></span> <span class='ocrx_word' id='word_1_630' title='bbox 2736 3285 2911 3357; x_wconf 79' lang='lat' dir='ltr'><strong>(Apud</strong></span> <span class='ocrx_word' id='word_1_631' title='bbox 2926 3288 3077 3348; x_wconf 86' lang='lat' dir='ltr'><strong>Grat.</strong></span> <span class='ocrx_word' id='word_1_632' title='bbox 3099 3295 3155 3348; x_wconf 82' lang='grc' dir='ltr'>Η</span> <span class='ocrx_word' id='word_1_633' title='bbox 3171 3337 3184 3362; x_wconf 88' lang='grc'><strong><em>,</em></strong></span> <span class='ocrx_word' id='word_1_634' title='bbox 3197 3312 3247 3366; x_wconf 87' lang='lat' dir='ltr'><strong>q.</strong></span> <span class='ocrx_word' id='word_1_635' title='bbox 3266 3297 3367 3353; x_wconf 78' lang='lat' dir='ltr'><strong>H5</strong></span> <span class='ocrx_word' id='word_1_636' title='bbox 3381 3341 3396 3366; x_wconf 93' lang='lat'><strong>,</strong></span> 
     </span>
    </p>
   </div>
   <div class='ocr_carea' id='block_1_84' title="bbox 1822 3368 3397 3458">
    <p class='ocr_par' dir='ltr' id='par_1_84' title="bbox 1822 3368 3397 3458">
     <span class='ocr_line' id='line_1_84' title="bbox 1822 3368 3397 3458; baseline 0.013 -35"><span class='ocrx_word' id='word_1_637' title='bbox 1822 3386 1868 3425; x_wconf 78' lang='grc' dir='ltr'><strong>ε.</strong></span> <span class='ocrx_word' id='word_1_638' title='bbox 1901 3370 1957 3440; x_wconf 85' lang='grc'><strong>6)</strong></span> <span class='ocrx_word' id='word_1_639' title='bbox 1987 3387 2000 3423; x_wconf 92' lang='lat'>:</span> <span class='ocrx_word' id='word_1_640' title='bbox 2038 3388 2057 3422; x_wconf 73' lang='grc' dir='ltr'><strong>ι</strong></span> <span class='ocrx_word' id='word_1_641' title='bbox 2096 3368 2151 3424; x_wconf 90' lang='lat' dir='ltr'><strong>Si</strong></span> <span class='ocrx_word' id='word_1_642' title='bbox 2178 3370 2301 3441; x_wconf 88' lang='lat' dir='ltr'><strong>quis</strong></span> <span class='ocrx_word' id='word_1_643' title='bbox 2332 3372 2619 3444; x_wconf 89' lang='lat' dir='ltr'><strong>episcopus</strong></span> <span class='ocrx_word' id='word_1_644' title='bbox 2646 3375 2938 3435; x_wconf 88' lang='lat' dir='ltr'><strong>damnatus</strong></span> <span class='ocrx_word' id='word_1_645' title='bbox 2968 3395 2999 3436; x_wconf 90' lang='lat' dir='ltr'><strong>a</strong></span> <span class='ocrx_word' id='word_1_646' title='bbox 3053 3387 3281 3458; x_wconf 80' lang='lat' dir='ltr'><strong>synodo,</strong></span> <span class='ocrx_word' id='word_1_647' title='bbox 3314 3392 3397 3445; x_wconf 87' lang='lat' dir='ltr'><strong>vel</strong></span> 
     </span>
    </p>
   </div>
   <div class='ocr_carea' id='block_1_85' title="bbox 1820 3462 3400 3543">
    <p class='ocr_par' dir='ltr' id='par_1_85' title="bbox 1820 3462 3400 3543">
     <span class='ocr_line' id='line_1_85' title="bbox 1820 3462 3400 3543; baseline 0.015 -30"><span class='ocrx_word' id='word_1_648' title='bbox 1820 3462 2099 3533; x_wconf 84' lang='lat' dir='ltr'><strong>presbyter</strong></span> <span class='ocrx_word' id='word_1_649' title='bbox 2128 3471 2222 3517; x_wconf 88' lang='lat' dir='ltr'><strong>aut</strong></span> <span class='ocrx_word' id='word_1_650' title='bbox 2250 3463 2512 3521; x_wconf 89' lang='lat' dir='ltr'><strong>diaconus</strong></span> <span class='ocrx_word' id='word_1_651' title='bbox 2542 3482 2572 3520; x_wconf 89' lang='lat' dir='ltr'><strong>a</strong></span> <span class='ocrx_word' id='word_1_652' title='bbox 2602 3483 2702 3523; x_wconf 87' lang='lat' dir='ltr'><strong>suo</strong></span> <span class='ocrx_word' id='word_1_653' title='bbox 2721 3470 3007 3543; x_wconf 89' lang='lat' dir='ltr'><strong>episcopo,</strong></span> <span class='ocrx_word' id='word_1_654' title='bbox 3044 3477 3164 3531; x_wconf 81' lang='lat' dir='ltr'><strong>ausi</strong></span> <span class='ocrx_word' id='word_1_655' title='bbox 3195 3478 3400 3538; x_wconf 85' lang='lat' dir='ltr'><strong>fuerint</strong></span> 
     </span>
    </p>
   </div>
   <div class='ocr_carea' id='block_1_86' title="bbox 1821 3551 3456 3641">
    <p class='ocr_par' dir='ltr' id='par_1_86' title="bbox 1821 3551 3456 3641">
     <span class='ocr_line' id='line_1_86' title="bbox 1821 3551 3456 3641; baseline 0.014 -36"><span class='ocrx_word' id='word_1_656' title='bbox 1821 3552 2023 3623; x_wconf 88' lang='lat' dir='ltr'><strong>aliquid</strong></span> <span class='ocrx_word' id='word_1_657' title='bbox 2059 3551 2125 3608; x_wconf 91' lang='lat' dir='ltr'><strong>de</strong></span> <span class='ocrx_word' id='word_1_658' title='bbox 2175 3554 2480 3611; x_wconf 88' lang='lat' dir='ltr'><strong>ministerio</strong></span> <span class='ocrx_word' id='word_1_659' title='bbox 2524 3571 2683 3612; x_wconf 89' lang='lat' dir='ltr'><strong>sacro</strong></span> <span class='ocrx_word' id='word_1_660' title='bbox 2730 3562 3062 3634; x_wconf 85' lang='lat' dir='ltr'><strong>contingere,</strong></span> <span class='ocrx_word' id='word_1_661' title='bbox 3106 3568 3219 3624; x_wconf 77' lang='lat' dir='ltr'><strong>sive</strong></span> <span class='ocrx_word' id='word_1_662' title='bbox 3248 3572 3394 3641; x_wconf 89' lang='lat' dir='ltr'><strong>cpis-</strong></span> <span class='ocrx_word' id='word_1_663' title='bbox 3448 3596 3456 3604; x_wconf 85' lang='lat'><strong>-</strong></span> 
     </span>
    </p>
   </div>
   <div class='ocr_carea' id='block_1_87' title="bbox 1820 3644 3397 3734">
    <p class='ocr_par' dir='ltr' id='par_1_87' title="bbox 1820 3644 3397 3734">
     <span class='ocr_line' id='line_1_87' title="bbox 1820 3644 3397 3734; baseline 0.014 -37"><span class='ocrx_word' id='word_1_664' title='bbox 1820 3644 2164 3714; x_wconf 81' lang='lat' dir='ltr'><strong>copusjuxta</strong></span> <span class='ocrx_word' id='word_1_665' title='bbox 2197 3647 2586 3716; x_wconf 55' lang='lat' dir='ltr'><strong>praecedentem</strong></span> <span class='ocrx_word' id='word_1_666' title='bbox 2627 3656 3075 3712; x_wconf 80' lang='lat' dir='ltr'><strong>consuetudinem</strong></span> <span class='ocrx_word' id='word_1_667' title='bbox 3138 3661 3250 3717; x_wconf 78' lang='lat' dir='ltr'><strong>sive</strong></span> <span class='ocrx_word' id='word_1_668' title='bbox 3280 3680 3397 3734; x_wconf 90' lang='lat' dir='ltr'><strong>pre-</strong></span> 
     </span>
    </p>
   </div>
   <div class='ocr_carea' id='block_1_88' title="bbox 1820 3735 3395 3813">
    <p class='ocr_par' dir='ltr' id='par_1_88' title="bbox 1820 3735 3395 3813">
     <span class='ocr_line' id='line_1_88' title="bbox 1820 3735 3395 3813; baseline 0.016 -25"><span class='ocrx_word' id='word_1_669' title='bbox 1820 3735 2128 3807; x_wconf 75' lang='lat' dir='ltr'><strong>sbyter,aut</strong></span> <span class='ocrx_word' id='word_1_670' title='bbox 2151 3737 2434 3806; x_wconf 89' lang='lat' dir='ltr'><strong>diaconus,</strong></span> <span class='ocrx_word' id='word_1_671' title='bbox 2459 3741 2610 3797; x_wconf 89' lang='lat' dir='ltr'><strong>nullo</strong></span> <span class='ocrx_word' id='word_1_672' title='bbox 2635 3744 2796 3800; x_wconf 90' lang='lat' dir='ltr'><strong>modo</strong></span> <span class='ocrx_word' id='word_1_673' title='bbox 2819 3745 3046 3804; x_wconf 86' lang='lat' dir='ltr'><strong>liceat&#39;ei</strong></span> <span class='ocrx_word' id='word_1_674' title='bbox 3078 3768 3176 3809; x_wconf 93' lang='lat' dir='ltr'><strong>nec</strong></span> <span class='ocrx_word' id='word_1_675' title='bbox 3205 3753 3258 3809; x_wconf 92' lang='lat' dir='ltr'><strong>in</strong></span> <span class='ocrx_word' id='word_1_676' title='bbox 3290 3757 3395 3813; x_wconf 83' lang='lat' dir='ltr'><strong>alia</strong></span> 
     </span>
    </p>
   </div>
   <div class='ocr_carea' id='block_1_89' title="bbox 1818 3828 3393 3904">
    <p class='ocr_par' dir='ltr' id='par_1_89' title="bbox 1818 3828 3393 3904">
     <span class='ocr_line' id='line_1_89' title="bbox 1818 3828 3393 3904; baseline 0.016 -24"><span class='ocrx_word' id='word_1_677' title='bbox 1818 3828 2026 3898; x_wconf 88' lang='lat' dir='ltr'><strong>synodo</strong></span> <span class='ocrx_word' id='word_1_678' title='bbox 2069 3829 2427 3887; x_wconf 89' lang='lat' dir='ltr'><strong>restitutionis</strong></span> <span class='ocrx_word' id='word_1_679' title='bbox 2450 3847 2599 3902; x_wconf 90' lang='lat' dir='ltr'><strong>spem</strong></span> <span class='ocrx_word' id='word_1_680' title='bbox 2630 3842 2725 3889; x_wconf 90' lang='lat' dir='ltr'><strong>aut</strong></span> <span class='ocrx_word' id='word_1_681' title='bbox 2747 3836 2926 3894; x_wconf 91' lang='lat' dir='ltr'><strong>locum</strong></span> <span class='ocrx_word' id='word_1_682' title='bbox 2951 3842 3149 3900; x_wconf 89' lang='lat' dir='ltr'><strong>habere</strong></span> <span class='ocrx_word' id='word_1_683' title='bbox 3176 3848 3393 3904; x_wconf 60' lang='lat' dir='ltr'><strong>satisfa»</strong></span> 
     </span>
    </p>
   </div>
   <div class='ocr_carea' id='block_1_90' title="bbox 1816 3918 3393 4006">
    <p class='ocr_par' dir='ltr' id='par_1_90' title="bbox 1816 3918 3393 4006">
     <span class='ocr_line' id='line_1_90' title="bbox 1816 3918 3393 4006; baseline 0.016 -35"><span class='ocrx_word' id='word_1_684' title='bbox 1816 3918 2031 3973; x_wconf 87' lang='lat' dir='ltr'><strong>ctionis.</strong></span> <span class='ocrx_word' id='word_1_685' title='bbox 2060 3918 2165 3974; x_wconf 86' lang='lat' dir='ltr'><strong>Sed</strong></span> <span class='ocrx_word' id='word_1_686' title='bbox 2192 3929 2247 3975; x_wconf 90' lang='lat' dir='ltr'><strong>et</strong></span> <span class='ocrx_word' id='word_1_687' title='bbox 2298 3923 2763 3981; x_wconf 89' lang='lat' dir='ltr'><strong>communicantes</strong></span> <span class='ocrx_word' id='word_1_688' title='bbox 2810 3929 2860 3983; x_wconf 92' lang='lat' dir='ltr'><strong>ei</strong></span> <span class='ocrx_word' id='word_1_689' title='bbox 2906 3946 3096 3988; x_wconf 88' lang='lat' dir='ltr'><strong>omnes</strong></span> <span class='ocrx_word' id='word_1_690' title='bbox 3144 3937 3303 4006; x_wconf 84' lang='lat' dir='ltr'><strong>abjici</strong></span> <span class='ocrx_word' id='word_1_691' title='bbox 3325 3941 3393 3997; x_wconf 89' lang='lat' dir='ltr'><strong>de</strong></span> 
     </span>
    </p>
   </div>
   <div class='ocr_carea' id='block_1_91' title="bbox 1814 4008 3389 4090">
    <p class='ocr_par' dir='ltr' id='par_1_91' title="bbox 1814 4008 3389 4090">
     <span class='ocr_line' id='line_1_91' title="bbox 1814 4008 3389 4090; baseline 0.015 -28"><span class='ocrx_word' id='word_1_692' title='bbox 1814 4008 2041 4064; x_wconf 86' lang='lat' dir='ltr'><strong>ecclesia</strong></span> <span class='ocrx_word' id='word_1_693' title='bbox 2064 4018 2293 4080; x_wconf 89' lang='lat' dir='ltr'><strong>oportet,</strong></span> <span class='ocrx_word' id='word_1_694' title='bbox 2325 4020 2379 4066; x_wconf 88' lang='lat' dir='ltr'><strong>et</strong></span> <span class='ocrx_word' id='word_1_695' title='bbox 2397 4012 2653 4080; x_wconf 87' lang='lat' dir='ltr'><strong>maxime,</strong></span> <span class='ocrx_word' id='word_1_696' title='bbox 2692 4016 2758 4082; x_wconf 91' lang='lat' dir='ltr'><strong>si,</strong></span> <span class='ocrx_word' id='word_1_697' title='bbox 2782 4026 3069 4090; x_wconf 85' lang='lat' dir='ltr'><strong>postquam</strong></span> <span class='ocrx_word' id='word_1_698' title='bbox 3100 4024 3389 4085; x_wconf 88' lang='lat' dir='ltr'><strong>didicerint</strong></span> 
     </span>
    </p>
   </div>
   <div class='ocr_carea' id='block_1_92' title="bbox 1814 4101 3385 4192">
    <p class='ocr_par' dir='ltr' id='par_1_92' title="bbox 1814 4101 3385 4192">
     <span class='ocr_line' id='line_1_92' title="bbox 1814 4101 3385 4192; baseline 0.013 -36"><span class='ocrx_word' id='word_1_699' title='bbox 1814 4101 2101 4157; x_wconf 85' lang='lat' dir='ltr'><strong>adversum</strong></span> <span class='ocrx_word' id='word_1_700' title='bbox 2154 4112 2485 4160; x_wconf 87' lang='lat' dir='ltr'><strong>memoratos</strong></span> <span class='ocrx_word' id='word_1_701' title='bbox 2524 4106 2789 4176; x_wconf 89' lang='lat' dir='ltr'><strong>prolatam</strong></span> <span class='ocrx_word' id='word_1_702' title='bbox 2829 4110 2999 4168; x_wconf 81' lang='lat' dir='ltr'><strong>fuisse</strong></span> <span class='ocrx_word' id='word_1_703' title='bbox 3045 4120 3385 4192; x_wconf 84' lang='lat' dir='ltr'><strong>sententiam,</strong></span> 
     </span>
    </p>
   </div>
   <div class='ocr_carea' id='block_1_93' title="bbox 1812 4192 2989 4253">
    <p class='ocr_par' dir='ltr' id='par_1_93' title="bbox 1812 4192 2989 4253">
     <span class='ocr_line' id='line_1_93' title="bbox 1812 4192 2989 4253; baseline 0.007 -6"><span class='ocrx_word' id='word_1_704' title='bbox 1812 4192 1893 4249; x_wconf 91' lang='lat' dir='ltr'><strong>eis</strong></span> <span class='ocrx_word' id='word_1_705' title='bbox 1921 4194 2327 4250; x_wconf 88' lang='lat' dir='ltr'><strong>communicare</strong></span> <span class='ocrx_word' id='word_1_706' title='bbox 2360 4197 2705 4253; x_wconf 87' lang='lat' dir='ltr'><strong>tentaverint.</strong></span> <span class='ocrx_word' id='word_1_707' title='bbox 2753 4220 2773 4253; x_wconf 77' lang='grc' dir='ltr'><strong>ι</strong></span> <span class='ocrx_word' id='word_1_708' title='bbox 2986 4214 2989 4219; x_wconf 57' lang='grc' dir='ltr'><strong><em>λ</em></strong></span> 
     </span>
    </p>
   </div>
   <div class='ocr_carea' id='block_1_94' title="bbox 1879 4293 3380 4383">
    <p class='ocr_par' dir='ltr' id='par_1_94' title="bbox 1879 4293 3380 4383">
     <span class='ocr_line' id='line_1_94' title="bbox 1879 4293 3380 4383; baseline 0.015 -34"><span class='ocrx_word' id='word_1_709' title='bbox 1879 4293 2040 4349; x_wconf 86' lang='lat' dir='ltr'><strong>Juxta</strong></span> <span class='ocrx_word' id='word_1_710' title='bbox 2073 4295 2235 4367; x_wconf 89' lang='lat' dir='ltr'><strong>hujus</strong></span> <span class='ocrx_word' id='word_1_711' title='bbox 2264 4296 2457 4369; x_wconf 90' lang='lat' dir='ltr'><strong>capitis</strong></span> <span class='ocrx_word' id='word_1_712' title='bbox 2482 4309 2746 4367; x_wconf 87' lang='lat' dir='ltr'><strong>tenorem,</strong></span> <span class='ocrx_word' id='word_1_713' title='bbox 2783 4306 2957 4361; x_wconf 87' lang='lat' dir='ltr'><strong>sancti</strong></span> <span class='ocrx_word' id='word_1_714' title='bbox 2987 4306 3193 4378; x_wconf 79' lang='lat' dir='ltr'><strong>Patres,</strong></span> <span class='ocrx_word' id='word_1_715' title='bbox 3219 4315 3380 4383; x_wconf 86' lang='lat' dir='ltr'><strong>quiin</strong></span> 
     </span>
    </p>
   </div>
   <div class='ocr_carea' id='block_1_95' title="bbox 1815 4384 3374 4474">
    <p class='ocr_par' dir='ltr' id='par_1_95' title="bbox 1815 4384 3374 4474">
     <span class='ocr_line' id='line_1_95' title="bbox 1815 4384 3374 4474; baseline 0.012 -33"><span class='ocrx_word' id='word_1_716' title='bbox 1815 4386 2025 4459; x_wconf 84' lang='lat'><strong>(997-8)</strong></span> <span class='ocrx_word' id='word_1_717' title='bbox 2056 4384 2395 4474; x_wconf 84' lang='lat' dir='ltr'><strong>Chalcedone</strong></span> <span class='ocrx_word' id='word_1_718' title='bbox 2422 4392 2833 4457; x_wconf 21' lang='lat' dir='ltr'><strong>‘sacratissimos</strong></span> <span class='ocrx_word' id='word_1_719' title='bbox 2870 4413 3108 4456; x_wconf 88' lang='lat' dir='ltr'><strong>canones</strong></span> <span class='ocrx_word' id='word_1_720' title='bbox 3138 4407 3374 4474; x_wconf 91' lang='lat' dir='ltr'><strong>promul-</strong></span> 
     </span>
    </p>
   </div>
   <div class='ocr_carea' id='block_1_96' title="bbox 1815 4472 3381 4561">
    <p class='ocr_par' dir='ltr' id='par_1_96' title="bbox 1815 4472 3381 4561">
     <span class='ocr_line' id='line_1_96' title="bbox 1815 4472 3381 4561; baseline 0.013 -29"><span class='ocrx_word' id='word_1_721' title='bbox 1815 4487 2096 4550; x_wconf 80' lang='lat' dir='ltr'><strong>gaverunt,</strong></span> <span class='ocrx_word' id='word_1_722' title='bbox 2119 4495 2309 4536; x_wconf 91' lang='lat' dir='ltr'><strong>omnes</strong></span> <span class='ocrx_word' id='word_1_723' title='bbox 2327 4472 2819 4545; x_wconf 83' lang='lat' dir='ltr'><strong>communicatores</strong></span> <span class='ocrx_word' id='word_1_724' title='bbox 2838 4484 3122 4561; x_wconf 82' lang='lat' dir='ltr'><strong>cujusdam</strong></span> <span class='ocrx_word' id='word_1_725' title='bbox 3139 4472 3381 4553; x_wconf 81' lang='lat' dir='ltr'><strong>damnati</strong></span> 
     </span>
    </p>
   </div>
   <div class='ocr_carea' id='block_1_97' title="bbox 1814 4567 3383 4645">
    <p class='ocr_par' dir='ltr' id='par_1_97' title="bbox 1814 4567 3383 4645">
     <span class='ocr_line' id='line_1_97' title="bbox 1814 4567 3383 4645; baseline 0.015 -23"><span class='ocrx_word' id='word_1_726' title='bbox 1814 4567 2084 4627; x_wconf 88' lang='lat' dir='ltr'><strong>Timothei</strong></span> <span class='ocrx_word' id='word_1_727' title='bbox 2149 4572 2396 4643; x_wconf 78' lang='lat' dir='ltr'><strong>praesulis</strong></span> <span class='ocrx_word' id='word_1_728' title='bbox 2466 4573 2818 4634; x_wconf 85' lang='lat' dir='ltr'><strong>Alexandrini</strong></span> <span class='ocrx_word' id='word_1_729' title='bbox 2882 4588 3383 4645; x_wconf 84' lang='lat' dir='ltr'><strong>excommunicatos</strong></span> 
     </span>
    </p>
   </div>
   <div class='ocr_carea' id='block_1_98' title="bbox 1809 4662 3381 4740">
    <p class='ocr_par' dir='ltr' id='par_1_98' title="bbox 1809 4662 3381 4740">
     <span class='ocr_line' id='line_1_98' title="bbox 1809 4662 3381 4740; baseline 0.012 -25"><span class='ocrx_word' id='word_1_730' title='bbox 1809 4675 1933 4717; x_wconf 90' lang='lat' dir='ltr'><strong>esse</strong></span> <span class='ocrx_word' id='word_1_731' title='bbox 1954 4672 2305 4733; x_wconf 87' lang='lat' dir='ltr'><strong>censuerunt,</strong></span> <span class='ocrx_word' id='word_1_732' title='bbox 2344 4664 2438 4736; x_wconf 91' lang='lat' dir='ltr'><strong>qui</strong></span> <span class='ocrx_word' id='word_1_733' title='bbox 2464 4664 2631 4722; x_wconf 85' lang='lat' dir='ltr'><strong>Leoni</strong></span> <span class='ocrx_word' id='word_1_734' title='bbox 2661 4662 2793 4740; x_wconf 88' lang='lat' dir='ltr'><strong>imp.</strong></span> <span class='ocrx_word' id='word_1_735' title='bbox 2842 4685 2941 4740; x_wconf 89' lang='lat' dir='ltr'><strong>pro</strong></span> <span class='ocrx_word' id='word_1_736' title='bbox 2970 4674 3158 4731; x_wconf 81' lang='lat' dir='ltr'><strong>eodem</strong></span> <span class='ocrx_word' id='word_1_737' title='bbox 3195 4678 3381 4734; x_wconf 88' lang='lat' dir='ltr'><strong>Timo-</strong></span> 
     </span>
    </p>
   </div>
   <div class='ocr_carea' id='block_1_99' title="bbox 1809 4751 3390 4830">
    <p class='ocr_par' dir='ltr' id='par_1_99' title="bbox 1809 4751 3390 4830">
     <span class='ocr_line' id='line_1_99' title="bbox 1809 4751 3390 4830; baseline 0.011 -24"><span class='ocrx_word' id='word_1_738' title='bbox 1809 4751 1935 4807; x_wconf 90' lang='lat' dir='ltr'><strong>theo</strong></span> <span class='ocrx_word' id='word_1_739' title='bbox 1978 4754 2285 4811; x_wconf 89' lang='lat' dir='ltr'><strong>consulenti</strong></span> <span class='ocrx_word' id='word_1_740' title='bbox 2336 4755 2440 4809; x_wconf 90' lang='lat' dir='ltr'><strong>hoc</strong></span> <span class='ocrx_word' id='word_1_741' title='bbox 2479 4756 2642 4811; x_wconf 89' lang='lat' dir='ltr'><strong>modo</strong></span> <span class='ocrx_word' id='word_1_742' title='bbox 2693 4760 3126 4830; x_wconf 88' lang='lat' dir='ltr'><strong>rescripserunt:</strong></span> <span class='ocrx_word' id='word_1_743' title='bbox 3200 4787 3219 4818; x_wconf 73' lang='grc' dir='ltr'><strong>ε</strong></span> <span class='ocrx_word' id='word_1_744' title='bbox 3275 4766 3390 4825; x_wconf 73' lang='lat' dir='ltr'><strong>an</strong></span> 
     </span>
    </p>
   </div>
   <div class='ocr_carea' id='block_1_100' title="bbox 1806 4845 3392 4918">
    <p class='ocr_par' dir='ltr' id='par_1_100' title="bbox 1806 4845 3392 4918">
     <span class='ocr_line' id='line_1_100' title="bbox 1806 4845 3392 4918; baseline 0.009 -18"><span class='ocrx_word' id='word_1_745' title='bbox 1806 4845 1971 4900; x_wconf 84' lang='lat' dir='ltr'><strong>etiam</strong></span> <span class='ocrx_word' id='word_1_746' title='bbox 1992 4845 2107 4917; x_wconf 89' lang='lat' dir='ltr'><strong>qui,</strong></span> <span class='ocrx_word' id='word_1_747' title='bbox 2148 4863 2273 4903; x_wconf 85' lang='lat' dir='ltr'><strong>cum</strong></span> <span class='ocrx_word' id='word_1_748' title='bbox 2312 4846 2515 4903; x_wconf 64' lang='lat' dir='ltr'><strong>scirent</strong></span> <span class='ocrx_word' id='word_1_749' title='bbox 2551 4847 2900 4906; x_wconf 87' lang='lat' dir='ltr'><strong>Timotheum</strong></span> <span class='ocrx_word' id='word_1_750' title='bbox 2941 4852 3111 4909; x_wconf 84' lang='lat' dir='ltr'><strong>fuisse</strong></span> <span class='ocrx_word' id='word_1_751' title='bbox 3154 4858 3392 4918; x_wconf 83' lang='lat' dir='ltr'><strong>damna-</strong></span> 
     </span>
    </p>
   </div>
   <div class='ocr_carea' id='block_1_101' title="bbox 1804 4937 3394 5021">
    <p class='ocr_par' dir='ltr' id='par_1_101' title="bbox 1804 4937 3394 5021">
     <span class='ocr_line' id='line_1_101' title="bbox 1804 4937 3394 5021; baseline 0.011 -32"><span class='ocrx_word' id='word_1_752' title='bbox 1804 4941 1943 5001; x_wconf 92' lang='lat' dir='ltr'><strong>tum,</strong></span> <span class='ocrx_word' id='word_1_753' title='bbox 1983 4938 2388 4994; x_wconf 86' lang='lat' dir='ltr'><strong>communicare</strong></span> <span class='ocrx_word' id='word_1_754' title='bbox 2437 4938 2514 4993; x_wconf 84' lang='lat' dir='ltr'><strong>illi</strong></span> <span class='ocrx_word' id='word_1_755' title='bbox 2564 4937 2685 4992; x_wconf 89' lang='lat' dir='ltr'><strong>sine</strong></span> <span class='ocrx_word' id='word_1_756' title='bbox 2730 4939 2974 5012; x_wconf 85' lang='lat' dir='ltr'><strong>periculo</strong></span> <span class='ocrx_word' id='word_1_757' title='bbox 3017 4944 3394 5021; x_wconf 82' lang='lat' dir='ltr'><strong>crediderunt,</strong></span> 
     </span>
    </p>
   </div>
   <div class='ocr_carea' id='block_1_102' title="bbox 1770 5022 3397 5102">
    <p class='ocr_par' dir='ltr' id='par_1_102' title="bbox 1770 5022 3397 5102">
     <span class='ocr_line' id='line_1_102' title="bbox 1770 5022 3397 5102; baseline 0.011 -22"><span class='ocrx_word' id='word_1_758' title='bbox 1770 5098 1773 5101; x_wconf 16' lang='grc' dir='ltr'><strong>η</strong></span> <span class='ocrx_word' id='word_1_759' title='bbox 1802 5037 2092 5084; x_wconf 86' lang='lat' dir='ltr'><strong>extraneos</strong></span> <span class='ocrx_word' id='word_1_760' title='bbox 2121 5044 2243 5086; x_wconf 89' lang='lat' dir='ltr'><strong>esse</strong></span> <span class='ocrx_word' id='word_1_761' title='bbox 2271 5028 2414 5086; x_wconf 87' lang='lat' dir='ltr'><strong>aDei</strong></span> <span class='ocrx_word' id='word_1_762' title='bbox 2445 5027 2681 5084; x_wconf 88' lang='lat' dir='ltr'><strong>Ecclesia</strong></span> <span class='ocrx_word' id='word_1_763' title='bbox 2705 5022 3037 5102; x_wconf 83' lang='lat' dir='ltr'><strong>judicamus,</strong></span> <span class='ocrx_word' id='word_1_764' title='bbox 3088 5044 3397 5101; x_wconf 83' lang='lat' dir='ltr'><strong>secundum</strong></span> 
     </span>
    </p>
   </div>
   <div class='ocr_carea' id='block_1_103' title="bbox 1803 5121 3402 5207">
    <p class='ocr_par' dir='ltr' id='par_1_103' title="bbox 1803 5121 3402 5207">
     <span class='ocr_line' id='line_1_103' title="bbox 1803 5121 3402 5207; baseline 0.006 -32"><span class='ocrx_word' id='word_1_765' title='bbox 1803 5123 2253 5187; x_wconf 87' lang='lat' dir='ltr'><strong>consequentiam</strong></span> <span class='ocrx_word' id='word_1_766' title='bbox 2301 5121 2604 5190; x_wconf 85' lang='lat' dir='ltr'><strong>regularem</strong></span> <span class='ocrx_word' id='word_1_767' title='bbox 2652 5125 2804 5180; x_wconf 90' lang='lat' dir='ltr'><strong>nulla</strong></span> <span class='ocrx_word' id='word_1_768' title='bbox 2841 5124 2923 5180; x_wconf 90' lang='lat' dir='ltr'><strong>eis</strong></span> <span class='ocrx_word' id='word_1_769' title='bbox 2962 5127 3143 5197; x_wconf 88' lang='lat' dir='ltr'><strong>venia,</strong></span> <span class='ocrx_word' id='word_1_770' title='bbox 3177 5150 3286 5192; x_wconf 77' lang='lat' dir='ltr'><strong>nec</strong></span> <span class='ocrx_word' id='word_1_771' title='bbox 3307 5150 3402 5207; x_wconf 82' lang='lat' dir='ltr'><strong>spe</strong></span> 
     </span>
    </p>
   </div>
   <div class='ocr_carea' id='block_1_104' title="bbox 1801 5210 3402 5285">
    <p class='ocr_par' dir='ltr' id='par_1_104' title="bbox 1801 5210 3402 5285">
     <span class='ocr_line' id='line_1_104' title="bbox 1801 5210 3402 5285; baseline 0.008 -22"><span class='ocrx_word' id='word_1_772' title='bbox 1801 5210 2165 5269; x_wconf 79' lang='lat' dir='ltr'><strong>restitutionis</strong></span> <span class='ocrx_word' id='word_1_773' title='bbox 2210 5212 2323 5268; x_wconf 89' lang='lat' dir='ltr'><strong>ullo</strong></span> <span class='ocrx_word' id='word_1_774' title='bbox 2363 5211 2527 5266; x_wconf 86' lang='lat' dir='ltr'><strong>modo</strong></span> <span class='ocrx_word' id='word_1_775' title='bbox 2574 5220 2914 5284; x_wconf 86' lang='lat' dir='ltr'><strong>remanente,</strong></span> <span class='ocrx_word' id='word_1_776' title='bbox 2966 5218 3109 5274; x_wconf 89' lang='lat' dir='ltr'><strong>sicut</strong></span> <span class='ocrx_word' id='word_1_777' title='bbox 3160 5226 3326 5285; x_wconf 70' lang='grc' dir='ltr'>ιρηίει</span> <span class='ocrx_word' id='word_1_778' title='bbox 3350 5235 3402 5279; x_wconf 81' lang='lat' dir='ltr'><strong>cr</strong></span> 
     </span>
    </p>
   </div>
  </div>
