3986 5312
588 266 721 323 ΗΜ

1564 259 1656 316 ιω
1690 259 1921 318 OPERA
1959 259 2020 319 s.
2057 257 2385 318 cnnconn
2419 220 2862 318 sermons.

3730 256 3849 314 1⁸31

589 379 924 454 octogesima
953 379 1147 459 regula
1172 378 1240 434 de
1266 377 1466 433 talibus
1496 384 1681 446 aperte
1717 375 1981 444 decernit,
2016 374 2176 444 cujus
2204 376 2251 433 A
2277 372 2592 443 huiusmodi
2608 354 3065 443 praesumptorum
3086 368 3261 426 olllcia
3280 368 3527 440 recipere
3544 368 3848 440 prolubuu;

589 475 807 530 initium
843 483 926 529 est
951 492 964 527 :
1002 492 1020 525 ‹
1061 470 1118 526 Si
1141 471 1265 542 quis
1292 470 1582 540 episcopus
1613 483 1643 524 a
1666 467 1927 540 synodo,»
1956 474 2012 522 et
2032 466 2161 521 reli-

556 581 723 636 (qua.
810 562 1150 634 Quapropter
1207 569 1261 617 et
1311 569 1500 615 noster
1558 558 1891 629 apostolicus
1942 557 2165 625 merito

596 656 815 728 pupulis
879 654 1052 711 oﬂicia
1114 653 1431 723 hujusmodi
1497 652 1824 707 clericorum
1873 649 2154 720 prohibuit

585 767 794 818 eorum,
822 748 1067 819 inquam,
1090 760 1229 818 quos
1246 762 1355 801 non
1385 755 1499 801 tam
1530 746 1646 815 ipse
1675 730 1972 806 damnavit,
1999 757 2166 812 quam

555 825 616 897 'a
666 841 765 897 SS.
816 840 1071 898 Patribus
1104 840 1220 911 jam
1267 839 1473 895 dudum
1507 838 1797 893 damnatos
1840 850 1962 892 esse
2010 849 2168 889 mon-

584 935 797 989 stravit.

651 1028 917 1083 Praeterea
969 1024 1351 1082 sanctissimus
1405 1037 1545 1095 papa
1591 1020 1895 1077 Alexander
1937 1034 1970 1074 a
2008 1018 2169 1074 beato

580 1119 742 1176 Petro
768 1120 1013 1191 quintus,
1045 1116 1140 1188 qui
1175 1117 1357 1187 potius
1403 1116 1459 1170 in
1507 1115 1723 1171 camino
1761 1113 1903 1184 ignis
1944 1125 2170 1166 concre-

579 1211 719 1266 mari
742 1225 908 1281 quam
932 1209 1151 1265 mentiri
1174 1207 1512 1263 fortissimus
1556 1206 1757 1261 athleta
1785 1203 2004 1274 delegit,
2031 1202 2167 1272 ipse,

580 1304 827 1374 inquam,
863 1317 967 1358 nec
998 1302 1332 1372 loquendum
1376 1300 1457 1355 eis
1495 1313 1618 1355 esse
1661 1306 1920 1364 testatur,
1971 1296 2172 1367 quibus

580 1394 669 1449 vel
696 1394 989 1466 episcopus
1020 1409 1120 1464 pro
1151 1392 1447 1449 sceleribus
1476 1405 1668 1446 eorum
1705 1388 1938 1444 sentitur
1974 1387 2170 1442 adver-

581 1501 697 1541 sus.
748 1484 815 1538 Et
841 1485 965 1549 hoc,
995 1499 1063 1539 ex
1089 1483 1264 1554 ipsius
1285 1481 1548 1553 principis
1579 1480 1953 1555 apostolorum
1978 1485 2171 1533 aucto-

582 1573 741 1630 ritate
762 1570 1069 1640 conlirmat,
1094 1573 1169 1628 ita
1188 1573 1398 1639 dicens,
1418 1586 1537 1641 cap.
1562 1569 1595 1624 6
1619 1569 1863 1641 (epistola
1889 1569 1968 1641 l):
1992 1587 2010 1621 ι
2037 1567 2172 1623 Bea-

583 1676 671 1722 tus
715 1666 913 1721 Petrus
941 1663 1027 1739 [C.
1075 1664 1165 1732 R.,
1214 1664 1469 1735 princeps
1514 1658 1935 1733 apostolorum],
1987 1659 2042 1714 in
2075 1674 2168 1716 or-

2267 480 2409 535 quos
2435 464 2820 521 sanctissimus
2845 464 2966 534 ejus
2991 463 3327 533 acquivoeus,
3356 470 3415 517 et
3440 477 3687 532 regnum
3714 461 3851 531 culpa

2268 571 2367 611 sua
2396 570 2737 628 praegravare
2761 563 2815 610 et
2840 555 2937 610 Dei
2965 554 3303 610 iracundiam
3332 554 3388 608 in
3430 569 3490 609 se
3527 554 3717 625 magis
3742 568 3851 624 pro-

2267 662 2464 702 vocare
2492 647 2746 703 asseruit.
2790 644 3064 729 Scriptum
3094 654 3180 701 est
3208 646 3353 701 enim
3380 664 3394 699 :
3434 665 3453 697 t
3478 644 3590 712 Qui
3614 647 3852 700 averterit

2268 753 2457 793 aurem
2490 754 2671 805 suam,
2698 754 2767 793 ne
2793 739 2977 793 audiat
3003 739 3197 809 legem,
3226 737 3587 793 exsecrabilis
3618 737 3731 791 erit
3757 750 3840 792 ora

2271 830 2345 885 tio
2368 831 2486 901 ejus
2516 830 2698 902 (Prov.
2730 832 2945 901 xxvm).
2973 849 2992 882 ι
3045 829 3167 897 Quo
3205 829 3436 885 crimine
3483 844 3694 884 omnes
3734 829 3838 884 obii

2269 931 2469 992 gantur
2498 922 2810 993 quicunque
2847 922 3151 978 canonibus
3184 937 3249 977 ac
3284 921 3675 977 sanctionibus
3708 921 3858 976 obsti-

2269 1024 2401 1070 nato
2429 1015 2614 1070 animo
2654 1014 3018 1086 refragantur.
3060 1013 3214 1070 Unde
3244 1022 3299 1069 et
3322 1029 3515 1069 eorum
3540 1013 3731 1068 oﬂicia
3755 1028 3859 1068 me.

2271 1107 2379 1162 rito
2408 1106 2626 1178 populis
2667 1106 3085 1174 interdicuntur,
3118 1121 3357 1178 quorum
3386 1106 3682 1160 orationes
3708 1106 3859 1160 omni-

2270 1206 2467 1270 potens
2512 1198 2659 1256 Deus
2703 1214 2816 1255 non
2862 1199 3007 1268 dico,
3053 1214 3164 1254 non
3210 1198 3427 1269 recipit,
3468 1198 3564 1253 sed
3614 1212 3851 1253 exsem

2272 1298 2382 1346 ῑιιτ.

2271 1439 2275 1447 ,
2346 1380 2453 1439 Sed
2480 1382 2595 1454 jam
2623 1385 2691 1441 ad
2711 1384 2891 1457 ipsum
2914 1383 3026 1440 Vas
3049 1382 3334 1440 electionis
3358 1367 3681 1448 veniamus,
3709 1381 3861 1453 quiet

2271 1476 2528 1548 przesenti
2577 1485 2782 1533 statuto
2835 1478 3011 1533 nostri
3057 1475 3347 1547 apostolici
3396 1490 3716 1531 consonare
3765 1490 3860 1529 non

2272 1570 2573 1625 dubitatur.
2629 1589 2647 1622 ι
2679 1569 2736 1623 Si
2760 1570 2827 1637 is,
2857 1569 3055 1640 inquit,
3080 1568 3173 1638 qui
3198 1566 3367 1622 frater
3388 1567 3864 1622 nominaturinter

2271 1677 2391 1729 vos,
2419 1669 2503 1718 est
2526 1661 2847 1729 fornicator,
2875 1670 2970 1717 aut
2995 1677 3215 1727 avarus,
3250 1668 3349 1714 aut
3394 1660 3557 1715 idolis
3605 1659 3861 1725 serviens,

580 1759 859 1815 dinatione
886 1757 1061 1813 sancti
1086 1755 1505 1828 przedecessoris
1535 1754 1711 1809 nostri
1751 1752 2047 1808 Clementis
2088 1751 2175 1806 in-
2205 1756 2250 1815 Β
2275 1762 2371 1810 aut
2396 1754 2716 1821 maledicus,
2749 1763 2845 1810 aut
2876 1754 3151 1822 ebriosus,
3188 1760 3285 1808 aut
3320 1768 3521 1822 rapax,
3562 1768 3697 1807 cum
3726 1752 3861 1822 ejus-

580 1861 801 1909 struens
825 1849 1030 1906 clerum
1058 1858 1115 1904 et
1135 1848 1421 1919 populum,
1456 1846 1570 1902 ait:
1600 1844 1659 1900 Si
1701 1845 1960 1901 inimicus
2004 1842 2171 1899 fuerit

579 1940 832 1998 Clemens
867 1941 1029 1996 alicui
1070 1955 1170 2010 pro
1200 1939 1415 1994 actibus
1455 1937 1592 2004 suis,
1638 1952 1737 1992 vos
1771 1936 1936 1991 nolite
1978 1950 2172 2006 exspe-

579 2042 731 2089 ctare
755 2042 815 2088 ut
836 2033 953 2103 ipse
976 2032 1133 2088 vobis
1147 2031 1296 2087 dicat
1318 2050 1331 2084 :
1355 2029 1496 2085 Cum
1516 2029 1609 2083 illo
1634 2028 1801 2083 nolite
1826 2026 1990 2084 amici
2015 2042 2167 2094 esse;

579 2125 677 2181 sed
716 2125 1007 2180 observare
1034 2124 1332 2195 prudenter
1369 2122 1597 2188 debetis,
1645 2129 1702 2176 ct
1744 2119 2008 2175 voluntati
2050 2119 2172 2188 ejus

580 2217 788 2289 absque
804 2217 1229 2274 commutatione
1243 2214 1691 2288 [commonitione
1710 2255 1727 2281 ,
1755 2213 1833 2266 sic
1875 2211 2025 2268 Rom.
2057 2198 2175 2284 σά]

580 2310 979 2377 obsecundare,
1006 2317 1061 2365 et
1088 2317 1334 2364 avertere
1357 2323 1457 2363 vos
1482 2307 1551 2362 ab
1574 2322 1640 2362 eo
1667 2306 1755 2362 cui
1786 2305 1968 2376 ipsum
2003 2304 2173 2360 senti-

580 2403 651 2461 tis
679 2404 997 2472 adversum;
1036 2402 1131 2459 sed
1160 2416 1263 2457 nec
1284 2400 1436 2471 loqui
1465 2400 1553 2456 his
1577 2399 1778 2470 quibus
1805 2399 1921 2468 ipse
1945 2413 2056 2453 non
2085 2397 2170 2453 lo-

580 2495 790 2567 quitur,
828 2502 890 2548 ut
925 2491 1306 2562 unusquisque
1331 2490 1428 2561 qui
1454 2490 1508 2543 in
1541 2489 1699 2558 culpa
1724 2496 1827 2554 est,
1862 2489 1993 2543 dum
2023 2488 2174 2558 cupit

580 2587 831 2644 omnium
865 2594 1107 2642 vestrum
1132 2583 1403 2639 amicitias
1426 2581 1589 2649 ferre,
1627 2581 1845 2637 festinet
1881 2582 2045 2637 citius
2092 2596 2174 2636 re-

580 2678 864 2737 conciliari
894 2678 945 2733 ei
978 2677 1073 2749 qui
1103 2677 1359 2732 omnibus
1394 2682 1620 2745 praeest;
1648 2682 1703 2729 et
1728 2689 1824 2744 per
1853 2674 1960 2731 hoc
1988 2673 2175 2729 redeat

579 2770 649 2826 ad
671 2770 921 2838 salutem,
939 2785 1064 2827 cum
1086 2768 1308 2825 obedire
1322 2765 1547 2838 coeperit
1563 2764 1785 2821 monitis
1809 2764 2170 2835 praesidentis.

583 2861 643 2918 Si
670 2877 803 2919 vero
828 2862 955 2934 quis
993 2861 1207 2919 amicus
1234 2858 1398 2915 fuerit
1424 2859 1532 2925 his,
1562 2858 1765 2929 quibus
1795 2858 1914 2928 ipse
1949 2872 2061 2913 non
2091 2857 2173 2911 lo—

581 2956 772 3028 quitur
799 2954 1025 3030 [quibus
1052 2954 1170 3025 ipse
1198 2952 1410 3009 amicus
1442 2967 1552 3007 non
1582 2958 1689 3018 est,
1719 2958 1774 3005 et
1796 2951 2014 3007 locutus
2054 2948 2173 3004 fue-

577 3048 653 3103 rit
694 3048 805 3115 liis,
855 3049 931 3101 sic
958 3046 1112 3102 Rom.
1143 3044 1275 3118 ed.],
1314 3059 1459 3100 unus
1486 3051 1573 3099 est
1598 3051 1654 3099 et
1684 3043 1801 3114 ipse
1841 3058 1908 3098 ex
1942 3042 2051 3097 illis
2077 3040 2172 3112 qui

2273 1847 2421 1903 modi
2456 1864 2556 1903 nec
2584 1847 2767 1902 cibum
2798 1862 3015 1904 sumere
3040 1845 3095 1916 (Ι
3131 1844 3254 1900 Cor.
3288 1844 3365 1916 v).
3400 1865 3420 1897 ι
3466 1843 3759 1910 Videlicet,
3780 1844 3860 1914 qui

2226 2013 2230 2018 .
2273 1940 2488 2008 nolunt,
2531 1941 2689 2011 juxta
2738 1940 3143 2001 ecclesiasticas
3188 1939 3528 2003 sanctiones,
3567 1937 3860 2003 emendari,

2270 2030 2398 2089 licet
2420 2033 2588 2089 certis
2617 2041 2673 2087 et
2696 2032 2931 2102 publicis
2958 2030 3282 2087 criminibus
3313 2018 3435 2086 sint
3453 2029 3709 2101 obligati.

2342 2124 2475 2181 Item
2506 2126 2574 2180 ad
2596 2124 3114 2180 Thessalonicenses
3142 2143 3153 2176 :
3200 2142 3219 2174 ι
3242 2122 3654 2178 Denuntiamus
3696 2132 3861 2177 autem

2270 2218 2449 2285 vobis,
2484 2216 2704 2285 fratres,
2740 2217 2796 2273 in
2832 2216 3055 2272 nomine
3084 2215 3299 2271 Domini
3339 2216 3519 2271 nostri
3547 2214 3687 2271 Iesu
3718 2214 3863 2270 Chri-

2273 2312 2363 2377 sti,
2410 2318 2470 2381 ut
2522 2311 2862 2366 subtrahatis
2910 2326 3009 2366 vos
3040 2310 3109 2364 ab
3149 2309 3299 2365 omni
3338 2307 3512 2364 fratre
3559 2310 3863 2363 ambulante

2273 2402 2581 2459 inordinate
2609 2410 2663 2457 et
2692 2417 2802 2456 non
2839 2401 3139 2457 secundum
3170 2401 3524 2456 traditionem
3564 2417 3734 2472 quam
3780 2416 3861 2455 ac-

2273 2502 2537 2566 ceperunt
2570 2511 2602 2550 a
2638 2494 2799 2550 nobis
2837 2493 2925 2565 (II
2963 2493 3141 2549 Thess.
3171 2496 3277 2564 ιιι).
3310 2512 3330 2546 ι
3374 2492 3444 2547 Ει
3491 2480 3859 2564 paulopost:

2279 2607 2299 2641 ί
2332 2585 2392 2642 Si
2420 2587 2544 2658 quis
2580 2602 2690 2643 non
2729 2587 2912 2642 obedit
2952 2587 3121 2641 verbo
3174 2594 3389 2652 nostro,
3439 2601 3542 2655 per
3585 2586 3861 2656 epistolam

2274 2680 2421 2736 hunc
2447 2688 2654 2749 notate,
2678 2687 2733 2736 et
2762 2696 2830 2736 ne
2858 2678 3326 2736 commisceamini
3354 2693 3486 2732 cum
3513 2678 3634 2745 illo,
3658 2686 3718 2732 ut
3734 2693 3859 2732 con-

2272 2771 2535 2828 fundatur
2564 2771 2779 2845 (Ibid.).
2811 2790 2830 2824 ι
2881 2770 3019 2827 Cum
3062 2771 3263 2843 quibus
3294 2771 3466 2843 igitur
3489 2771 3785 2842 Apostolus
3810 2769 3862 2824 6-

2273 2865 2422 2920 deles
2458 2881 2558 2919 nec
2585 2865 2924 2936 corporalem
2954 2864 3137 2920 cibum
3168 2879 3388 2919 sumere
3409 2864 3701 2934 permittit,
3732 2872 3802 2927 et,
3830 2878 3858 2917 a

2274 2973 2512 3028 quorum
2540 2957 2820 3013 consortio
2849 2957 3034 3013 fideles
3061 2955 3343 3012 discedere
3372 2955 3646 3026 praecipit,
3667 2955 3732 3010 de
3753 2956 3860 3009 eis-

2276 3050 2400 3105 dem
2426 3048 2741 3120 apostoliczc
2768 3048 3130 3105 institutionis
3157 3032 3637 3119 contemptoribus
3678 3059 3731 3102 et
3762 3063 3858 3117 po-

578 3139 944 3195 exterminare
971 3137 1271 3195 Ecclesiam
1298 3136 1394 3192 Dei
1422 3137 1631 3192 volunt.
1675 3134 1762 3203 Et,
1788 3151 1915 3192 cum
1940 3150 2170 3205 corpore
2198 3136 2239 3193 C
2272 3128 2400 3212 pulo
2430 3142 2676 3212 praecipit
2726 3151 2910 3198 noster
2951 3141 3284 3211 apostolicus
3329 3148 3390 3194 ut
3437 3140 3522 3196 eis
3566 3141 3752 3195 saltem
3795 3139 3857 3193 ad

577 3231 866 3288 vobiscum
895 3246 1023 3288 esse
1049 3231 1318 3297 videatur,
1350 3237 1533 3285 mente
1558 3237 1614 3285 et
1636 3228 1822 3283 animo
1859 3235 2051 3284 contra
2075 3240 2175 3281 vos

578 3333 691 3391 est;
725 3332 780 3381 et
813 3333 899 3381 est
938 3325 1112 3380 multo
1139 3324 1370 3395 nequior
1399 3323 1577 3379 hostis
1606 3322 1698 3380 hic
1741 3337 1909 3392 quam
1956 3320 2034 3375 illi
2078 3319 2174 3389 qui

577 3414 716 3473 foris
751 3424 881 3473 sunt
922 3423 977 3471 et
1017 3416 1297 3471 evidenter
1333 3414 1541 3470 inimici
1575 3422 1724 3470 sunt.
1757 3411 1856 3469 Hie
1879 3413 2048 3479 enim,
2079 3426 2176 3482 per

579 3507 950 3563 amicitiarum
1002 3508 1262 3577 speciem,
1305 3522 1428 3577 qua:
1470 3506 1692 3561 inimica
1739 3512 1868 3561 sunt
1911 3504 2067 3577 gerit,
2120 3511 2175 3559 et

578 3597 883 3656 Ecclesiam
920 3599 1186 3670 dispergit
1220 3614 1284 3655 ac
1319 3606 1518 3654 vastat.
1545 3616 1565 3651 ι

651 3689 755 3746 Ubi
784 3706 916 3763 ergo
944 3691 1060 3765 ipse
1086 3689 1342 3761 princeps
1370 3690 1745 3761 apostolorum
1784 3697 1895 3745 tam
1927 3688 2173 3745 districts

577 3781 835 3853 prohibet
866 3797 935 3837 ne
959 3781 1084 3853 quis
1113 3782 1193 3837 eis
1218 3782 1411 3837 saltem
1437 3782 1715 3852 loquatur,
1744 3781 1838 3852 qui
1855 3780 2172 3850 apostolicis

573 3873 849 3930 institutis
863 3886 975 3931 non
992 3874 1372 3943 obsecundare
1387 3874 1889 3944 deprehenduntur,
1918 3874 1989 3928 ibi
2005 3873 2171 3928 etiam

576 3967 983 4023 evidentissime
1030 3975 1179 4024 vetat
1220 3983 1289 4024 ne
1331 3968 1567 4038 populus
1616 3966 1817 4023 missas
1868 3975 1923 4023 et
1960 3967 2171 4037 reliqua

576 4057 900 4129 hujusmodi
928 4059 1103 4116 oﬂicia
1126 4061 1195 4116 ab
1222 4062 1303 4117 eis
1331 4061 1586 4131 recipiat:
1626 4079 1644 4111 ι
1668 4059 1785 4116 Mos
1808 4060 1953 4115 enim
1984 4060 2170 4130 populi

575 4147 694 4218 Dei,
729 4170 747 4203 ι
795 4151 951 4221 juxta
982 4151 1347 4225 Augustinum
1390 4152 1564 4223 (epist.
1595 4151 1665 4206 86
1691 4153 1760 4208 ad
1788 4151 2168 4223 Casulanum),

581 4260 600 4292 ι
620 4256 722 4311 pro
736 4242 855 4323 lege
868 4244 1161 4323 tenendus,
1174 4264 1192 4296 ι
1210 4245 1534 4317 comprobat
1546 4244 1706 4301 nobis
1723 4260 1849 4319 cum
1864 4245 2171 4300 canonibus

572 4341 635 4387 nt
669 4336 906 4405 populus
954 4336 1332 4410 cujuscunque
1377 4337 1680 4395 sacerdotis
1714 4338 1914 4398 missas
1962 4337 2168 4406 audiat,

573 4426 694 4496 ejus
722 4428 892 4484 etiam
923 4429 1154 4502 singulis
1192 4430 1617 4488 salutationibus
1643 4429 1699 4485 in
1734 4428 2163 4501 missa‘respon-

569 4519 715 4575 deat.
759 4519 1102 4592 Quapropter
1136 4523 1373 4592 populus
1421 4522 1736 4592 hujusmodi
1778 4522 2164 4592 praevaricato-

571 4628 699 4668 rum
736 4613 938 4669 missas
979 4613 1291 4669 nullatenus
1334 4614 1578 4683 recipiet,
1609 4615 1655 4670 si
1684 4614 1856 4685 ipsius
1901 4614 2164 4686 principis

571 4706 949 4774 apostolorum
988 4706 1317 4761 sententiam
1353 4706 1649 4762 observare
1682 4707 1845 4762 volet.

639 4795 770 4852 Car.
795 4796 983 4852 XVIII.
1027 4797 1420 4855 Sanctissimus
1439 4814 1577 4869 pana
1600 4797 1897 4870 Gregorius
1918 4797 2034 4870 (lib.
2062 4814 2159 4866 vn,

546 4890 726 4966 (epist.
772 4889 896 4962 116)
941 4890 1187 4946 scribens
1226 4891 1294 4946 ad
1320 4906 1479 4963 reges
1506 4890 1848 4947 Francorum
1872 4892 1939 4947 de
1966 4890 2161 4960 hujus-

571 4982 721 5040 modi
762 4984 1161 5051 sacerdotibus,
1199 4999 1476 5040 canonum
1513 4983 2003 5053 contemptoribus,
2040 4998 2159 5052 cap.

572 5073 679 5127 155
709 5071 795 5145 [Ο.
825 5072 918 5140 R.,
943 5074 1034 5147 75]
1065 5084 1298 5133 testatur
1334 5096 1353 5128 ι
1376 5077 1521 5148 quod
1544 5092 1774 5148 regnum
1801 5092 1870 5131 ex
1895 5075 2053 5145 culpa
2078 5084 2162 5133 ta-

571 5164 709 5219 lium
737 5165 1083 5221 sacerdotum
1105 5178 1492 5239 praegravetur.
1525 5186 1544 5222 ›
1589 5167 1657 5223 Et
1680 5176 1804 5238 post
1827 5183 2000 5237 pauca
2029 5167 2163 5221 sub-

571 5256 790 5312 iunxit:
826 5272 845 5304 ‹
867 5253 1058 5312 Maior.
1096 5259 1292 5312 inquit.
1329 5261 1619 5312 metuenda
1648 5270 1735 5312 est
1762 5261 1898 5312 locis
1934 5259 2040 5312 illis
2068 5275 2163 5312 ca-

2273 3232 2617 3289 Dominicam
2646 3250 2893 3289 mensam
2936 3248 3047 3288 non
3082 3232 3540 3300 communicaret,
3582 3241 3639 3286 et
3680 3247 3856 3287 eorum

2274 3324 2521 3380 societati
2554 3340 2611 3381 se
2641 3327 2835 3381 saltem
2863 3341 2929 3381 eo
2964 3333 3207 3395 tempore
3238 3325 3613 3391 subtraheret,
3637 3340 3757 3380 cum
3784 3324 3855 3376 illi

2272 3426 2463 3474 contra
2495 3416 2577 3474 fas
2615 3426 2669 3473 et
2691 3419 2785 3489 jus
2821 3410 2978 3475 sacra
3005 3418 3263 3491 mysteria
3290 3417 3344 3471 in
3369 3418 3677 3488 perniciem
3711 3432 3856 3472 suam

2273 3519 2623 3580 usurparent.
2674 3509 2837 3566 Juxta
2877 3510 3201 3581 Apostolum
3251 3510 3399 3565 enim
3433 3552 3449 3574 ,
3494 3530 3513 3561 ι
3547 3509 3855 3578 Quicunque

2272 3600 2618 3657 Dominicum
2648 3618 2842 3674 panem
2897 3611 2952 3658 et
2978 3602 3199 3657 calicem
3231 3602 3400 3657 sumit
3449 3602 3695 3673 indigne,
3740 3617 3856 3655 reus

2271 3694 2377 3749 erit
2408 3694 2654 3765 corporis
2694 3703 2747 3749 et
2789 3693 3072 3766 sanguinis
3100 3691 3349 3758 Domini;
3387 3702 3444 3748 et
3465 3694 3732 3764 judicium
3758 3692 3855 3746 sibi

2272 3786 2568 3841 manducat
2598 3794 2652 3841 et
2692 3787 2828 3841 bibit
2857 3785 2910 3859 (I
2942 3784 3066 3841 Cor.
3109 3786 3205 3853 ιι).
3239 3805 3258 3836 ι
3323 3783 3485 3853 Quod
3539 3800 3728 3841 omnes
3773 3781 3853 3836 fa-

2271 3878 2426 3935 ciunt
2472 3878 2569 3949 qui
2611 3877 3052 3944 fornicationem,
3093 3879 3178 3933 vel
3217 3878 3506 3933 avaritiam
3547 3893 3656 3932 non
3691 3877 3853 3933 solum

2223 4038 2229 4043 ν
2271 3986 2546 4039 exercere,
2579 3972 2674 4028 sed
2700 3972 2864 4027 etiam
2892 3970 3166 4027 obstinato
3201 3970 3390 4026 animo
3419 3969 3711 4043 defendere
3732 3984 3855 4039 prae-

2273 4072 2518 4119 sumunt.
2565 4062 2641 4118 De
2692 4064 2894 4134 quibus
2948 4063 3244 4134 Apostolus
3292 4063 3470 4118 dicit:
3524 4082 3544 4115 ι
3574 4061 3851 4130 Quoniam.

2272 4155 2367 4225 qui
2426 4156 2556 4212 talia
2603 4166 2812 4228 agunt,
2863 4172 3093 4230 regnum
3141 4154 3238 4212 Dei
3290 4170 3401 4211 non
3460 4162 3852 4226 consequentur

2220 4310 2225 4316 ,
2274 4245 2420 4315 (Gal.
2574 4266 2594 4301 ι

2343 4338 2449 4407 Qui
2479 4341 2643 4396 etiam
2668 4357 2768 4412 pro
2790 4342 2995 4399 eisdem
3022 4342 3350 4399 criminibus
3384 4341 3551 4411 juxta
3573 4340 3849 4413 canonicas

2274 4434 2585 4491 sanctiones
2611 4435 2875 4511 damnati,
2921 4436 3266 4492 interdictum
3301 4434 3407 4490 sibi
3437 4434 3677 4490 ollicium
3701 4443 3851 4488 teme-

2268 4526 2412 4581 raria
2461 4528 2820 4596 usurpatione
2878 4527 3245 4599 frequentant.
3301 4526 3513 4598 Nempe
3575 4528 3677 4598 ipsi
3719 4541 3851 4597 quos

2266 4618 2484 4688 proprie
2524 4634 2787 4675 vocamus
2835 4620 3181 4690 pmnitentes,
3230 4620 3357 4674 licet
3404 4636 3508 4690 pro
3553 4619 3846 4690 hujusmodi

2268 4709 2591 4767 criminibus
2641 4711 2920 4767 canonicze
2960 4711 3261 4781 disciplinae
3306 4712 3448 4767 colla
3501 4714 3843 4773 submittant,

2221 4857 2227 4862 .
2268 4818 2377 4858 non
2421 4810 2605 4858 tamen
2654 4803 2855 4859 divinis
2896 4804 3256 4859 sacramentis
3282 4813 3398 4859 tam
3429 4814 3639 4862 temere
3664 4820 3843 4874 appro-

2267 4894 2495 4951 ximant.
2535 4892 2710 4962 Unde,
2736 4895 2893 4966 juxta
2928 4895 3253 4951 sententiam
3280 4894 3341 4950 Β.
3376 4894 3683 4954 Innocentii
3705 4910 3839 4967 ναμε

2271 4986 2447 5058 (epist.
2492 4988 2584 5055 29,
2637 4988 2765 5047 edit.
2797 4987 2997 5059 Rom),
3031 5004 3133 5043 nec
3158 4988 3406 5044 inﬁrmos
3427 4991 3769 5060 paenitentes,
3789 4997 3841 5040 at

2271 5079 2513 5150 reliquos
2559 5088 2905 5151 aegrotantes,
2960 5095 3118 5136 sacro
3165 5080 3466 5138 chrismate
3519 5083 3648 5153 ungi
3689 5082 3837 5136 licet:

2278 5190 2296 5222 ι
2315 5169 2450 5226 Nam
2480 5172 2700 5242 quibus,
2726 5172 2902 5242 inquit
2919 5172 3068 5245 [item
3089 5173 3152 5227 de
3178 5190 3407 5239 censen,
3435 5176 3495 5231 d.
3521 5176 3575 5243 5,
3594 5175 3667 5229 De
3688 5173 3839 5243 parti-

2275 5262 2502 5312 tentibus
2526 5261 2667 5312 heroi
2688 5264 3141 5312 (nmnilentilmsl-
3170 5272 3225 5312 et
3240 5266 3314 5312 ml
3341 5282 3449 5312 mm
3478 5276 3737 5312 nouantur
3762 5278 3841 5312 sa-
