3986 5312
264 92 411 157 H33

1142 88 1429 151 APPEND.
1471 92 1557 149 lit.
1600 118 1668 133 -—
1704 50 2133 149 monumenta
2170 83 2634 148 GREGORIANA.

3378 84 3518 141 H54

257 209 585 271 criminibus
634 208 749 266 suis
796 205 1191 277 satisfacientes
1241 208 1439 264 divinis
1482 207 1840 262 sacramentis
1871 206 1913 263 Α
1941 218 2168 258 uxorem
2211 196 2420 267 habuit,
2467 199 2612 271 quod
2646 212 2756 255 non
2798 201 3044 269 oporteat
3076 208 3144 251 eo
3177 178 3518 251 ministrante

250 304 571 376 judicantur
608 300 834 372 indigni,
880 308 1084 370 quanto
1113 300 1285 371 magis
1312 300 1409 364 illi,
1444 300 1535 369 qui
1567 313 1676 353 non
1712 314 1829 369 pm-

256 394 456 457 nitere,
488 391 581 446 sed
609 391 799 460 culpas
831 404 960 446 suas
988 390 1102 460 jam
1131 391 1335 446 dudum
1372 390 1672 460 publicatas
1706 405 1830 459 pcr-

257 483 516 536 tinaeiter
549 480 836 536 defendere
864 481 1174 536 conantur?
1202 482 1315 551 qui,
1349 480 1502 554 et[C.
1538 479 1625 549 R.,
1662 497 1832 537 cano-

256 571 448 644 nibus]
476 572 748 627 obstinato
789 572 972 627 animo
1013 573 1325 628 resistentes
1365 573 1528 627 etiam
1571 572 1833 644 Spiritum

254 673 512 718 sanctum
529 662 904 732 hiaspbemare
926 663 1239 733 probantur.
1271 662 1361 718 Sic
1382 665 1526 719 enim
1550 664 1609 720 Β.
1640 664 1836 722 Dama-

254 773 357 813 sus
380 774 517 828 papa
548 759 602 813 in
641 758 867 828 epistola
894 758 1006 829 (25,
1037 775 1091 832 q.
1139 760 1191 827 l,
1222 777 1272 817 c.
1316 761 1369 827 5,
1417 760 1731 835 Violatom)
1768 765 1838 825 ad

257 848 320 903 S.
353 849 632 905 Aurelium
658 850 1140 923 Carthaginensem
1170 852 1639 924 archiepiscopum
1671 864 1838 911 testa-

254 951 353 996 tur
382 962 395 997 :
432 963 449 993 ι
480 942 804 1011 Violatores,
827 946 1022 1015 inquit,
1048 947 1639 1019 canonum_volnntarii
1663 952 1839 1021 gravi-

257 1041 344 1089 ter
367 1049 399 1088 a
431 1033 529 1089 SS.
563 1034 815 1093 Patribus
836 1037 1172 1108 judicantur,
1208 1048 1262 1095 et
1304 1054 1335 1095 a
1375 1049 1566 1097 sancto
1609 1041 1837 1114 Spiritu,

257 1124 445 1195 (cujus
477 1125 737 1183 instinctu
768 1143 834 1184 ac
873 1129 1017 1185 dono
1061 1130 1247 1186 dictati
1291 1134 1441 1204 sunt)
1488 1135 1841 1209 damnantur,

1931 293 2001 348 de
2039 292 2314 348 oblatione
2344 292 2642 362 percipere,
2689 286 2978 344 anathema
3012 287 3102 343 sit.
3135 305 3155 340 ι
3195 286 3309 343 Hoc
3348 288 3514 343 etiam

1933 395 2114 453 caput,
2146 384 2301 453 juxta
2329 382 2476 438 Petri
2526 380 2757 451 apostoli
2803 380 3205 435 attestationem
3250 379 3306 434 in
3358 394 3516 435 suam

1932 475 2177 545 ipsorum
2212 474 2507 545 perniciem
2551 472 2908 542 depravantes
2951 469 3040 542 (11
3083 470 3233 525 Petr.
3283 470 3389 541 ιιι),
3437 470 3516 526 ita

1934 564 2286 635 pronuntiant
2314 581 2328 618 :
2364 582 2382 616 ι
2411 563 2735 633 Quicunque
2770 562 3102 618 recusaverit
3124 561 3350 617 missam
3378 577 3520 617 con-

1931 654 2105 726 jugati
2127 655 2446 726 presbyteri,
2468 656 2755 710 anathema
2782 655 2871 722 sit,
2903 672 2921 705 ι
2950 653 3154 709 scilicet
3182 663 3242 708 ut
3263 670 3357 709 eos
3379 669 3518 711 ana-

1937 746 2317 802 thematizatos
2339 761 2461 801 esse
2481 746 2856 801 demonstrent
2878 745 2992 816 qui,
3008 745 3324 815 apostolicis
3353 746 3517 801 instio

1936 837 2066 894 tutis
2098 837 2426 905 obedientes,
2447 837 2896 893 incontinentiam
2924 838 3361 910 presbyterorum
3386 840 3521 896 mis-

1936 944 2027 985 sas
2062 929 2303 999 recipere
2346 929 2662 985 detrectent.
2717 928 2825 985 Sed
2864 929 3088 987 frustm.
3129 928 3266 985 Nam
3313 932 3514 1003 praedi-
3558 942 3573 953 °

1937 1028 2085 1076 ctum
2111 1030 2273 1091 caput
2300 1020 2422 1077 illos
2456 1030 2666 1077 tantum
2689 1022 3111 1078 anathematizat
3135 1022 3229 1093 qui
3252 1033 3520 1095 respuunt

1939 1112 2238 1185 presbyteri
2284 1112 2651 1180 oblationem,
2689 1128 2798 1168 non
2842 1113 2937 1184 qui
2985 1114 3146 1169 modo
3188 1114 3369 1181 habet,
3420 1116 3518 1177 sed

255 1218 518 1288 quoniam
569 1219 944 1290 blasphemare
988 1220 1249 1293 Spiritum
1299 1203 1547 1282 sanctum
1599 1244 1709 1284 non
1759 1203 1844 1287 in;
1940 1203 2033 1275 qui
2068 1204 2342 1295 “Md”?
2378 1204 2567 1260 habuit
2597 1219 2842 1260 “mrem'
2878 1203 2956 1258 Eo
2984 1204 3132 1261 enim
3166 1214 3427 1278 wmpore'
3457 1217 3520 1262 ut

255 1323 499 1380 congrue
546 1311 795 1367 videntur
823 1315 917 1384 qui
941 1326 1130 1372 contra
1156 1317 1375 1375 eosdem
1398 1335 1585 1378 saeros
1604 1339 1846 1385 canones
1941 1295 2199 1366 probs“
2244 1294 2577 1367 Gangem“
2607 1296 2826 1351 conca“
2864 1305 3114 1363 tesmur’
3156 1308 3312 1353 erant
3338 1299 3516 1357 hac"

254 1416 367 1455 non
395 1403 716 1460 necessitate
737 1408 1023 1478 compulsi,
1041 1410 1135 1465 sed
1159 1409 1409 1479 libenter,
1426 1423 1485 1469 ut
1499 1419 1844 1486 praemissum

252 1499 360 1558 est,
383 1493 585 1564 aliquid
613 1503 707 1551 aut
727 1508 972 1568 proterve
994 1511 1180 1573 agunt,
1200 1513 1296 1558 aut
1313 1504 1461 1576 loqui
1483 1522 1840 1581 praesumunt,

1943 1386 2378 1443 tici.sectatores
2417 1388 2705 1458 cujusdam
2749 1386 2987 1444 Eustasii
3036 1388 3374 1463 [Eustathii],
3421 1391 3516 1461 qui

1942 1477 2211 1549 legitimas
2259 1478 2477 1550 nuptias
2511 1480 2673 1550 quasi
2697 1480 2924 1536 mortale
2948 1480 3155 1536 crimen
3186 1482 3517 1538 condemna-

253 1593 352 1637 aut
375 1583 554 1640 facere
581 1588 883 1645 volentibus
903 1568 1094 1662 sponte
1114 1568 1500 1653 consentiunt:
1514 1597 1660 1656 Talis
1684 1568 1840 1660 enim,
1871 1573 1913 1629 Β
1938 1568 2089 1635 δ³¹¹ί⁹
2123 1579 2429 1627 asserean
2464 1571 2672 1626 "unum
2697 1571 2754 1626 in
2778 1573 3050 1662 ,°°“i“9““
3079 1574 3245 1644 sud"
3276 1576 3515 1645 pomum

254 1678 608 1748 praesumptio
632 1680 917 1738 manifeste
945 1700 1113 1739 unum
1141 1701 1313 1757 genus
1335 1697 1420 1745 est
1452 1690 1834 1762 blaspheman-

254 1766 394 1821 tinm
434 1766 692 1839 Spiritum
739 1782 1009 1830 sanctum.
1056 1775 1214 1845 Quia,
1246 1788 1307 1835 ut
1335 1780 1449 1852 jam
1491 1785 1830 1854 prmlibatum

251 1869 361 1926 est,
392 1870 580 1918 contra
601 1880 725 1920 eum
753 1867 863 1939 agit
892 1869 1050 1941 cujus
1084 1882 1219 1928 nutu
1248 1882 1302 1929 et
1329 1876 1503 1948 gratia
1538 1881 1709 1936 sancti
1734 1897 1832 1939 ca-

254 1967 431 2010 nones
458 1956 589 2011 editi
616 1968 760 2015 sunt.
795 1979 813 2013 l
1420 1972 1425 1975 “

322 2044 512 2117 Itaque
546 2049 621 2104 illi
656 2053 965 2111 sacerdotes
990 2056 1084 2128 qui
1123 2040 1235 2114 tam
1269 2062 1606 2132 gravissimis
1639 2068 1828 2125 crimi-

254 2137 497 2196 minibus
540 2152 668 2198 sunt
711 2145 951 2218 obligati,
996 2149 1108 2205 imo
1145 2151 1238 2222 qui
1268 2168 1366 2223 pro
1401 2155 1603 2212 eisdem
1635 2175 1832 2217 secun-

252 2233 385 2289 dum
410 2239 669 2295 canonica
693 2240 935 2299 instituta
953 2244 1065 2317 jam
1087 2255 1215 2302 sunt
1235 2248 1497 2317 damnati,
1522 2254 1833 2313 nullatenus

252 2332 364 2386 nisi
390 2334 445 2388 in
483 2339 777 2406 perniciem
812 2355 968 2396 suam
1003 2342 1311 2401 sacrificare
1354 2356 1601 2417 possunt.
1655 2348 1828 2421 Unde,

252 2432 308 2478 et
337 2425 422 2518 illi
455 2443 564 2483 non
597 2446 789 2500 parum
824 2432 1266 2511 deliquerunt[C.
1293 2437 1382 2505 Β..
1408 2440 1828 2518 delinquerent],

253 2517 570 2591 quicunque
591 2522 723 2592 ipsis
744 2524 798 2578 in
819 2526 1095 2596 propriam
1123 2545 1309 2585 necem
1328 2532 1638 2590 sacrificare
1669 2551 1829 2592 usur-

251 2611 533 2691 pantibns,
565 2631 661 2685 per
689 2618 877 2673 solitas
907 2621 1289 2691 responsiones
1312 2625 1368 2680 in
1401 2625 1568 2682 missa
1596 2626 1830 2685 scienter

251 2698 536 2774 cooperari
584 2720 989 2778 praesumerent.
1029 2711 1147 2769 Non
1180 2714 1325 2771 enim
1364 2731 1463 2786 pro
1504 2733 1671 2788 parvo
1722 2721 1831 2776 cri-

182 2868 189 2872 .
253 2795 408 2850 mine
444 2795 752 2869 haberetur,
792 2802 838 2859 si
883 2804 1008 2874 quis
1050 2804 1211 2862 alicui
1259 2807 1499 2877 seipsum
1540 2810 1829 2870 crudeliter

178 2960 187 2965 ἡ
252 2888 522 2945 occidenti
558 2892 792 2948 scienter
818 2906 1213 2966 cooperaretur.
1260 2896 1671 2969 Sapientissime
1697 2918 1827 2976 ergo

253 2989 443 3035 noster
470 2985 798 3055 apostolicus
828 2989 1087 3058 populum
1128 2988 1438 3061 hujusmodi
1467 3005 1828 3065 praesumpto-

253 3086 380 3125 rnm
415 3077 859 3144 usurpationibus
901 3078 1164 3138 interesse
1205 3082 1498 3153 prohibuit,
1549 3102 1687 3157 quas
1716 3102 1822 3143 non

172 3240 179 3243 _
250 3164 434 3218 Solum
472 3166 785 3226 ductoribus
812 3187 1019 3241 earum,
1050 3173 1145 3230 sed
1176 3183 1232 3231 et
1253 3178 1623 3247 receptoribus
1644 3179 1828 3249 perni-

174 3330 177 3333 b
249 3248 439 3313 ciosas
465 3274 586 3317 esse
614 3278 721 3318 non
743 3263 1042 3336 ignoravit.
1081 3265 1174 3324 Sic
1197 3269 1344 3324 enim
1378 3269 1491 3340 ipse
1510 3269 1775 3327 Dominus
1794 3287 1826 3328 a

250 3346 398 3404 Core
422 3350 649 3424 ejusque
674 3357 1022 3426 sequacibus,
1046 3360 1390 3418 sacrificandi
1415 3361 1649 3420 cilicium
1673 3379 1829 3420 usur-

252 3443 533 3511 pantibus,
580 3445 818 3519 reliquos
868 3449 1009 3508 ﬁlios
1052 3449 1215 3508 Israel
1261 3453 1537 3512 discedere
1575 3456 1829 3528 prmcepit

252 3531 447 3604 (Num.
475 3536 606 3609 xvi),
631 3554 699 3594 ne
719 3540 955 3610 peccatis
977 3556 1165 3599 eorum
1188 3542 1612 3615 inveherentur,
1642 3548 1828 3618 sicque

247 3625 633 3684 crudelissima
674 3640 850 3687 morte
879 3648 1004 3689 cum
1034 3633 1238 3691 eisdem
1271 3637 1522 3696 damnari
1555 3653 1829 3695 mereren-

248 3728 365 3775 tur.
400 3719 538 3777 Nam
569 3723 671 3794 ipsi
693 3725 1086 3793 haeresiarchas,
1112 3729 1381 3799 videlicet,
1402 3731 1563 3800 Core,
1592 3732 1825 3802 Dathan,

245 3821 307 3866 et
327 3812 556 3882 Abiron,
603 3832 727 3872 cum
776 3818 1028 3875 universa
1067 3835 1255 3876 eorum
1292 3822 1596 3879 substantia
1623 3825 1729 3879 vivi
1756 3827 1829 3882 ad

250 3899 528 3956 infernum
545 3919 610 3959 ex
636 3904 929 3975 improviso
949 3907 1366 3967 descenderunt.
1407 3909 1680 3983 Sequaces
1700 3930 1828 3970 vero

248 4008 446 4048 eorum
480 4010 575 4064 per
602 3995 780 4068 ignem
809 4014 1089 4071 egressum
1113 4018 1145 4056 a
1170 4001 1402 4060 Domino
1434 4005 1650 4075 penitus
1681 4021 1829 4062 com-

250 4085 377 4139 ouri
411 4098 725 4145 meruerunt
746 4087 960 4163 (Ibid.).
997 4090 1203 4149 Horum
1231 4095 1394 4166 igitur
1418 4096 1756 4154 subitaneam
1776 4109 1832 4156 et

250 4176 654 4234 scverissimam
688 4181 943 4239 ultionem
985 4185 1059 4239 illi
1089 4186 1373 4258 diligenter
1399 4190 1702 4258 attendant,
1734 4192 1830 4264 qui

250 4276 445 4324 contra
487 4273 783 4341 apostolica
812 4286 1078 4348 praecepta
1120 4279 1469 4336 interdictum
1509 4281 1611 4338 sibi
1646 4298 1826 4340 sacer-
1859 4300 1902 4356 ι)

166 4371 173 4377 ’
252 4359 433 4415 .lotale
454 4361 689 4419 cilicium
713 4366 983 4423 obstinata
1005 4371 1305 4425 temeritate
1339 4381 1621 4443 usurpant.

320 4472 436 4531 Nec
478 4477 653 4534 otiose
702 4489 931 4537 mortem
968 4480 1092 4539 02a:
1136 4483 1498 4553 considerent,
1539 4487 1653 4558 qui,
1701 4504 1825 4544 cum

252 4565 424 4621 David
451 4558 634 4624 arcam
666 4569 879 4625 Domini
910 4573 976 4628 de
1010 4573 1297 4630 Philistiim
1323 4574 1378 4630 in
1410 4592 1551 4630 novo
1583 4560 1827 4648 plaustro

253 4658 551 4723 reduceret,
579 4676 611 4714 a
638 4659 869 4717 Domino
892 4679 1184 4733 percussus
1212 4666 1436 4735 interiit,
1462 4683 1526 4722 eo
1557 4669 1702 4737 quod
1733 4684 1825 4723 ar-

255 4765 398 4818 cam,
427 4751 555 4807 licet
575 4753 688 4822 jam
723 4769 999 4824 casuram,
1030 4774 1193 4813 manu
1219 4768 1526 4814 sustentare
1557 4774 1824 4829 praesum-

254 4842 423 4910 pscrit
472 4838 558 4915 (II
600 4844 725 4917 Reg.
771 4847 869 4916 Vl).
918 4845 974 4900 Si
1017 4834 1165 4903 enim‘
1201 4849 1289 4905 ille
1321 4851 1513 4906 merito
1545 4850 1705 4920 periit
1732 4855 1826 4925 qui

258 4950 457 4991 .emere
492 4937 705 5007 quidem
766 4939 863 5011 sed
892 4938 1117 5012 benigne
1143 4956 1323 4997 arcam
1349 4941 1561 4998 Domini
1615 4951 1831 5005 tantum
1870 5019 1874 5022 ~

260 5026 446 5096 tetigit,
477 5041 678 5098 quanto
700 5028 877 5099 magis
898 5029 1004 5098 ille,
1033 5032 1127 5104 qui
1155 5042 1338 5089 contra
1353 5034 1435 5091 fas
1456 5043 1511 5089 et
1524 5033 1619 5103 jus
1644 5036 1826 5107 ipsum
1866 5116 1869 5119 ἢ

261 5131 448 5188 corpus
470 5117 677 5177 Domini
706 5128 1048 5178 contrectare
1093 5121 1302 5195 sibique
1326 5126 1674 5196 irieorporare
1685 5146 1829 5202 pra}—

262 5209 420 5262 sumit
441 5209 689 5281 indignus
713 5210 738 5264 τ

1933 1675 2086 1731 spem
2115 1662 2315 1719 habere
2364 1663 2508 1734 apud
2542 1663 2733 1719 Deum.
2775 1661 2929 1720 Unde
2968 1673 3023 1720 et
3059 1665 3360 1723 oblationes
3386 1683 3514 1739 pre-

1932 1752 2297 1824 sbyterorum,
2328 1754 2492 1810 etiam
2520 1764 2646 1810 ante
2686 1755 3082 1813 ordinationem
3115 1759 3353 1829 legitime
3374 1775 3512 1815 con-

1927 1844 2563 1920 jugatorum,respuisse
2606 1848 2915 1905 traduntur.
2968 1848 3176 1921 Quippe
3213 1851 3513 1923 legitimum

1930 1937 2248 2010 conjugium
2290 1954 2390 2011 pro
2432 1940 2649 1997 mortali
2694 1940 2925 1997 crimine
2969 1942 3309 2012 deputantes,
3353 1944 3515 2015 quale

1931 2030 2097 2085 etiam
2119 2030 2165 2085 si
2193 2031 2317 2102 quis
2343 2031 2447 2087 hoc
2469 2040 2711 2103 tempore
2739 2040 3082 2103 perpetrasse
3108 2034 3396 2106 detegitur,
3429 2036 3513 2090 al-

1930 2122 2038 2176 tari
2071 2121 2556 2193 ministrarejuxta
2587 2139 2828 2180 canones
2866 2139 2975 2178 non
3004 2126 3353 2195 permittitur.
3402 2127 3516 2183 Me-

1932 2213 2039 2270 rito
2084 2213 2250 2285 igitur
2291 2206 2731 2270 anathematizati
2765 2224 2895 2271 sunt
2924 2216 3083 2271 iidem
3125 2218 3386 2287 haeretici,
3414 2220 3514 2275 do-

1932 2307 2289 2376 gmatizantes
2332 2315 2523 2363 contra
2574 2308 2708 2363 illud
2754 2308 2999 2378 Apostoli
3033 2326 3045 2363 :
3086 2328 3105 2360 ‹
3136 2309 3193 2363 Si
3238 2313 3512 2381 acceperis

1931 2412 2179 2467 uxorem,
2203 2414 2311 2455 non
2332 2400 2567 2471 peccasti
2590 2398 2643 2470 (Ι
2668 2399 2791 2455 Cor.
2814 2402 2933 2470 vn).
2957 2406 2975 2452 ι
3002 2399 3068 2456 Εῑ
3085 2400 3213 2456 illud
3245 2421 3260 2456 :
3293 2422 3312 2455 ι
3332 2401 3510 2474 Opor-

1932 2497 2009 2545 tet
2042 2490 2357 2561 episcopum
2388 2491 2551 2546 unius
2582 2490 2769 2545 uxoris
2800 2505 2924 2547 esse
2951 2491 3124 2546 virum
3157 2490 3212 2563 (ι
3248 2493 3384 2548 Tim.
3417 2510 3508 2561 ut;

1935 2578 2040 2636 Tit.
2076 2581 2136 2653 ι).
2167 2601 2188 2634 ι
2232 2580 2383 2652 Saepe
2407 2583 2643 2652 positum
2668 2592 2850 2637 autem
2878 2583 3050 2639 nostri
3074 2585 3373 2657 apostolici.
3392 2594 3509 2641 sta-

1929 2680 2108 2727 tutum
2131 2673 2265 2726 nulli
2290 2673 2539 2743 prohibet
2563 2674 2752 2730 aulire
2776 2675 3001 2730 missam
3031 2675 3178 2732 illius
3205 2678 3508 2750 presbyteri

1928 2764 2044 2835 qui,
2084 2764 2238 2834 juxta
2275 2765 2626 2835 apostolicam
2668 2766 3104 2836 permissionem,
3136 2776 3263 2823 ante
3289 2785 3508 2826 sacrum

1928 2855 2196 2923 ordinem,
2235 2871 2401 2912 unam
2447 2865 2659 2912 tantum
2698 2873 2921 2915 uxorem
2953 2859 3161 2927 habuit,
3192 2862 3410 2931 quando
3453 2871 3510 2919 et

1853 2948 1894 3007 C
1927 2947 2045 3002 sine
2064 2946 2295 3004 crimine
2322 2962 2549 3004 uxorem
2581 2949 2778 3005 ducere
2808 2951 3014 3021 potuit;
3058 2952 3172 3019 sed,
3206 2954 3353 3011 illius
3378 2971 3507 3024 pre-

1927 3038 2126 3111 shyteri
2171 3038 2287 3111 qui,
2328 3049 2514 3109 contra
2546 3038 2888 3112 Apostolum,
2938 3042 2994 3097 in
3017 3043 3246 3101 crimine
3268 3045 3504 3103 fornica-

1926 3129 2089 3186 tionis
2117 3130 2383 3203 detegitur
2404 3131 2607 3203 jacere,
2637 3149 2797 3204 quem
2832 3133 2935 3203 ipsi
2964 3136 3196 3205 apostoli
3220 3146 3273 3194 et
3309 3138 3508 3209 reliqui

1926 3223 2100 3278 sancti
2118 3221 2307 3281 Patres
2332 3239 2723 3296 successorque
2746 3240 2938 3282 eorum
2956 3236 3143 3284 noster
3169 3231 3505 3303 apostolicus

1926 3329 1958 3370 a
1993 3316 2366 3374 sacratissimo
2393 3316 2569 3374 ollicio
2596 3333 2961 3389 segregavere.
3003 3317 3170 3391 Igitur
3190 3322 3506 3394 quicunque

1927 3406 2238 3478 hujusmodi
2262 3409 2702 3482 presbyterorum
2724 3411 2923 3467 missas
2943 3413 3171 3483 respuit,
3197 3414 3507 3472 nullatenus

1926 3506 2110 3556 tamen
2153 3500 2423 3572 superiori
2471 3500 2920 3558 Eustasianorum
2970 3502 3506 3580 [Eustatbianorum]

1927 3592 2259 3649 anathemati
2277 3593 2604 3665 subiacebit,
2624 3610 2751 3652 cum
2773 3596 2977 3667 optime
2995 3595 3259 3668 Apostolo
3281 3615 3508 3656 consen-

1925 3682 2031 3739 tiat
2059 3684 2154 3755 qui
2180 3692 2235 3741 et
2262 3686 2638 3745 sacerdotibus
2669 3688 3061 3747 continentiam
3089 3689 3300 3756 indicit,
3346 3699 3401 3747 et
3441 3690 3507 3746 ti-

1926 3774 2076 3831 detes
2119 3778 2628 3847 praevaricatoribus
2672 3795 2991 3838 sermonum
3043 3781 3166 3854 ejus
3214 3782 3505 3840 admisceri

1928 3881 2040 3922 non
2083 3867 2365 3938 permittit.

1998 3953 2307 4015 Notandum
2354 3968 2534 4017 autem
2576 3961 2726 4033 quod
2772 3974 2957 4022 noster
2992 3964 3310 4038 Gregorius,
3345 3968 3505 4039 juxta

1932 4048 2031 4105 SS.
2056 4050 2278 4108 Patrum
2305 4060 2527 4122 statuta,
2551 4055 2705 4125 prius
2739 4055 3139 4114 incontinentes
3156 4060 3504 4131 presbyteros

1931 4141 2110 4198 cilicio
2136 4142 2394 4213 privavit,
2436 4147 2784 4216 postmodum
2829 4147 3030 4218 populo
3055 4165 3124 4204 ne
3153 4165 3343 4207 eorum
3383 4150 3502 4206 olli-

1931 4232 2017 4290 cia
2070 4235 2335 4305 reciperet
2366 4235 2662 4292 interdixit.
2703 4236 2857 4294 Unde
2877 4254 2988 4294 non
3024 4248 3136 4295 tam
3159 4240 3505 4297 incontinen-

1928 4327 2061 4382 tium
2087 4342 2251 4397 quam
2270 4344 2370 4398 pro
2393 4328 2780 4386 incontinentia
2797 4331 3178 4388 damnatorum
3194 4333 3391 4390 missas
3405 4349 3505 4389 au-

1926 4419 2043 4475 dire
2078 4420 2373 4489 prohibuit,
2414 4435 2484 4477 ne
2524 4428 2578 4476 et
2635 4423 2867 4493 p0pulus
2897 4423 3052 4492 juxta
3101 4424 3500 4481 Antiochenum

1924 4515 2219 4570 concilium
2250 4516 2354 4572 sub
2381 4517 2941 4573 execmmunicatione
2969 4529 3278 4588 poneretur,
3323 4521 3371 4576 si
3405 4535 3503 4576 eo-

1926 4620 2050 4660 rum
2074 4602 2247 4661 ofﬁcia
2283 4607 2522 4677 recipere
2547 4617 2917 4677 praesumeret.
2957 4608 3077 4679 ipse
3118 4618 3302 4668 autem
3332 4611 3509 4683 Spiri-

1926 4706 2016 4751 tus
2036 4706 2259 4755 sanctus
2284 4714 2377 4769 per
2393 4698 2699 4754 Samuelem
2727 4701 3055 4772 prophetam
3068 4701 3229 4765 docet
3247 4704 3509 4775 populum

1934 4795 1995 4842 ut
2030 4790 2314 4846 canonicis
2344 4790 2780 4849 institutionibus
2813 4795 2988 4849 nostri
3017 4796 3306 4863 apostolici
3336 4794 3516 4865 potius

1933 4878 2149 4935 obediat
2170 4896 2334 4952 quam
2356 4881 2665 4952 hujusmodi
2688 4893 3143 4956 prmsumptorum
3166 4887 3444 4945 sacriﬁcia
3463 4900 3522 4940 ιιι

1933 4970 2236 5044 periculum
2290 4986 2448 5028 suum
2497 4970 2744 5042 recipiat.
2803 4974 2946 5032 Dicit
2985 4976 3133 5033 enim
3175 4975 3471 5048 Scriptura
3507 4991 3527 5032 :

1941 5084 1962 5117 ‹
1992 5061 2179 5119 Melior
2198 5073 2281 5121 est
2302 5063 2602 5121 obedientia
2633 5080 2805 5134 quam
2834 5068 3089 5134 victimae,
3115 5075 3170 5122 et
3220 5068 3533 5146 auscultarc

1933 5155 2112 5224 magis
2132 5173 2297 5227 quam
2320 5157 2513 5212 offerre
2533 5156 2751 5227 adipem
2774 5161 3027 5231 arietum,
3048 5167 3336 5235 quoniam
3378 5157 3532 5232 quasi

1933 5255 2218 5312 peccatum
2244 5250 2508 5304 ariolandi
2546 5256 2651 5312 est,
2700 5270 3040 5312 repugnare:
3063 5262 3119 5310 ct
3146 5256 3331 5312 quasi
3365 5251 3539 5309 scelus
