3986 5312
240 304 385 363 “37

1119 310 1407 371 APPEND.
1450 314 1534 372 III.
1575 346 1643 356 ——
1676 311 2107 371 MONUMENTA
2146 306 2607 369 GREGORIANA.

3352 304 3487 361 I138

232 420 450 486 riculo,
493 420 585 477 sed
628 420 794 478 exitio
829 421 1179 497 constitutus,
1222 444 1269 483 sn
1318 437 1555 486 tacuere.
1597 450 1615 483 ι
1671 431 1816 487 Satis
1845 432 1890 487 Α
1916 426 2030 482 Iloc
2066 426 2253 495 utique
2285 425 2497 478 diversa
2520 421 2891 476 Romanorum
2925 417 3240 490 pontiﬁcum
3269 418 3483 477 decreta

232 525 373 581 ergo
408 517 555 579 patet
602 528 765 582 quam
799 513 1070 570 immerito
1100 517 1322 586 quidam
1368 529 1555 576 nostro
1592 530 1813 591 aposto-

229 599 345 653 lico
380 614 481 669 pro
518 602 889 670 superioribus
916 606 1134 661 statutis
1162 606 1539 677 indignentur,
1577 611 1670 680 qui
1701 619 1813 666 tam

229 689 537 746 iuen‘tabili
563 694 883 749 necessitate
906 705 1129 753 coactus
1160 699 1348 753 eadem
1390 700 1691 757 instituisse
1720 702 1813 757 de-

229 785 457 854 tegitur,
478 786 725 841 videlicet
754 803 821 842 ne
853 790 1087 859 preprite
1108 792 1299 847 mortis
1323 793 1530 848 crimen
1563 794 1810 850 incurre-

227 882 339 940 ret,
365 875 411 929 si
438 891 539 931 nos
560 892 625 931 ex
657 878 841 934 debito
875 879 1034 935 oIiicii
1063 878 1149 936 sui
1174 882 1459 938 instituere
1492 885 1805 957 negligeret.

302 965 434 1019 Cu».
470 965 610 1021 XXI.
642 966 911 1024 Praeterea
954 970 1002 1025 si
1041 970 1115 1025 ob
1152 971 1256 1027 hoc
1282 981 1472 1029 nostro
1512 976 1810 1045 apostolico

226 1053 505 1125 indignari
531 1066 805 1126 satagunt,
843 1075 943 1115 cur
962 1075 1074 1116 non
1105 1062 1287 1131 potius
1321 1064 1429 1120 illis
1447 1081 1675 1121 cccxvur
1705 1066 1804 1122 SS.

223 1141 486 1202 Patribus
534 1146 586 1200 in
626 1145 804 1203 Nicaea
845 1151 1206 1221 congregatis,
1241 1162 1297 1206 et
1332 1169 1508 1209 δοκεῖ
1556 1154 1808 1214 Patribus

223 1237 287 1291 in
321 1236 666 1294 Chalcedone
699 1243 1043 1312 congregatis
1075 1244 1157 1300 vel
1186 1246 1807 1320 coadunatisindignan-

222 1337 339 1396 tur,
382 1330 498 1400 qui,
542 1339 602 1387 ut
634 1333 950 1402 pmdictum
991 1343 1095 1402 est,
1127 1345 1317 1392 contra
1374 1337 1718 1398 Simoniacos
1751 1351 1806 1399 et

222 1418 630 1476 incontinentes
658 1423 850 1478 altaris
886 1425 1173 1483 ministros
1204 1428 1376 1483 multo
1410 1430 1650 1487 acriores
1674 1448 1802 1488 scn-

219 1510 426 1565 tentias
460 1515 806 1581 protulerunt
841 1530 1007 1585 quam
1050 1525 1237 1572 noster
1292 1521 1659 1589 apostolicus?
1711 1521 1801 1578 Iu-

217 1599 520 1670 dignentur
548 1619 682 1659 sane
724 1605 1075 1661 sanctissimo
1120 1623 1274 1678 papa;
1312 1607 1575 1667 Clementi
1618 1612 1711 1682 qui
1747 1621 1802 1668 et

218 1692 488 1762 martyrio
516 1708 619 1749 suo
653 1693 868 1749 decreta
899 1696 1262 1765 confirmavit,
1299 1715 1460 1770 quem
1492 1702 1607 1772 ipse
1650 1704 1800 1773 prin-

1914 522 2203 580 testantur,
2250 515 2304 569 In
2347 514 2545 583 quibus
2567 512 2670 582 ipsi
2703 511 2931 567 diversis
2953 518 3258 579 temporum
3289 526 3482 568 ncces-

1913 604 2167 661 sitatibus
2191 603 2532 659 consuluisse
2569 603 2839 673 leguntur.

1979 696 2108 750 CAP.
2143 694 2307 748 XXII.
2335 694 2613 749 Incassum
2648 702 2829 748 autem
2849 690 3051 762 publici
3082 701 3483 762 contemptores

1908 786 2222 857 apostolicae
2263 786 2621 842 institutionis
2662 784 2906 840 inducias
2968 799 3081 839 sua:
3118 784 3482 841 damnationis

1908 893 1939 931 a
1981 886 2172 932 nostro
2213 877 2513 947 apostolico
2537 884 2816 946 quaerunt;
2860 890 3020 945 quos,
3064 883 3124 929 ut
3163 876 3480 944 przedictum

1906 978 2009 1033 est,
2043 968 2142 1023 SS.
2170 968 2359 1023 Patres
2395 969 2602 1038 absque
2628 967 2884 1022 omnibus
2922 966 3155 1021 induciis
3186 966 3481 1021 damnave-

1906 1065 2053 1112 runt.
2082 1056 2139 1112 In
2165 1058 2347 1114 dubiis
2367 1058 2513 1113 enim
2534 1057 2716 1123 rebus,
2747 1055 2873 1111 licet
2907 1055 3073 1121 veris,
3115 1055 3356 1109 nondum
3393 1064 3480 1110 ta-

1906 1165 2030 1203 men
2084 1148 2410 1220 publicatis,
2463 1146 2769 1203 necessario
2812 1145 3184 1200 conceduntur
3224 1145 3475 1209 induciae,

1906 1250 1984 1306 ut,
2009 1242 2165 1311 juxta
2188 1241 2500 1297 sanctiones
2516 1239 2938 1310 apostolicorum
2968 1238 3233 1305 virorum,
3260 1237 3473 1300 Felicis.

1903 1342 1957 1389 et
1976 1333 2105 1389 Julii
2129 1342 2185 1389 et
2214 1334 2568 1405 reliquorum,
2600 1334 2716 1404 ipse
2743 1342 3032 1388 accusatus
3052 1333 3226 1403 possit
3259 1349 3318 1389 se
3338 1349 3472 1390 con-

1902 1434 1986 1481 tra
2008 1435 2356 1482 accusatores
2380 1426 2611 1496 pleniter
2632 1440 2938 1495 praeparare
2962 1425 3028 1479 ad
3060 1424 3327 1479 abluenda
3369 1426 3475 1480 cri-

1902 1518 2070 1572 mina.
2107 1516 2260 1572 Unde
2302 1526 2356 1572 et
2385 1517 2445 1572 Β.
2481 1515 2805 1571 Eleutherus
2835 1532 2867 1572 a
2909 1514 2969 1569 Β.
3018 1513 3180 1570 Petro
3219 1515 3473 1571 duodeci-

1900 1624 2045 1675 mus,
2084 1608 2137 1662 in
2164 1608 2395 1663 decretis
2444 1608 2580 1674 suis,
2622 1623 2743 1677 cap.
2788 1607 2838 1674 I,
2883 1614 3112 1662 testatur
3144 1626 3156 1660 :
3192 1625 3212 1659 ι
3240 1605 3474 1662 Ιιιᾶυοίεθ

1898 1717 2008 1755 non
2055 1700 2284 1756 modica:
2316 1700 2384 1755 ad
2427 1700 2811 1770 inquirendum
2843 1698 3034 1753 dandae
3063 1706 3210 1765 sunt,
3258 1713 3326 1753 ne
3372 1697 3473 1753 ali-

215 1798 349 1854 ccps
386 1787 758 1855 apostolorum
799 1789 902 1844 sibi
944 1805 1316 1846 successorem
1346 1772 1657 1849 destinavit.
1691 1795 1794 1852 Le-
1828 1772 1871 1828 Β
1896 1790 2026 1861 quid
2062 1805 2403 1861 pratpropere
2445 1790 2530 1860 agi
2574 1805 2603 1843 a
2643 1803 2969 1859 quacunque
3008 1796 3160 1858 parte
3202 1787 3468 1851 videatur,

215 1877 369 1947 gitur
391 1878 539 1933 enim
569 1879 624 1933 in
663 1880 895 1936 decretis
923 1881 1064 1951 ejus,
1104 1883 1267 1952 capit.
1305 1874 1395 1951 46,
1435 1886 1581 1957 quod
1605 1887 1797 1944 incon-

212 1966 454 2021 tinentes
486 1968 704 2036 penitus
736 1969 807 2025 ab
838 1971 1026 2027 altaris
1072 1971 1248 2028 oIIicio
1292 1976 1600 2044 rcmoverit,
1650 1979 1795 2048 quod

211 2056 380 2109 ctiam
406 2057 870 2115 cobabitationem
908 2069 1288 2120 extranearum
1321 2063 1642 2121 feminarum
1680 2068 1792 2123 cle-

209 2144 345 2199 ricis
373 2147 734 2215 prohibuerit,
763 2150 909 2219 quod
932 2152 1225 2209 violatores
1249 2153 1412 2223 hujus
1434 2155 1792 2214 institutionis

209 2250 446 2302 prorsus
475 2237 1033 2296 anathematizaverit.
1079 2240 1430 2313 Indignentur
1466 2245 1628 2300 etiam
1659 2246 1789 2302 bea-

210 2326 432 2380 tissimo
461 2344 614 2398 papae
637 2329 933 2401 Sylvestro,
965 2333 1060 2403 qui
1084 2334 1139 2388 in
1174 2335 1472 2405 apostolica
1494 2337 1621 2392 sede
1657 2350 1790 2393 con-

205 2418 436 2473 stitutus
463 2419 911 2477 incontinentiam
936 2424 1102 2480 totius
1135 2426 1324 2481 mundi
1348 2428 1697 2499 presbyteris,
1728 2440 1789 2486 ut

204 2507 553 2579 praedictum,
596 2514 895 2583 prohibuit,
925 2524 978 2572 et
999 2532 1191 2575 omnes
1215 2519 1343 2574 huic
1369 2520 1584 2578 decreto
1621 2538 1784 2593 repu-

202 2610 438 2669 gnantes
466 2602 520 2656 in
552 2614 874 2674 perpetuum
899 2608 1239 2665 damnandos
1269 2626 1390 2666 esse
1423 2612 1678 2669 decrevit.
1706 2614 1787 2671 In-

201 2691 501 2763 dignentur
524 2694 689 2749 etiam
723 2696 895 2753 beatae
915 2700 1195 2754 memoria:
1220 2700 1456 2758 Damaso
1486 2720 1656 2774 papae,
1688 2724 1784 2763 cu—
1828 2734 1832 2737 ~

198 2783 292 2852 jus
328 2786 656 2842 auctoritate
711 2790 950 2845 secunda
994 2791 1317 2848 universalis
1364 2796 1603 2865 sjnodus
1633 2798 1782 2853 Con-

201 2875 692 2946 stantiuopolitana
727 2880 921 2952 legitur
944 2882 1218 2949 roborata,
1249 2884 1406 2952 item,
1434 2888 1783 2946 sanctissimo

201 2979 355 3034 papa:
401 2965 602 3034 Leoni,
654 2969 1176 3027 Gbalcedoneusium
1222 2989 1493 3030 canonum
1544 2977 1777 3047 ductori,

200 3072 437 3125 quorum
470 3067 699 3131 uterque
720 3062 909 3117 eadem
956 3072 1011 3119 et
1045 3066 1342 3134 apostolica
1366 3069 1685 3125 auctoritate
1723 3071 1775 3126 in

200 3147 437 3204 decretis
462 3150 598 3217 suis,
648 3153 737 3208 ille
769 3154 1011 3224 quidem,
1038 3172 1156 3227 cap.
1182 3157 1236 3223 4,
1261 3157 1349 3213 hic
1372 3168 1550 3215 autem
1586 3160 1779 3232 quinte

201 3238 275 3293 ita
299 3242 625 3311 generaliter
646 3243 965 3301 decrevere:
991 3267 1008 3298 ε
1030 3245 1222 3303 Omnia
1246 3249 1535 3308 decretalia
1554 3263 1778 3310 cuncto-

200 3346 325 3386 rum
370 3334 834 3402 prmdecessorum
868 3348 1181 3394 nostrorum
1224 3343 1538 3409 constituta,
1565 3360 1687 3415 quas
1710 3346 1778 3403 de

198 3423 589 3480 ecclesiasticis
610 3427 895 3483 ordinibus
916 3438 972 3483 et
994 3444 1267 3486 canonum
1287 3435 1626 3506 promulgata
1649 3447 1778 3492 sunt

198 3513 526 3584 disciplinis,
560 3517 635 3571 ita
659 3518 729 3573 ab
757 3518 1014 3575 omnibus
1042 3522 1310 3593 episcopis
1347 3539 1412 3580 ac
1438 3526 1649 3583 cunctis
1679 3543 1772 3598 ge-

197 3606 453 3662 neraliter
495 3610 868 3667 sacerdotibus
904 3613 1167 3669 custodiri
1204 3614 1401 3671 debere
1426 3619 1771 3687 mandamus,

196 3706 276 3762 ut,
311 3698 356 3754 si
389 3700 515 3769 quis
539 3700 595 3755 in
635 3701 724 3755 illa
758 3703 1113 3771 commiserit,
1145 3706 1360 3761 veniam
1390 3706 1495 3763 sibi
1520 3708 1773 3781 deinceps

196 3789 411 3844 noverit
439 3791 716 3863 denegari.
764 3812 784 3847 ι
830 3792 1182 3863 Indignentur
1221 3797 1384 3852 etiam
1427 3799 1772 3856 sanctissimo

194 3880 367 3934 nostri
398 3884 683 3952 apostolici
710 3885 1009 3955 aequivoco,
1037 3886 1129 3956 qui
1154 3887 1256 3942 sub
1275 3883 1512 3958 generali
1542 3892 1770 3947 anathe-

192 3980 337 4027 mate
374 3973 658 4030 damnavit
689 3992 879 4032 omnes
923 3993 955 4033 a
999 3978 1387 4036 sacratissimis
1434 3997 1486 4035 Iv
1523 3983 1770 4040 conciliis

187 4065 591 4122 dissentientes.
636 4066 739 4122 Sed
783 4085 907 4123 cum
940 4070 1122 4126 nullus
1161 4087 1308 4126 sanae
1338 4073 1535 4128 mentis
1572 4073 1768 4145 hujus-

188 4156 335 4210 modi
366 4166 687 4213 sanctorum
728 4157 951 4238 Patrum
986 4162 1268 4219 sententiis
1308 4163 1636 4235 indignetur,
1679 4182 1770 4238 pa-

187 4256 259 4301 tet
301 4249 709 4304 evidentissime
745 4236 910 4321 quam
953 4252 1392 4309 irrationabiliter
1413 4256 1633 4326 quidam
1663 4236 1766 4313 no-

184 4339 279 4393 stri
303 4342 591 4410 apostolici
618 4342 881 4398 institutis
902 4345 1270 4416 indignentur.
1302 4345 1357 4401 Iu
1380 4364 1613 4418 quorum
1641 4366 1767 4421 pro-

1894 1881 2022 1953 quia
2048 1897 2142 1951 per
2163 1881 2567 1951 subl-optionem
2592 1880 2759 1934 multa
2778 1879 3152 1950 proveniunt.»
3186 1876 3314 1933 Iure
3340 1892 3470 1948 ergo

1895 1973 1972 2028 illi
1997 1974 2204 2045 absque
2229 1973 2464 2028 induciis
2479 1973 2810 2028 damnantur
2823 1971 2917 2042 qui
2940 1972 3154 2041 culpam
3181 1984 3335 2025 suam
3352 1969 3472 2039 jam

1891 2065 2097 2121 dudum
2129 2081 2158 2120 a
2200 2065 2299 2120 SS.
2347 2064 2599 2120 Patribus
2634 2064 2852 2119 deliuite
2881 2062 3194 2118 damnatam
3226 2076 3336 2115 non
3379 2076 3470 2115 ne-

1891 2172 2040 2227 gare,
2070 2158 2163 2213 sed
2185 2157 2400 2228 publice
2420 2164 2610 2211 contra
2634 2154 2932 2227 apostolica
2966 2162 3166 2209 statuta
3198 2160 3469 2207 conantur

1888 2247 2195 2304 defensare.
2231 2246 2434 2318 Nempe
2474 2246 2535 2302 B.
2574 2246 2889 2318 Gregorius,
2919 2246 2988 2301 ab
3008 2244 3158 2300 omni
3196 2244 3467 2300 catholico

1887 2350 2108 2410 pastore
2147 2340 2343 2395 merito
2371 2339 3104 2409 imitandus,contemptores
3146 2337 3292 2393 sedis
3334 2351 3467 2407 apo-

1886 2431 2111 2499 stolicae,
2152 2432 2318 2487 etiam
2366 2439 2492 2486 ante
2532 2438 2808 2502 peractam
2851 2429 3087 2501 culpam,
3133 2427 3340 2483 solebat
3366 2442 3465 2482 ex-

1885 2522 2311 2579 communicare.
2347 2520 2439 2577 Sic
2469 2522 2614 2577 enim
2648 2520 2945 2577 Maximum
2975 2536 3071 2591 per
3109 2518 3464 2574 ambitionem

1888 2610 2204 2668 Salonitano
2226 2613 2562 2684 episcopatui
2595 2611 3019 2667 inthronizatum
3046 2619 3100 2665 et
3130 2625 3323 2666 omnes
3343 2610 3463 2679 ejus

1884 2703 2228 2759 ordinatores
2250 2702 2762 2769 excommunicavit,
2787 2718 2925 2773 quos
2939 2701 3125 2756 eadem
3151 2715 3463 2756 excommu-

1884 2793 2087 2848 nicatio
2109 2794 2348 2848 nondum
2380 2802 2597 2863 peracta
2627 2793 2805 2863 culpa,
2834 2808 2932 2863 pro
2952 2807 3060 2862 qua
3082 2791 3460 2846 excommuni-

1879 2884 1990 2939 cati
2024 2892 2171 2951 sunt,
2201 2884 2477 2955 obligavit.
2505 2881 2640 2938 Nam
2665 2883 2985 2953 priusquam
3017 2882 3159 2937 idem
3190 2880 3460 2936 Maximus

1881 2975 2264 3042 ordinaretur,
2307 2976 2410 3030 sub
2451 2974 3015 3030 excommunicatione
3068 2972 3346 3044 prohibuit
3396 2972 3455 3028 S.

1880 3064 2173 3139 Gregorius
2198 3082 2266 3122 ue
2291 3066 2394 3122 hoc
2447 3072 2841 3137 praesumerent
2862 3062 2947 3138 [6.
2976 3064 3067 3133 R.,
3096 3078 3455 3136 praesumere-

1878 3156 2012 3230 tur].
2052 3158 2209 3225 Quod
2234 3166 2558 3229 praeceptum
2599 3165 3010 3213 contemnentes
3037 3155 3297 3226 episcopi,
3328 3170 3454 3210 cum

1876 3249 2192 3305 ordinarent
2220 3250 2469 3306 eumdem
2515 3248 2832 3316 Maximum,
2881 3257 3005 3304 ante
3040 3255 3317 3318 peractam
3364 3260 3455 3301 or-

1875 3339 2232 3408 dinationem,
2266 3348 2425 3396 erant
2461 3340 2940 3407 excommunicati,
2958 3340 3112 3409 juxta
3145 3339 3451 3393 attestatio-

1874 3447 1999 3488 nem
2046 3432 2220 3489 sancti
2269 3431 2544 3504 Gregorii;
2588 3432 2779 3487 scribit
2815 3431 2961 3487 enim
3011 3431 3067 3484 in
3113 3429 3342 3500 epistola
3384 3431 3451 3485 ad

1873 3522 2121 3578 eumdem
2151 3523 2264 3593 (lib.
2306 3538 2386 3589 III,
2409 3540 2491 3593 ep.
2512 3522 2605 3594 20)
2633 3530 3079 3593 praesumptorem
3116 3520 3201 3593 [ϐ.
3225 3520 3316 3588 8.,
3340 3520 3448 3576 Ma-

1874 3612 2129 3687 ximum],
2154 3614 2228 3670 ita
2250 3615 2525 3670 detestans
2546 3614 2665 3686 ejus
2693 3615 3158 3670 consecrationem
3188 3629 3201 3664 :
3234 3630 3254 3663 ί
3275 3613 3450 3679 Quam

1873 3720 2007 3772 rem,
2032 3706 2228 3775 inquit,
2258 3721 2360 3761 nos
2380 3706 2850 3762 consecrationem
2886 3705 3067 3761 dicere
3106 3704 3256 3760 nullo
3287 3703 3450 3760 modo

1872 3811 2186 3865 possumus,
2226 3814 2348 3867 qua:
2394 3798 2464 3851 ab
2494 3797 2983 3853 excommunicatis
3012 3804 3097 3852 est
3132 3797 3449 3853 hominibus

1871 3888 2159 3942 celebrata.
2196 3906 2215 3940 ›
2246 3887 2366 3942 Non
2389 3888 2534 3943 enim
2558 3896 2680 3957 post
2711 3887 3109 3942 ordinationem
3132 3903 3447 3943 excommu

1870 3977 2161 4044 nicandos,
2198 3978 2293 4033 sed
2336 3979 2393 4032 in
2428 3979 2547 4047 ipsa
2589 3978 2932 4032 ordinatione
2959 3978 3098 4032 dixit
3130 3994 3420 4033 excommu

1869 4069 2099 4124 nicatos.
2152 4068 2243 4123 Sic
2302 4068 2444 4123 idem
2498 4069 2830 4137 apostolicus
2886 4084 2984 4138 per
3058 4069 3438 4124 subdiaconus

1868 4176 2030 4215 suum
2042 4158 2286 4216 Natalem
2311 4158 2686 4214 Salonitanum
2712 4160 3027 4230 episcopum
3053 4159 3259 4229 absque
3282 4159 3434 4214 indu-

1868 4251 1988 4319 ciis,
2014 4252 2058 4307 si
2080 4260 2350 4322 praecepto
2372 4251 2493 4321 ejus
2528 4267 2640 4307 non
2662 4250 2959 4317 obedisset,
3004 4251 3169 4321 pallio
3203 4258 3257 4306 et
3289 4266 3429 4307 com-

1867 4347 2125 4401 munione
2145 4347 2357 4404 censuit
2384 4346 2708 4418 privandum
2747 4360 2869 4402 esse
2909 4345 3025 4416 (lib.
3070 4362 3131 4412 ιι,
3164 4346 3316 4416 epist.
3352 4346 3461 4412 II,

183 4432 515 4503 mulgatione
550 4434 862 4491 nullatenus
904 4452 935 4490 a
960 4437 1164 4493 sanctis
1195 4436 1448 4496 Patribus
1484 4440 1762 4513 discrepa-
1796 4457 1838 4511 ι)
1867 4436 1953 4503 15,
2006 4436 2112 4507 16).
2147 4435 2258 4517 Sic,
2306 4437 2551 4507 inquam,
2588 4436 2703 4507 ipse
2741 4444 2797 4492 et
2830 4434 3025 4505 reliqui
3080 4434 3324 4504 ejusdem
3352 4449 3427 4488 se-

180 4522 272 4587 vit,
298 4534 525 4593 excepto
561 4525 617 4578 in
649 4525 755 4581 hoc
794 4534 1003 4581 tantum
1031 4529 1176 4599 quod
1202 4546 1311 4584 non
1347 4539 1457 4584 tam
1484 4548 1670 4587 severe
1700 4543 1759 4589 ut

180 4612 250 4666 illi
295 4615 767 4684 contemptoribus
817 4632 1089 4674 canonum
1138 4621 1394 4677 obviavit.
1433 4622 1558 4679 Illos
1606 4624 1752 4683 enim

178 4703 402 4759 clericos
428 4705 607 4760 oIIicio
635 4700 849 4774 tantum
872 4708 1101 4778 privavit
1122 4711 1321 4782 quibus
1354 4714 1526 4770 sancti
1560 4714 1752 4772 Patres

177 4812 279 4850 non
310 4798 480 4852 modo
505 4798 762 4867 oIIicium,
789 4802 883 4857 sed
916 4810 970 4857 et
1006 4805 1219 4860 veniam
1250 4815 1304 4862 et
1323 4808 1746 4863 ecclesiasticam

174 4888 614 4945 communionem
646 4892 995 4964 denegavcre.
1022 4895 1103 4950 Nil
1141 4897 1374 4969 denique
1411 4901 1535 4954 novi
1560 4908 1744 4957 noster

175 4980 506 5047 apostolicus
563 4984 727 5038 nobis
782 4984 1180 5043 observandum
1236 4990 1495 5060 iniunxit;
1562 4994 1744 5063 quod,

175 5069 328 5123 etiam
354 5071 402 5127 si
441 5071 678 5142 fecisset,
705 5090 813 5129 non
840 5084 1018 5133 tamen
1044 5080 1163 5135 sine
1191 5083 1428 5150 periculo
1462 5082 1585 5152 ejus
1614 5099 1747 5141 con-

175 5161 333 5215 temni
361 5174 695 5235 prarecptum
729 5176 928 5235 posset.
971 5169 1104 5225 Nam
1149 5175 1443 5241 apostolica
1480 5175 1641 5233 sedes
1678 5192 1746 5234 ex

176 5249 348 5307 divina
373 5255 724 5312 confessione
747 5258 893 5312 hunc
915 5277 1126 5312 semner
1152 5264 1383 5312 obtinuit
1400 5273 1455 5312 ρι
1479 5266 1744 5312 nimim-tm

1862 4524 1948 4579 dis
1972 4525 2212 4595 episcopi
2262 4525 2552 4596 quoslibet,
2581 4532 2636 4578 et
2677 4525 2883 4595 absque
2922 4523 3188 4589 induciis,
3214 4523 3436 4577 damna-

1861 4624 2147 4683 naverunt,
2191 4618 2286 4688 qui
2307 4616 2543 4687 aliquam
2567 4631 2683 4671 rem
2730 4616 2834 4671 sub
2879 4613 3436 4671 exeommunicatioue

1855 4708 1940 4762 vel
1970 4706 2130 4762 olIieii
2168 4708 2525 4780 suspensione
2583 4708 2917 4778 prohibitam
2954 4706 3242 4763 temerarie
3276 4720 3425 4760 usur-

1852 4807 2138 4871 pavcrunt.
2191 4798 2302 4856 Has
2357 4798 2523 4870 igitur
2571 4807 2624 4853 et
2668 4798 2984 4871 Imjusmodi
3039 4797 3278 4852 rationes
3325 4810 3443 4856 mo.

1851 4890 2008 4948 derni
2034 4899 2455 4963 praisumptores
2477 4900 2634 4945 caute
2660 4889 3031 4955 considerent,
3054 4902 3160 4942 nec
3190 4884 3446 4955 deinceps

1851 4982 2056 5052 injuste
2082 4998 2143 5038 se
2166 4985 2374 5055 absque
2395 4980 2629 5036 induciis
2644 4982 2936 5037 damnatos
2964 4993 3089 5035 esse
3107 4979 3445 5037 existiment.

1922 5072 2052 5127 CAP.
2089 5072 2278 5131 XXIII.
2318 5070 2570 5128 Forsitan
2598 5080 2784 5127 autem
2808 5071 3008 5142 aliquis
3057 5067 3211 5128 adeo
3244 5068 3453 5130 delirat,

1848 5172 1914 5221 ut
1940 5162 2189 5224 subditos
2224 5162 2518 5236 cujuslibet
2560 5161 2804 5234 episcopi
2841 5177 2937 5231 per
2976 5162 3173 5230 ipsum
3230 5166 3456 5219 tantum,

1848 5269 1964 5312 non
1985 5268 2082 5312 Der
2106 5254 2420 5312 Romanum
2450 5251 2785 5312 pontiﬁcem.
2815 5249 3068 5307 damnari
3091 5264 3274 5312 posse
3299 5247 3455 5301 dicat.
