3986 5312
490 461 513 515 1
533 460 629 516 159

1457 451 1547 512 AD
1584 451 1812 511 orum
1851 456 1906 510 s.
1948 445 2274 510 GREGORII
2308 402 2772 505 “reuulsus;

3599 424 3726 490 mo

490 572 745 646 subjecit,
771 572 922 631 nullo
941 571 1103 630 modo
1142 569 1374 642 alicujus
1399 571 1640 642 episcopi
1660 569 1938 627 subditum
1965 582 2062 625 ex-
2091 566 2138 622 A
2165 565 2458 636 impertivit
2484 559 2740 617 Ecclesiis
2775 565 2835 614 ut
2876 556 2933 610 in
2961 561 3170 625 partem
3209 558 3418 646 vocatas
3453 550 3568 646 sint

494 667 658 737 cepit.
689 663 844 721 Unde
869 665 1008 721 idem
1032 663 1328 734 apostolus,
1356 670 1411 719 et
1434 677 1465 717 a
1497 662 1803 718 senioribus
1829 660 1915 715 sui
1934 668 2067 714 temo

492 757 662 829 poris,
688 757 855 822 idest,
872 756 1221 827 presbyteris,
1243 755 1356 811 sive
1378 753 1671 824 episcopis,
1694 760 1749 807 et
1779 752 1850 806 ab
1873 765 2065 807 eorum

494 848 725 903 subditis
753 847 1114 903 obedientiam
1159 846 1480 918 generaliter
1515 844 1714 916 exegit,
1757 860 1902 909 cum,
1954 852 2066 898 tam

494 939 726 995 subditis
766 953 932 1008 quam
976 937 1235 1008 praelatis,
1274 946 1386 992 tam
1436 936 1654 993 feminis
1703 952 1868 1007 quam
1912 934 2066 1001 viris,

494 1029 749 1101 specialia
771 1029 985 1087 vivendi
1014 1037 1279 1099 praecepta
1308 1029 1363 1083 in
1393 1028 1636 1099 epistolis
1680 1028 1797 1086 suis
1829 1028 2067 1084 tradide-

494 1121 584 1176 rit.
610 1119 764 1188 Quod
790 1120 1065 1176 incassum
1086 1120 1200 1190 ipse
1228 1118 1449 1187 faceret,
1499 1121 1544 1176 si
1588 1135 1696 1176 non
1748 1119 2072 1191 generaliter

495 1227 685 1268 omnes
708 1212 826 1282 ejus
852 1211 1207 1269 institutionis
1235 1213 1456 1269 odedire
1475 1213 1751 1269 deberent.

567 1302 767 1360 Beatus
794 1319 1014 1375 quoque
1042 1304 1337 1360 Anacletus
1366 1304 1434 1359 ab
1464 1304 1586 1374 ipso
1639 1302 1885 1374 principe
1933 1316 2070 1373 apo-

498 1395 763 1449 stolarum
792 1395 1074 1467 presbyter
1106 1396 1408 1460 ordinatus,
1441 1394 1496 1450 in
1520 1394 1753 1451 decretis
1788 1392 1923 1460 suis,
1948 1406 2068 1463 cap.

499 1486 626 1552 111,
655 1494 919 1542 testatur:
953 1506 971 1539 ‹
1008 1484 1364 1543 Sacrosancta
1390 1486 1634 1542 Romana
1673 1494 1728 1542 et
1778 1485 2072 1557 apostolica

498 1574 766 1645 Ecclesia,
794 1593 901 1633 non
926 1578 995 1633 ab
1028 1577 1309 1649 apostolis,
1338 1578 1431 1634 sed
1452 1578 1522 1633 ab
1548 1578 1668 1649 ipso
1706 1577 1939 1633 Domino
1976 1592 2074 1632 no-

501 1676 617 1725 stro
640 1669 933 1739 primatum
961 1670 1215 1735 obtinuit,
1247 1671 1388 1726 sicut
1412 1669 1529 1742 ipse
1555 1668 1617 1725 Β.
1643 1669 1805 1726 Petro
1830 1669 2076 1741 apostolo

502 1760 677 1816 dixit:
713 1761 791 1816 Tu
808 1778 862 1817 es
889 1761 1103 1830 Petrus,
1142 1780 1161 1815 ι
1191 1771 1246 1818 et
1280 1762 1487 1834 reliqua
1532 1760 1674 1833 Ergo
1717 1762 1833 1819 haec
1858 1769 2076 1833 aposto-

502 1853 606 1908 lica
629 1851 785 1910 sedes
811 1855 978 1911 cardo
999 1862 1053 1909 et
1075 1862 1237 1927 caput
1256 1854 1499 1913 omnium
1526 1852 1889 1911 Ecclesiarum
1911 1870 1942 1909 a
1966 1852 2075 1908 Do-

504 1944 675 2012 mino,
703 1940 814 2001 non
837 1947 907 2002 ab
931 1946 1060 2013 alio,
1077 1956 1160 2003 est
1173 1948 1483 2004 constituta.
1505 1945 1571 2003 Et
1584 1948 1725 2003 sicut
1746 1946 1966 2003 cardine
1985 1960 2077 2002 os-

506 2036 644 2092 tium
670 2039 895 2109 regitur,
924 2038 1005 2095 sic
1030 2038 1193 2110 hujus
1218 2047 1423 2096 sanctae
1444 2039 1591 2095 sedis
1613 2038 1937 2095 auctoritate
1954 2049 2079 2094 om-

512 2144 612 2183 nes
633 2129 910 2200 Ecclesite,
935 2130 1167 2188 Domino
1201 2132 1541 2204 disponente,
1567 2140 1849 2204 reguntur.

548 2218 711 2276 'ltem
752 2220 813 2278 Β.
871 2221 1138 2290 Gelasius,
1184 2222 1374 2280 doctor
1418 2223 1767 2295 apostolicus,
1818 2239 1938 2295 cap.
1972 2224 2030 2280 11
2065 2243 2079 2279 :

516 2332 535 2364 ι
581 2313 788 2370 Cuncta
821 2331 918 2386 per
958 2317 1225 2373 mundum
1250 2317 1402 2373 novit
1436 2316 1677 2373 Ecclesia
1718 2316 1864 2388 quod
1896 2332 2082 2373 sacro-

511 2415 699 2463 sancta
721 2406 967 2464 Romana
987 2408 1230 2466 Ecclesia
1249 2410 1316 2466 de
1345 2408 1495 2466 omni
1515 2407 1757 2466 Ecclesia
1783 2409 1864 2465 fas
1889 2410 2081 2465 haheat

507 2498 788 2568 judicare;
817 2515 918 2556 nec
941 2500 1197 2573 cuiquam
1225 2501 1293 2556 de
1309 2501 1431 2572 ejus
1464 2500 1625 2558 liceat
1659 2500 1905 2571 judicare
1937 2500 2084 2571 judi-

514 2589 619 2645 cio.
654 2589 710 2646 Si
730 2592 948 2662 quidem
975 2593 1044 2649 ad
1064 2593 1212 2650 illam
1232 2593 1301 2648 de
1319 2592 1778 2670 qualibet‘mundi
1804 2601 1956 2665 parte
1989 2608 2085 2666 ap-

513 2683 821 2751 pellandum
849 2692 954 2749 est,
983 2685 1052 2740 ab
1086 2685 1177 2741 illa
1213 2692 1396 2742 autem
1422 2683 1625 2742 nemini
1647 2685 1915 2758 appellare
1958 2700 2085 2756 per-

516 2773 745 2843 missum
764 2784 848 2832 est
874 2775 961 2851 [(1.
984 2776 1074 2844 R.,
1101 2791 1263 2837 nemo
1286 2785 1369 2834 est
1398 2777 1665 2850 appellare
1688 2775 2036 2852 permissus]
2060 2797 2079 2832 ι

549 2884 561 2892 δ
587 2863 692 2922 Sed
706 2883 807 2924 nec
830 2868 919 2923 illa
941 2870 1280 2939 praeterimus
1294 2870 1438 2943 quod
1461 2870 1755 2944 apostolica
1781 2870 1956 2938 sedes,
1970 2869 2088 2926 sine

518 2957 628 3013 ulla
660 2961 869 3032 synodo
900 2962 1254 3032 praecedente,
1311 2962 1624 3018 exsolvendi
1657 2977 1797 3035 quos
1848 2960 2088 3035 oportuit

520 3051 771 3107 habuerit
790 3051 1103 3109 facultatem
1130 3052 1334 3125 (l000).
1360 3053 1429 3109 Et
1451 3055 1556 3111 hoc
1578 3053 1835 3110 nimirum
1864 3067 1962 3126 pro
1986 3065 2088 3109 suo

519 3142 845 3214 principatu,
874 3160 1035 3215 quem
1058 3144 1118 3200 B.
1150 3142 1343 3203 Petrus
1383 3145 1658 3216 apostolus
1693 3144 1908 3203 Domini
1955 3159 2088 3201 voce

2165 657 2443 722 citudinis,
2472 670 2582 710 non
2619 655 2676 707 in
2717 648 3103 723 plenitudinem
3128 645 3430 717 potestatis.
3454 661 3474 695 ι
3502 641 3734 698 Uudeli-

2164 751 2330 821 quido
2358 751 2762 805 demonstratur
2789 743 2934 815 quod
2958 741 3183 812 quilibet
3209 739 3502 810 episcopus
3526 751 3628 791 nec
3651 752 3737 791 su-

2166 859 2263 913 per
2287 857 2499 914 gregem
2532 840 2633 895 sibi
2660 837 3014 895 commissum
3051 841 3258 887 tantam
3298 835 3627 900 potestatem
3647 826 3739 880 ha-

2167 934 2311 1001 beat,
2340 941 2601 1004 quantam
2634 929 2829 1002 prtesul
2861 924 3214 997 apostolicus,
3250 922 3364 992 qui,
3400 921 3531 975 licet
3555 933 3739 974 curam

2169 1041 2326 1084 suam
2350 1025 2404 1080 in
2430 1023 2675 1096 singulos
2721 1022 3006 1091 episcopos
3051 1014 3326 1078 diviserit,
3382 1011 3538 1066 nullo
3584 1008 3740 1063 modo

2170 1128 2353 1176 tamen
2385 1118 2622 1188 seipsum
2660 1128 2761 1171 sua
2784 1108 3075 1167 universali
3096 1115 3151 1164 et
3170 1104 3455 1176 principali
3482 1109 3742 1173 potestate

2170 1207 2425 1281 privavit,
2451 1206 2595 1262 sicut
2620 1218 2721 1259 nec
2747 1217 2843 1257 rex
2865 1214 3022 1256 suam
3052 1197 3287 1267 regalem
3314 1192 3616 1264 potentiam
3662 1189 3743 1281 di-

2172 1277 2391 1364 minuit,
2420 1295 2545 1351 licet
2566 1308 2793 1366 regnum
2819 1305 2978 1346 suum
3008 1288 3065 1343 in
3087 1288 3334 1343 diversos
3351 1283 3545 1347 duces,
3576 1277 3743 1333 comi-

2172 1401 2274 1458 tes,
2308 1391 2422 1447 sive
2446 1388 2678 1461 judices,
2703 1382 2970 1442 diviserit.

2242 1483 2381 1539 Cum
2409 1460 2573 1553 igitur
2593 1479 2827 1534 domnus
2851 1469 3183 1546 apostolicus
3212 1468 3267 1525 in
3313 1464 3466 1522 omni
3509 1460 3745 1518 Ecclesia

2173 1587 2286 1633 tam
2313 1571 2664 1647 principalem
2688 1574 3007 1641 potestatem
3032 1562 3230 1618 habeat
3252 1567 3333 1626 ut,
3361 1557 3529 1614 etiam
3585 1554 3747 1610 invito

2173 1646 2432 1738 episcopo
2475 1659 2767 1735 cujuslibet
2789 1654 3065 1721 Ecclesiaa,
3111 1664 3340 1722 qumque
3388 1648 3444 1702 in
3495 1662 3563 1738 ea
3603 1646 3748 1738 juxta

2175 1736 2466 1815 canonicas
2490 1750 2800 1809 sanctiones
2836 1746 3011 1820 possit
3049 1743 3369 1813 disponere,
3417 1737 3548 1808 quis
3589 1736 3750 1791 dene-

2176 1862 2304 1918 gare
2331 1843 2530 1918 poterit
2570 1841 2700 1915 quin
2721 1839 2925 1910 ubique
2946 1833 3186 1907 gentium
3217 1840 3326 1886 tam
3350 1828 3608 1918 subditos
3641 1825 3751 1918 epi-

2179 1915 2469 2007 scOporum
2498 1946 2664 2004 quam
2703 1930 2849 2009 ipsos
2873 1925 3160 1997 episcopos
3185 1919 3498 1991 apostolicae
3533 1915 3752 1971 institu-

2176 2029 2346 2086 tionis
2372 2030 2770 2095 contemptores
2796 2021 3055 2075 damnare
3072 2012 3283 2087 possit?

2247 2118 2379 2174 Car.
2407 2112 2597 2170 XXIV.
2624 2109 2721 2167 His
2747 2116 2929 2174 autem
2951 2103 3257 2162 rationibus
3287 2107 3343 2156 et
3370 2098 3479 2155 hoc
3514 2096 3756 2152 deelam-

2183 2222 2290 2278 tur,
2314 2209 2458 2281 quod
2475 2203 2716 2276 cujusvis
2726 2198 2965 2274 episcopi
2981 2194 3344 2269 parochiauus
3364 2190 3551 2281 potius
3561 2188 3759 2281 domno

2181 2279 2480 2375 apostolico
2523 2311 2685 2369 quam
2738 2290 2961 2365 proprio
3010 2287 3264 2359 episcopo
3316 2280 3543 2338 obedire
3586 2279 3757 2375 debet,

2183 2369 2307 2455 cum
2334 2391 2632 2450 auctoritas
2659 2384 2866 2462 proprii
2892 2380 3131 2454 episcopi
3157 2378 3471 2433 nullatenus
3519 2387 3651 2429 eum
3697 2369 3762 2425 ab

2183 2487 2481 2562 apostolica
2510 2479 2859 2539 damnatione
2886 2477 3062 2531 valeat
3087 2472 3339 2537 liberare,
3375 2467 3425 2525 si
3446 2463 3759 2562 apostolicis

2182 2556 2471 2653 praeceptis
2491 2571 2807 2631 inobediens
2831 2565 3116 2629 exstiterit.
3143 2562 3210 2617 Et
3239 2568 3485 2621 econtra,
3527 2556 3760 2653 domnus

2184 2645 2540 2746 apostolicus,
2563 2664 2609 2723 si
2635 2663 2685 2718 ei
2706 2657 2990 2723 obedierit,
3011 2655 3260 2712 eumdem
3286 2651 3356 2706 ab
3388 2648 3544 2704 omni
3569 2645 3762 2746 violen-

2184 2739 2260 2821 tia
2279 2762 2480 2836 proprii
2507 2756 2745 2832 episcopi
2774 2752 3029 2811 facillime
3052 2749 3247 2822 poterit
3279 2743 3599 2836 defendere,
3620 2739 3762 2836 vidc-

2184 2832 2311 2916 licet
2330 2832 2417 2912 vel
2467 2854 2646 2926 ipsum
2693 2845 3079 2922 parochianum
3126 2842 3245 2911 ejus
3285 2834 3481 2893 ditioni
3541 2832 3760 2903 penitus

2185 2943 2599 3020 emancipando,
2625 2938 2710 2997 vel
2759 2936 3073 3009 episcopum
3106 2932 3174 2988 ab
3208 2928 3410 2999 injuria
3433 2942 3534 2996 per
3576 2937 3761 2978 corre-

2186 3041 2427 3116 ptionem
2474 3036 2560 3094 vel
2584 3032 2982 3092 damnationem
3005 3025 3301 3098 apostolica
3327 3019 3661 3116 auctoritate
3683 3031 3763 3071 re-

2188 3109 2469 3195 frenando.
2503 3127 2757 3185 Attendat
2785 3138 2914 3180 sane
2935 3118 3177 3190 cujusvis
3210 3112 3449 3186 episcopi
3490 3109 3763 3170 subditus,

520 3203 575 3289 et
595 3203 788 3303 tenuit,
809 3245 866 3292 et
887 3203 1100 3308 semper
1124 3238 1395 3295 retinebit.
1417 3203 1516 3294 ilis
1540 3246 1718 3294 autem
1763 3237 2093 3294 sanctissimi
2121 3239 2163 3297 Ο
2195 3240 2264 3281 ne
2287 3222 2371 3279 '81
2397 3218 2619 3293 Ρτορτίο
2643 3216 2897 3308 ορίεςορο
2930 3217 3120 3267 contra
3160 3203 3461 3308 θρξεῑοίίῆε
3504 3205 3769 3308 ρςξιῖςειξιξι

520 3326 728 3394 Patres,
756 3327 1012 3396 Calistus,
1032 3328 1325 3396 Fabianus,
1351 3329 1556 3397 Sixtus,
1583 3329 1872 3402 Sylvester,
1895 3329 2092 3397 Julius,

525 3425 581 3472 et
609 3418 801 3489 reliqui
824 3420 1244 3477 innumerabiles
1280 3420 1658 3493 astipulantur.
1682 3419 1786 3487 Qui
1810 3421 1945 3477 adeo
1973 3436 2094 3477 am-

526 3508 728 3579 plexati
760 3519 888 3564 sunt
909 3511 1171 3566 unitatem
1211 3510 1297 3585 [ο.
1319 3510 1411 3577 Β..
1436 3508 1775 3583 veritatem],
1811 3519 1872 3567 ut
1900 3512 2082 3584 potius

525 3600 667 3656 mori
696 3617 860 3672 quam
888 3601 1105 3657 mentiri
1136 3602 1512 3658 deliberarent.
1544 3600 1719 3671 Hujus
1738 3602 1912 3675 igitur
1937 3584 2115 3675 privio.

525 3692 653 3764 legii
670 3694 992 3749 auctoritate
1006 3692 1066 3748 B.
1098 3680 1750 3765 SimpliciusmaanLlX
1776 3693 2097 3767 Gregorium

527 3784 885 3843 Mutinensem
901 3787 1212 3859 episcopum
1221 3827 1239 3855 ,
1250 3785 1575 3843 Ravennatis
1588 3778 1979 3858 archiepiscopi
1993 3784 2102 3843 suf-

527 3876 869 3950 fraganeum,
900 3894 931 3936 a
953 3879 1156 3937 ditione
1184 3880 1426 3951 ejusdem
1465 3878 1857 3953 archiepiscopi
1884 3878 2101 3952 penitus

531 3970 783 4025 absolvit.
813 3970 997 4028 Ethoc
1020 3969 1161 4036 ideo,
1184 3972 1310 4042 quia
1342 3971 1480 4028 idem
1520 3971 1962 4044 archiepiscopus
1974 3985 2099 4028 eum

528 4061 759 4118 invitum
790 4062 1081 4120 Mutinensi
1106 4063 1376 4120 cathedrae
1405 4062 1807 4120 inthronizavit.

601 4152 733 4210 Item
784 4154 845 4210 S.‘
892 4155 1186 4228 Gregorius
1233 4156 1346 4225 (lib.
1385 4172 1425 4212 η
1470 4157 1623 4227 epist.
1672 4156 1767 4221 14,
1809 4153 1919 4221 15,
2004 4154 2101 4223 16)

531 4245 869 4304 Honoratum
894 4248 1224 4304 Sa‘lonitanae
1244 4247 1500 4305 Ecclesia:
1525 4248 1992 4311 archidiaconum,
2007 4245 2101 4317 qui

526 4338 643 4409 jam
672 4356 739 4396 ex
766 4340 1205 4398 archidiaconatu
1252 4340 1320 4397 ad
1344 4338 1737 4413 presbyterium
1762 4337 1995 4403 devenit,
2019 4337 2104 4394 iu-

530 4431 648 4488 vito
678 4432 799 4503 ejus
837 4432 1112 4506 episcopo,
1150 4432 1219 4489 ad
1267 4431 1560 4505 pristinum
1601 4430 1830 4502 gradum
1858 4427 2100 4496 reduxit;

532 4523 780 4595 deposito
806 4525 1025 4598 quidem
1049 4537 1119 4580 eo
1166 4539 1327 4596 quem
1348 4523 1492 4581 idem
1530 4520 1880 4579 Salouitanus
1892 4520 2105 4591 episco-

534 4632 639 4690 pus
667 4618 718 4672 in
750 4618 931 4674 locum
975 4616 1094 4688 ejus
1129 4613 1418 4673 ordinavit.
1456 4598 1800 4686 Quapropter
1824 4611 2108 4683 apertissi-

536 4723 627 4764 me
650 4709 945 4781 desipiunt,
963 4723 1129 4781 seque
1155 4723 1280 4765 reos
1308 4706 1617 4780 apostolicae
1637 4704 1976 4762 auctoritatis
1998 4702 2113 4759 elli-

537 4799 709 4868 ciunt,
740 4800 1053 4872 quicunque
1076 4797 1197 4871 ejus
1227 4794 1485 4870 potestati
1503 4806 1706 4853 temere
1728 4795 2110 4869 przejudicant,

539 4908 667 4948 cum
700 4893 990 4966 cujuslibet
1011 4892 1250 4964 episcopi
1281 4890 1526 4949 subditos
1552 4904 1661 4945 non
1682 4904 1778 4960 per
1805 4887 2112 4943 Romanum

538 4984 869 5052 pontificem,
901 4984 994 5041 sed
1018 4983 1393 5042 tantummodo
1420 4981 1704 5054 proprium
1733 4979 2030 5037 antistitem
2058 4975 2117 5034 li-

542 5074 655 5112 nus-3
677 5075 762 5112 vn}
790 5074 921 5112 calari
946 5090 1107 5112 nmen
1126 5075 1432 5112 nni-annoran

2192 3290 2417 3374 obediat
2435 3311 2491 3368 iu
2516 3310 2719 3381 aliquo.
2751 3304 2888 3361 Cum
2946 3309 3168 3358 sanctus
3207 3294 3505 3367 Gregorius
3551 3290 3668 3381 (lib.
3711 3304 3768 3353 ιι,

2191 3407 2346 3478 epist.
2375 3401 2464 3470 l5,
2512 3380 3071 3470 16)7archidiacouum
3106 3386 3483 3478 Salonitanum
3511 3381 3567 3435 in
3594 3380 3769 3478 locum

2194 3468 2455 3551 lionorati
2483 3468 2598 3560 jam
2644 3482 2874 3557 depositi
2914 3480 3265 3548 subrogatum
3315 3468 3656 3542 deposuerit,

2194 3582 2342 3656 quod
2368 3554 2509 3636 idem
2532 3554 2752 3648 proprio
2774 3570 3031 3643 episcopo
3066 3582 3125 3624 se
3151 3565 3205 3622 in
3233 3563 3419 3656 locum
3443 3560 3593 3656 illius
3640 3554 3774 3656 ordi-

2195 3648 2315 3730 nari
2338 3678 2463 3745 post
2483 3666 2837 3740 apostolicam
2860 3656 3280 3733 prohibitionem
3326 3650 3615 3707 obedierit.
3643 3648 3773 3745 Hinc

2197 3740 2361 3823 etiam
2383 3766 2550 3833 patet,
2585 3770 2746 3827 quam
2778 3748 3121 3824 apertissime
3142 3745 3219 3800 illi
3245 3743 3520 3813 desipiant
3550 3741 3645 3811 qui
3690 3740 3771 3794 di-

2198 3831 2511 3924 cumquod
2560 3844 2758 3905 subditi
2815 3839 3104 3911 cujuslibet
3156 3833 3419 3908 episcopi,
3469 3831 3773 3924 apostolica:

2201 3943 2315 4000 sedi
2343 3921 2651 3996 nullatenus
2679 3933 2896 3992 obedire
2929 3930 3179 3993 debeant,
3210 3926 3255 3984 si
3281 3924 3510 3996 proprio
3544 3921 3770 3979 antistiti

2199 4033 2476 4100 obediant,
2511 4042 2635 4085 cum
2659 4040 2692 4083 a
2719 4023 2777 4079 δ.
2811 4021 3071 4094 Gregorio
3107 4026 3160 4073 et
3181 4017 3269 4071 ille
3292 4015 3493 4070 merito
3517 4011 3775 4083 degrada-

2200 4134 2371 4191 retur,
2404 4122 2567 4195 quiet
2592 4135 2687 4191 per
2703 4114 3061 4172 obedientiam
3092 4107 3333 4180 episcopi
3360 4108 3445 4160 sui
3471 4103 3777 4195 apostolica

2203 4217 2318 4273 sedi
2349 4192 2610 4271 adversus
2628 4208 2804 4285 fuisse
2832 4204 3121 4275 detegitur.
3149 4199 3353 4269 Nempe
3395 4196 3583 4252 nullus
3629 4192 3775 4285 debi-

2203 4318 2314 4369 tam
2343 4283 2701 4370 obedientiam
2731 4297 2951 4373 proprio
2978 4294 3230 4367 cpisc0po
3259 4288 3520 4344 exhibere
3565 4283 3774 4356 poterit,

2203 4399 2312 4458 uisi
2343 4396 2437 4471 qui
2464 4405 2518 4451 et
2539 4391 2853 4466 apostolica:
2878 4387 2992 4444 sedi
3014 4381 3386 4459 principaliter
3419 4377 3645 4471 obedire
3666 4383 3778 4429 stu-

2206 4469 2405 4549 duerit.
2439 4485 2627 4546 Omnis
2655 4483 2803 4540 enim
2826 4480 2920 4553 qui
2947 4478 3063 4532 vult
3085 4489 3205 4530 esse
3228 4472 3522 4542 episcopus
3551 4469 3657 4523 hoc
3668 4480 3779 4520 ma-

2139 4586 2185 4642 D
2210 4585 2354 4642 xime
2379 4580 2609 4638 subditis
2643 4577 2759 4634 suis
2802 4572 3059 4635 inculcat,
3083 4575 3145 4622 ut
3200 4572 3519 4620 sanctorum
3564 4560 3779 4614 Patrum

2211 4674 2476 4734 institutis
2491 4673 2697 4744 absque
2717 4666 2864 4723 omni
2887 4659 3315 4721 contradictione
3337 4653 3615 4709 obediant.
3635 4648 3777 4744 Quze,

2213 4777 2275 4825 ut
2297 4739 2742 4840 pradictum'est,
2781 4757 3091 4830 apostolicae
3133 4750 3248 4808 sedi
3301 4745 3680 4820 principaliter
3717 4739 3782 4794 ah

2215 4860 2468 4933 omnibus
2491 4852 2852 4911 obedieudum
2881 4863 3001 4904 esse
3024 4843 3367 4901 denuntiant.

2287 4971 2610 5039 Quicunque
2657 4964 2823 5037 igitur
2865 4976 2966 5019 suo
3007 4957 3250 5031 legitimo
3291 4952 3496 5025 pastori
3554 4948 3784 5005 debitam

2215 5061 2574 5112 obedientiam
2620 5055 2903 5112 trihuerit:
2958 5052 3121 5108 etiam
3177 5044 3552 5112 principaliter
3591 5040 3784 5094 domno
