3986 5312
206 112 357 170 ll“

1114 117 1399 174 APPEND.
1441 119 1529 175 111.
1568 150 1641 161 -
1678 120 2114 181 ΜΟΝΗΜΕΝΤΑ
2150 126 2616 185 GREGORIANA.

3369 138 3504 194 1143

205 226 489 319 praedicta
514 224 684 319 nostri
713 226 999 298 apostolici
1024 236 1227 285 statuta
1258 232 1615 319 proscribere
1646 249 1815 290 cona—
1845 254 1891 310 Α
1917 238 2251 295 sideratione
2276 242 2623 310 praetermisi,
2649 257 2719 297 ne
2740 243 2923 315 gravis
2948 259 3127 301 essem
3149 246 3353 316 idiotis,
3380 264 3506 319 qut.-

208 314 397 408 biturj
423 318 721 387 prasertim
747 334 873 375 cum
902 320 1079 375 videat
1112 322 1515 380 evidentissime
1534 316 1723 381 eadem
1745 342 1813 381 ex
1920 327 2026 384 bus
2074 330 2166 385 hic
2222 331 2532 401 specialiter
2580 314 2899 389 satisfacere
2952 337 3244 407 proposui,
3301 314 3505 408 quibus

211 405 327 463 SS.
359 407 589 466 Patrum
630 411 935 477 sententiis,
999 412 1111 467 imo
1164 429 1232 468 ex
1282 415 1485 470 divinis
1518 416 1816 487 Scripturis

209 511 535 554 emanasse.
574 497 826 556 Poteram
858 517 988 557 vero
1010 518 1174 572 quam
1207 506 1392 573 plures
1411 507 1548 563 alias
1576 508 1817 562 rationes

210 588 606 657 superioribus
624 591 932 659 adnectere,
960 603 1015 649 et
1035 594 1451 652 innumerabilia
1473 596 1572 652 SS.
1591 597 1816 653 Patrum

210 681 476 750 exempla
496 681 738 751 przefatis
762 686 986 743 statutis
1007 688 1312 760 assignare,
1339 690 1432 746 sed
1453 704 1519 746 ea
1564 690 1654 747 hic
1681 707 1816 747 con—

1920 436 2096 490 pauca
2125 437 2192 475 ex
2218 422 2406 477 multis
2436 432 2546 478 tam
2597 424 2916 480 indubitatae
2955 428 3201 484 veritatis
3260 429 3507 486 sufﬁcere

1921 523 2174 583 possunt,
2202 514 2249 570 si
2277 515 2597 585 indagandae
2628 517 2812 587 potius
2854 518 3072 573 veritati
3117 535 3283 590 quam
3326 521 3505 577 infru-

1922 611 2130 659 ctuosae
2152 604 2492 661 contentioni
2512 622 2737 678 operam
2758 608 2891 665 dare
2918 610 3128 666 volunt.
3155 609 3332 667 Finis.

220 846 2086 878 I———_———————u—u———

956 990 1566 1051 PREFATIUNCULA
1603 993 1671 1051 IN
1708 994 1891 1053 ΤΒεὸ
1929 996 2340 1066 SEQUENTES
2377 994 2773 1055 EPISTOLAS.

298 1310 705 1394 Videntur-“tres
731 1313 1113 1394 istzeplstolae
1141 1314 1357 1394 scripta
1391 1322 1517 1394 ante
1543 1323 1835 1394 tractatum
1858 1313 2306 1394 D_e_sacram_ent_i_s
2334 1314 3058 1394 exeotnmmricutorum,_cui
3084 1316 3225 1394 inter
3253 1316 3385 1394 haec
3408 1333 3510 1389 pro

216 1381 609 1457 GregorioYll
634 1381 1161 1457 opuscula'primum
1192 1381 1372 1442 locum
1394 1386 1722 1450 tribuimus;
1748 1402 1875 1440 nam
1899 1386 1988 1440 hic
2014 1386 2176 1457 quasi
2205 1386 2385 1442 adhuc
2411 1387 2603 1457 incerti
2626 1386 2890 1443 fluctuare
2912 1381 3166 1442 videntur
3186 1381 3511 1446 Adalbér'tus

218 1465 279 1509 et
303 1452 622 1537 ﬁernaldus
649 1452 780 1537 quid
816 1456 884 1537 de
906 1452 1385 1537 controversiisea
1401 1465 1568 1537 astate
1600 1458 1859 1537 excitatis
1885 1452 2420 1537 sentiendumesset.
2459 1455 2518 1510 1n
2547 1459 2813 1537 opusculo
2856 1466 3040 1537 autem
3078 1458 3337 1537 praadicto
3381 1458 3511 1514 Ber-

222 1525 430 1599 naidas
458 1525 1018 1599 sententiamabsque
1047 1528 1157 1582 ulla
1182 1528 1526 1599 haesitatione
1556 1528 1783 1598 profert,
1810 1528 2030 1583 tametsi
2052 1527 2258 1583 indicat
2299 1528 2469 1582 multa
2500 1525 2666 1599 super
2689 1529 2794 1582 hac
2814 1525 3188 1599 controversia
3213 1529 3354 1584 inter
3377 1545 3437 1584 se
3458 1538 3515 1584 et

221 1593 574 1670 Bernardum
604 1613 727 1670 esse
753 1593 1085 1670 disceptata;
1113 1597 1207 1670 qui
1237 1593 1687 1670 Bernardusfnon
1710 1593 1794 1670 est
1816 1599 1969 1670 alius
1987 1614 2155 1670 quam
2199 1599 2459 1670 magister
2479 1593 2588 1655 ille—
2616 1599 2929 1670 scholarum
2977 1596 3509 1670 Constantiensium,

221 1665 291 1720 de
325 1668 717 1747 quosuprain
745 1665 1063 1747 praefatione
1092 1665 1293 1747 adhes
1322 1669 1752 1747 tractatulosuet
1766 1665 2181 1747 intestimonijs
2209 1665 2318 1747 pro:
2330 1668 2594 1747 Gregorio
2622 1668 2713 1747 V'l_l
2731 1712 2746 1736 ,
2784 1678 2972 1739 postea
3009 1669 3270 1747 magister
3295 1669 3508 1747 schola-

221 1734 359 1790 rum’
379 1734 932 1811 liiltleslieimensium
971 1750 1024 1796 et
1055 1742 1272 1795 tandem
1325 1741 1630 1811 monachus
1654 1734 2005 1811 Corbeiensis
2031 1741 2085 1794 in
2108 1734 2348 1811 Sax'onia
2378 1734 2577 1807 factus,
2606 1740 2700 1810 qui
2729 1734 2878 1811 ut'ex
2902 1734 3141 1811 secunda
3164 1740 3388 1811 epistola
3413 1756 3511 1811 ap-

223 1815 407 1877 paret,
443 1806 847 1865 ferventissime
867 1812 1087 1881 quidem
1121 1826 1344 1866 causam
1380 1811 1437 1866 S.
1466 1810 1613 1866 Petri
1647 1810 2000 1881 defendebat;
2024 1810 2119 1866 scd
2164 1811 2293 1865 dum
2316 1810 2568 1881 ardorem
2610 1806 2704 1880 per
2745 1810 3029 1881 scientiam
3086 1806 3511 1881 ecclesiasticam

224 1892 338 1931 non
363 1886 474 1934 tem

479 1889 667 1953 perat;
692 1880 944 1953 nonnihil
966 1882 1209 1953 impegit,
1238 1892 1296 1937 ut
1320 1883 1480 1939 docet
1512 1881 1628 1951 ipse
1662 1880 1962 1936 Bcrnaldus
1999 1882 2054 1935 in
2089 1880 2515 1953 suohChronico.
2543 1880 2874 1953 Adalbertus
2894 1880 2985 1953 ille
3014 1888 3119 1946 est,
3164 1896 3328 1953 quem
3375 1880 3500 1953 Ber-

225 1947 412 2032 tolducs
442 1947 541 2032 seu
572 1949 949 2032 Bernaldusjn
985 1947 1260 2032 Chronico
1286 1954 1388 2032 hoc
1410 1947 1585 2032 elogio
1611 1953 1932 2032 copones-tat
1952 1953 2142 2032 anno.)
2154 1950 2513 2032 079:Doetor
2543 1950 2865 2032 Adalbertas
2891 1951 3036 2032 facta
3070 1947 3320 2032 uerboque
3349 1950 3504 2032 diger-

226 2028 334 2093 ηιξ,
354 2018 477 2087 jam
515 2022 738 2093 triginta
764 2024 918 2076 anuis
955 2024 1148 2077 mundo
1173 2025 1460 2093 cruciﬁxus
1485 2018 1535 2077 εἰ
1560 2024 1614 2077 in

226 2160 454 2215 minam.

1650 2024 1756 2092 ﬁne
1785 2023 1877 2093 ad,
1890 2022 2246 2093 evangelicum
2283 2022 2657 2093 perfectionem
2682 2022 2985 2093 perductus,
3020 2021 3266 2093 migravit
3293 2021 3364 2073 ad
3403 2021 3511 2093 Do-

225 2089 433 2163 minum
457 2089 618 2146 tertio
639 2091 826 2147 Nonas
848 2094 1170 2148 Decembris.
1198 2089 1371 2161 Quein
1399 2095 1628 2149 honoris
1651 2089 1825 2150 causa
1855 2089 2156 2149 Berna'ldus
2178 2093 2234 2146 in
2257 2089 2497 2148 secunda
2518 2089 2749 2162 epistula
2788 2092 3021 2163 appellat

3116 2100 3283 2146 utrem
3323 2098 3374 2145 et
3419 2090 3517 2145 ἀο-

226 2276 3467 2310 W

1261 2453 1441 2566 DE
1529 2450 2474 2567 DAMNATIONE

1722 2650 2004 2715 EOBUM

507 2801 629 2871 QUI
666 2801 898 2858 PAPAM
934 2799 1316 2870 TOTAMQUE
1352 2797 1695 2861 ROMANAM
1737 2795 2068 2856 SYNODUM
2106 2793 2623 2853 DEAUCTORARE
2661 2795 3200 2868 TENTAVERUNT,

820 2956 971 3046 ET
1013 2956 1159 3045 DE
1204 2950 2022 3047 SACRAMENTIS
2063 2948 2943 3044 DAMNATORUM.

1600 3134 2217 3161 ﬂ

738 3288 1075 3345 EPISTOLA
1130 3288 1366 3355 PRIMA,

653 3400 953 3439 ADALBEBTI
989 3369 1063 3438 AD,
1094 3398 1431 3438 BERNALDUI.

311 3476 529 3536 Domno
560 3493 625 3532 ac
650 3477 959 3532 venerando
987 3475 1255 3532 sacerdoti
1278 3474 1569 3530 Bsnnsnno
1583 3473 1832 3530 doctrina

242 3588 309 3629 ac
338 3570 593 3626 moribus
637 3569 921 3635 adornata,
947 3568 1303 3623 Anamsn‘rus
1363 3568 1646 3639 presbyter
1694 3567 1835 3622 indi-

245 3679 386 3736 gnos
414 3663 649 3734 ejusque
676 3661 881 3717 bonum
933 3659 1115 3733 (1032)
1166 3657 1504 3726 indeficiens,
1552 3658 1700 3730 quod
1752 3665 1838 3715 est

245 3754 524 3811 Christus.

315 3847 552 3904 Multum
577 3846 643 3903 de
678 3854 859 3902 vestra
896 3845 1223 3900 salutatione
1272 3843 1445 3915 gavisi
1499 3858 1713 3911 sumus,
1741 3841 1838 3899 sed

246 3940 424 3994 multo
451 3938 578 4009 plus
602 3937 981 4008 gauderemus,
1005 3936 1051 3991 si
1077 3950 1299 4005 quoquo
1318 3936 1484 3991 modo
1505 3935 1573 3990 ad
1603 3934 1839 3991 invicem

247 4029 608 4085 conveniendi
630 4038 686 4084 et
713 4028 869 4084 dulce
894 4026 1225 4097 colloquium
1254 4027 1580 4082 conserendi
1609 4026 1840 4082 faculta-

246 4130 359 4177 tem
394 4122 745 4178 haberemus.
769 4120 925 4188 Quod
945 4136 1071 4175 cum
1101 4119 1259 4175 nobis
1284 4120 1624 4175 diversarum
1653 4134 1839 4177 rerum

248 4215 555 4271 necessitas
584 4212 927 4279 intercludat,
941 4212 1133 4267 saltem
1159 4222 1401 4266 mutuam
1418 4210 1839 4267 collocutionem

246 4304 562 4362 litterarum
592 4302 767 4359 officio
793 4303 1178 4359 commendare
1212 4317 1320 4356 non
1346 4291 1543 4371 pigeat.

322 4397 512 4471 (1055)
565 4395 639 4451 De
669 4394 878 4465 judicio
926 4394 1092 4465 igitur
1138 4394 1321 4448 domui
1361 4392 1643 4463 apostolici
1678 4408 1842 4463 super

250 4490 503 4560 publicos
527 4496 583 4542 et
610 4495 959 4542 contumaces
979 4485 1287 4556 apostolica:
1323 4486 1468 4540 sedis
1506 4485 1841 4555 proscripto-

254 4598 341 4637 res
361 4580 574 4652 aliquid
600 4580 760 4636 nobis
787 4579 1086 4635 rescribere
1113 4578 1309 4644 velitis,
1337 4576 1512 4634 sicubi
1542 4578 1841 4648 quidquam

1863 3291 1907 3349 Β
1932 3282 2126 3340 dubias
2169 3283 2386 3355 quidem
2437 3300 2528 3341 res
2576 3285 2950 3343 discutienda:
2996 3287 3229 3346 induciae
3268 3291 3525 3365 leguntur

1933 3391 2242 3442 concessae,
2265 3385 2328 3432 ut
2354 3378 2600 3434 accusati
2642 3394 2701 3435 se
2748 3387 2939 3436 contra
2985 3393 3335 3440 accusatores
3393 3402 3526 3444 suos

1933 3470 2148 3540 possint
2179 3485 2507 3541 praeparare.
2556 3469 2617 3528 In
2662 3488 2775 3543 quo
2824 3473 3034 3544 judicio
3082 3477 3394 3533 necessaria
3443 3488 3529 3536 est

1934 3562 2224 3632 prmsentia
2251 3563 2496 3619 accusati
2546 3570 2601 3618 et
2649 3565 3007 3620 accusatoris.
3055 3563 3294 3623 Publicae
3342 3577 3527 3624 autem

1935 3655 2297 3712 contumaciae
2324 3671 2602 3726 nusquam
2639 3656 2871 3728 legimus
2918 3658 3168 3715 inducias
3224 3676 3292 3715 ex
3342 3661 3528 3716 debito

1933 3762 2057 3803 esse
2081 3747 2479 3802 eoneedendas.
2497 3744 2823 3816 Hujusmodi
2840 3749 2986 3803 enim
3008 3765 3175 3805 causa
3191 3766 3299 3806 non
3325 3752 3531 3823 indiget

1936 3845 2274 3904 accusatore,
2297 3838 2381 3892 vel
2406 3838 2629 3893 testium
2655 3840 3039 3906 conductione,
3064 3856 3190 3896 cum
3237 3842 3353 3911 ipse
3398 3859 3530 3899 reus

1936 3945 2045 3984 non
2076 3929 2477 4005 verecundetur
2509 3929 2721 3985 crimen
2756 3947 2917 3986 suum
2942 3933 3256 4002 propalare,
3309 3950 3412 3989 nec
3432 3951 3530 4004 per

1938 4020 2238 4077 absentiam
2274 4021 2676 4076 damnationem
2729 4038 2887 4077 suam
2932 4024 3094 4079 debet
3140 4022 3376 4079 diﬂ’erre.
3421 4024 3528 4080 Sed

1939 4117 2040 4172 hos
2064 4117 2202 4171 duos
2229 4116 2450 4171 ordines
2470 4114 2751 4185 iudicandi
2802 4130 2900 4184 per
2947 4116 3197 4186 exempla
3246 4116 3399 4172 vobis
3433 4118 3530 4172 de-

1939 4211 2118 4266 notari
2144 4225 2251 4265 non
2284 4208 2658 4264 necessarium
2686 4208 3044 4276 mstimamus,
3077 4225 3202 4265 cum
3247 4210 3529 4266 scientiori

1939 4304 2195 4375 quaelibet
2219 4304 2466 4374 ingerere
2513 4316 2724 4372 magna:
2747 4301 3023 4372 iudicetur
3050 4301 3419 4372 impudentiae.

1984 4397 2174 4453 'Juxta
2204 4398 2353 4453 hunc
2390 4394 2615 4450 modum
2663 4395 2902 4450 domnus
2956 4394 3292 4465 apostolicus
3347 4393 3529 4465 publi-

1941 4504 2037 4546 cos
2076 4498 2131 4544 et
2171 4496 2526 4545 contumaces
2572 4487 2885 4555 apostolica:
2934 4485 3079 4541 sedis
3132 4486 3533 4555 proscriptores

1944 4582 2080 4638 satis
2106 4582 2370 4638 canonice
2393 4578 2675 4635 damnavit
2701 4579 2867 4634 etiam
2890 4577 3159 4634 absentes.
3185 4576 3326 4645 Quid
3351 4583 3534 4632 autem

252 4671 632 4727 authenticum
667 4670 843 4726 eidem
883 4669 1091 4739 judicio
1130 4668 1419 4723 adversum
1468 4667 1837 4724 invenissetis.
1869 4645 1910 4702 Ο
1943 4674 2099 4729 vobis
2121 4674 2246 4730 inde
2277 4675 2550 4736 videatur,
2567 4670 2814 4727 charitas
2832 4676 3017 4724 vestra
3048 4669 3209 4725 nobis
3232 4668 3539 4725 rescribere

250 4761 388 4819 Nam
412 4780 517 4818 nos
546 4762 681 4817 nihil
710 4762 890 4817 adhuc
916 4761 992 4815 illi
1014 4760 1349 4818 contrarium
1372 4759 1697 4830 reperimus,
1714 4761 1842 4819 licet
1947 4780 2055 4820 non
2092 4777 2369 4838 gravetur.
2397 4761 2535 4818 Nam
2559 4769 2803 4819 vestram
2839 4762 2907 4817 de
2952 4761 3056 4815 hac
3107 4775 3275 4818 causa
3318 4765 3543 4815 senten-

149 4864 154 4869 ‘
252 4857 598 4912 diversorum
621 4855 846 4911 Patrum
877 4861 1076 4910 statuta
1110 4853 1369 4924 singulari
1389 4852 1671 4923 diligentia
1694 4855 1843 4910 evol-
1951 4858 2080 4914 tiam
2149 4857 2513 4918 libentissime
2574 4854 2904 4925 recipimus;
2956 4867 3121 4923 quem
3172 4869 3289 4924 prae
3332 4849 3545 4907 caeteris

253 4948 551 5004 vissemus.
579 4945 637 5002 ln
666 4946 776 5002 illis
810 4961 940 5000 sane
958 4946 1096 5002 duos
1123 4944 1433 5015 iudiciarios
1455 4943 1681 5001 ordines
1702 4945 1846 5002 inve-
1952 4947 2360 5019 diligeutiorem
2390 4954 2450 5003 et
2469 4945 2848 5003 discretiorem
2878 4945 2934 4999 in
2962 4944 3136 5000 sacris
3190 4943 3393 5002 litteris
3437 4955 3549 4993 non

254 5039 463 5095 nimus.
494 5035 670 5093 Unum
697 5038 768 5093 de
791 5036 1025 5105 publicis
1068 5035 1414 5105 criminibus;
1479 5036 1741 5107 alterum,
1777 5039 1845 5096 de
1954 5041 2291 5105 dubitamus.

256 5132 460 5197 dubiis,
485 5130 606 5185 licet
629 5129 799 5195 veris,
827 5131 1065 5186 nondum
1096 5137 1271 5183 tamen
1294 5128 1608 5200 publicatis.
1665 5131 1732 5187 Et
1778 5135 1848 5190 ad
2018 5129 2099 5190 De
2139 5136 2484 5196 confectione
2517 5127 2681 5182 etiam
2713 5135 3185 5188 sacramentorum
3212 5147 3245 5187 a
3275 5120 3554 5183 Simoniac
