3986 5312
485 341 620 396 ιιιδ

482 455 584 519 cis,
613 467 709 509 seu
729 447 1107 522 aquibusllbet
1129 435 1616 499 exeommunicatls
1636 433 2048 522 usurpatorum,
2077 418 2122 476 Α

483 514 615 616 quid
675 514 923 603 videatur
965 538 1139 602 vobis,
1196 535 1339 590 seire
1385 528 1667 589 vellemus,
1726 519 1946 616 quippe,
2004 514 2053 616 si

483 606 707 693 careant
732 634 971 689 veritate.
1005 625 1394 685 Sanctissimus
1419 620 1563 676 enim
1596 616 1756 671 Pater
1791 606 2051 679 Augusti-

434 732 437 737 ’
485 744 591 783 nus
619 727 694 782 ita
724 730 987 782 testatur:
1024 740 1043 774 ι
1081 719 1227 784 Veri,
1258 713 1462 787 inquit,
1484 707 1737 768 sacriﬁcii
1763 705 1917 759 locus
1944 714 2052 755 non

484 826 570 874 est
611 824 765 875 extra
810 813 1133 871 catholicam
1187 807 1506 865 Ecclesiam.
1566 822 1585 854 ι
1635 798 1827 853 Nullus
1890 792 2055 864 igitur

452 909 641 964 .tlocus
663 907 777 962 veri
805 904 1059 963 sacriﬁcii
1086 911 1171 959 est
1195 900 1337 971 apud
1365 895 1668 965 hrercticos,
1695 890 1809 945 sive
1832 899 2053 941 excom-

448 989 475 1048 )’
486 998 813 1054 municatos.

554 1089 911 1144 Beatissimus
934 1101 1152 1158 quoque
1186 1097 1324 1155 papa
1364 1080 1496 1145 Leo,
1523 1077 1680 1148 cujus
1734 1069 2054 1129 auctoritate

486 1188 874 1251 congregatum
931 1186 1018 1235 est
1074 1180 1130 1232 et
1179 1173 1561 1231 conﬁrmatum
1614 1162 2055 1223 Chalcedoneuse

486 1270 777 1325 concilium
791 1284 823 1323 a
848 1276 1038 1324 sancto
1061 1265 1320 1337 Gregorio
1340 1260 1632 1331 Evangelia
1658 1260 2051 1326 comparatum,

485 1360 623 1430 ipse,
666 1361 911 1431 inquam,
954 1358 1122 1414 Leoni
1169 1357 1416 1426 Augusto
1467 1351 1655 1407 scribit
1697 1349 1764 1404 de
1819 1345 2055 1417 quodam

491 1452 743 1509 damnato
774 1450 1058 1507 Timotheo
1084 1448 1337 1519 episcopo
1367 1444 1548 1514 (100:5)
1583 1441 1677 1513 qui
1723 1454 1850 1496 rcus
1903 1439 2053 1494 oeci-

486 1543 656 1599 sionis
684 1543 1032 1599 Alexandrini
1083 1539 1335 1611 praesulis
1377 1534 1676 1610 [Proterii],
1706 1534 1890 1593 sedem
1935 1534 2078 1603 ejus.

488 1635 793 1692 Simoniace
815 1635 1031 1691 invasit.
1064 1633 1139 1690 De
1172 1631 1335 1703 hujus
1364 1630 1529 1702 igitur
1551 1626 1847 1684 Simoniaci
1867 1640 2053 1682 sacra-

485 1730 684 1785 mentis
716 1726 976 1799 praefatus
1008 1741 1144 1798 papa
1164 1724 1275 1780 Leo
1297 1724 1370 1779 ita
1399 1730 1628 1781 testatur
1652 1721 1720 1778 ad
1747 1721 2053 1791 Augustum

486 1820 662 1891 (epist.
693 1820 781 1891 75)
818 1840 831 1874 :
888 1840 909 1873 ι
943 1817 1289 1876 Manifestum
1320 1826 1424 1883 est,
1452 1816 1649 1886 inquit,
1673 1830 1770 1885 per
1796 1813 2061 1870 crudelis-

486 1911 682 1967 simam
741 1911 1256 1981 insanissimamque
1302 1909 1565 1966 saevitiam
1611 1921 1774 1963 omne
1823 1904 1933 1962 illic
1975 1905 2060 1977 (in

482 2005 847 2062 Alexandrina
869 2004 1014 2077 sede)
1043 2002 1344 2063 caelestium
1372 2008 1839 2058 sacramentorum
1876 1998 2060 2053 lumen

484 2096 835 2152 exstinctum.
883 2095 1187 2166 Intercepta
1212 2105 1295 2150 est
1316 2092 1568 2151 sacrificii
1594 2091 1821 2157 oblatio;
1864 2089 2061 2146 defecit

486 2187 797 2243 chrismatis
821 2186 1208 2250 sanctiﬁcatio;
1261 2193 1314 2240 et
1347 2182 1781 2254 parricidialibus
1806 2180 2059 2237 manibus

484 2278 778 2349 impiorum
812 2280 994 2334 omnia
1018 2295 1076 2335 se
1098 2278 1413 2334 subtraxere
1440 2275 1715 2347 mysteria,
1736 2294 1754 2326 ι
1782 2281 1885 2328 etc.
1920 2271 2059 2328 San-

487 2378 610 2425 ctus
635 2385 854 2440 quoque
880 2369 1172 2439 Gregorius
1199 2369 1445 2424 scribens
1482 2367 1549 2421 de
1577 2365 1864 2421 temeraria
1911 2365 2058 2420 ordi—

486 2461 704 2516 natione
724 2460 945 2517 Maximi
974 2459 1273 2516 Salonitani
1302 2458 1540 2529 episcopi
1578 2456 1693 2527 (lib.
1719 2473 1777 2512 ιιι
1796 2497 1811 2524 ,
1833 2474 1915 2527 ep.
1939 2456 2054 2526 20),

486 2551 563 2607 ita
586 2552 883 2608 detestatur
932 2551 1175 2606 eamdem
1218 2570 1231 2605 :
1278 2568 1296 2601 ι
1334 2549 1464 2605 Post
1488 2547 1941 2615 interdictionem,
1973 2548 2057 2602 in-

487 2639 625 2710 quit,
652 2656 869 2711 quoque
898 2649 1158 2707 nostram,
1190 2655 1312 2710 quae
1355 2638 1459 2694 sub
1497 2637 2055 2699 excommunicatione

488 2741 581 2786 tua
634 2732 1109 2802 ordinantinmque
1138 2739 1190 2787 te
1227 2732 1368 2787 facta
1391 2741 1493 2799 est,
1524 2731 1680 2788 etesis
1705 2731 2052 2803 presbyteris,

485 2823 914 2894 diaconibusque
943 2833 1246 2894 ceteroque
1291 2825 1456 2891 clero,
1499 2839 1665 2879 manu
1724 2822 1943 2878 militari
1985 2823 2054 2879 ad

487 2916 722 2971 medium
759 2915 957 2973 diceris
975 2916 1260 2982 adductus,
1295 2931 1458 2986 quam
1486 2931 1600 2970 rem
1629 2931 1729 2971 nos
1767 2929 2054 2971 consecra-

486 3006 689 3062 tionem
716 3008 896 3065 dicere
936 3008 1084 3063 nullo
1116 3008 1278 3064 modo
1326 3021 1640 3078 possumus,
1667 3022 1790 3078 quae
1831 3006 1900 3060 ab
1957 3021 2052 3061 ex-

486 3100 902 3206 communicatis
946 3110 1029 3157 est
1075 3100 1386 3157 hominibus
1414 3100 1701 3156 celebrata.
1743 3118 1761 3151 ι
1802 3096 2053 3169 Episcopi
2081 3097 2122 3154 C
2497 3096 3217 3211 ἓξὲἐᾶἆῖῶὦοωίηω
3263 3129 3521 3186 Ecclesia!
3548 3096 3735 3181 ﬁmus

485 3194 633 3250 enim
674 3194 1129 3251 excommunicati
1176 3202 1352 3258 erant,
1392 3192 1487 3263 qui
1539 3208 1664 3247 eum
1706 3205 2060 3247 consecrave-

488 3296 632 3340 rant.

562 3378 816 3435 Vestrum
867 3379 1033 3450 igitur
1075 3377 1337 3448 judicium
1397 3385 1775 3447 exspectamus
1819 3374 1947 3446 quid
1994 3374 2061 3431 de

484 3470 798 3541 huiusmodi
823 3470 1179 3525 sacramentis
1207 3470 1452 3540 judicare
1473 3469 1786 3523 debeamus.

561 3561 742 3631 (1004)
776 3560 905 3615 Post
938 3562 1395 3631 interrogationem
1420 3561 1505 3615 hic
1524 3561 1711 3629 incipit
1750 3558 1925 3613 valens
1982 3575 2060 3613 re-

489 3652 719 3727 soonsic,
744 3660 893 3705 caute
923 3660 1095 3715 tamen
1125 3651 1340 3720 legenda
1366 3652 1421 3704 in
1456 3650 1704 3705 ulteriore
1726 3658 1899 3720 parte.

1052 3760 1386 3818 EPISTOLA
1433 3761 1498 3829 ιι,

874 3871 1133 3913 Βεικιιιιιι
1182 3872 1249 3911 Αἰ)
1298 3870 1671 3910 Λολωειιτιῑιι.

559 3946 767 4003 Arcolm
803 3946 1082 4012 aromatis,
1104 3947 1260 4016 cujus
1284 3946 1395 4002 lilio
1421 3961 1650 4016 capreus
1676 3943 1868 3999 Libani
1890 3943 2061 4015 pasci-

486 4049 598 4106 tur,
627 4039 793 4109 cujus
825 4040 878 4093 in
916 4038 1108 4094 umbra
1151 4039 1267 4108 ipse
1319 4038 1528 4093 cubans
1576 4036 1913 4102 meridiatur,
1942 4036 2058 4092 viro

486 4131 805 4186 deliciarum
824 4129 1133 4195 Adalberto,
1147 4130 1214 4185 de
1235 4137 1697 4186 sacramentorum
1721 4128 2059 4184 confectione

490 4223 805 4280 Bernartius
833 4225 1164 4280 canteriatus
1197 4225 1370 4281 instar
1398 4223 1673 4294 [Ethiopis
1710 4224 1763 4278 in
1809 4224 2058 4279 taberna-

487 4317 625 4374 culis
657 4316 852 4385 Cedar,
875 4318 1161 4374 damnatus
1201 4318 1432 4389 pistrino
1470 4320 1526 4374 in
1553 4317 1629 4373 Ur
1656 4316 2054 4385 Chaldteorum,

1456 324 1545 381 AD
1581 315 1811 377 OPERA
1847 311 1905 367 S.
1943 302 2269 365 GREGORII
2302 293 2746 358 APPENDICES.

2145 416 2310 471 rium.
2338 412 2517 477 Salvo,
2555 409 2679 466 ρωιὶ
2730 405 3017 465 luminare,
3045 399 3233 454 lucens
3272 383 3717 459 lncxstinguihili-

2153 514 2231 561 ter
2256 505 2312 560 in
2329 504 2508 560 medio
2521 499 2757 556 nationis
2776 496 2931 551 malae
2948 502 3110 563 atque
3129 498 3396 559 perversae
3420 477 3509 552 (ιι
3532 477 3644 531 Pet.
3661 477 3715 545 ι).

2221 592 2494 651 Jussionis
2520 590 2684 664 igitur
2731 597 2840 642 ture
2873 579 3272 640 exsecutionem
3313 574 3440 627 licet
3471 567 3609 624 mihi
3633 581 3720 635 pro

2153 684 2439 742 sanctitate
2465 661 2664 754 negotii
2696 676 2983 733 interdicat
3023 666 3389 730 conscientia,
3422 661 3555 716 licet
3594 672 3719 727 prae-

2154 783 2455 832 sumentem
2478 788 2564 829 me
2588 770 2643 826 in
2664 767 2856 825 faciem
2886 766 3059 837 ipsam
3082 761 3238 818 cedat
3260 754 3514 819 stultitia,
3539 762 3721 821 aggre-

2152 864 2273 920 dior
2316 872 2519 928 tamen,
2574 868 2758 917 certus
2806 856 2935 927 quia
2977 851 3081 909 etsi
3132 863 3255 922 quas
3306 850 3558 915 oporteat
3626 838 3725 894 diri

2153 954 2339 1011 nescio
2355 997 2370 1021 ,
2401 953 2458 1007 in
2480 952 2587 1007 hoc
2615 959 2794 1006 tamen
2823 945 3003 1002 sciens
3029 957 3150 998 sum
3173 937 3317 1011 quod
3338 935 3459 1001 tibi,
3483 928 3725 991 Domine,

2153 1045 2365 1101 obedio.
2396 1041 2563 1099 Jubes
2594 1041 2777 1114 igitur,
2795 1047 2855 1095 ut
2881 1046 2971 1092 tua
3007 1033 3182 1106 ipsius
3197 1029 3363 1087 verba
3388 1039 3618 1099 ponam,
3639 1022 3726 1077 tibi

2155 1149 2185 1190 a
2225 1148 2314 1188 me
2350 1131 2515 1189 scribi
2564 1130 2631 1186 de
2667 1128 2874 1202 judicio
2904 1124 3090 1181 domni
3128 1118 3412 1193 apostolici
3439 1130 3610 1186 super
3632 1129 3725 1184 pu-

2156 1223 2326 1278 blicos
2348 1230 2402 1277 et
2423 1228 2772 1276 contumaces
2801 1216 2946 1274 sedis
2973 1213 3282 1286 apostolica:
3313 1206 3727 1281 proscriptorcs.

2156 1313 2329 1369 sicubi
2354 1312 2653 1384 quidquam
2694 1308 3068 1367 authenticum
3107 1304 3280 1361 eidem
3306 1299 3517 1373 judicio
3545 1297 3731 1353 adver-

2157 1418 2280 1458 sum
2315 1401 2636 1457 invenerim.
3204 1385 3210 1389 ’

2228 1492 2403 1558 Sedis,
2443 1490 2623 1558 Pater,
2665 1475 2976 1561 apostolicae
3019 1495 3131 1552 est,
3181 1492 3242 1539 ut
3291 1478 3460 1537 divini
3507 1473 3734 1532 consciae

2155 1590 2363 1655 arcani,
2392 1596 2573 1644 rotare
2593 1583 2773 1639 claves
2794 1578 2946 1651 regni
2968 1577 3252 1633 caelorum.
3293 1589 3313 1622 σ
3354 1568 3476 1640 Ipsa
3502 1565 3673 1628 enim,
3709 1580 3727 1614 ι

2157 1691 2217 1737 ιιι
2236 1681 2529 1738 Anacletus
2551 1690 2690 1747 papa
2712 1672 2921 1737 scribit,
2949 1688 2969 1723 ι
3008 1664 3299 1724 constituta
3318 1670 3403 1715 est
3423 1673 3454 1712 a
3485 1655 3732 1747 flemina,

2092 1754 2133 1809 Β
2163 1786 2269 1827 non
2295 1771 2363 1826 ab
2385 1768 2512 1833 alio,
2534 1745 2699 1835 caput
2722 1771 2776 1818 et
2814 1759 2982 1816 cardo
3000 1755 3387 1812 Ecclesiarum.
3421 1767 3440 1800 ι
3489 1746 3571 1835 Ει
3599 1745 3735 1800 sicut

2161 1861 2384 1916 cardine
2430 1834 2630 1914 ostium
2673 1850 2900 1924 regitur,
2926 1846 3006 1903 sic
3030 1844 3193 1915 hujus
3234 1848 3438 1896 sanctae
3461 1834 3610 1892 sedis
3644 1847 3733 1886 au-

2160 1960 2408 2016 ctoritate
2454 1968 2645 2012 omnes
2686 1946 2943 2006 Ecclesiae
2990 1941 3220 1999 Domino
3263 1938 3594 2008 disponente
3649 1944 3734 1984 re-

2160 2058 2381 2125 guntur.

2230 2143 2367 2198 Hinc
2397 2141 2457 2196 Β.
2487 2137 2735 2195 Gelasius
2781 2134 2837 2188 in
2887 2127 3121 2204 generali
3167 2126 3385 2183 decreto
3432 2120 3501 2177 ad
3549 2128 3737 2173 omnes

2157 2236 2438 2307 episcopos
2478 2233 2544 2287 de
2597 2225 2861 2283 institutis
2907 2218 3287 2279 ecclesiasticis
3314 2214 3493 2270 dicit:
3537 2230 3558 2263 ι
3600 2209 3733 2265 Cum

2158 2304 2314 2380 nobis
2340 2304 2527 2378 contra
2557 2313 2877 2374 salutarium
2904 2308 3256 2367 reverentiam
3282 2304 3601 2376 regularum
3643 2314 3735 2354 cu-

2157 2417 2374 2488 piamus
2401 2423 2603 2468 temere
2644 2410 2721 2465 nil
2750 2407 2933 2472 licere,
2972 2412 3026 2459 et
3066 2416 3190 2458 cum
3240 2398 3398 2455 sedes
3439 2391 3735 2465 apostolica

2157 2484 2321 2578 super
2343 2504 2429 2560 his
2464 2503 2738 2566 omnibus,
2776 2498 2990 2553 favente
3031 2492 3294 2556 Domino,
3330 2503 3456 2559 qua:
3494 2484 3735 2558 paternis

2154 2596 2455 2653 cauonibus
2473 2602 2601 2649 sunt
2620 2591 2857 2663 prmﬁxa,
2876 2587 2965 2659 pio
2988 2586 3289 2654 devotoque
3318 2578 3534 2635 studeat
3554 2586 3735 2630 tenere

2155 2688 2453 2763 proposito,
2501 2686 2634 2743 satis
2657 2684 2937 2755 indignum
2975 2689 3058 2735 est
3090 2685 3421 2748 quemquam
3444 2669 3532 2724 vel
3556 2665 3733 2739 ponti.

2156 2761 2339 2847 ficum,
2364 2780 2445 2836 vel
2472 2778 2724 2834 ordinum
2760 2769 3208 2842 subsequentium
3226 2808 3242 2833 ,
3269 2765 3414 2820 hanc
3446 2761 3735 2816 observan-

2155 2873 2286 2929 tiam
2309 2869 2566 2937 refutare,
2620 2881 2786 2938 quam
2808 2864 2869 2919 B.
2903 2861 3048 2917 Petri
3072 2860 3253 2916 sedem
3275 2864 3331 2910 et
3354 2852 3515 2923 sequi
3558 2850 3735 2904 videat

2152 2972 2207 3021 et
2226 2964 2447 3028 docere;
2472 2959 2714 3029 satisque
2738 2952 3068 3012 conveniens
3109 2949 3179 3006 sit
3220 2956 3280 3002 ut
3329 2954 3508 3000 totum
3539 2955 3734 3011 corpus

2156 3053 2474 3111 Ecclesiaain
2496 3052 2600 3107 hac
2617 3048 2832 3106 sibimet
2845 3042 3222 3102 observatione
3245 3036 3731 3105 conco:det,quam

2163 3237 2346 3308 posuit
2371 3236 2755 3307 principatum.
2789 3251 2809 3285 ι

2235 3328 2343 3384 Leo
2366 3342 2582 3399 quoque
2602 3325 2669 3381 ad
2698 3321 3045 3378 Anastasium
3072 3317 3591 3375 tltessalonieenscm
3628 3309 3738 3382 cpi-

2164 3437 2389 3493 scopum
2407 3420 2580 3489 (epist.
2607 3416 2696 3487 84)
2728 3435 2739 3470 :
2765 3437 2781 3467 ι
2803 3414 3012 3482 Quibus
3031 3431 3049 3464 ι
3080 3405 3732 3483 (sacerdotibus),inquit,

2170 3536 2188 3567 σ
2225 3530 2351 3570 cum
2374 3513 2445 3568 sit
2473 3510 2708 3584 dignitas
2730 3504 3066 3570 communis,
3109 3517 3219 3557 non
3258 3509 3342 3554 est
3380 3508 3567 3553 tamen
3606 3496 3737 3550 ordo

2162 3600 2734 3678 generalis,,quoniam
2770 3606 2825 3653 et
2863 3595 3003 3651 inter
3065 3592 3410 3649 beatissimos
3458 3587 3736 3659 apostolos

2162 3699 2218 3753 in
2273 3693 2626 3751 similitudine
2658 3688 2881 3745 honoris
2913 3685 3017 3742 fuit
3046 3684 3293 3756 quredam
3329 3680 3596 3736 discretio
3647 3684 3737 3748 po-

2161 3788 2391 3844 testatis.
2416 3784 2626 3840 Etcum
2650 3780 2893 3837 omnium
2913 3794 3012 3849 par
3033 3786 3177 3832 esset
3194 3775 3408 3840 electio,
3435 3772 3533 3827 uni
3560 3780 3737 3825 tamen

2161 3882 2346 3937 datum
2383 3887 2467 3934 est
2501 3887 2561 3932 ut
2585 3874 2794 3931 caeteris
2823 3870 3215 3943 prmemincret.
3265 3887 3285 3920 ι
3340 3865 3408 3920 Et
3439 3864 3573 3936 quia
3602 3865 3737 3917 hanc

2159 3968 2531 4027 excellentiam
2567 3981 2794 4023 summae
2840 3963 2986 4019 sedis
3040 3977 3151 4017 non
3199 3959 3396 4015 minuit
3444 3955 3737 4026 indignitas

2158 4061 2520 4134 praesidentis,
2560 4067 2793 4116 testatur
2836 4056 2978 4112 idem
3032 4052 3143 4109 Leo
3184 4071 3197 4107 ε
3247 4070 3266 4104 t
3316 4049 3433 4105 Etsi
3481 4030 3754 4103 nonnun?

2160 4169 2345 4227 quam,
2400 4152 2689 4224 inquiens,
2743 4148 2956 4205 diversa
3010 4146 3202 4201 merita
3250 4142 3572 4214 praasulum,
3616 4139 3738 4208 jura

2158 4256 2339 4301 tamen
2397 4250 2718 4315 permanent
2768 4240 3000 4305 sedium,
3046 4237 3247 4308 quibus
3300 4233 3519 4305 possint
3559 4228 3737 4286 aemuli

2159 4338 2621 4410 perturbationem
2645 4334 2880 4405 aliquam
2917 4331 3149 4387 fortasse
3178 4327 3400 4391 inferre,
3424 4340 3536 4381 non
3558 4333 3736 4379 tamen

487 4422 587 4501 "cf:
610 4423 725 4478 lam
761 4409 1063 4501 3m‘$‘8“3
1095 4411 1148 4464 ίη
1172 4410 1426 4477 miseriis:
1459 4425 1567 4465 που
1615 4409 1741 4466 ἀίω
1787 4410 2051 4480 corporis,
2088 4431 2130 4487 D
2157 4409 2386 4501 possunt
2406 4428 2649 4483 minuere
2680 4424 3016 4496 dignitatem.
3044 4420 3200 4477 Sedis
3222 4428 3402 4475 tamen
3433 4416 3603 4486 hujus
3623 4430 3738 4469 san-

487 4499 581 4554 sed
618 4501 873 4570 exposita:
918 4499 1031 4571 jam
1074 4503 1235 4557 morti
1275 4503 1491 4569 animae,
1533 4502 1794 4574 quidquid
1836 4517 2059 4575 gemens

486 4592 787 4660 peccatoris
836 4592 1068 4658 devotio,
1114 4594 1369 4666 angelicae
1419 4595 1712 4650 sanctitati.
1766 4593 1877 4650 Deo
1923 4594 2057 4649 fonti

490 4683 986 4740 miserioordiarum
1021 4695 1073 4740 et
1104 4686 1251 4742 Patri
1291 4687 1456 4744 totius
1516 4687 1904 4747 consolationis
1935 4704 2059 4759 gra-

488 4775 591 4831 tias
616 4777 777 4832 oorde
795 4785 850 4832 ct
877 4792 1011 4833 voce
1034 4778 1170 4833 itero
1197 4788 1425 4850 utroque
1452 4780 1594 4851 quod
1626 4795 1717 4835 me
1736 4781 1814 4835 tui
1850 4776 2057 4838 saluta-

484 4868 632 4924 tione
655 4877 809 4936 tunc,
836 4870 995 4940 cujus
1029 4871 1216 4926 audito
1237 4873 1456 4929 nomine
1484 4887 1717 4937 recreor,
1743 4872 2058 4928 dulcissima

487 4958 743 5006 dignatus
775 4968 859 5006 est
897 4960 1267 5006 enllncntinnn
1310 4962 1477 5006 Salvo
1554 4963 1914 5006 onrrnntnlam
1960 4977 2058 5006 31;;-

2160 4532 2259 4578 cta:
2281 4519 2541 4591 praesules
2562 4533 2592 4574 a
2615 4516 2877 4587 subjectis
2897 4512 3109 4570 moneri
3142 4525 3378 4583 persmpe
3402 4507 3734 4569 tolerabant;

2160 4611 2409 4683 spiritum
2437 4610 2491 4664 in
2521 4609 2602 4664 eis
2633 4607 2974 4678 exstinguere
2993 4603 3279 4668 nolebant;
3318 4601 3539 4655 demum
3565 4598 3735 4653 eccle-

2161 4703 2379 4758 siastica
2414 4703 2528 4773 lege
2552 4700 2690 4755 duce
2709 4707 2763 4753 et
2796 4696 3056 4768 magistra
3089 4693 3273 4766 potius
3302 4691 3406 4762 ipsi
3440 4690 3735 4747 secundum

2160 4796 2407 4851 instituta
2430 4807 2702 4849 canonum
2730 4790 2910 4845 vivere
2930 4801 3093 4859 quam
3125 4800 3189 4841 ex
3220 4781 3499 4839 canonicis
3522 4780 3737 4835 institu—

2162 4887 2231 4942 tis
2254 4885 2529 4956 subjectos
2558 4881 2867 4954 opprimere
2902 4877 3171 4933 volebant.
3216 4873 3477 4942 Princeps
3514 4878 3733 4956 aposto~

2690 4972 2701 5006 ἶ
2731 4969 3077 5006 οἷηηηῖοθῖηηη
3108 4971 3293 5006 πηηίρς
3313 4968 3535 5006 noceret

2160 4978 2337 5006 'Aunnm
2363 4989 2486 5006 num
2527 4973 2580 5006 ἓν.
2618 4973 2701 5006 CII:
