  <div class='ocr_page' id='page_1' title='image "/cluster/home/n/w/nwhite01/storage/ocr_20150623/148/hvd.32044015471840/570.png"; bbox 0 0 3986 5312; ppageno 0'>
   <div class='ocr_carea' id='block_1_1' title="bbox 109 347 265 402">
    <p class='ocr_par' dir='ltr' id='par_1_1' title="bbox 109 347 265 402">
     <span class='ocr_line' id='line_1_1' title="bbox 109 347 265 402; baseline 0.013 -2"><span class='ocrx_word' id='word_1_1' title='bbox 109 347 265 402; x_wconf 70' lang='grc'><strong>1145</strong></span> 
     </span>
    </p>
   </div>
   <div class='ocr_carea' id='block_1_2' title="bbox 1010 348 2494 412">
    <p class='ocr_par' dir='ltr' id='par_1_2' title="bbox 1010 348 2494 412">
     <span class='ocr_line' id='line_1_2' title="bbox 1010 348 2494 412; baseline 0.001 -6"><span class='ocrx_word' id='word_1_2' title='bbox 1010 350 1301 406; x_wconf 80' lang='grc' dir='ltr'><strong>ΑΡΡΕΝΙ).</strong></span> <span class='ocrx_word' id='word_1_3' title='bbox 1340 351 1429 407; x_wconf 87' lang='lat' dir='ltr'><strong>lil.</strong></span> <span class='ocrx_word' id='word_1_4' title='bbox 1471 382 1538 391; x_wconf 90' lang='lat'><strong><em>—</em></strong></span> <span class='ocrx_word' id='word_1_5' title='bbox 1578 348 2008 408; x_wconf 69' lang='grc' dir='ltr'><strong>ΜΟΝΠΜΕΝΤΑ</strong></span> <span class='ocrx_word' id='word_1_6' title='bbox 2050 352 2494 412; x_wconf 72' lang='lat' dir='ltr'><strong>GREGORIANA</strong></span> 
     </span>
    </p>
   </div>
   <div class='ocr_carea' id='block_1_3' title="bbox 3260 349 3396 404">
    <p class='ocr_par' dir='ltr' id='par_1_3' title="bbox 3260 349 3396 404">
     <span class='ocr_line' id='line_1_3' title="bbox 3260 349 3396 404; baseline -0.007 0"><span class='ocrx_word' id='word_1_7' title='bbox 3260 349 3396 404; x_wconf 69' lang='lat' dir='ltr'><strong>1N6</strong></span> 
     </span>
    </p>
   </div>
   <div class='ocr_carea' id='block_1_4' title="bbox 108 452 3457 538">
    <p class='ocr_par' dir='ltr' id='par_1_4' title="bbox 108 452 3457 538">
     <span class='ocr_line' id='line_1_4' title="bbox 108 452 3457 538; baseline 0.001 -24"><span class='ocrx_word' id='word_1_8' title='bbox 108 461 283 528; x_wconf 74' lang='lat' dir='ltr'><strong>sum;</strong></span> <span class='ocrx_word' id='word_1_9' title='bbox 300 460 505 517; x_wconf 87' lang='lat' dir='ltr'><strong>stultus</strong></span> <span class='ocrx_word' id='word_1_10' title='bbox 527 459 675 517; x_wconf 87' lang='lat' dir='ltr'><strong>enim</strong></span> <span class='ocrx_word' id='word_1_11' title='bbox 704 476 883 518; x_wconf 84' lang='lat' dir='ltr'><strong>essem</strong></span> <span class='ocrx_word' id='word_1_12' title='bbox 918 462 1069 538; x_wconf 89' lang='lat' dir='ltr'><strong>[est],</strong></span> <span class='ocrx_word' id='word_1_13' title='bbox 1098 468 1192 538; x_wconf 84' lang='lat' dir='ltr'><strong>qui</strong></span> <span class='ocrx_word' id='word_1_14' title='bbox 1218 467 1274 522; x_wconf 91' lang='lat' dir='ltr'><strong>in</strong></span> <span class='ocrx_word' id='word_1_15' title='bbox 1302 482 1368 520; x_wconf 91' lang='lat' dir='ltr'><strong>eo</strong></span> <span class='ocrx_word' id='word_1_16' title='bbox 1400 482 1458 522; x_wconf 85' lang='lat' dir='ltr'><strong>se</strong></span> <span class='ocrx_word' id='word_1_17' title='bbox 1482 482 1717 537; x_wconf 79' lang='lat' dir='ltr'><strong>primum</strong></span> <span class='ocrx_word' id='word_1_18' title='bbox 1750 468 1793 524; x_wconf 81' lang='grc' dir='ltr'><strong>Δ</strong></span> <span class='ocrx_word' id='word_1_19' title='bbox 1822 466 2057 534; x_wconf 87' lang='lat' dir='ltr'><strong>nifestis,</strong></span> <span class='ocrx_word' id='word_1_20' title='bbox 2090 469 2174 523; x_wconf 91' lang='lat' dir='ltr'><strong>cui</strong></span> <span class='ocrx_word' id='word_1_21' title='bbox 2202 468 2433 525; x_wconf 63' lang='lat' dir='ltr'><strong>induciae</strong></span> <span class='ocrx_word' id='word_1_22' title='bbox 2458 466 2684 522; x_wconf 85' lang='lat' dir='ltr'><strong>minimo</strong></span> <span class='ocrx_word' id='word_1_23' title='bbox 2710 475 2821 522; x_wconf 67' lang='lat' dir='ltr'><strong>sunt</strong></span> <span class='ocrx_word' id='word_1_24' title='bbox 2853 463 3238 530; x_wconf 70' lang='lat' dir='ltr'><strong>concedendm,</strong></span> <span class='ocrx_word' id='word_1_25' title='bbox 3269 467 3394 533; x_wconf 87' lang='lat' dir='ltr'><strong>quia</strong></span> <span class='ocrx_word' id='word_1_26' title='bbox 3452 452 3457 455; x_wconf 65' lang='grc'><em>’</em></span> 
     </span>
    </p>
   </div>
   <div class='ocr_carea' id='block_1_5' title="bbox 107 542 1717 622">
    <p class='ocr_par' dir='ltr' id='par_1_5' title="bbox 107 542 1717 622">
     <span class='ocr_line' id='line_1_5' title="bbox 107 542 1717 622; baseline 0.001 -15"><span class='ocrx_word' id='word_1_27' title='bbox 107 550 386 618; x_wconf 66' lang='grc' dir='ltr'><strong>ωειὶιωι,</strong></span> <span class='ocrx_word' id='word_1_28' title='bbox 411 542 473 608; x_wconf 76' lang='lat' dir='ltr'><strong>ut</strong></span> <span class='ocrx_word' id='word_1_29' title='bbox 498 552 641 607; x_wconf 88' lang='lat' dir='ltr'><strong>bona</strong></span> <span class='ocrx_word' id='word_1_30' title='bbox 666 568 790 622; x_wconf 78' lang='lat' dir='ltr'><strong>qutc</strong></span> <span class='ocrx_word' id='word_1_31' title='bbox 828 553 1025 609; x_wconf 87' lang='lat' dir='ltr'><strong>viderit</strong></span> <span class='ocrx_word' id='word_1_32' title='bbox 1048 556 1259 612; x_wconf 83' lang='lat' dir='ltr'><strong>discere</strong></span> <span class='ocrx_word' id='word_1_33' title='bbox 1280 566 1607 613; x_wconf 71' lang='lat' dir='ltr'><strong>contemnat.</strong></span> <span class='ocrx_word' id='word_1_34' title='bbox 1626 556 1717 610; x_wconf 90' lang='lat' dir='ltr'><strong>ille</strong></span> 
     </span>
    </p>
   </div>
   <div class='ocr_carea' id='block_1_6' title="bbox 109 642 1716 713">
    <p class='ocr_par' dir='ltr' id='par_1_6' title="bbox 109 642 1716 713">
     <span class='ocr_line' id='line_1_6' title="bbox 109 642 1716 713; baseline 0.004 -16"><span class='ocrx_word' id='word_1_35' title='bbox 109 642 294 697; x_wconf 84' lang='lat' dir='ltr'><strong>etiam</strong></span> <span class='ocrx_word' id='word_1_36' title='bbox 328 643 425 713; x_wconf 85' lang='lat' dir='ltr'><strong>qui</strong></span> <span class='ocrx_word' id='word_1_37' title='bbox 463 658 573 699; x_wconf 88' lang='lat' dir='ltr'><strong>non</strong></span> <span class='ocrx_word' id='word_1_38' title='bbox 614 643 684 698; x_wconf 88' lang='lat' dir='ltr'><strong>ab</strong></span> <span class='ocrx_word' id='word_1_39' title='bbox 711 644 933 700; x_wconf 85' lang='lat' dir='ltr'><strong>homine</strong></span> <span class='ocrx_word' id='word_1_40' title='bbox 964 645 1152 701; x_wconf 76' lang='lat' dir='ltr'><strong>didicit</strong></span> <span class='ocrx_word' id='word_1_41' title='bbox 1186 648 1495 703; x_wconf 71' lang='lat' dir='ltr'><strong>auctoritati</strong></span> <span class='ocrx_word' id='word_1_42' title='bbox 1522 647 1716 703; x_wconf 92' lang='lat' dir='ltr'><strong>Corin-</strong></span> 
     </span>
    </p>
   </div>
   <div class='ocr_carea' id='block_1_7' title="bbox 110 731 1717 811">
    <p class='ocr_par' dir='ltr' id='par_1_7' title="bbox 110 731 1717 811">
     <span class='ocr_line' id='line_1_7' title="bbox 110 731 1717 811; baseline 0.006 -24"><span class='ocrx_word' id='word_1_43' title='bbox 110 731 375 789; x_wconf 85' lang='lat' dir='ltr'><strong>thiorum</strong></span> <span class='ocrx_word' id='word_1_44' title='bbox 396 734 561 790; x_wconf 77' lang='lat' dir='ltr'><strong>cessit</strong></span> <span class='ocrx_word' id='word_1_45' title='bbox 585 734 773 791; x_wconf 89' lang='lat' dir='ltr'><strong>dicens</strong></span> <span class='ocrx_word' id='word_1_46' title='bbox 815 755 828 791; x_wconf 88' lang='lat'><strong>:</strong></span> <span class='ocrx_word' id='word_1_47' title='bbox 896 756 915 790; x_wconf 81' lang='grc' dir='ltr'><strong>ι</strong></span> <span class='ocrx_word' id='word_1_48' title='bbox 963 738 1065 794; x_wconf 87' lang='lat' dir='ltr'><strong>Cui</strong></span> <span class='ocrx_word' id='word_1_49' title='bbox 1104 740 1310 811; x_wconf 88' lang='lat' dir='ltr'><strong>aliquid</strong></span> <span class='ocrx_word' id='word_1_50' title='bbox 1356 740 1620 808; x_wconf 90' lang='lat' dir='ltr'><strong>donastis,</strong></span> <span class='ocrx_word' id='word_1_51' title='bbox 1662 750 1717 797; x_wconf 91' lang='lat' dir='ltr'><strong>et</strong></span> 
     </span>
    </p>
   </div>
   <div class='ocr_carea' id='block_1_8' title="bbox 111 824 1715 903">
    <p class='ocr_par' dir='ltr' id='par_1_8' title="bbox 111 824 1715 903">
     <span class='ocr_line' id='line_1_8' title="bbox 111 824 1715 903; baseline 0.006 -24"><span class='ocrx_word' id='word_1_52' title='bbox 111 839 222 896; x_wconf 76' lang='lat' dir='ltr'><strong>ego</strong></span> <span class='ocrx_word' id='word_1_53' title='bbox 255 824 352 898; x_wconf 83' lang='lat' dir='ltr'><strong>(II</strong></span> <span class='ocrx_word' id='word_1_54' title='bbox 386 824 510 882; x_wconf 87' lang='lat' dir='ltr'><strong>Cor.</strong></span> <span class='ocrx_word' id='word_1_55' title='bbox 539 828 622 897; x_wconf 88' lang='grc' dir='ltr'>ιι).</span> <span class='ocrx_word' id='word_1_56' title='bbox 664 846 683 879; x_wconf 73' lang='grc' dir='ltr'><strong>ι</strong></span> <span class='ocrx_word' id='word_1_57' title='bbox 716 825 855 883; x_wconf 87' lang='lat' dir='ltr'><strong>llinc</strong></span> <span class='ocrx_word' id='word_1_58' title='bbox 895 829 1203 903; x_wconf 79' lang='lat' dir='ltr'><strong>colligimus</strong></span> <span class='ocrx_word' id='word_1_59' title='bbox 1234 846 1358 887; x_wconf 91' lang='lat' dir='ltr'><strong>cum</strong></span> <span class='ocrx_word' id='word_1_60' title='bbox 1384 831 1528 887; x_wconf 90' lang='lat' dir='ltr'><strong>sedis</strong></span> <span class='ocrx_word' id='word_1_61' title='bbox 1551 832 1715 902; x_wconf 86' lang='lat' dir='ltr'><strong>hujus</strong></span> 
     </span>
    </p>
   </div>
   <div class='ocr_carea' id='block_1_9' title="bbox 114 914 1716 991">
    <p class='ocr_par' dir='ltr' id='par_1_9' title="bbox 114 914 1716 991">
     <span class='ocr_line' id='line_1_9' title="bbox 114 914 1716 991; baseline 0.006 -24"><span class='ocrx_word' id='word_1_62' title='bbox 114 928 295 985; x_wconf 83' lang='lat' dir='ltr'><strong>super</strong></span> <span class='ocrx_word' id='word_1_63' title='bbox 326 922 570 986; x_wconf 91' lang='lat' dir='ltr'><strong>petram,</strong></span> <span class='ocrx_word' id='word_1_64' title='bbox 596 930 719 987; x_wconf 66' lang='lat' dir='ltr'><strong>qua:</strong></span> <span class='ocrx_word' id='word_1_65' title='bbox 775 914 1029 974; x_wconf 84' lang='lat' dir='ltr'><strong>Christus</strong></span> <span class='ocrx_word' id='word_1_66' title='bbox 1066 928 1181 986; x_wconf 91' lang='lat' dir='ltr'><strong>est,</strong></span> <span class='ocrx_word' id='word_1_67' title='bbox 1242 919 1479 976; x_wconf 68' lang='lat' dir='ltr'><strong>fundata:</strong></span> <span class='ocrx_word' id='word_1_68' title='bbox 1516 921 1609 991; x_wconf 85' lang='lat' dir='ltr'><strong>jus</strong></span> <span class='ocrx_word' id='word_1_69' title='bbox 1661 930 1716 977; x_wconf 89' lang='lat' dir='ltr'><strong>et</strong></span> 
     </span>
    </p>
   </div>
   <div class='ocr_carea' id='block_1_10' title="bbox 113 1003 1713 1083">
    <p class='ocr_par' dir='ltr' id='par_1_10' title="bbox 113 1003 1713 1083">
     <span class='ocr_line' id='line_1_10' title="bbox 113 1003 1713 1083; baseline 0.007 -25"><span class='ocrx_word' id='word_1_70' title='bbox 113 1003 435 1061; x_wconf 85' lang='lat' dir='ltr'><strong>dominium</strong></span> <span class='ocrx_word' id='word_1_71' title='bbox 467 1016 698 1071; x_wconf 90' lang='lat' dir='ltr'><strong>constet,</strong></span> <span class='ocrx_word' id='word_1_72' title='bbox 725 1023 831 1063; x_wconf 95' lang='lat' dir='ltr'><strong>non</strong></span> <span class='ocrx_word' id='word_1_73' title='bbox 875 1025 1039 1079; x_wconf 88' lang='lat' dir='ltr'><strong>posse</strong></span> <span class='ocrx_word' id='word_1_74' title='bbox 1090 1011 1341 1083; x_wconf 79' lang='lat' dir='ltr'><strong>abrogari</strong></span> <span class='ocrx_word' id='word_1_75' title='bbox 1397 1031 1411 1067; x_wconf 88' lang='lat'>:</span> <span class='ocrx_word' id='word_1_76' title='bbox 1454 1012 1713 1083; x_wconf 85' lang='lat' dir='ltr'><strong>praesules</strong></span> 
     </span>
    </p>
   </div>
   <div class='ocr_carea' id='block_1_11' title="bbox 114 1096 1618 1168">
    <p class='ocr_par' dir='ltr' id='par_1_11' title="bbox 114 1096 1618 1168">
     <span class='ocr_line' id='line_1_11' title="bbox 114 1096 1618 1168; baseline 0.005 -17"><span class='ocrx_word' id='word_1_77' title='bbox 114 1104 310 1153; x_wconf 84' lang='lat' dir='ltr'><strong>tamen</strong></span> <span class='ocrx_word' id='word_1_78' title='bbox 349 1096 473 1168; x_wconf 83' lang='lat' dir='ltr'><strong>ejus</strong></span> <span class='ocrx_word' id='word_1_79' title='bbox 495 1099 757 1155; x_wconf 89' lang='lat' dir='ltr'><strong>concedat</strong></span> <span class='ocrx_word' id='word_1_80' title='bbox 781 1101 921 1156; x_wconf 87' lang='lat' dir='ltr'><strong>ratio</strong></span> <span class='ocrx_word' id='word_1_81' title='bbox 956 1100 1228 1159; x_wconf 84' lang='lat' dir='ltr'><strong>interdum</strong></span> <span class='ocrx_word' id='word_1_82' title='bbox 1263 1101 1618 1159; x_wconf 86' lang='lat' dir='ltr'><strong>commoneri.</strong></span> 
     </span>
    </p>
   </div>
   <div class='ocr_carea' id='block_1_12' title="bbox 190 1176 1711 1268">
    <p class='ocr_par' dir='ltr' id='par_1_12' title="bbox 190 1176 1711 1268">
     <span class='ocr_line' id='line_1_12' title="bbox 190 1176 1711 1268; baseline 0.007 -25"><span class='ocrx_word' id='word_1_83' title='bbox 190 1187 275 1243; x_wconf 86' lang='lat' dir='ltr'><strong>De</strong></span> <span class='ocrx_word' id='word_1_84' title='bbox 307 1188 520 1259; x_wconf 86' lang='lat' dir='ltr'><strong>judicio</strong></span> <span class='ocrx_word' id='word_1_85' title='bbox 549 1200 730 1246; x_wconf 89' lang='lat' dir='ltr'><strong>autem</strong></span> <span class='ocrx_word' id='word_1_86' title='bbox 755 1176 1038 1264; x_wconf 81' lang='lat' dir='ltr'><strong>apostolici</strong></span> <span class='ocrx_word' id='word_1_87' title='bbox 1071 1193 1216 1251; x_wconf 91' lang='lat' dir='ltr'><strong>facto</strong></span> <span class='ocrx_word' id='word_1_88' title='bbox 1245 1210 1410 1266; x_wconf 86' lang='lat' dir='ltr'><strong>super</strong></span> <span class='ocrx_word' id='word_1_89' title='bbox 1446 1196 1546 1252; x_wconf 90' lang='lat' dir='ltr'><strong>hos</strong></span> <span class='ocrx_word' id='word_1_90' title='bbox 1573 1213 1711 1268; x_wconf 83' lang='lat' dir='ltr'><strong>quos</strong></span> 
     </span>
    </p>
   </div>
   <div class='ocr_carea' id='block_1_13' title="bbox 115 1282 1711 1361">
    <p class='ocr_par' dir='ltr' id='par_1_13' title="bbox 115 1282 1711 1361">
     <span class='ocr_line' id='line_1_13' title="bbox 115 1282 1711 1361; baseline 0.006 -27"><span class='ocrx_word' id='word_1_91' title='bbox 115 1289 177 1335; x_wconf 89' lang='lat' dir='ltr'><strong>tu</strong></span> <span class='ocrx_word' id='word_1_92' title='bbox 211 1296 386 1337; x_wconf 84' lang='lat' dir='ltr'><strong>vocas</strong></span> <span class='ocrx_word' id='word_1_93' title='bbox 419 1282 667 1353; x_wconf 91' lang='lat' dir='ltr'><strong>publicos</strong></span> <span class='ocrx_word' id='word_1_94' title='bbox 698 1293 753 1339; x_wconf 89' lang='lat' dir='ltr'><strong>et</strong></span> <span class='ocrx_word' id='word_1_95' title='bbox 776 1293 1125 1344; x_wconf 83' lang='lat' dir='ltr'><strong>contumaces</strong></span> <span class='ocrx_word' id='word_1_96' title='bbox 1164 1288 1582 1359; x_wconf 79' lang='lat' dir='ltr'><strong>proscriptores,</strong></span> <span class='ocrx_word' id='word_1_97' title='bbox 1610 1305 1711 1361; x_wconf 90' lang='lat' dir='ltr'><strong>pro</strong></span> 
     </span>
    </p>
   </div>
   <div class='ocr_carea' id='block_1_14' title="bbox 117 1376 1709 1454">
    <p class='ocr_par' dir='ltr' id='par_1_14' title="bbox 117 1376 1709 1454">
     <span class='ocr_line' id='line_1_14' title="bbox 117 1376 1709 1454; baseline 0.006 -26"><span class='ocrx_word' id='word_1_98' title='bbox 117 1382 313 1429; x_wconf 88' lang='lat' dir='ltr'><strong>nostra</strong></span> <span class='ocrx_word' id='word_1_99' title='bbox 358 1376 753 1445; x_wconf 82' lang='lat' dir='ltr'><strong>respondemus</strong></span> <span class='ocrx_word' id='word_1_100' title='bbox 794 1379 1043 1435; x_wconf 84' lang='lat' dir='ltr'><strong>stultitia.</strong></span> <span class='ocrx_word' id='word_1_101' title='bbox 1097 1380 1249 1435; x_wconf 86' lang='lat' dir='ltr'><strong>Fecit</strong></span> <span class='ocrx_word' id='word_1_102' title='bbox 1302 1381 1521 1452; x_wconf 87' lang='lat' dir='ltr'><strong>quidem</strong></span> <span class='ocrx_word' id='word_1_103' title='bbox 1572 1398 1709 1454; x_wconf 89' lang='lat' dir='ltr'><strong>papa</strong></span> 
     </span>
    </p>
   </div>
   <div class='ocr_carea' id='block_1_15' title="bbox 116 1465 1709 1544">
    <p class='ocr_par' dir='ltr' id='par_1_15' title="bbox 116 1465 1709 1544">
     <span class='ocr_line' id='line_1_15' title="bbox 116 1465 1709 1544; baseline 0.006 -24"><span class='ocrx_word' id='word_1_104' title='bbox 116 1465 270 1535; x_wconf 87' lang='lat' dir='ltr'><strong>quod</strong></span> <span class='ocrx_word' id='word_1_105' title='bbox 300 1474 388 1523; x_wconf 85' lang='lat' dir='ltr'><strong>est</strong></span> <span class='ocrx_word' id='word_1_106' title='bbox 420 1468 815 1538; x_wconf 85' lang='lat' dir='ltr'><strong>apostolicum,</strong></span> <span class='ocrx_word' id='word_1_107' title='bbox 850 1469 982 1527; x_wconf 89' lang='lat' dir='ltr'><strong>dum</strong></span> <span class='ocrx_word' id='word_1_108' title='bbox 1016 1471 1294 1529; x_wconf 74' lang='lat' dir='ltr'><strong>damnavit</strong></span> <span class='ocrx_word' id='word_1_109' title='bbox 1326 1488 1463 1544; x_wconf 88' lang='lat' dir='ltr'><strong>quos</strong></span> <span class='ocrx_word' id='word_1_110' title='bbox 1496 1473 1709 1530; x_wconf 77' lang='lat' dir='ltr'><strong>dixeras</strong></span> 
     </span>
    </p>
   </div>
   <div class='ocr_carea' id='block_1_16' title="bbox 117 1557 1707 1636">
    <p class='ocr_par' dir='ltr' id='par_1_16' title="bbox 117 1557 1707 1636">
     <span class='ocr_line' id='line_1_16' title="bbox 117 1557 1707 1636; baseline 0.006 -25"><span class='ocrx_word' id='word_1_111' title='bbox 117 1557 372 1626; x_wconf 87' lang='lat' dir='ltr'><strong>publicos</strong></span> <span class='ocrx_word' id='word_1_112' title='bbox 406 1567 462 1615; x_wconf 90' lang='lat' dir='ltr'><strong>et</strong></span> <span class='ocrx_word' id='word_1_113' title='bbox 496 1569 877 1630; x_wconf 83' lang='lat' dir='ltr'><strong>contumaces,</strong></span> <span class='ocrx_word' id='word_1_114' title='bbox 918 1563 965 1619; x_wconf 90' lang='lat' dir='ltr'><strong>si</strong></span> <span class='ocrx_word' id='word_1_115' title='bbox 995 1572 1204 1619; x_wconf 85' lang='lat' dir='ltr'><strong>tantum</strong></span> <span class='ocrx_word' id='word_1_116' title='bbox 1248 1564 1390 1620; x_wconf 90' lang='lat' dir='ltr'><strong>hanc</strong></span> <span class='ocrx_word' id='word_1_117' title='bbox 1416 1563 1564 1636; x_wconf 77' lang='lat' dir='ltr'><strong>(fort.</strong></span> <span class='ocrx_word' id='word_1_118' title='bbox 1613 1566 1707 1622; x_wconf 90' lang='lat' dir='ltr'><strong>sed</strong></span> 
     </span>
    </p>
   </div>
   <div class='ocr_carea' id='block_1_17' title="bbox 117 1647 1709 1726">
    <p class='ocr_par' dir='ltr' id='par_1_17' title="bbox 117 1647 1709 1726">
     <span class='ocr_line' id='line_1_17' title="bbox 117 1647 1709 1726; baseline 0.008 -24"><span class='ocrx_word' id='word_1_119' title='bbox 117 1647 288 1722; x_wconf 87' lang='lat' dir='ltr'><strong>hanc]</strong></span> <span class='ocrx_word' id='word_1_120' title='bbox 313 1649 645 1709; x_wconf 81' lang='lat' dir='ltr'><strong>dubietatem</strong></span> <span class='ocrx_word' id='word_1_121' title='bbox 681 1669 918 1726; x_wconf 83' lang='lat' dir='ltr'><strong>sequens</strong></span> <span class='ocrx_word' id='word_1_122' title='bbox 955 1655 1184 1726; x_wconf 88' lang='lat' dir='ltr'><strong>epistola</strong></span> <span class='ocrx_word' id='word_1_123' title='bbox 1229 1656 1364 1713; x_wconf 85' lang='lat' dir='ltr'><strong>satis</strong></span> <span class='ocrx_word' id='word_1_124' title='bbox 1417 1658 1709 1714; x_wconf 85' lang='lat' dir='ltr'><strong>elucidabit</strong></span> 
     </span>
    </p>
   </div>
   <div class='ocr_carea' id='block_1_18' title="bbox 115 1746 1707 1814">
    <p class='ocr_par' dir='ltr' id='par_1_18' title="bbox 115 1746 1707 1814">
     <span class='ocr_line' id='line_1_18' title="bbox 115 1746 1707 1814; baseline 0.007 -18"><span class='ocrx_word' id='word_1_125' title='bbox 115 1757 243 1812; x_wconf 71' lang='lat' dir='ltr'><strong>qua:</strong></span> <span class='ocrx_word' id='word_1_126' title='bbox 271 1759 369 1800; x_wconf 82' lang='lat' dir='ltr'><strong>eos</strong></span> <span class='ocrx_word' id='word_1_127' title='bbox 399 1754 525 1814; x_wconf 90' lang='lat' dir='ltr'><strong>post</strong></span> <span class='ocrx_word' id='word_1_128' title='bbox 556 1746 930 1803; x_wconf 87' lang='lat' dir='ltr'><strong>litteratoriam</strong></span> <span class='ocrx_word' id='word_1_129' title='bbox 976 1748 1374 1805; x_wconf 85' lang='lat' dir='ltr'><strong>confessionem</strong></span> <span class='ocrx_word' id='word_1_130' title='bbox 1423 1750 1707 1808; x_wconf 88' lang='lat' dir='ltr'><strong>damnatos</strong></span> 
     </span>
    </p>
   </div>
   <div class='ocr_carea' id='block_1_19' title="bbox 115 1834 1704 1914">
    <p class='ocr_par' dir='ltr' id='par_1_19' title="bbox 115 1834 1704 1914">
     <span class='ocr_line' id='line_1_19' title="bbox 115 1834 1704 1914; baseline 0.007 -26"><span class='ocrx_word' id='word_1_131' title='bbox 115 1834 442 1904; x_wconf 80' lang='lat' dir='ltr'><strong>declarabit,</strong></span> <span class='ocrx_word' id='word_1_132' title='bbox 465 1847 527 1893; x_wconf 90' lang='lat' dir='ltr'><strong>ut</strong></span> <span class='ocrx_word' id='word_1_133' title='bbox 553 1838 777 1896; x_wconf 85' lang='lat' dir='ltr'><strong>Acatius</strong></span> <span class='ocrx_word' id='word_1_134' title='bbox 809 1841 1117 1911; x_wconf 85' lang='lat' dir='ltr'><strong>patriarcha</strong></span> <span class='ocrx_word' id='word_1_135' title='bbox 1147 1840 1704 1914; x_wconf 86' lang='lat' dir='ltr'><strong>Constantinopolita-</strong></span> 
     </span>
    </p>
   </div>
   <div class='ocr_carea' id='block_1_20' title="bbox 117 1927 1703 2003">
    <p class='ocr_par' dir='ltr' id='par_1_20' title="bbox 117 1927 1703 2003">
     <span class='ocr_line' id='line_1_20' title="bbox 117 1927 1703 2003; baseline 0.008 -25"><span class='ocrx_word' id='word_1_136' title='bbox 117 1941 224 1980; x_wconf 90' lang='lat' dir='ltr'><strong>nus</strong></span> <span class='ocrx_word' id='word_1_137' title='bbox 258 1940 293 1981; x_wconf 87' lang='lat' dir='ltr'><strong>a</strong></span> <span class='ocrx_word' id='word_1_138' title='bbox 330 1936 526 1984; x_wconf 84' lang='lat' dir='ltr'><strong>sancto</strong></span> <span class='ocrx_word' id='word_1_139' title='bbox 564 1927 739 1986; x_wconf 84' lang='lat' dir='ltr'><strong>Felice</strong></span> <span class='ocrx_word' id='word_1_140' title='bbox 773 1946 911 2003; x_wconf 89' lang='lat' dir='ltr'><strong>papa</strong></span> <span class='ocrx_word' id='word_1_141' title='bbox 956 1931 1153 2003; x_wconf 79' lang='lat' dir='ltr'><strong>legitur</strong></span> <span class='ocrx_word' id='word_1_142' title='bbox 1194 1934 1703 2001; x_wconf 80' lang='lat' dir='ltr'><strong>anathematizatus,</strong></span> 
     </span>
    </p>
   </div>
   <div class='ocr_carea' id='block_1_21' title="bbox 117 2015 1702 2096">
    <p class='ocr_par' dir='ltr' id='par_1_21' title="bbox 117 2015 1702 2096">
     <span class='ocr_line' id='line_1_21' title="bbox 117 2015 1702 2096; baseline 0.008 -27"><span class='ocrx_word' id='word_1_143' title='bbox 117 2023 305 2085; x_wconf 85' lang='lat' dir='ltr'><strong>utpote</strong></span> <span class='ocrx_word' id='word_1_144' title='bbox 327 2015 527 2074; x_wconf 85' lang='lat' dir='ltr'><strong>litteris</strong></span> <span class='ocrx_word' id='word_1_145' title='bbox 548 2018 852 2089; x_wconf 85' lang='lat' dir='ltr'><strong>professus,</strong></span> <span class='ocrx_word' id='word_1_146' title='bbox 879 2022 1027 2077; x_wconf 89' lang='lat' dir='ltr'><strong>nulla</strong></span> <span class='ocrx_word' id='word_1_147' title='bbox 1063 2031 1245 2078; x_wconf 87' lang='lat' dir='ltr'><strong>autem</strong></span> <span class='ocrx_word' id='word_1_148' title='bbox 1295 2024 1551 2096; x_wconf 84' lang='lat' dir='ltr'><strong>synodica</strong></span> <span class='ocrx_word' id='word_1_149' title='bbox 1602 2041 1702 2081; x_wconf 85' lang='lat' dir='ltr'><strong>vo-</strong></span> 
     </span>
    </p>
   </div>
   <div class='ocr_carea' id='block_1_22' title="bbox 111 2107 1705 2187">
    <p class='ocr_par' dir='ltr' id='par_1_22' title="bbox 111 2107 1705 2187">
     <span class='ocr_line' id='line_1_22' title="bbox 111 2107 1705 2187; baseline 0.009 -26"><span class='ocrx_word' id='word_1_150' title='bbox 111 2107 330 2165; x_wconf 84' lang='lat' dir='ltr'><strong>catione</strong></span> <span class='ocrx_word' id='word_1_151' title='bbox 352 2119 701 2181; x_wconf 62' lang='lat' dir='ltr'><strong>preventus;</strong></span> <span class='ocrx_word' id='word_1_152' title='bbox 726 2121 822 2169; x_wconf 89' lang='lat' dir='ltr'><strong>aut</strong></span> <span class='ocrx_word' id='word_1_153' title='bbox 840 2114 1123 2171; x_wconf 85' lang='lat' dir='ltr'><strong>confessos</strong></span> <span class='ocrx_word' id='word_1_154' title='bbox 1144 2117 1428 2187; x_wconf 83' lang='lat' dir='ltr'><strong>veraciter,</strong></span> <span class='ocrx_word' id='word_1_155' title='bbox 1458 2128 1554 2175; x_wconf 89' lang='lat' dir='ltr'><strong>aut</strong></span> <span class='ocrx_word' id='word_1_156' title='bbox 1572 2135 1705 2177; x_wconf 89' lang='lat' dir='ltr'><strong>con-</strong></span> 
     </span>
    </p>
   </div>
   <div class='ocr_carea' id='block_1_23' title="bbox 110 2200 1704 2279">
    <p class='ocr_par' dir='ltr' id='par_1_23' title="bbox 110 2200 1704 2279">
     <span class='ocr_line' id='line_1_23' title="bbox 110 2200 1704 2279; baseline 0.01 -26"><span class='ocrx_word' id='word_1_157' title='bbox 110 2200 291 2256; x_wconf 81' lang='lat' dir='ltr'><strong>victos</strong></span> <span class='ocrx_word' id='word_1_158' title='bbox 308 2202 669 2274; x_wconf 72' lang='lat' dir='ltr'><strong>regulariter;</strong></span> <span class='ocrx_word' id='word_1_159' title='bbox 712 2215 830 2274; x_wconf 91' lang='lat' dir='ltr'><strong>aut,</strong></span> <span class='ocrx_word' id='word_1_160' title='bbox 884 2208 931 2263; x_wconf 93' lang='lat' dir='ltr'><strong>si</strong></span> <span class='ocrx_word' id='word_1_161' title='bbox 971 2208 1147 2265; x_wconf 84' lang='lat' dir='ltr'><strong>vocati</strong></span> <span class='ocrx_word' id='word_1_162' title='bbox 1181 2210 1463 2279; x_wconf 86' lang='lat' dir='ltr'><strong>canonice,</strong></span> <span class='ocrx_word' id='word_1_163' title='bbox 1486 2212 1554 2267; x_wconf 90' lang='lat' dir='ltr'><strong>ad</strong></span> <span class='ocrx_word' id='word_1_164' title='bbox 1589 2214 1704 2269; x_wconf 85' lang='lat' dir='ltr'><strong>red-</strong></span> 
     </span>
    </p>
   </div>
   <div class='ocr_carea' id='block_1_24' title="bbox 106 2289 1402 2367">
    <p class='ocr_par' dir='ltr' id='par_1_24' title="bbox 106 2289 1402 2367">
     <span class='ocr_line' id='line_1_24' title="bbox 106 2289 1402 2367; baseline 0.008 -23"><span class='ocrx_word' id='word_1_165' title='bbox 106 2289 303 2347; x_wconf 70' lang='lat' dir='ltr'><strong>denda:</strong></span> <span class='ocrx_word' id='word_1_166' title='bbox 324 2292 557 2350; x_wconf 87' lang='lat' dir='ltr'><strong>rationis</strong></span> <span class='ocrx_word' id='word_1_167' title='bbox 581 2293 849 2367; x_wconf 89' lang='lat' dir='ltr'><strong>judicium</strong></span> <span class='ocrx_word' id='word_1_168' title='bbox 879 2297 1065 2353; x_wconf 88' lang='lat' dir='ltr'><strong>venire</strong></span> <span class='ocrx_word' id='word_1_169' title='bbox 1094 2298 1402 2355; x_wconf 89' lang='lat' dir='ltr'><strong>noluerunt.</strong></span> 
     </span>
    </p>
   </div>
   <div class='ocr_carea' id='block_1_25' title="bbox 182 2380 1698 2467">
    <p class='ocr_par' dir='ltr' id='par_1_25' title="bbox 182 2380 1698 2467">
     <span class='ocr_line' id='line_1_25' title="bbox 182 2380 1698 2467; baseline 0.008 -31"><span class='ocrx_word' id='word_1_170' title='bbox 182 2380 344 2450; x_wconf 78' lang='lat' dir='ltr'><strong>Audi,</strong></span> <span class='ocrx_word' id='word_1_171' title='bbox 380 2382 564 2453; x_wconf 87' lang='lat' dir='ltr'><strong>Pater,</strong></span> <span class='ocrx_word' id='word_1_172' title='bbox 588 2386 719 2458; x_wconf 90' lang='lat' dir='ltr'><strong>quid</strong></span> <span class='ocrx_word' id='word_1_173' title='bbox 757 2386 814 2443; x_wconf 91' lang='lat' dir='ltr'><strong>S.</strong></span> <span class='ocrx_word' id='word_1_174' title='bbox 860 2389 1233 2460; x_wconf 80' lang='lat' dir='ltr'><strong>Augustinus,</strong></span> <span class='ocrx_word' id='word_1_175' title='bbox 1275 2393 1370 2463; x_wconf 84' lang='lat' dir='ltr'><strong>qui</strong></span> <span class='ocrx_word' id='word_1_176' title='bbox 1412 2392 1698 2467; x_wconf 78' lang='lat' dir='ltr'><strong>Carthagi-</strong></span> 
     </span>
    </p>
   </div>
   <div class='ocr_carea' id='block_1_26' title="bbox 108 2475 1699 2550">
    <p class='ocr_par' dir='ltr' id='par_1_26' title="bbox 108 2475 1699 2550">
     <span class='ocr_line' id='line_1_26' title="bbox 108 2475 1699 2550; baseline 0.009 -21"><span class='ocrx_word' id='word_1_177' title='bbox 108 2475 264 2530; x_wconf 72' lang='lat' dir='ltr'><strong>nensi</strong></span> <span class='ocrx_word' id='word_1_178' title='bbox 280 2477 537 2543; x_wconf 88' lang='lat' dir='ltr'><strong>concilio,</strong></span> <span class='ocrx_word' id='word_1_179' title='bbox 550 2481 930 2550; x_wconf 79' lang='lat' dir='ltr'><strong>exapostolica</strong></span> <span class='ocrx_word' id='word_1_180' title='bbox 944 2482 1266 2538; x_wconf 82' lang='lat' dir='ltr'><strong>auctoritate</strong></span> <span class='ocrx_word' id='word_1_181' title='bbox 1278 2494 1330 2541; x_wconf 90' lang='lat' dir='ltr'><strong>et</strong></span> <span class='ocrx_word' id='word_1_182' title='bbox 1341 2484 1699 2543; x_wconf 88' lang='lat' dir='ltr'><strong>ducentorum</strong></span> 
     </span>
    </p>
   </div>
   <div class='ocr_carea' id='block_1_27' title="bbox 106 2567 1699 2641">
    <p class='ocr_par' dir='ltr' id='par_1_27' title="bbox 106 2567 1699 2641">
     <span class='ocr_line' id='line_1_27' title="bbox 106 2567 1699 2641; baseline 0.008 -20"><span class='ocrx_word' id='word_1_183' title='bbox 106 2567 496 2636; x_wconf 78' lang='lat' dir='ltr'><strong>septemdecim</strong></span> <span class='ocrx_word' id='word_1_184' title='bbox 525 2568 749 2626; x_wconf 90' lang='lat' dir='ltr'><strong>Patrum</strong></span> <span class='ocrx_word' id='word_1_185' title='bbox 781 2572 997 2629; x_wconf 71' lang='lat' dir='ltr'><strong>firmato</strong></span> <span class='ocrx_word' id='word_1_186' title='bbox 1035 2573 1302 2641; x_wconf 86' lang='lat' dir='ltr'><strong>interluit,</strong></span> <span class='ocrx_word' id='word_1_187' title='bbox 1334 2575 1401 2631; x_wconf 86' lang='lat' dir='ltr'><strong>de</strong></span> <span class='ocrx_word' id='word_1_188' title='bbox 1427 2580 1699 2635; x_wconf 87' lang='lat' dir='ltr'><strong>sententia</strong></span> 
     </span>
    </p>
   </div>
   <div class='ocr_carea' id='block_1_28' title="bbox 104 2658 1696 2739">
    <p class='ocr_par' dir='ltr' id='par_1_28' title="bbox 104 2658 1696 2739">
     <span class='ocr_line' id='line_1_28' title="bbox 104 2658 1696 2739; baseline 0.009 -26"><span class='ocrx_word' id='word_1_189' title='bbox 104 2658 353 2727; x_wconf 76' lang='lat' dir='ltr'><strong>ejusdem</strong></span> <span class='ocrx_word' id='word_1_190' title='bbox 382 2661 599 2717; x_wconf 89' lang='lat' dir='ltr'><strong>concilii</strong></span> <span class='ocrx_word' id='word_1_191' title='bbox 621 2662 689 2719; x_wconf 89' lang='lat' dir='ltr'><strong>ad</strong></span> <span class='ocrx_word' id='word_1_192' title='bbox 718 2664 923 2721; x_wconf 84' lang='lat' dir='ltr'><strong>clerum</strong></span> <span class='ocrx_word' id='word_1_193' title='bbox 946 2673 999 2721; x_wconf 91' lang='lat' dir='ltr'><strong>et</strong></span> <span class='ocrx_word' id='word_1_194' title='bbox 1030 2665 1240 2736; x_wconf 84' lang='lat' dir='ltr'><strong>plebem</strong></span> <span class='ocrx_word' id='word_1_195' title='bbox 1270 2666 1696 2739; x_wconf 83' lang='lat' dir='ltr'><strong>ilipponensium</strong></span> 
     </span>
    </p>
   </div>
   <div class='ocr_carea' id='block_1_29' title="bbox 104 2748 1697 2833">
    <p class='ocr_par' dir='ltr' id='par_1_29' title="bbox 104 2748 1697 2833">
     <span class='ocr_line' id='line_1_29' title="bbox 104 2748 1697 2833; baseline 0.01 -33"><span class='ocrx_word' id='word_1_196' title='bbox 104 2748 248 2804; x_wconf 81' lang='lat' dir='ltr'><strong>inter</strong></span> <span class='ocrx_word' id='word_1_197' title='bbox 263 2749 373 2807; x_wconf 81' lang='lat' dir='ltr'><strong>alia</strong></span> <span class='ocrx_word' id='word_1_198' title='bbox 399 2749 533 2808; x_wconf 86' lang='lat' dir='ltr'><strong>dicit</strong></span> <span class='ocrx_word' id='word_1_199' title='bbox 564 2752 737 2823; x_wconf 78' lang='lat' dir='ltr'><strong>(epist.</strong></span> <span class='ocrx_word' id='word_1_200' title='bbox 766 2753 888 2825; x_wconf 73' lang='grc'><strong>157)</strong></span> <span class='ocrx_word' id='word_1_201' title='bbox 924 2772 937 2809; x_wconf 92' lang='lat'><strong>:</strong></span> <span class='ocrx_word' id='word_1_202' title='bbox 985 2774 1002 2807; x_wconf 84' lang='grc' dir='ltr'><strong>ι</strong></span> <span class='ocrx_word' id='word_1_203' title='bbox 1040 2752 1223 2827; x_wconf 84' lang='lat' dir='ltr'><strong>Nuper</strong></span> <span class='ocrx_word' id='word_1_204' title='bbox 1244 2757 1299 2812; x_wconf 88' lang='lat' dir='ltr'><strong>in</strong></span> <span class='ocrx_word' id='word_1_205' title='bbox 1325 2759 1556 2814; x_wconf 85' lang='lat' dir='ltr'><strong>concilio</strong></span> <span class='ocrx_word' id='word_1_206' title='bbox 1579 2760 1697 2833; x_wconf 89' lang='lat' dir='ltr'><strong>epi-</strong></span> 
     </span>
    </p>
   </div>
   <div class='ocr_carea' id='block_1_30' title="bbox 104 2846 1696 2924">
    <p class='ocr_par' dir='ltr' id='par_1_30' title="bbox 104 2846 1696 2924">
     <span class='ocr_line' id='line_1_30' title="bbox 104 2846 1696 2924; baseline 0.008 -29"><span class='ocrx_word' id='word_1_207' title='bbox 104 2856 399 2913; x_wconf 81' lang='lat' dir='ltr'><strong>scoporum</strong></span> <span class='ocrx_word' id='word_1_208' title='bbox 450 2846 807 2902; x_wconf 89' lang='lat' dir='ltr'><strong>constitutum</strong></span> <span class='ocrx_word' id='word_1_209' title='bbox 866 2856 953 2903; x_wconf 90' lang='lat' dir='ltr'><strong>cst</strong></span> <span class='ocrx_word' id='word_1_210' title='bbox 1014 2849 1224 2904; x_wconf 88' lang='lat' dir='ltr'><strong>nullum</strong></span> <span class='ocrx_word' id='word_1_211' title='bbox 1279 2850 1539 2907; x_wconf 86' lang='lat' dir='ltr'><strong>clericum</strong></span> <span class='ocrx_word' id='word_1_212' title='bbox 1602 2854 1696 2924; x_wconf 92' lang='lat' dir='ltr'><strong>qui</strong></span> 
     </span>
    </p>
   </div>
   <div class='ocr_carea' id='block_1_31' title="bbox 103 2932 1696 3007">
    <p class='ocr_par' dir='ltr' id='par_1_31' title="bbox 103 2932 1696 3007">
     <span class='ocr_line' id='line_1_31' title="bbox 103 2932 1696 3007; baseline 0.009 -23"><span class='ocrx_word' id='word_1_213' title='bbox 103 2932 350 2987; x_wconf 90' lang='lat' dir='ltr'><strong>nondum</strong></span> <span class='ocrx_word' id='word_1_214' title='bbox 387 2934 673 2990; x_wconf 88' lang='lat' dir='ltr'><strong>convictus</strong></span> <span class='ocrx_word' id='word_1_215' title='bbox 706 2935 778 2992; x_wconf 90' lang='lat' dir='ltr'><strong>sit</strong></span> <span class='ocrx_word' id='word_1_216' title='bbox 819 2937 1081 3007; x_wconf 88' lang='lat' dir='ltr'><strong>suspendi</strong></span> <span class='ocrx_word' id='word_1_217' title='bbox 1112 2955 1142 2993; x_wconf 89' lang='lat' dir='ltr'><strong>a</strong></span> <span class='ocrx_word' id='word_1_218' title='bbox 1182 2941 1567 2997; x_wconf 86' lang='lat' dir='ltr'><strong>communione</strong></span> <span class='ocrx_word' id='word_1_219' title='bbox 1598 2943 1696 2998; x_wconf 83' lang='lat' dir='ltr'><strong>dc-</strong></span> 
     </span>
    </p>
   </div>
   <div class='ocr_carea' id='block_1_32' title="bbox 102 3023 1695 3091">
    <p class='ocr_par' dir='ltr' id='par_1_32' title="bbox 102 3023 1695 3091">
     <span class='ocr_line' id='line_1_32' title="bbox 102 3023 1695 3091; baseline 0.008 -13"><span class='ocrx_word' id='word_1_220' title='bbox 102 3023 249 3091; x_wconf 85' lang='lat' dir='ltr'><strong>bere,</strong></span> <span class='ocrx_word' id='word_1_221' title='bbox 279 3025 389 3080; x_wconf 91' lang='lat' dir='ltr'><strong>nisi</strong></span> <span class='ocrx_word' id='word_1_222' title='bbox 420 3025 489 3080; x_wconf 88' lang='lat' dir='ltr'><strong>ad</strong></span> <span class='ocrx_word' id='word_1_223' title='bbox 524 3041 750 3082; x_wconf 87' lang='lat' dir='ltr'><strong>causam</strong></span> <span class='ocrx_word' id='word_1_224' title='bbox 796 3044 954 3085; x_wconf 88' lang='lat' dir='ltr'><strong>suam</strong></span> <span class='ocrx_word' id='word_1_225' title='bbox 1009 3032 1429 3088; x_wconf 77' lang='lat' dir='ltr'><strong>examinandam</strong></span> <span class='ocrx_word' id='word_1_226' title='bbox 1472 3050 1532 3091; x_wconf 88' lang='lat' dir='ltr'><strong>se</strong></span> <span class='ocrx_word' id='word_1_227' title='bbox 1587 3051 1695 3091; x_wconf 93' lang='lat' dir='ltr'><strong>non</strong></span> 
     </span>
    </p>
   </div>
   <div class='ocr_carea' id='block_1_33' title="bbox 1819 553 3395 631">
    <p class='ocr_par' dir='ltr' id='par_1_33' title="bbox 1819 553 3395 631">
     <span class='ocr_line' id='line_1_33' title="bbox 1819 553 3395 631; baseline -0.005 -17"><span class='ocrx_word' id='word_1_228' title='bbox 1819 576 1928 614; x_wconf 92' lang='lat' dir='ltr'><strong>non</strong></span> <span class='ocrx_word' id='word_1_229' title='bbox 1973 562 2313 629; x_wconf 69' lang='lat' dir='ltr'><strong>necessariae,</strong></span> <span class='ocrx_word' id='word_1_230' title='bbox 2342 569 2399 616; x_wconf 85' lang='lat' dir='ltr'><strong>et:</strong></span> <span class='ocrx_word' id='word_1_231' title='bbox 2421 557 2708 631; x_wconf 89' lang='lat' dir='ltr'><strong>posteriori</strong></span> <span class='ocrx_word' id='word_1_232' title='bbox 2742 559 2848 613; x_wconf 91' lang='lat' dir='ltr'><strong>hoc</strong></span> <span class='ocrx_word' id='word_1_233' title='bbox 2882 556 3072 612; x_wconf 88' lang='lat' dir='ltr'><strong>ordine</strong></span> <span class='ocrx_word' id='word_1_234' title='bbox 3103 569 3295 625; x_wconf 82' lang='lat' dir='ltr'><strong>papam</strong></span> <span class='ocrx_word' id='word_1_235' title='bbox 3340 553 3395 607; x_wconf 91' lang='lat' dir='ltr'><strong>in</strong></span> 
     </span>
    </p>
   </div>
   <div class='ocr_carea' id='block_1_34' title="bbox 1818 647 3391 721">
    <p class='ocr_par' dir='ltr' id='par_1_34' title="bbox 1818 647 3391 721">
     <span class='ocr_line' id='line_1_34' title="bbox 1818 647 3391 721; baseline -0.003 -18"><span class='ocrx_word' id='word_1_236' title='bbox 1818 659 2167 705; x_wconf 87' lang='lat' dir='ltr'><strong>contumaces</strong></span> <span class='ocrx_word' id='word_1_237' title='bbox 2216 651 2504 721; x_wconf 80' lang='lat' dir='ltr'><strong>episcopos</strong></span> <span class='ocrx_word' id='word_1_238' title='bbox 2558 647 2851 721; x_wconf 88' lang='lat' dir='ltr'><strong>apostolica</strong></span> <span class='ocrx_word' id='word_1_239' title='bbox 2899 663 3060 703; x_wconf 80' lang='lat' dir='ltr'><strong>usum</strong></span> <span class='ocrx_word' id='word_1_240' title='bbox 3106 652 3391 717; x_wconf 71' lang='lat' dir='ltr'><strong>potestate.</strong></span> 
     </span>
    </p>
   </div>
   <div class='ocr_carea' id='block_1_35' title="bbox 1818 738 3459 817">
    <p class='ocr_par' dir='ltr' id='par_1_35' title="bbox 1818 738 3459 817">
     <span class='ocr_line' id='line_1_35' title="bbox 1818 738 3459 817; baseline -0.004 -21"><span class='ocrx_word' id='word_1_241' title='bbox 1818 741 2151 814; x_wconf 73' lang='lat' dir='ltr'><strong>Recipimus,</strong></span> <span class='ocrx_word' id='word_1_242' title='bbox 2178 743 2418 808; x_wconf 91' lang='lat' dir='ltr'><strong>domine,</strong></span> <span class='ocrx_word' id='word_1_243' title='bbox 2442 742 2589 814; x_wconf 91' lang='lat' dir='ltr'><strong>quod</strong></span> <span class='ocrx_word' id='word_1_244' title='bbox 2620 742 2844 809; x_wconf 88' lang='lat' dir='ltr'><strong>asscris,</strong></span> <span class='ocrx_word' id='word_1_245' title='bbox 2872 741 2919 796; x_wconf 92' lang='lat' dir='ltr'><strong>si</strong></span> <span class='ocrx_word' id='word_1_246' title='bbox 2949 738 3391 810; x_wconf 70' lang='lat' dir='ltr'><strong>coniunctionem</strong></span> <span class='ocrx_word' id='word_1_247' title='bbox 3456 814 3459 817; x_wconf 80' lang='lat'><em>_</em></span> 
     </span>
    </p>
   </div>
   <div class='ocr_carea' id='block_1_36' title="bbox 1816 828 3390 902">
    <p class='ocr_par' dir='ltr' id='par_1_36' title="bbox 1816 828 3390 902">
     <span class='ocr_line' id='line_1_36' title="bbox 1816 828 3390 902; baseline -0.003 -17"><span class='ocrx_word' id='word_1_248' title='bbox 1816 832 1957 885; x_wconf 88' lang='lat' dir='ltr'><strong>hanc</strong></span> <span class='ocrx_word' id='word_1_249' title='bbox 1982 848 2104 902; x_wconf 77' lang='lat' dir='ltr'><strong>quae</strong></span> <span class='ocrx_word' id='word_1_250' title='bbox 2130 839 2216 887; x_wconf 88' lang='lat' dir='ltr'><strong>est</strong></span> <span class='ocrx_word' id='word_1_251' title='bbox 2250 840 2480 900; x_wconf 81' lang='lat' dir='ltr'><strong>tantum,</strong></span> <span class='ocrx_word' id='word_1_252' title='bbox 2511 848 2617 887; x_wconf 94' lang='lat' dir='ltr'><strong>non</strong></span> <span class='ocrx_word' id='word_1_253' title='bbox 2659 830 2951 886; x_wconf 78' lang='lat' dir='ltr'><strong>addideris.</strong></span> <span class='ocrx_word' id='word_1_254' title='bbox 2995 829 3135 884; x_wconf 91' lang='lat' dir='ltr'><strong>Sunt</strong></span> <span class='ocrx_word' id='word_1_255' title='bbox 3171 828 3390 899; x_wconf 87' lang='lat' dir='ltr'><strong>quidem</strong></span> 
     </span>
    </p>
   </div>
   <div class='ocr_carea' id='block_1_37' title="bbox 1814 920 3389 993">
    <p class='ocr_par' dir='ltr' id='par_1_37' title="bbox 1814 920 3389 993">
     <span class='ocr_line' id='line_1_37' title="bbox 1814 920 3389 993; baseline -0.004 -16"><span class='ocrx_word' id='word_1_256' title='bbox 1814 921 1924 977; x_wconf 88' lang='lat' dir='ltr'><strong>duo</strong></span> <span class='ocrx_word' id='word_1_257' title='bbox 1946 921 2218 993; x_wconf 86' lang='lat' dir='ltr'><strong>judiciarii</strong></span> <span class='ocrx_word' id='word_1_258' title='bbox 2247 921 2487 984; x_wconf 84' lang='lat' dir='ltr'><strong>ordines.</strong></span> <span class='ocrx_word' id='word_1_259' title='bbox 2512 930 2572 977; x_wconf 88' lang='lat' dir='ltr'><strong>ut</strong></span> <span class='ocrx_word' id='word_1_260' title='bbox 2596 923 2705 977; x_wconf 87' lang='lat' dir='ltr'><strong>duo</strong></span> <span class='ocrx_word' id='word_1_261' title='bbox 2732 930 3020 992; x_wconf 83' lang='lat' dir='ltr'><strong>praecepta,</strong></span> <span class='ocrx_word' id='word_1_262' title='bbox 3048 929 3109 975; x_wconf 90' lang='lat' dir='ltr'><strong>ut</strong></span> <span class='ocrx_word' id='word_1_263' title='bbox 3133 920 3242 974; x_wconf 87' lang='lat' dir='ltr'><strong>duo</strong></span> <span class='ocrx_word' id='word_1_264' title='bbox 3264 934 3389 988; x_wconf 89' lang='lat' dir='ltr'><strong>pec-</strong></span> 
     </span>
    </p>
   </div>
   <div class='ocr_carea' id='block_1_38' title="bbox 1814 994 3459 1084">
    <p class='ocr_par' dir='ltr' id='par_1_38' title="bbox 1814 994 3459 1084">
     <span class='ocr_line' id='line_1_38' title="bbox 1814 994 3459 1084; baseline -0.003 -17"><span class='ocrx_word' id='word_1_265' title='bbox 1814 1012 1971 1068; x_wconf 88' lang='lat' dir='ltr'><strong>candi</strong></span> <span class='ocrx_word' id='word_1_266' title='bbox 2012 1028 2244 1083; x_wconf 79' lang='lat' dir='ltr'><strong>genera:</strong></span> <span class='ocrx_word' id='word_1_267' title='bbox 2274 1028 2444 1068; x_wconf 90' lang='lat' dir='ltr'><strong>unum</strong></span> <span class='ocrx_word' id='word_1_268' title='bbox 2476 1012 2760 1084; x_wconf 68' lang='lat' dir='ltr'><strong>seilicetlin</strong></span> <span class='ocrx_word' id='word_1_269' title='bbox 2811 1011 3124 1078; x_wconf 89' lang='lat' dir='ltr'><strong>Dominum,</strong></span> <span class='ocrx_word' id='word_1_270' title='bbox 3160 1012 3390 1066; x_wconf 86' lang='lat' dir='ltr'><strong>alterum</strong></span> <span class='ocrx_word' id='word_1_271' title='bbox 3452 994 3459 1005; x_wconf 72' lang='grc'><em>’</em></span> 
     </span>
    </p>
   </div>
   <div class='ocr_carea' id='block_1_39' title="bbox 1813 1098 3387 1170">
    <p class='ocr_par' dir='ltr' id='par_1_39' title="bbox 1813 1098 3387 1170">
     <span class='ocr_line' id='line_1_39' title="bbox 1813 1098 3387 1170; baseline -0.002 -14"><span class='ocrx_word' id='word_1_272' title='bbox 1813 1100 1870 1156; x_wconf 94' lang='lat' dir='ltr'><strong>in</strong></span> <span class='ocrx_word' id='word_1_273' title='bbox 1900 1102 2185 1170; x_wconf 82' lang='lat' dir='ltr'><strong>homines;</strong></span> <span class='ocrx_word' id='word_1_274' title='bbox 2210 1109 2271 1158; x_wconf 91' lang='lat' dir='ltr'><strong>ut</strong></span> <span class='ocrx_word' id='word_1_275' title='bbox 2297 1102 2408 1157; x_wconf 92' lang='lat' dir='ltr'><strong>duo</strong></span> <span class='ocrx_word' id='word_1_276' title='bbox 2436 1101 2701 1157; x_wconf 77' lang='lat' dir='ltr'><strong>adventus</strong></span> <span class='ocrx_word' id='word_1_277' title='bbox 2740 1099 2987 1157; x_wconf 87' lang='lat' dir='ltr'><strong>Domini:</strong></span> <span class='ocrx_word' id='word_1_278' title='bbox 3014 1116 3159 1155; x_wconf 87' lang='lat' dir='ltr'><strong>unus</strong></span> <span class='ocrx_word' id='word_1_279' title='bbox 3204 1098 3387 1155; x_wconf 89' lang='lat' dir='ltr'><strong>occul-</strong></span> 
     </span>
    </p>
   </div>
   <div class='ocr_carea' id='block_1_40' title="bbox 1814 1192 3386 1264">
    <p class='ocr_par' dir='ltr' id='par_1_40' title="bbox 1814 1192 3386 1264">
     <span class='ocr_line' id='line_1_40' title="bbox 1814 1192 3386 1264; baseline -0.003 -15"><span class='ocrx_word' id='word_1_280' title='bbox 1814 1202 1923 1264; x_wconf 89' lang='lat' dir='ltr'><strong>tus,</strong></span> <span class='ocrx_word' id='word_1_281' title='bbox 1960 1195 2098 1249; x_wconf 90' lang='lat' dir='ltr'><strong>alter</strong></span> <span class='ocrx_word' id='word_1_282' title='bbox 2150 1193 2509 1261; x_wconf 87' lang='lat' dir='ltr'><strong>manifestus;</strong></span> <span class='ocrx_word' id='word_1_283' title='bbox 2543 1208 2687 1249; x_wconf 84' lang='lat' dir='ltr'><strong>unus</strong></span> <span class='ocrx_word' id='word_1_284' title='bbox 2722 1193 2791 1249; x_wconf 87' lang='lat' dir='ltr'><strong>de</strong></span> <span class='ocrx_word' id='word_1_285' title='bbox 2833 1208 2945 1264; x_wconf 88' lang='lat' dir='ltr'><strong>quo</strong></span> <span class='ocrx_word' id='word_1_286' title='bbox 2974 1192 3236 1261; x_wconf 90' lang='lat' dir='ltr'><strong>scriptum</strong></span> <span class='ocrx_word' id='word_1_287' title='bbox 3265 1200 3347 1246; x_wconf 80' lang='lat' dir='ltr'><strong>est</strong></span> <span class='ocrx_word' id='word_1_288' title='bbox 3375 1209 3386 1245; x_wconf 90' lang='lat'><strong>:</strong></span> 
     </span>
    </p>
   </div>
   <div class='ocr_carea' id='block_1_41' title="bbox 1818 1282 3390 1357">
    <p class='ocr_par' dir='ltr' id='par_1_41' title="bbox 1818 1282 3390 1357">
     <span class='ocr_line' id='line_1_41' title="bbox 1818 1282 3390 1357; baseline -0.001 -19"><span class='ocrx_word' id='word_1_289' title='bbox 1818 1305 1837 1338; x_wconf 81' lang='grc' dir='ltr'><strong>ι</strong></span> <span class='ocrx_word' id='word_1_290' title='bbox 1862 1285 2159 1342; x_wconf 83' lang='lat' dir='ltr'><strong>Descendet</strong></span> <span class='ocrx_word' id='word_1_291' title='bbox 2195 1286 2337 1342; x_wconf 89' lang='lat' dir='ltr'><strong>sicut</strong></span> <span class='ocrx_word' id='word_1_292' title='bbox 2366 1286 2547 1357; x_wconf 86' lang='lat' dir='ltr'><strong>pluvia</strong></span> <span class='ocrx_word' id='word_1_293' title='bbox 2585 1286 2759 1341; x_wconf 85' lang='lat' dir='ltr'><strong>vellus</strong></span> <span class='ocrx_word' id='word_1_294' title='bbox 2798 1283 2972 1357; x_wconf 82' lang='lat' dir='ltr'><strong>(Psal.</strong></span> <span class='ocrx_word' id='word_1_295' title='bbox 3009 1284 3219 1354; x_wconf 43' lang='lat' dir='ltr'><strong>uxr)”</strong></span> <span class='ocrx_word' id='word_1_296' title='bbox 3255 1282 3390 1337; x_wconf 85' lang='lat' dir='ltr'><strong>alter</strong></span> 
     </span>
    </p>
   </div>
   <div class='ocr_carea' id='block_1_42' title="bbox 1810 1374 3383 1449">
    <p class='ocr_par' dir='ltr' id='par_1_42' title="bbox 1810 1374 3383 1449">
     <span class='ocr_line' id='line_1_42' title="bbox 1810 1374 3383 1449; baseline -0.004 -15"><span class='ocrx_word' id='word_1_297' title='bbox 1810 1377 1877 1434; x_wconf 89' lang='lat' dir='ltr'><strong>de</strong></span> <span class='ocrx_word' id='word_1_298' title='bbox 1904 1392 2015 1449; x_wconf 91' lang='lat' dir='ltr'><strong>quo</strong></span> <span class='ocrx_word' id='word_1_299' title='bbox 2044 1376 2307 1447; x_wconf 90' lang='lat' dir='ltr'><strong>scriptum</strong></span> <span class='ocrx_word' id='word_1_300' title='bbox 2333 1386 2453 1432; x_wconf 87' lang='lat' dir='ltr'><strong>est:</strong></span> <span class='ocrx_word' id='word_1_301' title='bbox 2485 1396 2506 1430; x_wconf 75' lang='grc' dir='ltr'><strong>ι</strong></span> <span class='ocrx_word' id='word_1_302' title='bbox 2529 1375 2671 1433; x_wconf 90' lang='lat' dir='ltr'><strong>Deus</strong></span> <span class='ocrx_word' id='word_1_303' title='bbox 2696 1376 2983 1432; x_wconf 88' lang='lat' dir='ltr'><strong>manifeste</strong></span> <span class='ocrx_word' id='word_1_304' title='bbox 3009 1375 3190 1431; x_wconf 90' lang='lat' dir='ltr'><strong>veniet</strong></span> <span class='ocrx_word' id='word_1_305' title='bbox 3209 1374 3383 1446; x_wconf 80' lang='lat' dir='ltr'><strong>(Psal.</strong></span> 
     </span>
    </p>
   </div>
   <div class='ocr_carea' id='block_1_43' title="bbox 1811 1466 3389 1542">
    <p class='ocr_par' dir='ltr' id='par_1_43' title="bbox 1811 1466 3389 1542">
     <span class='ocr_line' id='line_1_43' title="bbox 1811 1466 3389 1542; baseline -0.004 -16"><span class='ocrx_word' id='word_1_306' title='bbox 1811 1470 2027 1542; x_wconf 75' lang='grc' dir='ltr'>ιιιι).ι</span> <span class='ocrx_word' id='word_1_307' title='bbox 2087 1469 2161 1525; x_wconf 90' lang='lat' dir='ltr'><strong>De</strong></span> <span class='ocrx_word' id='word_1_308' title='bbox 2221 1470 2391 1541; x_wconf 90' lang='lat' dir='ltr'><strong>priori</strong></span> <span class='ocrx_word' id='word_1_309' title='bbox 2455 1470 2622 1541; x_wconf 71' lang='lat' dir='ltr'><strong>igitur</strong></span> <span class='ocrx_word' id='word_1_310' title='bbox 2668 1469 2963 1540; x_wconf 82' lang='lat' dir='ltr'><strong>judiciario</strong></span> <span class='ocrx_word' id='word_1_311' title='bbox 3013 1467 3207 1523; x_wconf 88' lang='lat' dir='ltr'><strong>ordine</strong></span> <span class='ocrx_word' id='word_1_312' title='bbox 3256 1466 3389 1521; x_wconf 84' lang='lat' dir='ltr'><strong>dicit</strong></span> 
     </span>
    </p>
   </div>
   <div class='ocr_carea' id='block_1_44' title="bbox 1809 1556 3446 1632">
    <p class='ocr_par' dir='ltr' id='par_1_44' title="bbox 1809 1556 3446 1632">
     <span class='ocr_line' id='line_1_44' title="bbox 1809 1556 3446 1632; baseline -0.002 -17"><span class='ocrx_word' id='word_1_313' title='bbox 1809 1560 2128 1632; x_wconf 80' lang='lat' dir='ltr'><strong>Apostolus:</strong></span> <span class='ocrx_word' id='word_1_314' title='bbox 2153 1581 2172 1613; x_wconf 78' lang='grc' dir='ltr'><strong>ι</strong></span> <span class='ocrx_word' id='word_1_315' title='bbox 2194 1560 2249 1615; x_wconf 90' lang='lat' dir='ltr'><strong>Si</strong></span> <span class='ocrx_word' id='word_1_316' title='bbox 2265 1561 2388 1632; x_wconf 89' lang='lat' dir='ltr'><strong>quis</strong></span> <span class='ocrx_word' id='word_1_317' title='bbox 2403 1560 2566 1616; x_wconf 83' lang='lat' dir='ltr'><strong>frater</strong></span> <span class='ocrx_word' id='word_1_318' title='bbox 2579 1561 2892 1616; x_wconf 88' lang='lat' dir='ltr'><strong>nominatur</strong></span> <span class='ocrx_word' id='word_1_319' title='bbox 2906 1559 3258 1625; x_wconf 65' lang='lat' dir='ltr'><strong>fornicator,»</strong></span> <span class='ocrx_word' id='word_1_320' title='bbox 3274 1566 3378 1613; x_wconf 88' lang='lat' dir='ltr'><strong>etc.</strong></span> <span class='ocrx_word' id='word_1_321' title='bbox 3440 1556 3446 1569; x_wconf 88' lang='lat'>&#39;</span> 
     </span>
    </p>
   </div>
   <div class='ocr_carea' id='block_1_45' title="bbox 1811 1651 3389 1725">
    <p class='ocr_par' dir='ltr' id='par_1_45' title="bbox 1811 1651 3389 1725">
     <span class='ocr_line' id='line_1_45' title="bbox 1811 1651 3389 1725; baseline -0.004 -17"><span class='ocrx_word' id='word_1_322' title='bbox 1811 1652 1867 1708; x_wconf 81' lang='lat' dir='ltr'><strong>ll</strong></span> <span class='ocrx_word' id='word_1_323' title='bbox 1885 1651 2099 1724; x_wconf 67' lang='lat' dir='ltr'><strong>Conv).</strong></span> <span class='ocrx_word' id='word_1_324' title='bbox 2135 1673 2154 1705; x_wconf 79' lang='grc' dir='ltr'><strong>ι</strong></span> <span class='ocrx_word' id='word_1_325' title='bbox 2180 1652 2311 1708; x_wconf 84' lang='lat' dir='ltr'><strong>Eam</strong></span> <span class='ocrx_word' id='word_1_326' title='bbox 2346 1653 2772 1709; x_wconf 85' lang='lat' dir='ltr'><strong>nominationem</strong></span> <span class='ocrx_word' id='word_1_327' title='bbox 2806 1651 3029 1725; x_wconf 86' lang='lat' dir='ltr'><strong>intelligi</strong></span> <span class='ocrx_word' id='word_1_328' title='bbox 3053 1652 3263 1714; x_wconf 87' lang='lat' dir='ltr'><strong>volens,</strong></span> <span class='ocrx_word' id='word_1_329' title='bbox 3291 1668 3308 1701; x_wconf 80' lang='grc' dir='ltr'><strong>ι</strong></span> <span class='ocrx_word' id='word_1_330' title='bbox 3327 1657 3389 1702; x_wconf 89' lang='lat' dir='ltr'><strong>ut</strong></span> 
     </span>
    </p>
   </div>
   <div class='ocr_carea' id='block_1_46' title="bbox 1808 1742 3384 1818">
    <p class='ocr_par' dir='ltr' id='par_1_46' title="bbox 1808 1742 3384 1818">
     <span class='ocr_line' id='line_1_46' title="bbox 1808 1742 3384 1818; baseline -0.003 -17"><span class='ocrx_word' id='word_1_331' title='bbox 1808 1745 1939 1802; x_wconf 92' lang='lat' dir='ltr'><strong>dicit</strong></span> <span class='ocrx_word' id='word_1_332' title='bbox 1958 1745 2319 1818; x_wconf 76' lang='lat' dir='ltr'><strong>Augustinus,</strong></span> <span class='ocrx_word' id='word_1_333' title='bbox 2345 1745 2399 1800; x_wconf 92' lang='lat' dir='ltr'><strong>in</strong></span> <span class='ocrx_word' id='word_1_334' title='bbox 2443 1745 2537 1800; x_wconf 87' lang='lat' dir='ltr'><strong>lib.</strong></span> <span class='ocrx_word' id='word_1_335' title='bbox 2569 1744 2644 1799; x_wconf 88' lang='lat' dir='ltr'><strong>De</strong></span> <span class='ocrx_word' id='word_1_336' title='bbox 2671 1744 3010 1815; x_wconf 66' lang='lat' dir='ltr'><strong>paenitentia,</strong></span> <span class='ocrx_word' id='word_1_337' title='bbox 3048 1763 3066 1795; x_wconf 79' lang='grc' dir='ltr'><strong>ι</strong></span> <span class='ocrx_word' id='word_1_338' title='bbox 3096 1758 3219 1813; x_wconf 66' lang='lat' dir='ltr'><strong>qua:</strong></span> <span class='ocrx_word' id='word_1_339' title='bbox 3243 1743 3301 1796; x_wconf 87' lang='lat' dir='ltr'><strong>lit</strong></span> <span class='ocrx_word' id='word_1_340' title='bbox 3328 1742 3384 1796; x_wconf 89' lang='lat' dir='ltr'><strong>in</strong></span> 
     </span>
    </p>
   </div>
   <div class='ocr_carea' id='block_1_47' title="bbox 1805 1833 3387 1909">
    <p class='ocr_par' dir='ltr' id='par_1_47' title="bbox 1805 1833 3387 1909">
     <span class='ocr_line' id='line_1_47' title="bbox 1805 1833 3387 1909; baseline -0.002 -17"><span class='ocrx_word' id='word_1_341' title='bbox 1805 1853 2135 1909; x_wconf 88' lang='lat' dir='ltr'><strong>quemquam</strong></span> <span class='ocrx_word' id='word_1_342' title='bbox 2166 1854 2291 1893; x_wconf 90' lang='lat' dir='ltr'><strong>cum</strong></span> <span class='ocrx_word' id='word_1_343' title='bbox 2326 1838 2591 1893; x_wconf 90' lang='lat' dir='ltr'><strong>sententia</strong></span> <span class='ocrx_word' id='word_1_344' title='bbox 2618 1837 2809 1893; x_wconf 88' lang='lat' dir='ltr'><strong>ordine</strong></span> <span class='ocrx_word' id='word_1_345' title='bbox 2825 1836 3136 1907; x_wconf 89' lang='lat' dir='ltr'><strong>judiciario.</strong></span> <span class='ocrx_word' id='word_1_346' title='bbox 3159 1854 3176 1887; x_wconf 79' lang='grc' dir='ltr'><strong>ι</strong></span> <span class='ocrx_word' id='word_1_347' title='bbox 3202 1833 3387 1889; x_wconf 82' lang='lat' dir='ltr'><strong>Noluit</strong></span> 
     </span>
    </p>
   </div>
   <div class='ocr_carea' id='block_1_48' title="bbox 1804 1927 3385 2001">
    <p class='ocr_par' dir='ltr' id='par_1_48' title="bbox 1804 1927 3385 2001">
     <span class='ocr_line' id='line_1_48' title="bbox 1804 1927 3385 2001; baseline -0.003 -17"><span class='ocrx_word' id='word_1_348' title='bbox 1804 1930 1949 1984; x_wconf 87' lang='lat' dir='ltr'><strong>enim</strong></span> <span class='ocrx_word' id='word_1_349' title='bbox 1978 1930 2255 1985; x_wconf 83' lang='lat' dir='ltr'><strong>hominem</strong></span> <span class='ocrx_word' id='word_1_350' title='bbox 2280 1930 2349 1986; x_wconf 91' lang='lat' dir='ltr'><strong>ab</strong></span> <span class='ocrx_word' id='word_1_351' title='bbox 2370 1930 2589 1986; x_wconf 83' lang='lat' dir='ltr'><strong>homine</strong></span> <span class='ocrx_word' id='word_1_352' title='bbox 2610 1929 2845 2001; x_wconf 76' lang='lat' dir='ltr'><strong>iudicari</strong></span> <span class='ocrx_word' id='word_1_353' title='bbox 2864 1944 2931 1984; x_wconf 72' lang='lat' dir='ltr'><strong>ex</strong></span> <span class='ocrx_word' id='word_1_354' title='bbox 2960 1928 3185 1983; x_wconf 90' lang='lat' dir='ltr'><strong>arbitrio</strong></span> <span class='ocrx_word' id='word_1_355' title='bbox 3206 1927 3385 1997; x_wconf 88' lang='lat' dir='ltr'><strong>suspi-</strong></span> 
     </span>
    </p>
   </div>
   <div class='ocr_carea' id='block_1_49' title="bbox 1804 2019 3380 2092">
    <p class='ocr_par' dir='ltr' id='par_1_49' title="bbox 1804 2019 3380 2092">
     <span class='ocr_line' id='line_1_49' title="bbox 1804 2019 3380 2092; baseline -0.001 -17"><span class='ocrx_word' id='word_1_356' title='bbox 1804 2022 2001 2087; x_wconf 88' lang='lat' dir='ltr'><strong>cionis,</strong></span> <span class='ocrx_word' id='word_1_357' title='bbox 2053 2022 2138 2077; x_wconf 90' lang='lat' dir='ltr'><strong>vel</strong></span> <span class='ocrx_word' id='word_1_358' title='bbox 2169 2022 2332 2076; x_wconf 88' lang='lat' dir='ltr'><strong>etiam</strong></span> <span class='ocrx_word' id='word_1_359' title='bbox 2372 2022 2807 2078; x_wconf 82' lang='lat' dir='ltr'><strong>extraordinario</strong></span> <span class='ocrx_word' id='word_1_360' title='bbox 2855 2030 3120 2092; x_wconf 70' lang='lat' dir='ltr'><strong>usurpato</strong></span> <span class='ocrx_word' id='word_1_361' title='bbox 3153 2019 3380 2091; x_wconf 83' lang='lat' dir='ltr'><strong>judicio,</strong></span> 
     </span>
    </p>
   </div>
   <div class='ocr_carea' id='block_1_50' title="bbox 1804 2112 3381 2186">
    <p class='ocr_par' dir='ltr' id='par_1_50' title="bbox 1804 2112 3381 2186">
     <span class='ocr_line' id='line_1_50' title="bbox 1804 2112 3381 2186; baseline 0 -19"><span class='ocrx_word' id='word_1_362' title='bbox 1804 2112 1899 2167; x_wconf 88' lang='lat' dir='ltr'><strong>sed</strong></span> <span class='ocrx_word' id='word_1_363' title='bbox 1933 2112 2116 2184; x_wconf 86' lang='lat' dir='ltr'><strong>potius</strong></span> <span class='ocrx_word' id='word_1_364' title='bbox 2141 2129 2208 2169; x_wconf 80' lang='lat' dir='ltr'><strong>ex</strong></span> <span class='ocrx_word' id='word_1_365' title='bbox 2229 2114 2345 2186; x_wconf 79' lang='lat' dir='ltr'><strong>lege</strong></span> <span class='ocrx_word' id='word_1_366' title='bbox 2372 2113 2486 2180; x_wconf 87' lang='lat' dir='ltr'><strong>Dei,</strong></span> <span class='ocrx_word' id='word_1_367' title='bbox 2505 2114 2803 2181; x_wconf 85' lang='lat' dir='ltr'><strong>secundum</strong></span> <span class='ocrx_word' id='word_1_368' title='bbox 2828 2114 3075 2169; x_wconf 88' lang='lat' dir='ltr'><strong>ordinem</strong></span> <span class='ocrx_word' id='word_1_369' title='bbox 3103 2112 3381 2176; x_wconf 74' lang='lat' dir='ltr'><strong>Ecclesizc,</strong></span> 
     </span>
    </p>
   </div>
   <div class='ocr_carea' id='block_1_51' title="bbox 1803 2205 3382 2277">
    <p class='ocr_par' dir='ltr' id='par_1_51' title="bbox 1803 2205 3382 2277">
     <span class='ocr_line' id='line_1_51' title="bbox 1803 2205 3382 2277; baseline 0 -16"><span class='ocrx_word' id='word_1_370' title='bbox 1803 2205 1918 2261; x_wconf 85' lang='lat' dir='ltr'><strong>sive</strong></span> <span class='ocrx_word' id='word_1_371' title='bbox 1949 2207 2094 2263; x_wconf 88' lang='lat' dir='ltr'><strong>ultro</strong></span> <span class='ocrx_word' id='word_1_372' title='bbox 2136 2205 2473 2277; x_wconf 86' lang='lat' dir='ltr'><strong>confessum,</strong></span> <span class='ocrx_word' id='word_1_373' title='bbox 2518 2208 2633 2265; x_wconf 89' lang='lat' dir='ltr'><strong>sive</strong></span> <span class='ocrx_word' id='word_1_374' title='bbox 2672 2214 3015 2275; x_wconf 90' lang='lat' dir='ltr'><strong>accusatum,</strong></span> <span class='ocrx_word' id='word_1_375' title='bbox 3054 2214 3218 2277; x_wconf 86' lang='lat' dir='ltr'><strong>atque</strong></span> <span class='ocrx_word' id='word_1_376' title='bbox 3247 2221 3382 2261; x_wconf 91' lang='lat' dir='ltr'><strong>con—</strong></span> 
     </span>
    </p>
   </div>
   <div class='ocr_carea' id='block_1_52' title="bbox 1801 2296 2025 2351">
    <p class='ocr_par' dir='ltr' id='par_1_52' title="bbox 1801 2296 2025 2351">
     <span class='ocr_line' id='line_1_52' title="bbox 1801 2296 2025 2351; baseline 0.013 -3"><span class='ocrx_word' id='word_1_377' title='bbox 1801 2296 2025 2351; x_wconf 89' lang='lat' dir='ltr'><strong>victum.</strong></span> 
     </span>
    </p>
   </div>
   <div class='ocr_carea' id='block_1_53' title="bbox 1872 2387 3383 2461">
    <p class='ocr_par' dir='ltr' id='par_1_53' title="bbox 1872 2387 3383 2461">
     <span class='ocr_line' id='line_1_53' title="bbox 1872 2387 3383 2461; baseline 0.001 -19"><span class='ocrx_word' id='word_1_378' title='bbox 1872 2387 2027 2444; x_wconf 88' lang='lat' dir='ltr'><strong>Ilunc</strong></span> <span class='ocrx_word' id='word_1_379' title='bbox 2056 2397 2237 2445; x_wconf 89' lang='lat' dir='ltr'><strong>autem</strong></span> <span class='ocrx_word' id='word_1_380' title='bbox 2283 2390 2528 2445; x_wconf 87' lang='lat' dir='ltr'><strong>ordinem</strong></span> <span class='ocrx_word' id='word_1_381' title='bbox 2572 2389 2808 2461; x_wconf 73' lang='lat' dir='ltr'><strong>qualiter</strong></span> <span class='ocrx_word' id='word_1_382' title='bbox 2846 2389 3139 2461; x_wconf 88' lang='lat' dir='ltr'><strong>procedere</strong></span> <span class='ocrx_word' id='word_1_383' title='bbox 3181 2404 3243 2444; x_wconf 90' lang='lat' dir='ltr'><strong>ac</strong></span> <span class='ocrx_word' id='word_1_384' title='bbox 3272 2396 3383 2444; x_wconf 60' lang='lat' dir='ltr'><strong>tra-</strong></span> 
     </span>
    </p>
   </div>
   <div class='ocr_carea' id='block_1_54' title="bbox 1801 2478 3437 2554">
    <p class='ocr_par' dir='ltr' id='par_1_54' title="bbox 1801 2478 3437 2554">
     <span class='ocr_line' id='line_1_54' title="bbox 1801 2478 3437 2554; baseline 0.002 -19"><span class='ocrx_word' id='word_1_385' title='bbox 1801 2480 1935 2535; x_wconf 85' lang='lat' dir='ltr'><strong>ctari</strong></span> <span class='ocrx_word' id='word_1_386' title='bbox 1967 2489 2209 2551; x_wconf 76' lang='lat' dir='ltr'><strong>oporteat</strong></span> <span class='ocrx_word' id='word_1_387' title='bbox 2230 2482 2491 2537; x_wconf 81' lang='lat' dir='ltr'><strong>describit</strong></span> <span class='ocrx_word' id='word_1_388' title='bbox 2516 2481 2576 2536; x_wconf 84' lang='grc' dir='ltr'><strong>Β.</strong></span> <span class='ocrx_word' id='word_1_389' title='bbox 2601 2480 2963 2554; x_wconf 82' lang='lat' dir='ltr'><strong>Grcgoriusin</strong></span> <span class='ocrx_word' id='word_1_390' title='bbox 2987 2482 3383 2538; x_wconf 85' lang='lat' dir='ltr'><strong>commentario</strong></span> <span class='ocrx_word' id='word_1_391' title='bbox 3434 2478 3437 2487; x_wconf 86' lang='grc'><em>’</em></span> 
     </span>
    </p>
   </div>
   <div class='ocr_carea' id='block_1_55' title="bbox 1800 2570 3380 2645">
    <p class='ocr_par' dir='ltr' id='par_1_55' title="bbox 1800 2570 3380 2645">
     <span class='ocr_line' id='line_1_55' title="bbox 1800 2570 3380 2645; baseline -0.001 -17"><span class='ocrx_word' id='word_1_392' title='bbox 1800 2572 1867 2628; x_wconf 89' lang='lat' dir='ltr'><strong>ad</strong></span> <span class='ocrx_word' id='word_1_393' title='bbox 1891 2570 2155 2628; x_wconf 80' lang='lat' dir='ltr'><strong>Joannem</strong></span> <span class='ocrx_word' id='word_1_394' title='bbox 2188 2572 2537 2629; x_wconf 82' lang='lat' dir='ltr'><strong>Defensorem</strong></span> <span class='ocrx_word' id='word_1_395' title='bbox 2570 2573 2685 2645; x_wconf 85' lang='lat' dir='ltr'><strong>(lib.</strong></span> <span class='ocrx_word' id='word_1_396' title='bbox 2721 2590 2799 2641; x_wconf 70' lang='grc' dir='ltr'>ιιι,</span> <span class='ocrx_word' id='word_1_397' title='bbox 2826 2575 2980 2644; x_wconf 77' lang='lat' dir='ltr'><strong>epist.</strong></span> <span class='ocrx_word' id='word_1_398' title='bbox 3023 2573 3136 2642; x_wconf 82' lang='lat' dir='ltr'><strong>5G),</strong></span> <span class='ocrx_word' id='word_1_399' title='bbox 3161 2582 3380 2629; x_wconf 88' lang='lat' dir='ltr'><strong>euntem</strong></span> 
     </span>
    </p>
   </div>
   <div class='ocr_carea' id='block_1_56' title="bbox 1800 2662 3384 2735">
    <p class='ocr_par' dir='ltr' id='par_1_56' title="bbox 1800 2662 3384 2735">
     <span class='ocr_line' id='line_1_56' title="bbox 1800 2662 3384 2735; baseline 0.001 -17"><span class='ocrx_word' id='word_1_400' title='bbox 1800 2664 1854 2719; x_wconf 93' lang='lat' dir='ltr'><strong>in</strong></span> <span class='ocrx_word' id='word_1_401' title='bbox 1896 2662 2208 2735; x_wconf 90' lang='lat' dir='ltr'><strong>llispanias,</strong></span> <span class='ocrx_word' id='word_1_402' title='bbox 2239 2666 2543 2721; x_wconf 87' lang='lat' dir='ltr'><strong>decernens</strong></span> <span class='ocrx_word' id='word_1_403' title='bbox 2570 2674 2623 2721; x_wconf 93' lang='lat' dir='ltr'><strong>et</strong></span> <span class='ocrx_word' id='word_1_404' title='bbox 2655 2666 2985 2721; x_wconf 88' lang='lat' dir='ltr'><strong>catholicum</strong></span> <span class='ocrx_word' id='word_1_405' title='bbox 3026 2674 3273 2720; x_wconf 86' lang='lat' dir='ltr'><strong>statuens</strong></span> <span class='ocrx_word' id='word_1_406' title='bbox 3321 2672 3384 2720; x_wconf 89' lang='lat' dir='ltr'><strong>ut</strong></span> 
     </span>
    </p>
   </div>
   <div class='ocr_carea' id='block_1_57' title="bbox 1798 2757 3377 2829">
    <p class='ocr_par' dir='ltr' id='par_1_57' title="bbox 1798 2757 3377 2829">
     <span class='ocr_line' id='line_1_57' title="bbox 1798 2757 3377 2829; baseline 0.001 -18"><span class='ocrx_word' id='word_1_407' title='bbox 1798 2757 2141 2813; x_wconf 89' lang='lat' dir='ltr'><strong>considerata</strong></span> <span class='ocrx_word' id='word_1_408' title='bbox 2163 2774 2457 2813; x_wconf 88' lang='lat' dir='ltr'><strong>causarum</strong></span> <span class='ocrx_word' id='word_1_409' title='bbox 2483 2758 2743 2829; x_wconf 88' lang='lat' dir='ltr'><strong>qualitate</strong></span> <span class='ocrx_word' id='word_1_410' title='bbox 2767 2758 2858 2813; x_wconf 90' lang='lat' dir='ltr'><strong>alii</strong></span> <span class='ocrx_word' id='word_1_411' title='bbox 2879 2758 2990 2813; x_wconf 89' lang='lat' dir='ltr'><strong>sint</strong></span> <span class='ocrx_word' id='word_1_412' title='bbox 3009 2767 3377 2824; x_wconf 83' lang='lat' dir='ltr'><strong>accusatores,</strong></span> 
     </span>
    </p>
   </div>
   <div class='ocr_carea' id='block_1_58' title="bbox 1798 2848 3378 2921">
    <p class='ocr_par' dir='ltr' id='par_1_58' title="bbox 1798 2848 3378 2921">
     <span class='ocr_line' id='line_1_58' title="bbox 1798 2848 3378 2921; baseline 0.001 -17"><span class='ocrx_word' id='word_1_413' title='bbox 1798 2848 1889 2904; x_wconf 93' lang='lat' dir='ltr'><strong>alii</strong></span> <span class='ocrx_word' id='word_1_414' title='bbox 1919 2858 2114 2918; x_wconf 90' lang='lat' dir='ltr'><strong>testes,</strong></span> <span class='ocrx_word' id='word_1_415' title='bbox 2162 2858 2217 2905; x_wconf 92' lang='lat' dir='ltr'><strong>et</strong></span> <span class='ocrx_word' id='word_1_416' title='bbox 2251 2859 2330 2917; x_wconf 89' lang='lat' dir='ltr'><strong>ut,</strong></span> <span class='ocrx_word' id='word_1_417' title='bbox 2377 2860 2647 2921; x_wconf 85' lang='lat' dir='ltr'><strong>praesente</strong></span> <span class='ocrx_word' id='word_1_418' title='bbox 2692 2859 2971 2917; x_wconf 78' lang='lat' dir='ltr'><strong>accusata,</strong></span> <span class='ocrx_word' id='word_1_419' title='bbox 3021 2851 3125 2906; x_wconf 87' lang='lat' dir='ltr'><strong>sub</strong></span> <span class='ocrx_word' id='word_1_420' title='bbox 3162 2851 3378 2921; x_wconf 84' lang='lat' dir='ltr'><strong>jureju-</strong></span> 
     </span>
    </p>
   </div>
   <div class='ocr_carea' id='block_1_59' title="bbox 1797 2942 3379 3014">
    <p class='ocr_par' dir='ltr' id='par_1_59' title="bbox 1797 2942 3379 3014">
     <span class='ocr_line' id='line_1_59' title="bbox 1797 2942 3379 3014; baseline 0.001 -16"><span class='ocrx_word' id='word_1_421' title='bbox 1797 2942 1970 2998; x_wconf 91' lang='lat' dir='ltr'><strong>rando</strong></span> <span class='ocrx_word' id='word_1_422' title='bbox 2023 2943 2236 2998; x_wconf 86' lang='lat' dir='ltr'><strong>dicatur</strong></span> <span class='ocrx_word' id='word_1_423' title='bbox 2284 2944 2660 3000; x_wconf 87' lang='lat' dir='ltr'><strong>testimonium</strong></span> <span class='ocrx_word' id='word_1_424' title='bbox 2698 2943 2918 3014; x_wconf 80' lang='lat' dir='ltr'><strong>scriptis</strong></span> <span class='ocrx_word' id='word_1_425' title='bbox 2977 2944 3276 3014; x_wconf 82' lang='lat' dir='ltr'><strong>alligatum,</strong></span> <span class='ocrx_word' id='word_1_426' title='bbox 3325 2953 3379 2999; x_wconf 88' lang='lat' dir='ltr'><strong>et</strong></span> 
     </span>
    </p>
   </div>
   <div class='ocr_carea' id='block_1_60' title="bbox 1796 3035 3375 3107">
    <p class='ocr_par' dir='ltr' id='par_1_60' title="bbox 1796 3035 3375 3107">
     <span class='ocr_line' id='line_1_60' title="bbox 1796 3035 3375 3107; baseline 0.002 -18"><span class='ocrx_word' id='word_1_427' title='bbox 1796 3044 2085 3091; x_wconf 89' lang='lat' dir='ltr'><strong>accusatus</strong></span> <span class='ocrx_word' id='word_1_428' title='bbox 2119 3036 2480 3107; x_wconf 87' lang='lat' dir='ltr'><strong>respondendi</strong></span> <span class='ocrx_word' id='word_1_429' title='bbox 2508 3046 2562 3092; x_wconf 93' lang='lat' dir='ltr'><strong>ct</strong></span> <span class='ocrx_word' id='word_1_430' title='bbox 2587 3035 2906 3092; x_wconf 83' lang='lat' dir='ltr'><strong>defendendi</strong></span> <span class='ocrx_word' id='word_1_431' title='bbox 2944 3051 3003 3092; x_wconf 87' lang='lat' dir='ltr'><strong>se</strong></span> <span class='ocrx_word' id='word_1_432' title='bbox 3054 3036 3234 3092; x_wconf 90' lang='lat' dir='ltr'><strong>locum</strong></span> <span class='ocrx_word' id='word_1_433' title='bbox 3262 3039 3375 3092; x_wconf 84' lang='lat' dir='ltr'><strong>ha-</strong></span> 
     </span>
    </p>
   </div>
   <div class='ocr_carea' id='block_1_61' title="bbox 101 3116 3377 3208">
    <p class='ocr_par' dir='ltr' id='par_1_61' title="bbox 101 3116 3377 3208">
     <span class='ocr_line' id='line_1_61' title="bbox 101 3116 3377 3208; baseline 0.005 -37"><span class='ocrx_word' id='word_1_434' title='bbox 101 3116 539 3184; x_wconf 72' lang='lat' dir='ltr'><strong>przesentaverit.</strong></span> <span class='ocrx_word' id='word_1_435' title='bbox 563 3116 777 3188; x_wconf 71' lang='lat' dir='ltr'><strong>olpsam</strong></span> <span class='ocrx_word' id='word_1_436' title='bbox 810 3130 993 3176; x_wconf 86' lang='lat' dir='ltr'><strong>autem</strong></span> <span class='ocrx_word' id='word_1_437' title='bbox 1016 3125 1487 3194; x_wconf 59' lang='lat' dir='ltr'><strong>prasentationcm</strong></span> <span class='ocrx_word' id='word_1_438' title='bbox 1516 3127 1693 3198; x_wconf 89' lang='lat' dir='ltr'><strong>ipsum</strong></span> <span class='ocrx_word' id='word_1_439' title='bbox 1722 3151 1763 3208; x_wconf 70' lang='grc' dir='ltr'><strong>ρ</strong></span> <span class='ocrx_word' id='word_1_440' title='bbox 1796 3126 1941 3194; x_wconf 89' lang='lat' dir='ltr'><strong>beat,</strong></span> <span class='ocrx_word' id='word_1_441' title='bbox 1994 3137 2049 3184; x_wconf 90' lang='lat' dir='ltr'><strong>et</strong></span> <span class='ocrx_word' id='word_1_442' title='bbox 2095 3130 2427 3184; x_wconf 76' lang='lat' dir='ltr'><strong>examinatio</strong></span> <span class='ocrx_word' id='word_1_443' title='bbox 2479 3144 2836 3201; x_wconf 85' lang='lat' dir='ltr'><strong>personarum</strong></span> <span class='ocrx_word' id='word_1_444' title='bbox 2890 3128 3263 3184; x_wconf 88' lang='lat' dir='ltr'><strong>accusantium</strong></span> <span class='ocrx_word' id='word_1_445' title='bbox 3313 3145 3377 3186; x_wconf 90' lang='lat' dir='ltr'><strong>ac</strong></span> 
     </span>
    </p>
   </div>
   <div class='ocr_carea' id='block_1_62' title="bbox 99 3206 1692 3287">
    <p class='ocr_par' dir='ltr' id='par_1_62' title="bbox 99 3206 1692 3287">
     <span class='ocr_line' id='line_1_62' title="bbox 99 3206 1692 3287; baseline 0.008 -27"><span class='ocrx_word' id='word_1_446' title='bbox 99 3206 445 3262; x_wconf 75' lang='lat' dir='ltr'><strong>demonstrat</strong></span> <span class='ocrx_word' id='word_1_447' title='bbox 471 3209 784 3278; x_wconf 84' lang='lat' dir='ltr'><strong>concilium,</strong></span> <span class='ocrx_word' id='word_1_448' title='bbox 815 3211 1064 3269; x_wconf 88' lang='lat' dir='ltr'><strong>videlicet</strong></span> <span class='ocrx_word' id='word_1_449' title='bbox 1100 3223 1161 3269; x_wconf 91' lang='lat' dir='ltr'><strong>ut</strong></span> <span class='ocrx_word' id='word_1_450' title='bbox 1196 3224 1293 3271; x_wconf 89' lang='lat' dir='ltr'><strong>aut</strong></span> <span class='ocrx_word' id='word_1_451' title='bbox 1319 3215 1434 3287; x_wconf 85' lang='lat' dir='ltr'><strong>ipse</strong></span> <span class='ocrx_word' id='word_1_452' title='bbox 1470 3232 1692 3273; x_wconf 89' lang='lat' dir='ltr'><strong>accusa-</strong></span> 
     </span>
    </p>
   </div>
   <div class='ocr_carea' id='block_1_63' title="bbox 103 3298 1692 3367">
    <p class='ocr_par' dir='ltr' id='par_1_63' title="bbox 103 3298 1692 3367">
     <span class='ocr_line' id='line_1_63' title="bbox 103 3298 1692 3367; baseline 0.009 -17"><span class='ocrx_word' id='word_1_453' title='bbox 103 3305 191 3353; x_wconf 83' lang='lat' dir='ltr'><strong>tus</strong></span> <span class='ocrx_word' id='word_1_454' title='bbox 226 3298 297 3353; x_wconf 88' lang='lat' dir='ltr'><strong>ad</strong></span> <span class='ocrx_word' id='word_1_455' title='bbox 332 3313 560 3357; x_wconf 85' lang='lat' dir='ltr'><strong>causam</strong></span> <span class='ocrx_word' id='word_1_456' title='bbox 592 3316 751 3357; x_wconf 89' lang='lat' dir='ltr'><strong>suam</strong></span> <span class='ocrx_word' id='word_1_457' title='bbox 796 3302 1082 3359; x_wconf 89' lang='lat' dir='ltr'><strong>dicendam</strong></span> <span class='ocrx_word' id='word_1_458' title='bbox 1105 3304 1193 3361; x_wconf 88' lang='lat' dir='ltr'><strong>die</strong></span> <span class='ocrx_word' id='word_1_459' title='bbox 1247 3314 1452 3363; x_wconf 89' lang='lat' dir='ltr'><strong>statuta</strong></span> <span class='ocrx_word' id='word_1_460' title='bbox 1499 3308 1692 3367; x_wconf 87' lang='lat' dir='ltr'><strong>litteris</strong></span> 
     </span>
    </p>
   </div>
   <div class='ocr_carea' id='block_1_64' title="bbox 99 3396 1691 3468">
    <p class='ocr_par' dir='ltr' id='par_1_64' title="bbox 99 3396 1691 3468">
     <span class='ocr_line' id='line_1_64' title="bbox 99 3396 1691 3468; baseline 0.008 -22"><span class='ocrx_word' id='word_1_461' title='bbox 99 3401 359 3448; x_wconf 86' lang='lat' dir='ltr'><strong>evocatus</strong></span> <span class='ocrx_word' id='word_1_462' title='bbox 403 3401 687 3462; x_wconf 88' lang='lat' dir='ltr'><strong>occurrat;</strong></span> <span class='ocrx_word' id='word_1_463' title='bbox 742 3403 839 3450; x_wconf 89' lang='lat' dir='ltr'><strong>aut</strong></span> <span class='ocrx_word' id='word_1_464' title='bbox 881 3396 1095 3468; x_wconf 87' lang='lat' dir='ltr'><strong>aliquas</strong></span> <span class='ocrx_word' id='word_1_465' title='bbox 1138 3412 1296 3454; x_wconf 89' lang='lat' dir='ltr'><strong>veras</strong></span> <span class='ocrx_word' id='word_1_466' title='bbox 1349 3401 1691 3458; x_wconf 78' lang='lat' dir='ltr'><strong>necessitatis</strong></span> 
     </span>
    </p>
   </div>
   <div class='ocr_carea' id='block_1_65' title="bbox 98 3484 1688 3561">
    <p class='ocr_par' dir='ltr' id='par_1_65' title="bbox 98 3484 1688 3561">
     <span class='ocr_line' id='line_1_65' title="bbox 98 3484 1688 3561; baseline 0.008 -25"><span class='ocrx_word' id='word_1_467' title='bbox 98 3497 298 3539; x_wconf 87' lang='lat' dir='ltr'><strong>causas</strong></span> <span class='ocrx_word' id='word_1_468' title='bbox 311 3484 528 3555; x_wconf 89' lang='lat' dir='ltr'><strong>probet,</strong></span> <span class='ocrx_word' id='word_1_469' title='bbox 550 3484 752 3556; x_wconf 89' lang='lat' dir='ltr'><strong>quibus</strong></span> <span class='ocrx_word' id='word_1_470' title='bbox 782 3501 1074 3544; x_wconf 88' lang='lat' dir='ltr'><strong>occurrere</strong></span> <span class='ocrx_word' id='word_1_471' title='bbox 1098 3504 1206 3545; x_wconf 92' lang='lat' dir='ltr'><strong>non</strong></span> <span class='ocrx_word' id='word_1_472' title='bbox 1231 3491 1477 3561; x_wconf 90' lang='lat' dir='ltr'><strong>potuisse</strong></span> <span class='ocrx_word' id='word_1_473' title='bbox 1508 3493 1688 3549; x_wconf 90' lang='lat' dir='ltr'><strong>mani-</strong></span> 
     </span>
    </p>
   </div>
   <div class='ocr_carea' id='block_1_66' title="bbox 97 3572 1691 3657">
    <p class='ocr_par' dir='ltr' id='par_1_66' title="bbox 97 3572 1691 3657">
     <span class='ocr_line' id='line_1_66' title="bbox 97 3572 1691 3657; baseline 0.009 -31"><span class='ocrx_word' id='word_1_474' title='bbox 97 3572 300 3631; x_wconf 77' lang='lat' dir='ltr'><strong>festum</strong></span> <span class='ocrx_word' id='word_1_475' title='bbox 335 3575 426 3632; x_wconf 91' lang='lat' dir='ltr'><strong>sit.</strong></span> <span class='ocrx_word' id='word_1_476' title='bbox 467 3575 536 3630; x_wconf 87' lang='lat' dir='ltr'><strong>Et</strong></span> <span class='ocrx_word' id='word_1_477' title='bbox 585 3577 967 3635; x_wconf 87' lang='lat' dir='ltr'><strong>attendendum</strong></span> <span class='ocrx_word' id='word_1_478' title='bbox 1015 3581 1143 3651; x_wconf 90' lang='lat' dir='ltr'><strong>quia</strong></span> <span class='ocrx_word' id='word_1_479' title='bbox 1192 3582 1342 3650; x_wconf 86' lang='lat' dir='ltr'><strong>dicit,</strong></span> <span class='ocrx_word' id='word_1_480' title='bbox 1381 3603 1399 3636; x_wconf 80' lang='grc' dir='ltr'><strong>ι</strong></span> <span class='ocrx_word' id='word_1_481' title='bbox 1434 3600 1541 3640; x_wconf 91' lang='lat' dir='ltr'><strong>non</strong></span> <span class='ocrx_word' id='word_1_482' title='bbox 1592 3602 1691 3657; x_wconf 89' lang='lat' dir='ltr'><strong>po-</strong></span> 
     </span>
    </p>
   </div>
   <div class='ocr_carea' id='block_1_67' title="bbox 99 3665 1689 3739">
    <p class='ocr_par' dir='ltr' id='par_1_67' title="bbox 99 3665 1689 3739">
     <span class='ocr_line' id='line_1_67' title="bbox 99 3665 1689 3739; baseline 0.01 -23"><span class='ocrx_word' id='word_1_483' title='bbox 99 3665 293 3733; x_wconf 88' lang='lat' dir='ltr'><strong>tuisse,</strong></span> <span class='ocrx_word' id='word_1_484' title='bbox 344 3684 364 3719; x_wconf 80' lang='grc' dir='ltr'><strong>ι</strong></span> <span class='ocrx_word' id='word_1_485' title='bbox 416 3682 522 3723; x_wconf 88' lang='lat' dir='ltr'><strong>nec</strong></span> <span class='ocrx_word' id='word_1_486' title='bbox 559 3668 712 3734; x_wconf 90' lang='lat' dir='ltr'><strong>dicit,</strong></span> <span class='ocrx_word' id='word_1_487' title='bbox 742 3685 853 3724; x_wconf 91' lang='lat' dir='ltr'><strong>non</strong></span> <span class='ocrx_word' id='word_1_488' title='bbox 907 3670 1176 3739; x_wconf 87' lang='lat' dir='ltr'><strong>voluisse;</strong></span> <span class='ocrx_word' id='word_1_489' title='bbox 1227 3673 1476 3731; x_wconf 90' lang='lat' dir='ltr'><strong>similiter</strong></span> <span class='ocrx_word' id='word_1_490' title='bbox 1520 3685 1573 3731; x_wconf 92' lang='lat' dir='ltr'><strong>ct</strong></span> <span class='ocrx_word' id='word_1_491' title='bbox 1622 3676 1689 3732; x_wconf 90' lang='lat' dir='ltr'><strong>de</strong></span> 
     </span>
    </p>
   </div>
   <div class='ocr_carea' id='block_1_68' title="bbox 95 3758 1687 3824">
    <p class='ocr_par' dir='ltr' id='par_1_68' title="bbox 95 3758 1687 3824">
     <span class='ocr_line' id='line_1_68' title="bbox 95 3758 1687 3824; baseline 0.008 -14"><span class='ocrx_word' id='word_1_492' title='bbox 95 3765 441 3824; x_wconf 86' lang='lat' dir='ltr'><strong>accusatore,</strong></span> <span class='ocrx_word' id='word_1_493' title='bbox 456 3758 503 3814; x_wconf 90' lang='lat' dir='ltr'><strong>si</strong></span> <span class='ocrx_word' id='word_1_494' title='bbox 525 3758 593 3814; x_wconf 89' lang='lat' dir='ltr'><strong>ad</strong></span> <span class='ocrx_word' id='word_1_495' title='bbox 611 3759 901 3815; x_wconf 88' lang='lat' dir='ltr'><strong>concilium</strong></span> <span class='ocrx_word' id='word_1_496' title='bbox 924 3760 1233 3817; x_wconf 82' lang='lat' dir='ltr'><strong>universale</strong></span> <span class='ocrx_word' id='word_1_497' title='bbox 1254 3764 1687 3822; x_wconf 89' lang='lat' dir='ltr'><strong>anniversarium</strong></span> 
     </span>
    </p>
   </div>
   <div class='ocr_carea' id='block_1_69' title="bbox 94 3850 1690 3932">
    <p class='ocr_par' dir='ltr' id='par_1_69' title="bbox 94 3850 1690 3932">
     <span class='ocr_line' id='line_1_69' title="bbox 94 3850 1690 3932; baseline 0.007 -28"><span class='ocrx_word' id='word_1_498' title='bbox 94 3862 388 3919; x_wconf 80' lang='lat' dir='ltr'><strong>oceurrere</strong></span> <span class='ocrx_word' id='word_1_499' title='bbox 415 3851 674 3932; x_wconf 79' lang='lat' dir='ltr'><strong>noluerit.</strong></span> <span class='ocrx_word' id='word_1_500' title='bbox 690 3850 867 3920; x_wconf 89' lang='lat' dir='ltr'><strong>Certe,</strong></span> <span class='ocrx_word' id='word_1_501' title='bbox 885 3852 1000 3908; x_wconf 88' lang='lat' dir='ltr'><strong>sive</strong></span> <span class='ocrx_word' id='word_1_502' title='bbox 1012 3863 1316 3921; x_wconf 86' lang='lat' dir='ltr'><strong>accusator,</strong></span> <span class='ocrx_word' id='word_1_503' title='bbox 1332 3857 1446 3912; x_wconf 88' lang='lat' dir='ltr'><strong>sive</strong></span> <span class='ocrx_word' id='word_1_504' title='bbox 1464 3874 1690 3915; x_wconf 88' lang='lat' dir='ltr'><strong>accusa-</strong></span> 
     </span>
    </p>
   </div>
   <div class='ocr_carea' id='block_1_70' title="bbox 95 3944 1687 4020">
    <p class='ocr_par' dir='ltr' id='par_1_70' title="bbox 95 3944 1687 4020">
     <span class='ocr_line' id='line_1_70' title="bbox 95 3944 1687 4020; baseline 0.008 -26"><span class='ocrx_word' id='word_1_505' title='bbox 95 3948 181 3997; x_wconf 87' lang='lat' dir='ltr'><strong>tus</strong></span> <span class='ocrx_word' id='word_1_506' title='bbox 197 3957 492 3999; x_wconf 87' lang='lat' dir='ltr'><strong>occurrere</strong></span> <span class='ocrx_word' id='word_1_507' title='bbox 512 3944 684 4000; x_wconf 88' lang='lat' dir='ltr'><strong>voluit</strong></span> <span class='ocrx_word' id='word_1_508' title='bbox 698 3954 752 4000; x_wconf 86' lang='lat' dir='ltr'><strong>et</strong></span> <span class='ocrx_word' id='word_1_509' title='bbox 775 3961 881 4000; x_wconf 88' lang='lat' dir='ltr'><strong>non</strong></span> <span class='ocrx_word' id='word_1_510' title='bbox 897 3946 1086 4013; x_wconf 90' lang='lat' dir='ltr'><strong>valuit,</strong></span> <span class='ocrx_word' id='word_1_511' title='bbox 1098 3946 1544 4020; x_wconf 76' lang='lat' dir='ltr'><strong>Carthaginensis</strong></span> <span class='ocrx_word' id='word_1_512' title='bbox 1558 3967 1687 4006; x_wconf 84' lang='lat' dir='ltr'><strong>con-</strong></span> 
     </span>
    </p>
   </div>
   <div class='ocr_carea' id='block_1_71' title="bbox 1794 3220 3375 3294">
    <p class='ocr_par' dir='ltr' id='par_1_71' title="bbox 1794 3220 3375 3294">
     <span class='ocr_line' id='line_1_71' title="bbox 1794 3220 3375 3294; baseline 0 -16"><span class='ocrx_word' id='word_1_513' title='bbox 1794 3221 2197 3278; x_wconf 82' lang='lat' dir='ltr'><strong>tcstifieantium</strong></span> <span class='ocrx_word' id='word_1_514' title='bbox 2227 3223 2549 3294; x_wconf 80' lang='lat' dir='ltr'><strong>regulariter</strong></span> <span class='ocrx_word' id='word_1_515' title='bbox 2572 3223 2682 3277; x_wconf 84' lang='lat' dir='ltr'><strong>fiat.</strong></span> <span class='ocrx_word' id='word_1_516' title='bbox 2717 3220 2875 3278; x_wconf 89' lang='lat' dir='ltr'><strong>llunc</strong></span> <span class='ocrx_word' id='word_1_517' title='bbox 2900 3222 3064 3278; x_wconf 90' lang='lat' dir='ltr'><strong>etiam</strong></span> <span class='ocrx_word' id='word_1_518' title='bbox 3098 3222 3375 3293; x_wconf 70' lang='lat' dir='ltr'><strong>judiciarii</strong></span> 
     </span>
    </p>
   </div>
   <div class='ocr_carea' id='block_1_72' title="bbox 1792 3314 3373 3383">
    <p class='ocr_par' dir='ltr' id='par_1_72' title="bbox 1792 3314 3373 3383">
     <span class='ocr_line' id='line_1_72' title="bbox 1792 3314 3373 3383; baseline 0.001 -14"><span class='ocrx_word' id='word_1_519' title='bbox 1792 3314 2000 3372; x_wconf 88' lang='lat' dir='ltr'><strong>ordinis</strong></span> <span class='ocrx_word' id='word_1_520' title='bbox 2028 3316 2249 3371; x_wconf 88' lang='lat' dir='ltr'><strong>modum</strong></span> <span class='ocrx_word' id='word_1_521' title='bbox 2284 3315 2548 3372; x_wconf 88' lang='lat' dir='ltr'><strong>Dominus</strong></span> <span class='ocrx_word' id='word_1_522' title='bbox 2576 3315 2774 3383; x_wconf 88' lang='lat' dir='ltr'><strong>innuit,</strong></span> <span class='ocrx_word' id='word_1_523' title='bbox 2817 3332 2942 3371; x_wconf 87' lang='lat' dir='ltr'><strong>cum</strong></span> <span class='ocrx_word' id='word_1_524' title='bbox 2985 3316 3041 3370; x_wconf 92' lang='lat' dir='ltr'><strong>in</strong></span> <span class='ocrx_word' id='word_1_525' title='bbox 3077 3316 3373 3371; x_wconf 89' lang='lat' dir='ltr'><strong>resuscita-</strong></span> 
     </span>
    </p>
   </div>
   <div class='ocr_carea' id='block_1_73' title="bbox 1790 3407 3374 3481">
    <p class='ocr_par' dir='ltr' id='par_1_73' title="bbox 1790 3407 3374 3481">
     <span class='ocr_line' id='line_1_73' title="bbox 1790 3407 3374 3481; baseline 0 -18"><span class='ocrx_word' id='word_1_526' title='bbox 1790 3407 1937 3465; x_wconf 88' lang='lat' dir='ltr'><strong>tione</strong></span> <span class='ocrx_word' id='word_1_527' title='bbox 1962 3409 2154 3480; x_wconf 76' lang='lat' dir='ltr'><strong>puella:</strong></span> <span class='ocrx_word' id='word_1_528' title='bbox 2177 3409 2230 3463; x_wconf 90' lang='lat' dir='ltr'><strong>in</strong></span> <span class='ocrx_word' id='word_1_529' title='bbox 2255 3409 2670 3481; x_wconf 76' lang='lat' dir='ltr'><strong>domojacentis</strong></span> <span class='ocrx_word' id='word_1_530' title='bbox 2693 3419 2942 3476; x_wconf 66' lang='lat' dir='ltr'><strong>morture,</strong></span> <span class='ocrx_word' id='word_1_531' title='bbox 2970 3424 3035 3464; x_wconf 90' lang='lat' dir='ltr'><strong>ac</strong></span> <span class='ocrx_word' id='word_1_532' title='bbox 3062 3409 3109 3464; x_wconf 89' lang='lat' dir='ltr'><strong>si</strong></span> <span class='ocrx_word' id='word_1_533' title='bbox 3140 3410 3193 3463; x_wconf 92' lang='lat' dir='ltr'><strong>in</strong></span> <span class='ocrx_word' id='word_1_534' title='bbox 3221 3423 3374 3463; x_wconf 86' lang='lat' dir='ltr'><strong>reve-</strong></span> 
     </span>
    </p>
   </div>
   <div class='ocr_carea' id='block_1_74' title="bbox 1788 3500 3373 3572">
    <p class='ocr_par' dir='ltr' id='par_1_74' title="bbox 1788 3500 3373 3572">
     <span class='ocr_line' id='line_1_74' title="bbox 1788 3500 3373 3572; baseline 0 -17"><span class='ocrx_word' id='word_1_535' title='bbox 1788 3500 1990 3556; x_wconf 89' lang='lat' dir='ltr'><strong>latione</strong></span> <span class='ocrx_word' id='word_1_536' title='bbox 2025 3517 2205 3557; x_wconf 70' lang='lat' dir='ltr'><strong>causa:</strong></span> <span class='ocrx_word' id='word_1_537' title='bbox 2246 3518 2354 3557; x_wconf 92' lang='lat' dir='ltr'><strong>non</strong></span> <span class='ocrx_word' id='word_1_538' title='bbox 2402 3502 2658 3558; x_wconf 73' lang='lat' dir='ltr'><strong>omnibus</strong></span> <span class='ocrx_word' id='word_1_539' title='bbox 2698 3509 2861 3569; x_wconf 63' lang='lat' dir='ltr'><strong>notae,</strong></span> <span class='ocrx_word' id='word_1_540' title='bbox 2892 3501 3161 3572; x_wconf 89' lang='lat' dir='ltr'><strong>quosdam</strong></span> <span class='ocrx_word' id='word_1_541' title='bbox 3203 3500 3373 3556; x_wconf 91' lang='lat' dir='ltr'><strong>disci-</strong></span> 
     </span>
    </p>
   </div>
   <div class='ocr_carea' id='block_1_75' title="bbox 1788 3594 3374 3665">
    <p class='ocr_par' dir='ltr' id='par_1_75' title="bbox 1788 3594 3374 3665">
     <span class='ocr_line' id='line_1_75' title="bbox 1788 3594 3374 3665; baseline -0.001 -17"><span class='ocrx_word' id='word_1_542' title='bbox 1788 3594 2039 3665; x_wconf 89' lang='lat' dir='ltr'><strong>pulorum</strong></span> <span class='ocrx_word' id='word_1_543' title='bbox 2062 3610 2289 3649; x_wconf 90' lang='lat' dir='ltr'><strong>suorum</strong></span> <span class='ocrx_word' id='word_1_544' title='bbox 2314 3603 2481 3651; x_wconf 86' lang='lat' dir='ltr'><strong>testes</strong></span> <span class='ocrx_word' id='word_1_545' title='bbox 2506 3595 2715 3651; x_wconf 89' lang='lat' dir='ltr'><strong>scilicet</strong></span> <span class='ocrx_word' id='word_1_546' title='bbox 2738 3602 2793 3649; x_wconf 91' lang='lat' dir='ltr'><strong>et</strong></span> <span class='ocrx_word' id='word_1_547' title='bbox 2816 3601 3026 3665; x_wconf 89' lang='lat' dir='ltr'><strong>patrem</strong></span> <span class='ocrx_word' id='word_1_548' title='bbox 3060 3602 3114 3648; x_wconf 91' lang='lat' dir='ltr'><strong>et</strong></span> <span class='ocrx_word' id='word_1_549' title='bbox 3144 3601 3374 3648; x_wconf 86' lang='lat' dir='ltr'><strong>matrem</strong></span> 
     </span>
    </p>
   </div>
   <div class='ocr_carea' id='block_1_76' title="bbox 1788 3684 3160 3757">
    <p class='ocr_par' dir='ltr' id='par_1_76' title="bbox 1788 3684 3160 3757">
     <span class='ocr_line' id='line_1_76' title="bbox 1788 3684 3160 3757; baseline 0.001 -18"><span class='ocrx_word' id='word_1_550' title='bbox 1788 3685 1979 3756; x_wconf 68' lang='lat' dir='ltr'><strong>put-lla:</strong></span> <span class='ocrx_word' id='word_1_551' title='bbox 2000 3700 2186 3741; x_wconf 88' lang='lat' dir='ltr'><strong>secum</strong></span> <span class='ocrx_word' id='word_1_552' title='bbox 2216 3685 2462 3741; x_wconf 88' lang='lat' dir='ltr'><strong>adhibuit</strong></span> <span class='ocrx_word' id='word_1_553' title='bbox 2501 3685 2715 3757; x_wconf 74' lang='lat' dir='ltr'><strong>(Matth.</strong></span> <span class='ocrx_word' id='word_1_554' title='bbox 2750 3702 2826 3752; x_wconf 76' lang='lat' dir='ltr'><strong>Ix,</strong></span> <span class='ocrx_word' id='word_1_555' title='bbox 2860 3684 2989 3739; x_wconf 88' lang='lat' dir='ltr'><strong>Luc.</strong></span> <span class='ocrx_word' id='word_1_556' title='bbox 3017 3686 3160 3757; x_wconf 78' lang='lat' dir='ltr'><strong>vni).</strong></span> 
     </span>
    </p>
   </div>
   <div class='ocr_carea' id='block_1_77' title="bbox 1858 3774 3375 3846">
    <p class='ocr_par' dir='ltr' id='par_1_77' title="bbox 1858 3774 3375 3846">
     <span class='ocr_line' id='line_1_77' title="bbox 1858 3774 3375 3846; baseline 0.001 -16"><span class='ocrx_word' id='word_1_557' title='bbox 1858 3774 2105 3842; x_wconf 85' lang='lat' dir='ltr'><strong>Qualiter</strong></span> <span class='ocrx_word' id='word_1_558' title='bbox 2169 3784 2353 3831; x_wconf 90' lang='lat' dir='ltr'><strong>autem</strong></span> <span class='ocrx_word' id='word_1_559' title='bbox 2424 3776 2497 3833; x_wconf 89' lang='lat' dir='ltr'><strong>sit</strong></span> <span class='ocrx_word' id='word_1_560' title='bbox 2567 3776 2979 3833; x_wconf 86' lang='lat' dir='ltr'><strong>determinanda</strong></span> <span class='ocrx_word' id='word_1_561' title='bbox 3054 3775 3375 3846; x_wconf 66' lang='lat' dir='ltr'><strong>huiusmodi</strong></span> 
     </span>
    </p>
   </div>
   <div class='ocr_carea' id='block_1_78' title="bbox 1789 3869 3373 3941">
    <p class='ocr_par' dir='ltr' id='par_1_78' title="bbox 1789 3869 3373 3941">
     <span class='ocr_line' id='line_1_78' title="bbox 1789 3869 3373 3941; baseline -0.001 -17"><span class='ocrx_word' id='word_1_562' title='bbox 1789 3870 2173 3941; x_wconf 80' lang='lat' dir='ltr'><strong>conjecturalis</strong></span> <span class='ocrx_word' id='word_1_563' title='bbox 2207 3870 2604 3936; x_wconf 85' lang='lat' dir='ltr'><strong>controversia,</strong></span> <span class='ocrx_word' id='word_1_564' title='bbox 2645 3869 2903 3926; x_wconf 79' lang='lat' dir='ltr'><strong>describit</strong></span> <span class='ocrx_word' id='word_1_565' title='bbox 2946 3869 3056 3925; x_wconf 91' lang='lat' dir='ltr'><strong>Leo</strong></span> <span class='ocrx_word' id='word_1_566' title='bbox 3085 3870 3152 3925; x_wconf 88' lang='lat' dir='ltr'><strong>ad</strong></span> <span class='ocrx_word' id='word_1_567' title='bbox 3186 3869 3373 3925; x_wconf 79' lang='lat' dir='ltr'><strong>[lusti-</strong></span> 
     </span>
    </p>
   </div>
   <div class='ocr_carea' id='block_1_79' title="bbox 1788 3959 3379 4031">
    <p class='ocr_par' dir='ltr' id='par_1_79' title="bbox 1788 3959 3379 4031">
     <span class='ocr_line' id='line_1_79' title="bbox 1788 3959 3379 4031; baseline -0.002 -14"><span class='ocrx_word' id='word_1_568' title='bbox 1788 3978 1911 4017; x_wconf 86' lang='lat' dir='ltr'><strong>cum</strong></span> <span class='ocrx_word' id='word_1_569' title='bbox 1946 3959 2352 4016; x_wconf 86' lang='lat' dir='ltr'><strong>Narbonensem</strong></span> <span class='ocrx_word' id='word_1_570' title='bbox 2399 3961 2715 4031; x_wconf 87' lang='lat' dir='ltr'><strong>episc0pum</strong></span> <span class='ocrx_word' id='word_1_571' title='bbox 2752 3980 2764 4013; x_wconf 89' lang='lat'><strong>:</strong></span> <span class='ocrx_word' id='word_1_572' title='bbox 2805 3981 2822 4011; x_wconf 78' lang='grc' dir='ltr'><strong>ι</strong></span> <span class='ocrx_word' id='word_1_573' title='bbox 2848 3962 2985 4028; x_wconf 81' lang='lat' dir='ltr'><strong>Quia</strong></span> <span class='ocrx_word' id='word_1_574' title='bbox 3028 3962 3379 4017; x_wconf 70' lang='lat' dir='ltr'><strong>sacerdotum-</strong></span> 
     </span>
    </p>
   </div>
   <div class='ocr_carea' id='block_1_80' title="bbox 94 4031 1688 4116">
    <p class='ocr_par' dir='ltr' id='par_1_80' title="bbox 94 4031 1688 4116">
     <span class='ocr_line' id='line_1_80' title="bbox 94 4031 1688 4116; baseline 0.008 -30"><span class='ocrx_word' id='word_1_575' title='bbox 94 4031 203 4088; x_wconf 87' lang='lat' dir='ltr'><strong>cilii</strong></span> <span class='ocrx_word' id='word_1_576' title='bbox 233 4033 472 4090; x_wconf 87' lang='lat' dir='ltr'><strong>decretis</strong></span> <span class='ocrx_word' id='word_1_577' title='bbox 497 4034 784 4092; x_wconf 89' lang='lat' dir='ltr'><strong>absolutus</strong></span> <span class='ocrx_word' id='word_1_578' title='bbox 804 4036 929 4092; x_wconf 91' lang='lat' dir='ltr'><strong>erit.</strong></span> <span class='ocrx_word' id='word_1_579' title='bbox 954 4036 1307 4094; x_wconf 87' lang='lat' dir='ltr'><strong>Consentitct</strong></span> <span class='ocrx_word' id='word_1_580' title='bbox 1333 4039 1588 4097; x_wconf 83' lang='lat' dir='ltr'><strong>Africana</strong></span> <span class='ocrx_word' id='word_1_581' title='bbox 1604 4059 1688 4116; x_wconf 78' lang='lat' dir='ltr'><strong>sy-</strong></span> 
     </span>
    </p>
   </div>
   <div class='ocr_carea' id='block_1_81' title="bbox 94 4123 1686 4205">
    <p class='ocr_par' dir='ltr' id='par_1_81' title="bbox 94 4123 1686 4205">
     <span class='ocr_line' id='line_1_81' title="bbox 94 4123 1686 4205; baseline 0.009 -28"><span class='ocrx_word' id='word_1_582' title='bbox 94 4123 273 4179; x_wconf 90' lang='lat' dir='ltr'><strong>nodus</strong></span> <span class='ocrx_word' id='word_1_583' title='bbox 288 4124 506 4182; x_wconf 88' lang='lat' dir='ltr'><strong>dicens:</strong></span> <span class='ocrx_word' id='word_1_584' title='bbox 540 4145 560 4180; x_wconf 83' lang='grc' dir='ltr'><strong>ι</strong></span> <span class='ocrx_word' id='word_1_585' title='bbox 583 4124 641 4181; x_wconf 87' lang='lat' dir='ltr'><strong>Si</strong></span> <span class='ocrx_word' id='word_1_586' title='bbox 658 4125 800 4183; x_wconf 85' lang='lat' dir='ltr'><strong>infra</strong></span> <span class='ocrx_word' id='word_1_587' title='bbox 818 4143 1021 4184; x_wconf 88' lang='lat' dir='ltr'><strong>annum</strong></span> <span class='ocrx_word' id='word_1_588' title='bbox 1035 4144 1259 4186; x_wconf 89' lang='lat' dir='ltr'><strong>causam</strong></span> <span class='ocrx_word' id='word_1_589' title='bbox 1277 4147 1432 4187; x_wconf 91' lang='lat' dir='ltr'><strong>suam</strong></span> <span class='ocrx_word' id='word_1_590' title='bbox 1452 4149 1686 4205; x_wconf 80' lang='lat' dir='ltr'><strong>purgare</strong></span> 
     </span>
    </p>
   </div>
   <div class='ocr_carea' id='block_1_82' title="bbox 93 4216 1685 4290">
    <p class='ocr_par' dir='ltr' id='par_1_82' title="bbox 93 4216 1685 4290">
     <span class='ocr_line' id='line_1_82' title="bbox 93 4216 1685 4290; baseline 0.008 -21"><span class='ocrx_word' id='word_1_591' title='bbox 93 4217 503 4287; x_wconf 86' lang='lat' dir='ltr'><strong>contempserit.</strong></span> <span class='ocrx_word' id='word_1_592' title='bbox 540 4236 559 4270; x_wconf 74' lang='grc' dir='ltr'><strong>ι</strong></span> <span class='ocrx_word' id='word_1_593' title='bbox 598 4216 734 4275; x_wconf 87' lang='lat' dir='ltr'><strong>Nota</strong></span> <span class='ocrx_word' id='word_1_594' title='bbox 754 4220 954 4277; x_wconf 88' lang='lat' dir='ltr'><strong>verba:</strong></span> <span class='ocrx_word' id='word_1_595' title='bbox 984 4237 1091 4277; x_wconf 90' lang='lat' dir='ltr'><strong>non</strong></span> <span class='ocrx_word' id='word_1_596' title='bbox 1111 4222 1271 4290; x_wconf 87' lang='lat' dir='ltr'><strong>dicit,</strong></span> <span class='ocrx_word' id='word_1_597' title='bbox 1302 4241 1320 4275; x_wconf 83' lang='grc' dir='ltr'><strong>ι</strong></span> <span class='ocrx_word' id='word_1_598' title='bbox 1358 4241 1464 4281; x_wconf 92' lang='lat' dir='ltr'><strong>non</strong></span> <span class='ocrx_word' id='word_1_599' title='bbox 1500 4228 1685 4282; x_wconf 89' lang='lat' dir='ltr'><strong>volue-</strong></span> 
     </span>
    </p>
   </div>
   <div class='ocr_carea' id='block_1_83' title="bbox 1788 4053 3375 4123">
    <p class='ocr_par' dir='ltr' id='par_1_83' title="bbox 1788 4053 3375 4123">
     <span class='ocr_line' id='line_1_83' title="bbox 1788 4053 3375 4123; baseline -0.004 -14"><span class='ocrx_word' id='word_1_600' title='bbox 1788 4054 2003 4109; x_wconf 85' lang='lat' dir='ltr'><strong>Domini</strong></span> <span class='ocrx_word' id='word_1_601' title='bbox 2020 4063 2232 4109; x_wconf 87' lang='lat' dir='ltr'><strong>matura</strong></span> <span class='ocrx_word' id='word_1_602' title='bbox 2249 4055 2505 4109; x_wconf 91' lang='lat' dir='ltr'><strong>volumus</strong></span> <span class='ocrx_word' id='word_1_603' title='bbox 2528 4068 2651 4108; x_wconf 87' lang='lat' dir='ltr'><strong>esse</strong></span> <span class='ocrx_word' id='word_1_604' title='bbox 2665 4054 2893 4123; x_wconf 83' lang='lat' dir='ltr'><strong>judicia,</strong></span> <span class='ocrx_word' id='word_1_605' title='bbox 2912 4053 3049 4107; x_wconf 91' lang='lat' dir='ltr'><strong>nihil</strong></span> <span class='ocrx_word' id='word_1_606' title='bbox 3074 4067 3375 4123; x_wconf 23' lang='lat' dir='ltr'><strong>possumus.</strong></span> 
     </span>
    </p>
   </div>
   <div class='ocr_carea' id='block_1_84' title="bbox 1787 4141 3371 4215">
    <p class='ocr_par' dir='ltr' id='par_1_84' title="bbox 1787 4141 3371 4215">
     <span class='ocr_line' id='line_1_84' title="bbox 1787 4141 3371 4215; baseline -0.003 -16"><span class='ocrx_word' id='word_1_607' title='bbox 1787 4145 1843 4199; x_wconf 91' lang='lat' dir='ltr'><strong>in</strong></span> <span class='ocrx_word' id='word_1_608' title='bbox 1899 4144 2063 4199; x_wconf 88' lang='lat' dir='ltr'><strong>rebus</strong></span> <span class='ocrx_word' id='word_1_609' title='bbox 2111 4143 2423 4215; x_wconf 81' lang='lat' dir='ltr'><strong>incognitis,</strong></span> <span class='ocrx_word' id='word_1_610' title='bbox 2456 4142 2510 4196; x_wconf 92' lang='lat' dir='ltr'><strong>in</strong></span> <span class='ocrx_word' id='word_1_611' title='bbox 2555 4143 2879 4212; x_wconf 74' lang='lat' dir='ltr'><strong>cujusquam</strong></span> <span class='ocrx_word' id='word_1_612' title='bbox 2912 4142 3084 4211; x_wconf 90' lang='lat' dir='ltr'><strong>partis</strong></span> <span class='ocrx_word' id='word_1_613' title='bbox 3112 4141 3371 4213; x_wconf 69' lang='lat' dir='ltr'><strong>praeiudi-</strong></span> 
     </span>
    </p>
   </div>
   <div class='ocr_carea' id='block_1_85' title="bbox 1786 4234 3371 4306">
    <p class='ocr_par' dir='ltr' id='par_1_85' title="bbox 1786 4234 3371 4306">
     <span class='ocr_line' id='line_1_85' title="bbox 1786 4234 3371 4306; baseline -0.004 -15"><span class='ocrx_word' id='word_1_614' title='bbox 1786 4236 1932 4291; x_wconf 90' lang='lat' dir='ltr'><strong>cium</strong></span> <span class='ocrx_word' id='word_1_615' title='bbox 1960 4234 2206 4302; x_wconf 83' lang='lat' dir='ltr'><strong>delinire,</strong></span> <span class='ocrx_word' id='word_1_616' title='bbox 2238 4235 2558 4306; x_wconf 89' lang='lat' dir='ltr'><strong>priusquam</strong></span> <span class='ocrx_word' id='word_1_617' title='bbox 2592 4234 2846 4288; x_wconf 89' lang='lat' dir='ltr'><strong>universa</strong></span> <span class='ocrx_word' id='word_1_618' title='bbox 2888 4248 3012 4302; x_wconf 78' lang='lat' dir='ltr'><strong>quae</strong></span> <span class='ocrx_word' id='word_1_619' title='bbox 3057 4240 3203 4302; x_wconf 80' lang='lat' dir='ltr'><strong>gesta</strong></span> <span class='ocrx_word' id='word_1_620' title='bbox 3242 4238 3371 4285; x_wconf 89' lang='lat' dir='ltr'><strong>sunt</strong></span> 
     </span>
    </p>
   </div>
   <div class='ocr_carea' id='block_1_86' title="bbox 94 4304 1698 4394">
    <p class='ocr_par' dir='ltr' id='par_1_86' title="bbox 94 4304 1685 4394">
     <span class='ocr_line' id='line_1_86' title="bbox 94 4304 1685 4394; baseline 0.01 -35"><span class='ocrx_word' id='word_1_621' title='bbox 94 4304 192 4394; x_wconf 80' lang='lat' dir='ltr'><strong>rit,</strong></span> <span class='ocrx_word' id='word_1_622' title='bbox 226 4324 245 4357; x_wconf 77' lang='grc' dir='ltr'><strong>ι</strong></span> <span class='ocrx_word' id='word_1_623' title='bbox 274 4306 372 4362; x_wconf 88' lang='lat' dir='ltr'><strong>sed</strong></span> <span class='ocrx_word' id='word_1_624' title='bbox 407 4325 426 4358; x_wconf 75' lang='grc' dir='ltr'><strong>ι</strong></span> <span class='ocrx_word' id='word_1_625' title='bbox 456 4309 861 4379; x_wconf 81' lang='lat' dir='ltr'><strong>contempserit.</strong></span> <span class='ocrx_word' id='word_1_626' title='bbox 893 4329 912 4362; x_wconf 74' lang='grc' dir='ltr'><strong>ι</strong></span> <span class='ocrx_word' id='word_1_627' title='bbox 943 4309 1096 4367; x_wconf 89' lang='lat' dir='ltr'><strong>Unde</strong></span> <span class='ocrx_word' id='word_1_628' title='bbox 1115 4313 1525 4385; x_wconf 80' lang='lat' dir='ltr'><strong>Augustinusin</strong></span> <span class='ocrx_word' id='word_1_629' title='bbox 1545 4318 1685 4375; x_wconf 88' lang='lat' dir='ltr'><strong>libro</strong></span> 
     </span>
    </p>
   </div>
   <div class='ocr_carea' id='block_1_87' title="bbox 1805 4304 3367 4394">
    <p class='ocr_par' dir='ltr' id='par_1_87' title="bbox 1805 4304 3367 4394">
     <span class='ocr_line' id='line_1_87' title="bbox 1805 4304 3367 4394; baseline -0.002 -15"><span class='ocrx_word' id='word_1_630' title='bbox 1805 4327 2051 4382; x_wconf 67' lang='lat' dir='ltr'><strong>reraciter</strong></span> <span class='ocrx_word' id='word_1_631' title='bbox 2084 4304 2391 4381; x_wconf 76' lang='lat' dir='ltr'><strong>audiamus.</strong></span> <span class='ocrx_word' id='word_1_632' title='bbox 2416 4304 2437 4375; x_wconf 13' lang='grc' dir='ltr'><strong>ν»</strong></span> <span class='ocrx_word' id='word_1_633' title='bbox 2465 4323 2533 4379; x_wconf 89' lang='lat' dir='ltr'><strong>Et</strong></span> <span class='ocrx_word' id='word_1_634' title='bbox 2573 4324 2705 4379; x_wconf 89' lang='lat' dir='ltr'><strong>item</strong></span> <span class='ocrx_word' id='word_1_635' title='bbox 2736 4323 2866 4378; x_wconf 87' lang='lat' dir='ltr'><strong>alibi</strong></span> <span class='ocrx_word' id='word_1_636' title='bbox 2893 4323 3107 4394; x_wconf 84' lang='lat' dir='ltr'><strong>egregie</strong></span> <span class='ocrx_word' id='word_1_637' title='bbox 3135 4323 3367 4378; x_wconf 86' lang='lat' dir='ltr'><strong>dicitur:</strong></span> 
     </span>
    </p>
   </div>
   <div class='ocr_carea' id='block_1_88' title="bbox 94 4392 3370 4489">
    <p class='ocr_par' dir='ltr' id='par_1_88' title="bbox 94 4392 3370 4489">
     <span class='ocr_line' id='line_1_88' title="bbox 94 4392 3370 4489; baseline 0.006 -42"><span class='ocrx_word' id='word_1_638' title='bbox 94 4392 165 4452; x_wconf 88' lang='lat' dir='ltr'><strong>De</strong></span> <span class='ocrx_word' id='word_1_639' title='bbox 192 4397 520 4467; x_wconf 74' lang='lat' dir='ltr'><strong>pmnitentia</strong></span> <span class='ocrx_word' id='word_1_640' title='bbox 548 4418 561 4455; x_wconf 93' lang='lat'><strong>:</strong></span> <span class='ocrx_word' id='word_1_641' title='bbox 591 4419 609 4452; x_wconf 81' lang='grc' dir='ltr'><strong>ι</strong></span> <span class='ocrx_word' id='word_1_642' title='bbox 627 4396 738 4456; x_wconf 86' lang='lat' dir='ltr'><strong>Nos</strong></span> <span class='ocrx_word' id='word_1_643' title='bbox 752 4417 880 4457; x_wconf 86' lang='lat' dir='ltr'><strong>vero</strong></span> <span class='ocrx_word' id='word_1_644' title='bbox 900 4417 930 4457; x_wconf 90' lang='lat' dir='ltr'><strong>a</strong></span> <span class='ocrx_word' id='word_1_645' title='bbox 955 4406 1338 4461; x_wconf 88' lang='lat' dir='ltr'><strong>communione</strong></span> <span class='ocrx_word' id='word_1_646' title='bbox 1352 4423 1681 4481; x_wconf 85' lang='lat' dir='ltr'><strong>quemquam</strong></span> <span class='ocrx_word' id='word_1_647' title='bbox 1793 4437 1810 4469; x_wconf 83' lang='grc' dir='ltr'><strong>ι</strong></span> <span class='ocrx_word' id='word_1_648' title='bbox 1837 4415 1955 4473; x_wconf 84' lang='lat' dir='ltr'><strong>Non</strong></span> <span class='ocrx_word' id='word_1_649' title='bbox 1980 4417 2192 4489; x_wconf 85' lang='lat' dir='ltr'><strong>justum</strong></span> <span class='ocrx_word' id='word_1_650' title='bbox 2237 4417 2613 4482; x_wconf 85' lang='lat' dir='ltr'><strong>mediatorem,</strong></span> <span class='ocrx_word' id='word_1_651' title='bbox 2643 4415 2737 4486; x_wconf 87' lang='lat' dir='ltr'><strong>qui</strong></span> <span class='ocrx_word' id='word_1_652' title='bbox 2766 4416 2818 4469; x_wconf 91' lang='lat' dir='ltr'><strong>in</strong></span> <span class='ocrx_word' id='word_1_653' title='bbox 2849 4415 3073 4470; x_wconf 86' lang='lat' dir='ltr'><strong>incertis</strong></span> <span class='ocrx_word' id='word_1_654' title='bbox 3102 4414 3181 4469; x_wconf 92' lang='lat' dir='ltr'><strong>sic</strong></span> <span class='ocrx_word' id='word_1_655' title='bbox 3201 4428 3370 4468; x_wconf 86' lang='lat' dir='ltr'><strong>unam</strong></span> 
     </span>
    </p>
   </div>
   <div class='ocr_carea' id='block_1_89' title="bbox 94 4489 3367 4582">
    <p class='ocr_par' dir='ltr' id='par_1_89' title="bbox 94 4489 3367 4582">
     <span class='ocr_line' id='line_1_89' title="bbox 94 4489 3367 4582; baseline 0.005 -37"><span class='ocrx_word' id='word_1_656' title='bbox 94 4489 384 4582; x_wconf 78' lang='lat' dir='ltr'><strong>prohibere</strong></span> <span class='ocrx_word' id='word_1_657' title='bbox 422 4507 533 4547; x_wconf 90' lang='lat' dir='ltr'><strong>non</strong></span> <span class='ocrx_word' id='word_1_658' title='bbox 575 4508 888 4563; x_wconf 78' lang='lat' dir='ltr'><strong>possumus,</strong></span> <span class='ocrx_word' id='word_1_659' title='bbox 926 4497 1179 4566; x_wconf 87' lang='lat' dir='ltr'><strong>quamvis</strong></span> <span class='ocrx_word' id='word_1_660' title='bbox 1227 4499 1343 4556; x_wconf 74' lang='lat' dir='ltr'><strong>hzec</strong></span> <span class='ocrx_word' id='word_1_661' title='bbox 1390 4503 1682 4572; x_wconf 88' lang='lat' dir='ltr'><strong>prohibitio</strong></span> <span class='ocrx_word' id='word_1_662' title='bbox 1714 4510 1757 4564; x_wconf 90' lang='lat' dir='ltr'><strong>D</strong></span> <span class='ocrx_word' id='word_1_663' title='bbox 1783 4520 1992 4582; x_wconf 86' lang='lat' dir='ltr'><strong>partem</strong></span> <span class='ocrx_word' id='word_1_664' title='bbox 2027 4511 2208 4574; x_wconf 88' lang='lat' dir='ltr'><strong>audit.</strong></span> <span class='ocrx_word' id='word_1_665' title='bbox 2238 4519 2297 4566; x_wconf 90' lang='lat' dir='ltr'><strong>ut</strong></span> <span class='ocrx_word' id='word_1_666' title='bbox 2327 4510 2483 4566; x_wconf 87' lang='lat' dir='ltr'><strong>alteri</strong></span> <span class='ocrx_word' id='word_1_667' title='bbox 2518 4509 2659 4581; x_wconf 87' lang='lat' dir='ltr'><strong>parti</strong></span> <span class='ocrx_word' id='word_1_668' title='bbox 2703 4508 2839 4563; x_wconf 90' lang='lat' dir='ltr'><strong>nihil</strong></span> <span class='ocrx_word' id='word_1_669' title='bbox 2883 4516 3140 4564; x_wconf 85' lang='lat' dir='ltr'><strong>reservet.</strong></span> <span class='ocrx_word' id='word_1_670' title='bbox 3167 4526 3185 4559; x_wconf 75' lang='grc' dir='ltr'><strong>ι</strong></span> <span class='ocrx_word' id='word_1_671' title='bbox 3225 4505 3367 4573; x_wconf 74' lang='lat' dir='ltr'><strong>Quid</strong></span> 
     </span>
    </p>
   </div>
   <div class='ocr_carea' id='block_1_90' title="bbox 95 4580 1698 4673">
    <p class='ocr_par' dir='ltr' id='par_1_90' title="bbox 95 4580 1681 4665">
     <span class='ocr_line' id='line_1_90' title="bbox 95 4580 1681 4665; baseline 0.012 -32"><span class='ocrx_word' id='word_1_672' title='bbox 95 4580 336 4635; x_wconf 78' lang='lat' dir='ltr'><strong>nondum</strong></span> <span class='ocrx_word' id='word_1_673' title='bbox 356 4581 429 4638; x_wconf 89' lang='lat' dir='ltr'><strong>sit</strong></span> <span class='ocrx_word' id='word_1_674' title='bbox 449 4583 718 4650; x_wconf 87' lang='lat' dir='ltr'><strong>mortalis,</strong></span> <span class='ocrx_word' id='word_1_675' title='bbox 742 4585 836 4641; x_wconf 89' lang='lat' dir='ltr'><strong>sed</strong></span> <span class='ocrx_word' id='word_1_676' title='bbox 860 4588 1217 4657; x_wconf 78' lang='lat' dir='ltr'><strong>medicinalis,</strong></span> <span class='ocrx_word' id='word_1_677' title='bbox 1241 4591 1346 4647; x_wconf 90' lang='lat' dir='ltr'><strong>nisi</strong></span> <span class='ocrx_word' id='word_1_678' title='bbox 1368 4602 1462 4648; x_wconf 89' lang='lat' dir='ltr'><strong>aut</strong></span> <span class='ocrx_word' id='word_1_679' title='bbox 1489 4604 1681 4665; x_wconf 86' lang='lat' dir='ltr'><strong>sponte</strong></span> 
     </span>
    </p>
   </div>
   <div class='ocr_carea' id='block_1_91' title="bbox 1805 4580 3369 4673">
    <p class='ocr_par' dir='ltr' id='par_1_91' title="bbox 1805 4600 3369 4673">
     <span class='ocr_line' id='line_1_91' title="bbox 1805 4600 3369 4673; baseline -0.004 -14"><span class='ocrx_word' id='word_1_680' title='bbox 1805 4620 1911 4659; x_wconf 83' lang='lat' dir='ltr'><strong>&#39;cro</strong></span> <span class='ocrx_word' id='word_1_681' title='bbox 1946 4604 2017 4660; x_wconf 91' lang='lat' dir='ltr'><strong>sit</strong></span> <span class='ocrx_word' id='word_1_682' title='bbox 2055 4603 2385 4671; x_wconf 87' lang='lat' dir='ltr'><strong>faciendum,</strong></span> <span class='ocrx_word' id='word_1_683' title='bbox 2411 4604 2459 4659; x_wconf 86' lang='lat' dir='ltr'><strong>si</strong></span> <span class='ocrx_word' id='word_1_684' title='bbox 2485 4611 2775 4660; x_wconf 84' lang='lat' dir='ltr'><strong>accusatus</strong></span> <span class='ocrx_word' id='word_1_685' title='bbox 2809 4611 2934 4673; x_wconf 88' lang='lat' dir='ltr'><strong>post</strong></span> <span class='ocrx_word' id='word_1_686' title='bbox 2964 4600 3257 4657; x_wconf 79' lang='lat' dir='ltr'><strong>canonicos</strong></span> <span class='ocrx_word' id='word_1_687' title='bbox 3282 4600 3369 4654; x_wconf 77' lang='lat' dir='ltr'><strong>in-</strong></span> 
     </span>
    </p>
   </div>
   <div class='ocr_carea' id='block_1_92' title="bbox 92 4671 3368 4770">
    <p class='ocr_par' dir='ltr' id='par_1_92' title="bbox 92 4671 3368 4770">
     <span class='ocr_line' id='line_1_92' title="bbox 92 4671 3368 4770; baseline 0.003 -44"><span class='ocrx_word' id='word_1_688' title='bbox 92 4671 425 4770; x_wconf 70' lang='lat' dir='ltr'><strong>confessum,</strong></span> <span class='ocrx_word' id='word_1_689' title='bbox 465 4684 557 4731; x_wconf 86' lang='lat' dir='ltr'><strong>aut</strong></span> <span class='ocrx_word' id='word_1_690' title='bbox 580 4692 633 4730; x_wconf 73' lang='grc'><strong>111</strong></span> <span class='ocrx_word' id='word_1_691' title='bbox 657 4677 842 4748; x_wconf 83' lang='lat' dir='ltr'><strong>aliquo</strong></span> <span class='ocrx_word' id='word_1_692' title='bbox 863 4679 975 4735; x_wconf 90' lang='lat' dir='ltr'><strong>sive</strong></span> <span class='ocrx_word' id='word_1_693' title='bbox 991 4682 1260 4749; x_wconf 73' lang='lat' dir='ltr'><strong>smculari,</strong></span> <span class='ocrx_word' id='word_1_694' title='bbox 1280 4683 1395 4739; x_wconf 88' lang='lat' dir='ltr'><strong>sive</strong></span> <span class='ocrx_word' id='word_1_695' title='bbox 1414 4687 1677 4744; x_wconf 85' lang='lat' dir='ltr'><strong>ecclesia-</strong></span> <span class='ocrx_word' id='word_1_696' title='bbox 1779 4699 1971 4756; x_wconf 57' lang='grc' dir='ltr'><strong>δαείῃς</strong></span> <span class='ocrx_word' id='word_1_697' title='bbox 2023 4713 2124 4755; x_wconf 73' lang='lat' dir='ltr'><strong>nec</strong></span> <span class='ocrx_word' id='word_1_698' title='bbox 2302 4697 2534 4764; x_wconf 62' lang='lat' dir='ltr'><strong>venerit,</strong></span> <span class='ocrx_word' id='word_1_699' title='bbox 2572 4712 2675 4753; x_wconf 79' lang='lat' dir='ltr'><strong>nec</strong></span> <span class='ocrx_word' id='word_1_700' title='bbox 2709 4671 3082 4767; x_wconf 46' lang='lat' dir='ltr'><strong>impedimenti</strong></span> <span class='ocrx_word' id='word_1_701' title='bbox 3124 4691 3368 4748; x_wconf 62' lang='lat' dir='ltr'><strong>necessi-</strong></span> 
     </span>
    </p>
   </div>
   <div class='ocr_carea' id='block_1_93' title="bbox 94 4762 3371 4865">
    <p class='ocr_par' dir='ltr' id='par_1_93' title="bbox 94 4762 3371 4865">
     <span class='ocr_line' id='line_1_93' title="bbox 94 4762 3371 4865; baseline 0.009 -50"><span class='ocrx_word' id='word_1_702' title='bbox 248 4762 463 4835; x_wconf 80' lang='lat' dir='ltr'><strong>judicio</strong></span> <span class='ocrx_word' id='word_1_703' title='bbox 480 4767 821 4865; x_wconf 81' lang='lat' dir='ltr'><strong>nominatum</strong></span> <span class='ocrx_word' id='word_1_704' title='bbox 844 4779 1006 4841; x_wconf 89' lang='lat' dir='ltr'><strong>atque</strong></span> <span class='ocrx_word' id='word_1_705' title='bbox 1036 4773 1361 4830; x_wconf 88' lang='lat' dir='ltr'><strong>convictum.</strong></span> <span class='ocrx_word' id='word_1_706' title='bbox 1378 4775 1512 4844; x_wconf 84' lang='lat' dir='ltr'><strong>Quis</strong></span> <span class='ocrx_word' id='word_1_707' title='bbox 1531 4780 1675 4835; x_wconf 84' lang='lat' dir='ltr'><strong>enim</strong></span> <span class='ocrx_word' id='word_1_708' title='bbox 1780 4801 1916 4848; x_wconf 81' lang='lat' dir='ltr'><strong>tates</strong></span> <span class='ocrx_word' id='word_1_709' title='bbox 1948 4762 2277 4863; x_wconf 76' lang='lat' dir='ltr'><strong>probaverit,</strong></span> <span class='ocrx_word' id='word_1_710' title='bbox 2296 4762 2600 4863; x_wconf 67' lang='lat' dir='ltr'><strong>praescribit</strong></span> <span class='ocrx_word' id='word_1_711' title='bbox 2622 4787 2680 4844; x_wconf 91' lang='lat' dir='ltr'><strong>S.</strong></span> <span class='ocrx_word' id='word_1_712' title='bbox 2711 4762 3005 4858; x_wconf 73' lang='lat' dir='ltr'><strong>Gregorius</strong></span> <span class='ocrx_word' id='word_1_713' title='bbox 3029 4784 3083 4839; x_wconf 94' lang='lat' dir='ltr'><strong>in</strong></span> <span class='ocrx_word' id='word_1_714' title='bbox 3107 4784 3371 4865; x_wconf 38' lang='lat' dir='ltr'><strong>przedi‘cto</strong></span> 
     </span>
    </p>
   </div>
   <div class='ocr_carea' id='block_1_94' title="bbox 94 4854 3364 4951">
    <p class='ocr_par' dir='ltr' id='par_1_94' title="bbox 94 4854 3364 4951">
     <span class='ocr_line' id='line_1_94' title="bbox 94 4854 3364 4951; baseline 0.006 -43"><span class='ocrx_word' id='word_1_715' title='bbox 94 4854 189 4910; x_wconf 84' lang='lat' dir='ltr'><strong>sibi</strong></span> <span class='ocrx_word' id='word_1_716' title='bbox 215 4865 521 4951; x_wconf 85' lang='lat' dir='ltr'><strong>utrumque</strong></span> <span class='ocrx_word' id='word_1_717' title='bbox 551 4859 713 4915; x_wconf 87' lang='lat' dir='ltr'><strong>audet</strong></span> <span class='ocrx_word' id='word_1_718' title='bbox 735 4876 1016 4920; x_wconf 88' lang='lat' dir='ltr'><strong>assumere</strong></span> <span class='ocrx_word' id='word_1_719' title='bbox 1045 4874 1106 4920; x_wconf 90' lang='lat' dir='ltr'><strong>ut</strong></span> <span class='ocrx_word' id='word_1_720' title='bbox 1150 4867 1406 4938; x_wconf 86' lang='lat' dir='ltr'><strong>cuiquam</strong></span> <span class='ocrx_word' id='word_1_721' title='bbox 1449 4869 1564 4941; x_wconf 88' lang='lat' dir='ltr'><strong>ipse</strong></span> <span class='ocrx_word' id='word_1_722' title='bbox 1607 4872 1678 4928; x_wconf 90' lang='lat' dir='ltr'><strong>sit</strong></span> <span class='ocrx_word' id='word_1_723' title='bbox 1779 4854 2178 4938; x_wconf 53' lang='lat' dir='ltr'><strong>commentario</strong></span> <span class='ocrx_word' id='word_1_724' title='bbox 2212 4854 2399 4937; x_wconf 60' lang='lat' dir='ltr'><strong>dicens</strong></span> <span class='ocrx_word' id='word_1_725' title='bbox 2429 4880 2546 4950; x_wconf 82' lang='lat' dir='ltr'><strong>(lib.</strong></span> <span class='ocrx_word' id='word_1_726' title='bbox 2595 4895 2671 4946; x_wconf 73' lang='lat' dir='ltr'><strong>xi,</strong></span> <span class='ocrx_word' id='word_1_727' title='bbox 2707 4854 2862 4951; x_wconf 72' lang='lat' dir='ltr'><strong>epist.</strong></span> <span class='ocrx_word' id='word_1_728' title='bbox 2891 4875 2981 4945; x_wconf 79' lang='lat'><strong>56)</strong></span> <span class='ocrx_word' id='word_1_729' title='bbox 3010 4894 3024 4928; x_wconf 89' lang='lat'><strong>:</strong></span> <span class='ocrx_word' id='word_1_730' title='bbox 3056 4893 3074 4925; x_wconf 74' lang='grc' dir='ltr'><strong>ι</strong></span> <span class='ocrx_word' id='word_1_731' title='bbox 3095 4854 3364 4940; x_wconf 74' lang='lat' dir='ltr'><strong>Quoniam</strong></span> 
     </span>
    </p>
   </div>
   <div class='ocr_carea' id='block_1_95' title="bbox 94 4949 1698 5048">
    <p class='ocr_par' dir='ltr' id='par_1_95' title="bbox 94 4949 1674 5031">
     <span class='ocr_line' id='line_1_95' title="bbox 94 4949 1674 5031; baseline 0.013 -32"><span class='ocrx_word' id='word_1_732' title='bbox 94 4957 375 5005; x_wconf 87' lang='lat' dir='ltr'><strong>accusator</strong></span> <span class='ocrx_word' id='word_1_733' title='bbox 408 4959 465 5005; x_wconf 89' lang='lat' dir='ltr'><strong>et</strong></span> <span class='ocrx_word' id='word_1_734' title='bbox 486 4949 649 5021; x_wconf 74' lang='lat' dir='ltr'><strong>judex</strong></span> <span class='ocrx_word' id='word_1_735' title='bbox 669 4953 694 5006; x_wconf 70' lang='grc' dir='ltr'><strong>’ἔ</strong></span> <span class='ocrx_word' id='word_1_736' title='bbox 715 4971 813 5003; x_wconf 77' lang='grc'><strong>›-</strong></span> <span class='ocrx_word' id='word_1_737' title='bbox 841 4972 859 5004; x_wconf 77' lang='grc' dir='ltr'><strong>ι</strong></span> <span class='ocrx_word' id='word_1_738' title='bbox 887 4953 1032 5024; x_wconf 83' lang='lat' dir='ltr'><strong>ideo,</strong></span> <span class='ocrx_word' id='word_1_739' title='bbox 1054 4975 1072 5009; x_wconf 76' lang='grc' dir='ltr'><strong>ι</strong></span> <span class='ocrx_word' id='word_1_740' title='bbox 1101 4958 1276 5029; x_wconf 81' lang='lat' dir='ltr'><strong>inquit</strong></span> <span class='ocrx_word' id='word_1_741' title='bbox 1321 4959 1378 5015; x_wconf 91' lang='lat' dir='ltr'><strong>S.</strong></span> <span class='ocrx_word' id='word_1_742' title='bbox 1404 4960 1674 5031; x_wconf 85' lang='lat' dir='ltr'><strong>Gelasius,</strong></span> 
     </span>
    </p>
   </div>
   <div class='ocr_carea' id='block_1_96' title="bbox 1805 4949 3370 5048">
    <p class='ocr_par' dir='ltr' id='par_1_96' title="bbox 1805 4949 3370 5048">
     <span class='ocr_line' id='line_1_96' title="bbox 1805 4949 3370 5048; baseline -0.007 -17"><span class='ocrx_word' id='word_1_743' title='bbox 1805 4975 1998 5047; x_wconf 57' lang='lat' dir='ltr'><strong>(uidam</strong></span> <span class='ocrx_word' id='word_1_744' title='bbox 2026 4983 2123 5030; x_wconf 90' lang='lat' dir='ltr'><strong>aut</strong></span> <span class='ocrx_word' id='word_1_745' title='bbox 2148 4976 2292 5048; x_wconf 89' lang='lat' dir='ltr'><strong>apud</strong></span> <span class='ocrx_word' id='word_1_746' title='bbox 2326 4975 2573 5029; x_wconf 89' lang='lat' dir='ltr'><strong>locorum</strong></span> <span class='ocrx_word' id='word_1_747' title='bbox 2602 4949 2942 5035; x_wconf 85' lang='lat' dir='ltr'><strong>defensores,</strong></span> <span class='ocrx_word' id='word_1_748' title='bbox 2966 4975 3063 5023; x_wconf 88' lang='lat' dir='ltr'><strong>aut</strong></span> <span class='ocrx_word' id='word_1_749' title='bbox 3089 4968 3233 5039; x_wconf 88' lang='lat' dir='ltr'><strong>apud</strong></span> <span class='ocrx_word' id='word_1_750' title='bbox 3256 4967 3370 5022; x_wconf 86' lang='lat' dir='ltr'><strong>cla-</strong></span> 
     </span>
    </p>
   </div>
   <div class='ocr_carea' id='block_1_97' title="bbox 94 5041 3370 5139">
    <p class='ocr_par' dir='ltr' id='par_1_97' title="bbox 94 5041 3370 5139">
     <span class='ocr_line' id='line_1_97' title="bbox 94 5041 3370 5139; baseline 0.006 -45"><span class='ocrx_word' id='word_1_751' title='bbox 94 5050 312 5139; x_wconf 42' lang='lat' dir='ltr'><strong>voeagur</strong></span> <span class='ocrx_word' id='word_1_752' title='bbox 343 5042 414 5097; x_wconf 87' lang='lat' dir='ltr'><strong>ad</strong></span> <span class='ocrx_word' id='word_1_753' title='bbox 443 5041 715 5139; x_wconf 75' lang='lat' dir='ltr'><strong>judicium</strong></span> <span class='ocrx_word' id='word_1_754' title='bbox 758 5054 904 5102; x_wconf 89' lang='lat' dir='ltr'><strong>certa</strong></span> <span class='ocrx_word' id='word_1_755' title='bbox 969 5066 1308 5135; x_wconf 67' lang='lat' dir='ltr'><strong>quaecunque</strong></span> <span class='ocrx_word' id='word_1_756' title='bbox 1330 5068 1584 5124; x_wconf 89' lang='lat' dir='ltr'><strong>persona,</strong></span> <span class='ocrx_word' id='word_1_757' title='bbox 1617 5068 1678 5112; x_wconf 88' lang='lat' dir='ltr'><strong>ut</strong></span> <span class='ocrx_word' id='word_1_758' title='bbox 1776 5041 2030 5126; x_wconf 75' lang='lat' dir='ltr'><strong>rissimos</strong></span> <span class='ocrx_word' id='word_1_759' title='bbox 2050 5041 2462 5139; x_wconf 81' lang='lat' dir='ltr'><strong>provinciarum</strong></span> <span class='ocrx_word' id='word_1_760' title='bbox 2483 5065 2721 5136; x_wconf 74' lang='lat' dir='ltr'><strong>iudices,</strong></span> <span class='ocrx_word' id='word_1_761' title='bbox 2754 5071 2851 5120; x_wconf 89' lang='lat' dir='ltr'><strong>aut</strong></span> <span class='ocrx_word' id='word_1_762' title='bbox 2890 5063 3078 5125; x_wconf 90' lang='lat' dir='ltr'><strong>etiam,</strong></span> <span class='ocrx_word' id='word_1_763' title='bbox 3109 5071 3175 5116; x_wconf 88' lang='lat' dir='ltr'><strong>ut</strong></span> <span class='ocrx_word' id='word_1_764' title='bbox 3215 5076 3370 5117; x_wconf 85' lang='lat' dir='ltr'><strong>asso-</strong></span> 
     </span>
    </p>
   </div>
   <div class='ocr_carea' id='block_1_98' title="bbox 94 5133 1698 5192">
    <p class='ocr_par' dir='ltr' id='par_1_98' title="bbox 94 5133 1677 5192">
     <span class='ocr_line' id='line_1_98' title="bbox 94 5133 1677 5192; baseline 0.003 -5"><span class='ocrx_word' id='word_1_765' title='bbox 94 5143 174 5188; x_wconf 68' lang='grc' dir='ltr'>Ἁιιε</span> <span class='ocrx_word' id='word_1_766' title='bbox 202 5133 447 5189; x_wconf 88' lang='lat' dir='ltr'><strong>fateatur</strong></span> <span class='ocrx_word' id='word_1_767' title='bbox 481 5134 713 5192; x_wconf 86' lang='lat' dir='ltr'><strong>obiecta.</strong></span> <span class='ocrx_word' id='word_1_768' title='bbox 746 5147 840 5192; x_wconf 88' lang='lat' dir='ltr'><strong>aut</strong></span> <span class='ocrx_word' id='word_1_769' title='bbox 866 5142 1221 5192; x_wconf 81' lang='lat' dir='ltr'><strong>convincatur</strong></span> <span class='ocrx_word' id='word_1_770' title='bbox 1247 5144 1491 5192; x_wconf 70' lang='lat' dir='ltr'><strong>(thier-tis-</strong></span> <span class='ocrx_word' id='word_1_771' title='bbox 1549 5165 1566 5192; x_wconf 78' lang='grc' dir='ltr'><strong>ι</strong></span> <span class='ocrx_word' id='word_1_772' title='bbox 1612 5145 1677 5192; x_wconf 71' lang='lat' dir='ltr'><strong>Et</strong></span> 
     </span>
    </p>
   </div>
   <div class='ocr_carea' id='block_1_99' title="bbox 1805 5133 3375 5192">
    <p class='ocr_par' dir='ltr' id='par_1_99' title="bbox 1805 5150 3375 5192">
     <span class='ocr_line' id='line_1_99' title="bbox 1805 5150 3375 5192; baseline 0 0"><span class='ocrx_word' id='word_1_773' title='bbox 1805 5167 1841 5192; x_wconf 62' lang='grc' dir='ltr'>τι</span> <span class='ocrx_word' id='word_1_774' title='bbox 1901 5177 1919 5192; x_wconf 73' lang='grc' dir='ltr'><strong>ι</strong></span> <span class='ocrx_word' id='word_1_775' title='bbox 1954 5157 2045 5192; x_wconf 63' lang='grc' dir='ltr'>κη</span> <span class='ocrx_word' id='word_1_776' title='bbox 2075 5160 2216 5192; x_wconf 71' lang='grc' dir='ltr'><strong>ηηιηι</strong></span> <span class='ocrx_word' id='word_1_777' title='bbox 2243 5160 2423 5192; x_wconf 72' lang='grc' dir='ltr'><strong>νς-ηηη</strong></span> <span class='ocrx_word' id='word_1_778' title='bbox 2454 5153 2822 5192; x_wconf 69' lang='lat' dir='ltr'><strong>nloricuimnm</strong></span> <span class='ocrx_word' id='word_1_779' title='bbox 2854 5171 2871 5192; x_wconf 75' lang='grc' dir='ltr'><strong>ι</strong></span> <span class='ocrx_word' id='word_1_780' title='bbox 2893 5150 3218 5192; x_wconf 66' lang='grc' dir='ltr'><strong>ωασῖειινιιηι</strong></span> <span class='ocrx_word' id='word_1_781' title='bbox 3247 5163 3375 5192; x_wconf 69' lang='grc' dir='ltr'><strong>ροη-</strong></span> 
     </span>
    </p>
   </div>
  </div>
