3986 5312
496 287 634 345 ΗΠ

1473 253 1566 342 An
1603 285 1832 377 ornas
1873 287 1931 345 s.
1973 284 2304 343 casconu
2336 282 2783 344 APPENDICES.

3638 292 3765 348 illa

496 413 694 463 tiones.
718 399 782 459 Si
807 416 940 458 vero
958 399 1199 456 miluerit
1227 399 1503 468 advenire,
1539 403 1636 457 sed
1667 404 2077 474 contempserit.
2108 406 2155 461 Α
2180 402 2604 459 celebrationem
2674 403 2777 459 sibi
2833 402 3015 459 missa:
3042 386 3045 389 ’
3077 388 3456 458 interdicentis
3523 414 3767 475 prem

494 503 560 550 ut
580 508 650 548 ex
693 493 800 548 hoc
851 492 921 546 ab
945 506 1065 545 una
1105 500 1261 562 parte
1305 491 1618 548 testimonia
1666 493 1928 551 adversus
1953 510 2080 550 eum

495 585 713 642 inutilia
754 585 884 653 sint,
942 583 1222 640 sancimus
1274 583 1591 655 bujusmodi
1649 586 1963 642 testimonia
2006 588 2080 641 ita

497 679 696 745 valere,
740 693 805 734 ac
855 677 922 749 si.
946 693 1056 732 non
1101 693 1166 733 ex
1205 694 1313 733 una
1360 687 1513 749 parte
1564 679 1948 747 consisterent,
1986 681 2081 737 sed

495 769 660 831 etiam
684 768 803 839 ipso
840 776 1108 838 praesente
1139 768 1373 825 fuissent
1408 769 1571 825 facta.
1604 768 1661 825 Si
1683 772 1829 826 enim
1861 789 2083 828 recusa-

499 860 654 926 verit,
684 869 739 915 et
760 861 946 916 venire
969 861 1222 927 noluerit,
1247 870 1300 917 et
1324 862 1512 917 audire
1541 878 1664 934 qua:
1712 864 2082 934 deponuntur,

496 966 623 1007 cum
646 953 834 1024 utique
856 953 909 1007 in
933 955 1152 1025 publico
1181 955 1272 1021 sit,
1304 964 1358 1010 et
1384 971 1495 1010 non
1520 971 1587 1010 ex
1624 956 1921 1013 incvitabili
1954 975 2086 1031 qua-

497 1043 623 1101 dam
650 1046 976 1103 necessitate
995 1047 1181 1102 venire
1204 1064 1311 1103 non
1338 1048 1532 1118 possit,
1558 1048 1754 1104 similis
1776 1050 2085 1125 advenienti

497 1134 624 1202 erit,
648 1145 703 1193 et
727 1138 876 1193 nulla
908 1139 1115 1196 utilitas
1152 1155 1219 1195 ex
1247 1147 1564 1211 contemptu
1596 1156 1698 1196 suo
1725 1141 1776 1196 ei
1803 1142 2084 1207 adhibebis

498 1237 609 1296 tur,
635 1230 731 1285 sed
777 1230 1104 1287 videbuntur
1142 1231 1362 1303 quidem
1388 1247 1457 1287 ex
1488 1230 1773 1304 utriusque
1796 1236 2085 1303 praesentia

499 1321 852 1391 probationes
898 1321 1074 1378 facta.
1128 1322 1290 1391 Ecce,
1317 1344 1333 1377 ι
1390 1323 1571 1395 inquit
1625 1324 1681 1379 S.
1755 1324 2082 1398 Gregorius,

507 1431 527 1464 ι
555 1413 928 1470 admouendus
949 1423 1034 1470 est
1057 1431 1270 1487 semper
1294 1415 1662 1482 adversarius,
1691 1426 1749 1472 ut
1770 1417 1838 1473 ad
1861 1419 2087 1474 audien-

499 1505 602 1562 dos
645 1514 811 1563 testes
838 1508 1118 1577 adveniat;
1165 1510 1407 1580 alioquin
1438 1526 1660 1567 necesse
1707 1520 1791 1567 est
1830 1519 1892 1566 ut
1937 1513 2086 1584 quod

502 1607 693 1655 contra
715 1600 859 1671 leges
889 1610 1071 1657 actum
1099 1613 1183 1659 est
1205 1603 1516 1659 firmitatem
1547 1620 1658 1659 non
1680 1604 1896 1660 habeat.
1920 1624 1938 1658 ι

574 1690 926 1749 Demonstrat
949 1696 1113 1751 etiam
1147 1695 1464 1754 Bonifacius
1491 1713 1629 1769 papa
1657 1699 1832 1770 (epist.
1865 1699 1921 1772 2)
1955 1699 2086 1756 scri-

499 1782 636 1840 bens
677 1785 746 1840 ad
787 1794 993 1856 septem
1025 1788 1338 1859 provincias
1378 1790 1447 1845 de.
1490 1789 1749 1857 Maximo,
1788 1791 1882 1862 qui
1914 1793 2087 1849 multo

500 1874 731 1932 crimine
779 1877 1075 1935 infamatus
1118 1881 1437 1950 prmsentari
1462 1881 1670 1952 judicio
1698 1883 1893 1950 noluit,
1923 1901 2086 1957 regu-

500 1964 688 2022 lariter
720 1978 967 2027 vocatus.
1006 1991 1024 2023 ι
1044 1970 1256 2039 Nullus,
1295 1973 1570 2043 inquiens,
1600 1975 1814 2031 dubitat
1840 1977 1986 2048 quod
2014 1977 2088 2032 ita

500 2057 763 2127 judicium
817 2077 1024 2118 nocens
1080 2063 1448 2137 subterfugit‘,
1502 2069 1963 2138 quemadmodum
2029 2079 2089 2127 ut

501 2150 821 2207 absolvatur
853 2154 949 2224 qui
973 2162 1058 2210 est
1089 2155 1353 2212 innocens
1381 2159 1606 2228 qumrit;
1654 2160 1749 2215 sed
1787 2169 1969 2217 astuta
1997 2178 2089 2218 ca-

501 2241 710 2298 vﬁlatio
754 2260 945 2301 eorum
1007 2248 1101 2318 qui
1141 2250 1381 2304 versutis
1413 2251 1682 2321 agendum
1712 2253 1942 2308 credunt
1968 2270 2090 2311 esse

500 2336 748 2392 consiliis
792 2353 1072 2409 nunquam
1099 2340 1425 2397 innocentia:
1454 2358 1655 2399 nomen
1679 2345 1927 2416 accipiet.
1951 2346 2092 2401 Con-

504 2426 688 2483 fitetur
715 2430 863 2485 enim
892 2431 959 2486 de
989 2431 1265 2499 omnibus,
1315 2433 1569 2504 quisquis
1622 2450 1680 2490 se
1712 2435 2091 2509 subterfugere

505 2520 765 2588 Iudicium
795 2522 1151 2580 dilationibus
1195 2532 1370 2596 putat.
1394 2544 1411 2576 ι
1439 2523 1506 2579 Et
1547 2526 1875 2596 quibusdam
1923 2528 2091 2599 inter—

503 2613 695 2682 positis
721 2633 734 2668 :
766 2634 783 2667 ι
812 2614 1186 2685 Decrevimus,
1217 2618 1413 2689 inquit,
1442 2628 1686 2675 vestrum
1722 2621 1919 2678 debere
1946 2623 2090 2680 intra

504 2704 841 2774 provinciam
872 2722 993 2763 esse
1021 2707 1313 2779 judicium,
1352 2719 1404 2765 et
1432 2695 1773 2784 congregari.
1800 2715 2088 2786 synodum,

503 2807 627 2851 ante
670 2791 825 2853 diem
866 2797 1231 2856 Kalendarum
1271 2800 1682 2871 Novembrium,
1715 2814 1794 2872 ut,
1827 2806 1873 2862 si
1902 2808 2092 2863 adesse

505 2890 757 2958 voluerit,
807 2908 1072 2962 prmsens,
1129 2894 1174 2951 si
1216 2896 1461 2963 conlidit,
1510 2897 1577 2952 ad
1620 2898 1833 2968 objecta
1866 2915 2093 2970 respon—

503 2980 646 3037 deat.
673 2980 731 3038 Si
756 2999 885 3039 vero
912 2984 1103 3041 adesse
1128 2986 1444 3058 neglexerit,
1467 2987 1782 3044 dilationem
1813 2989 2093 3045 sententiae

504 3073 571 3129 de
593 3074 841 3131 absentia
866 3093 977 3133 non
1013 3070 1275 3134 lucretur.
1313 3078 1449 3134 Nam
1474 3078 1825 3138 manifestum
1848 3090 1932 3139 est
1958 3098 2093 3137 con-

506 3165 646 3221 fiteri
673 3184 798 3222 eum
824 3169 891 3224 de
921 3170 1173 3238 crimine,
1206 3172 1301 3242 qui
1334 3172 1545 3228 indulto
1567 3181 1621 3229 et
1661 3175 1818 3229 toties
1848 3174 2096 3245 delegato
2123 3165 2127 3245 Ῐ

506 3259 707 3327 judicio
736 3262 1003 3335 purgandi
1034 3278 1094 3327 se
1123 3264 1414 3320 occasione
1437 3281 1546 3320 non
1571 3265 1760 3321 utitur.
1779 3264 1926 3321 Nihil
1947 3265 2094 3322 enim

506 3348 731 3407 interest
758 3361 941 3408 utrum
967 3355 1019 3409 in
1044 3356 1299 3426 prazsenti
1324 3335 1578 3413 examine
1601 3359 1781 3413 omnia
1805 3376 1928 3430 quae
1950 3358 2095 3414 dicta

507 3452 639 3499 sunt
666 3446 1111 3516 comprobentur,
1136 3464 1260 3504 cum
1307 3450 1425 3520 ipsa
1458 3466 1677 3521 quoque
1724 3467 1825 3521 pro
1874 3450 2095 3508 confes-

507 3535 667 3591 sione
692 3548 985 3607 procurata
1022 3541 1183 3595 toties
1222 3549 1437 3596 constet
1463 3541 1729 3597 absentia.
1771 3540 1883 3598 Nos
1911 3550 2095 3599 autem

510 3642 606 3697 per
626 3643 818 3686 omnes
846 3632 1155 3700 provincias
1182 3632 1392 3688 litteras
1417 3633 1735 3704 dirigemus,
1765 3650 1833 3689 ne
1860 3650 2093 3690 excusa-

512 3721 716 3775 tionem
748 3721 851 3777 sibi
881 3722 1240 3794 ignorationis
1268 3724 1546 3791 obtendat,
1573 3732 1633 3778 ut
1659 3724 1726 3780 ad
1748 3724 2096 3781 Provinciam

511 3816 697 3867 venire
739 3824 987 3886 cogatur,
1043 3824 1098 3871 et
1144 3816 1257 3873 illic
1299 3832 1358 3872 se
1406 3818 1707 3873 constituto
1767 3826 2098 3889 praesentare

511 3903 735 3975 iudicio.
765 3925 783 3960 ι

579 3996 758 4054 Simili
793 4001 1144 4057 exsecutione
1170 4002 1386 4057 vocavit
1411 4011 1466 4058 et
1491 4003 1830 4073 exspectavit
1865 4002 1925 4058 Β.
1963 4002 2098 4059 Gre-

510 4091 698 4161 gorius
724 4091 1021 4148 Maximum
1053 4093 1433 4150 Salonitanum
1456 4096 1798 4166 episcopum,
1821 4096 2099 4151 evidenter

513 4198 666 4239 reum
689 4192 744 4240 et
767 4195 1145 4243 contumacem
1177 4187 1295 4258 (lib.
1321 4205 1375 4256 v,
1399 4189 1555 4259 epist.
1588 4188 1642 4260 '5)
1670 4188 1890 4244 dicens:
1922 4187 2098 4244 (1101·-

511 4285 694 4332 tamur
717 4287 776 4333 ut
797 4280 864 4335 ad
892 4297 994 4337 nos
1022 4282 1206 4337 venire
1240 4282 1391 4337 omni
1421 4290 1581 4353 postp
1604 4282 1724 4337 usita
1747 4281 2099 4338 excusatione

511 4365 756 4438 festines,
802 4381 1093 4443 quatenus,
1123 4383 1339 4430 servata
1380 4374 1615 4445 justitia,
1640 4374 1756 4430 haec
1785 4374 1873 4448 (de
1897 4374 2105 4445 quibus,

2184 495 2421 566 discidit,
2443 496 2571 567 quia
2602 496 2768 563 hunc,
2792 493 3037 567 inquam,
3070 495 3176 550 nisi
3202 496 3469 551 canonice
3493 507 3767 565 vocatum,

2185 588 2291 643 nisi
2322 589 2646 661 regulariter
2678 597 3075 660 exspectatum,
3103 589 3366 645 damnare
3395 589 3601 645 noluit.
3627 589 3770 648 Unde

2184 688 2240 735 et
2273 680 2390 753 ipse
2449 682 2517 736 ad
2563 680 2893 737 Martianum
2949 681 3066 752 (lib.
3106 697 3165 748 ιι,
3200 682 3356 752 epist.
3380 681 3478 753 2'1)
3505 701 3520 737 :
3548 680 3771 739 «Nullas

2185 772 2305 829 sine
2326 774 2636 846 cognitione
2656 774 3001 830 damnandus
3024 783 3128 830 est.
3153 794 3172 827 ι
3344 796 3347 801 ⁴
3460 794 3463 799 λ

2257 867 2408 923 Alter
2442 867 2718 939 judiciarii
2764 867 2974 924 ordinis
3024 867 3221 923 modus
3268 876 3374 933 est,
3418 883 3592 938 quem
3637 877 3691 923 et
3719 877 3771 923 tu

2185 959 2424 1026 dixeras,
2450 974 2576 1014 cum
2606 958 2813 1014 crimen
2849 974 2960 1013 non
2996 966 3254 1029 negatur,
3308 974 3437 1013 cum
3461 958 3581 1027 jam
3622 959 3773 1028 quasi

2186 1058 2341 1105 extra
2387 1056 2598 1119 portam
2644 1047 2903 1114 civitatis,
2945 1048 3243 1103 sceleribus
3266 1045 3597 1120 [scelerum]
3625 1064 3775 1103 exse-

2187 1126 2333 1215 quiis
2359 1159 2487 1198 reus
2512 1140 2755 1196 effertur.
2788 1139 2946 1196 Ilune
2973 1141 3219 1209 modum,
3268 1139 3377 1195 nisi
3407 1148 3505 1194 tua
3539 1139 3631 1195 vel
3656 1156 3776 1211 pro-

2186 1236 2427 1291 videntia
2459 1235 2616 1291 aliter
2659 1233 3006 1304 judicaverit,
3052 1234 3108 1289 in
3159 1235 3299 1290 duos
3354 1232 3542 1289 adhuc
3589 1235 3777 1288 modos

2185 1330 2609 1395 subdividimus,
2624 1337 2677 1383 et
2690 1326 2915 1383 modum
2928 1328 3287 1398 utrumquein
3306 1326 3584 1399 synodum
3598 1326 3775 1398 (l037)

2186 1423 2374 1478 vocari
2387 1430 2441 1478 et
2460 1438 2527 1478 ex
2548 1422 2756 1492 judicio
2778 1421 3131 1477 determinari
3146 1421 3422 1476 volumus.
3444 1417 3569 1475 Una
3579 1420 3780 1475 scilicet

2189 1516 2464 1572 manifesti
2485 1513 2762 1586 judiciarii
2785 1515 2996 1571 ordinis
3017 1515 3228 1586 species
3249 1522 3352 1580 est,
3376 1529 3507 1568 cum
3528 1530 3660 1569 reus
3686 1528 3780 1568 nec

2188 1624 2268 1676 se,
2294 1625 2393 1664 nec
2433 1608 2758 1675 admissum,
2783 1608 2930 1679 quod
2960 1607 3239 1678 objicitur,
3271 1605 3542 1673 defendit,
3597 1605 3653 1661 id
3680 1615 3776 1670 est,

2189 1716 2313 1757 cum
2346 1701 2546 1757 fatetur
2566 1710 2619 1755 et
2639 1716 2698 1756 se
2720 1699 2914 1756 fecisse
2933 1708 2988 1755 et
3010 1698 3261 1754 faciendo
3285 1713 3573 1769 peccasse.
3602 1695 3661 1751 ln
3685 1697 3783 1751 hac

2122 1771 2164 1825 Β
2190 1808 2378 1859 causa,
2406 1791 2819 1848 accusatoribus
2842 1790 2918 1845 nil
2944 1789 3290 1856 facientibus,
3321 1803 3456 1843 reus
3472 1795 3692 1841 tantum
3721 1786 3780 1841 ad

2186 1883 2454 1954 judicium
2474 1892 2703 1938 vocatur
2720 1924 2735 1949 ,
2768 1897 3035 1952 passurus
3056 1881 3203 1952 quod
3232 1876 3495 1935 confesso
3546 1876 3635 1932 vel
3654 1891 3772 1932 eon-

2189 1970 2337 2032 viCto
2388 1974 2784 2031 medicinaliter
2824 1972 3190 2044 praescribunt
3231 1987 3369 2043 pene
3405 1968 3782 2047 singulavfolia

2189 2063 2486 2124 canonum.
2506 2066 2818 2123 Secundum
2843 2066 2992 2120 hunc
3010 2066 3233 2121 modum
3255 2065 3479 2120 videtur
3495 2063 3783 2135 Apostolus

2189 2160 2396 2216 dixisse
2419 2158 2841 2215 adCoriuthios:
2863 2177 2882 2209 ι
2906 2155 3019 2228 Ego
3046 2156 3267 2228 quidem
3295 2155 3507 2211 absens
3537 2169 3779 2225 corpore,

2190 2270 2433 2325 praesens
2454 2261 2636 2308 autem
2673 2252 2890 2322 spiritu,
2934 2251 3049 2322 jam
3097 2250 3363 2329 judicavi,
3414 2257 3479 2304 ut
3524 2263 3780 2320 praesens,

2190 2361 2315 2402 eum
2372 2345 2467 2416 qui
2494 2344 2574 2401 sic
2600 2351 2857 2415 operatus
2880 2354 2984 2410 est,
3014 2341 3070 2396 in
3097 2342 3320 2396 nomine
3358 2339 3591 2395 Domini
3619 2338 3783 2394 nostri

2190 2438 2320 2494 Jesu
2348 2437 2574 2504 Christi,
2604 2435 2947 2507 congregatis
2971 2434 3147 2501 vobis,
3171 2442 3223 2488 et
3252 2448 3376 2487 meo
3408 2433 3638 2502 spiritu,
3666 2445 3781 2486 cum

2191 2529 2391 2584 virtute
2413 2528 2629 2584 Domini
2661 2527 2833 2582 nostri
2845 2524 2976 2582 Jesu
2988 2524 3195 2580 Christi
3227 2524 3447 2579 tradere
3472 2521 3780 2594 hujusmodi

2196 2622 2413 2677 Satana:
2440 2621 2494 2675 in
2519 2619 2801 2675 interitum
2828 2617 3013 2673 carnis
3046 2615 3101 2690 (Ι
3126 2615 3250 2672 Cor.
3281 2616 3395 2687 v).r

2263 2711 2423 2780 Nota,
2458 2713 2606 2782 quod
2635 2710 2770 2767 dixit
2799 2729 2812 2765 :
2849 2708 3246 2781 «Congregatis
3282 2706 3445 2762 vobis
3476 2706 3537 2761 in
3569 2705 3782 2760 nomine

2192 2804 2345 2871 Jesu,
2366 2825 2384 2856 ι
2417 2804 2575 2875 quasi
2600 2804 2803 2859 diceret
2830 2822 2842 2858 :
2867 2801 3112 2858 Collecto
3134 2816 3165 2855 a
3186 2798 3341 2854 vobis
3363 2797 3631 2863 concilio,
3654 2794 3784 2850 facto

2194 2914 2226 2952 a
2262 2897 2420 2953 vobis
2446 2903 2717 2952 conventu
2766 2895 2823 2949 in
2852 2895 3074 2949 nomine
3107 2891 3348 2959 Domini,
3394 2891 3451 2946 id
3490 2900 3584 2946 est
3623 2906 3779 2945 eano-

2196 2989 2341 3056 nico,
2387 2988 2461 3044 ibi
2502 3003 2588 3043 me
2636 2986 2990 3058 spiritualitcr
3026 2984 3309 3039 vobiscum
3343 2990 3642 3052 praesente,
3668 2995 3784 3034 rens

2191 3083 2488 3153 judieetur,
2515 3080 2588 3136 ibi
2614 3097 2645 3135 a
2668 3079 2949 3136 consortio
2993 3076 3249 3133 Ecclesiae
3283 3074 3636 3139 eliminetur;
3669 3081 3783 3127 tunc

2200 3173 2487 3230 manifeste
2524 3173 2575 3228 ei
2601 3180 2939 3227 monstretur
2963 3170 3091 3242 quia
3113 3169 3393 3240 peccando
3420 3168 3549 3239 ejus
3580 3183 3641 3223 se
3663 3168 3784 3237 jugo

2199 3265 2529 3338 subjugavit,
2559 3264 2679 3334 ejus
2709 3264 2853 3329 dico,
2882 3263 2973 3334 qui
3002 3262 3195 3332 jugum
3222 3259 3443 3313 Domini
3477 3259 3698 3329 abjeeit.
3728 3257 3785 3312 Et

2197 3361 2303 3416 hoc
2317 3375 2424 3414 non
2441 3357 2666 3429 privatae
2689 3364 2939 3426 respectu
2967 3353 3200 3424 injuriae,
3223 3368 3330 3408 non
3360 3351 3473 3407 alia
3497 3351 3785 3407 intentione

2199 3453 2305 3508 nisi
2330 3452 2469 3506 utin
2492 3466 2558 3506 eo
2589 3449 2823 3504 intereat
2850 3448 2904 3502 in
2939 3453 3170 3501 mortem
3199 3460 3433 3515 vergens
3463 3443 3781 3509 carnalitas;

2198 3545 2486 3616 resipiscat
2507 3551 2711 3600 aeterna
2736 3556 2990 3613 quan-ens
3014 3537 3375 3609 spiritualitas
3397 3556 3412 3604 ;
3437 3552 3614 3621 carne
3650 3534 3783 3591 scili-

2198 3647 2286 3695 cet
2326 3638 2579 3703 intereat,
2616 3643 2680 3690 ut
2718 3634 2914 3705 spiritu
2951 3631 3209 3687 salvetur.
3247 3627 3381 3684 item
3430 3628 3604 3700 paulo
3630 3641 3782 3698 sape.

2196 3731 2320 3787 rius
2346 3748 2359 3784 :
2392 3736 2491 3784 «ut
2533 3728 2757 3783 tollatur
2790 3725 2858 3781 de
2887 3724 3067 3779 medio
3094 3729 3359 3789 vestrum,
3392 3721 3492 3791 qui
3521 3721 3629 3774 hoc
3657 3732 3783 3788 opus

2198 3822 2327 3879 fecit
2341 3819 2555 3893 (Ibid.).
2570 3839 2588 3871 ›
2607 3817 2764 3886 Quod
2784 3831 3064 3887 exponens
3075 3812 3400 3868 Ambrosius
3425 3812 3506 3877 (in
3524 3809 3553 3864 I
3571 3810 3689 3866 Cor.
3711 3810 3781 3879 v),

2197 3896 2331 3972 dicit
2355 3933 2368 3969 :
2404 3932 2422 3965 ι
2440 3911 2674 3984 Cognito
2698 3924 2861 3981 opere
2883 3908 3009 3973 isto,
3030 3906 3337 3977 pellendum
3362 3904 3523 3958 illum
3543 3904 3783 3974 (peccan-

2199 4009 2329 4077 tem)
2360 4005 2530 4061 fuisse
2553 4004 2621 4060 de
2649 4011 2795 4059 coetu
2831 3998 3211 4055 fraternitatis.
3263 3995 3475 4052 Omnes
3510 3998 3656 4051 enim
3682 3993 3784 4050 cri-

2198 4114 2325 4154 men
2354 4096 2475 4166 ejus
2506 4094 2772 4160 sciebant,
2805 4100 2991 4146 etnon
3026 4086 3347 4160 arguebant.
3390 4084 3623 4140 Publice
3646 4083 3783 4139 enim

2197 4203 2490 4246 novercam
2523 4201 2681 4242 suam
2711 4185 2832 4239 loco
2860 4180 3048 4237 uxoris
3082 4179 3332 4234 habebat.
3356 4175 3420 4231 in
3456 4193 3570 4248 qua
3592 4192 3668 4239 re,
3691 4190 3783 4228 ne—

2198 4294 2304 4351 que
2326 4277 2559 4333 testibus
2594 4291 2734 4346 opus
2758 4281 2898 4341 erat,
2928 4287 3106 4342 neque
3135 4269 3588 4341 tergiversatione
3611 4267 3784 4337 aliqua

2196 4378 2410 4443 poterat
2437 4368 2543 4440 tegi
2567 4366 2796 4424 crimen.
2835 4384 2854 4417 ι

510 4465 812 4537 accusaris)
840 4475 895 4522 et
922 4482 1253 4539 cognoscere
1294 4477 1350 4523 et
1378 4468 1557 4535 linire,
1604 4469 1905 4525 secundum
1937 4484 2097 4524 cano-
2128 4490 2172 4545 ι)
2266 4482 2452 4539 Altera
2503 4477 2783 4536 manifesti
2823 4475 3101 4548 judiciarii
3150 4473 3361 4529 ordinis
3424 4473 3639 4544 species
3684 4479 3782 4538 est,

512 4555 635 4613 nica
661 4557 932 4626 instituta,
962 4559 1184 4617 Christo
1229 4562 1522 4629 revelante,
1552 4563 1850 4632 possimus.
1880 4560 1957 4616 Ita
1993 4578 2095 4617 au-

512 4656 622 4705 tem
658 4650 745 4707 fac
775 4661 836 4707 ut
888 4654 955 4708 ad
996 4654 1325 4710 veniendum
1368 4656 1604 4726 amplius
1627 4656 1743 4726 jam
1774 4671 1959 4711 moras
1985 4669 2094 4709 non

513 4758 751 4815 ingeras,
766 4761 834 4801 ne
859 4747 975 4818 ipsa
1008 4757 1059 4804 te
1080 4748 1254 4820 magis
1274 4749 1520 4804 absentia
1548 4748 1842 4805 obnoxium
1866 4748 1953 4804 his
1975 4764 2098 4819 quae

514 4836 771 4892 dicuntur
801 4840 1074 4912 assignet;
1118 4850 1171 4896 et
1192 4856 1296 4897 nos
1326 4824 1382 4896 in
1412 4850 1463 4897 te
1485 4842 1601 4898 haec
1641 4858 1750 4909 res,
1780 4858 1888 4897 non
1917 4843 2094 4898 solum

2197 4593 2324 4633 eum
2358 4572 2673 4647 purgatorie
2702 4571 2911 4627 crimen
2956 4568 3297 4633 conceditur,
3344 4567 3442 4621 sed
3494 4566 3655 4636 culpa
3698 4580 3782 4621 ree

2198 4676 2481 4735 movetur;
2509 4666 2566 4720 id
2592 4672 2700 4731 est,
2722 4678 2847 4719 cum
2869 4659 3041 4734 [quis]
3068 4659 3264 4715 fatetur
3290 4658 3517 4728 sequod
3541 4656 3785 4727 objicitur

2199 4760 2392 4816 fecisse
2411 4801 2426 4826 ,
2458 4757 2691 4812 allirmat
2712 4762 2893 4810 autem
2920 4768 2978 4809 se
3003 4749 3239 4825 [contra]
3259 4748 3437 4821 legem
3461 4745 3785 4804 ecclesiasti-

2198 4867 2320 4908 cam
2350 4850 2578 4905 minime
2600 4848 2655 4902 in
2678 4848 2785 4902 hoc
2812 4844 2959 4900 facto
2981 4842 3340 4899 exorbitasse.
3370 4838 3514 4895 Huic
3537 4847 3785 4895 accusata
