  <div class='ocr_page' id='page_1' title='image "/cluster/home/n/w/nwhite01/storage/ocr_20150623/148/hvd.32044015471840/572.png"; bbox 0 0 3986 5312; ppageno 0'>
   <div class='ocr_carea' id='block_1_1' title="bbox 95 400 3404 466">
    <p class='ocr_par' dir='ltr' id='par_1_1' title="bbox 95 400 3404 466">
     <span class='ocr_line' id='line_1_1' title="bbox 95 400 3404 466; baseline -0 -3"><span class='ocrx_word' id='word_1_1' title='bbox 95 407 262 466; x_wconf 65' lang='grc' dir='ltr'><strong>σιω</strong></span> <span class='ocrx_word' id='word_1_2' title='bbox 1037 405 1326 464; x_wconf 75' lang='lat' dir='ltr'><strong>APPEND.</strong></span> <span class='ocrx_word' id='word_1_3' title='bbox 1371 403 1458 463; x_wconf 83' lang='lat' dir='ltr'><strong>Ill.-</strong></span> <span class='ocrx_word' id='word_1_4' title='bbox 1499 433 1568 446; x_wconf 91' lang='lat'><strong>-</strong></span> <span class='ocrx_word' id='word_1_5' title='bbox 1605 400 2036 463; x_wconf 72' lang='lat' dir='ltr'><strong>MONUMENTA</strong></span> <span class='ocrx_word' id='word_1_6' title='bbox 2077 402 2542 462; x_wconf 73' lang='lat' dir='ltr'><strong>GREGORIANA.</strong></span> <span class='ocrx_word' id='word_1_7' title='bbox 3270 406 3404 462; x_wconf 78' lang='lat'><strong>“50</strong></span> 
     </span>
    </p>
   </div>
   <div class='ocr_carea' id='block_1_2' title="bbox 95 518 3402 594">
    <p class='ocr_par' dir='ltr' id='par_1_2' title="bbox 95 518 3402 594">
     <span class='ocr_line' id='line_1_2' title="bbox 95 518 3402 594; baseline -0.002 -14"><span class='ocrx_word' id='word_1_8' title='bbox 95 523 495 594; x_wconf 52' lang='lat' dir='ltr'><strong>palatorum</strong></span> <span class='ocrx_word' id='word_1_9' title='bbox 519 518 1051 592; x_wconf 68' lang='lat' dir='ltr'><strong>experti.0nibusin</strong></span> <span class='ocrx_word' id='word_1_10' title='bbox 1073 531 1342 577; x_wconf 88' lang='lat' dir='ltr'><strong>conventu</strong></span> <span class='ocrx_word' id='word_1_11' title='bbox 1366 521 1590 588; x_wconf 75' lang='lat' dir='ltr'><strong>auditis,</strong></span> <span class='ocrx_word' id='word_1_12' title='bbox 1619 534 1722 592; x_wconf 65' lang='lat' dir='ltr'><strong>ips:</strong></span> <span class='ocrx_word' id='word_1_13' title='bbox 1754 525 1798 581; x_wconf 78' lang='grc' dir='ltr'>Α</span> <span class='ocrx_word' id='word_1_14' title='bbox 1824 523 1915 576; x_wconf 90' lang='lat' dir='ltr'><strong>bet</strong></span> <span class='ocrx_word' id='word_1_15' title='bbox 1946 518 2208 576; x_wconf 82' lang='lat' dir='ltr'><strong>canonice</strong></span> <span class='ocrx_word' id='word_1_16' title='bbox 2266 531 2494 576; x_wconf 87' lang='lat' dir='ltr'><strong>vocatus</strong></span> <span class='ocrx_word' id='word_1_17' title='bbox 2536 519 2721 575; x_wconf 82' lang='lat' dir='ltr'><strong>venire</strong></span> <span class='ocrx_word' id='word_1_18' title='bbox 2757 521 3171 590; x_wconf 75' lang='lat' dir='ltr'><strong>contempserit;</strong></span> <span class='ocrx_word' id='word_1_19' title='bbox 3205 536 3402 576; x_wconf 78' lang='lat' dir='ltr'><strong>secun-</strong></span> 
     </span>
    </p>
   </div>
   <div class='ocr_carea' id='block_1_3' title="bbox 97 612 3402 686">
    <p class='ocr_par' dir='ltr' id='par_1_3' title="bbox 97 612 3402 686">
     <span class='ocr_line' id='line_1_3' title="bbox 97 612 3402 686; baseline -0.001 -16"><span class='ocrx_word' id='word_1_20' title='bbox 97 630 388 686; x_wconf 62' lang='lat' dir='ltr'><strong>persaepe</strong></span> <span class='ocrx_word' id='word_1_21' title='bbox 408 615 602 685; x_wconf 84' lang='lat' dir='ltr'><strong>objecti</strong></span> <span class='ocrx_word' id='word_1_22' title='bbox 625 615 966 669; x_wconf 80' lang='lat' dir='ltr'><strong>honestatem</strong></span> <span class='ocrx_word' id='word_1_23' title='bbox 1002 615 1284 670; x_wconf 80' lang='lat' dir='ltr'><strong>suadendo</strong></span> <span class='ocrx_word' id='word_1_24' title='bbox 1309 615 1446 669; x_wconf 65' lang='lat' dir='ltr'><strong>&quot;sunt</strong></span> <span class='ocrx_word' id='word_1_25' title='bbox 1467 613 1724 680; x_wconf 81' lang='lat' dir='ltr'><strong>absoluti,</strong></span> <span class='ocrx_word' id='word_1_26' title='bbox 1826 615 1956 668; x_wconf 92' lang='lat' dir='ltr'><strong>dum</strong></span> <span class='ocrx_word' id='word_1_27' title='bbox 1982 655 1997 678; x_wconf 94' lang='lat'><strong>,</strong></span> <span class='ocrx_word' id='word_1_28' title='bbox 2030 613 2075 667; x_wconf 88' lang='lat' dir='ltr'><strong>si</strong></span> <span class='ocrx_word' id='word_1_29' title='bbox 2108 621 2470 683; x_wconf 68' lang='lat' dir='ltr'><strong>prcesentatus</strong></span> <span class='ocrx_word' id='word_1_30' title='bbox 2516 612 2800 682; x_wconf 68' lang='lat' dir='ltr'><strong>prmeeptis</strong></span> <span class='ocrx_word' id='word_1_31' title='bbox 2835 613 3260 668; x_wconf 90' lang='lat' dir='ltr'><strong>sacerdotalibus</strong></span> <span class='ocrx_word' id='word_1_32' title='bbox 3294 625 3402 667; x_wconf 90' lang='lat' dir='ltr'><strong>non</strong></span> 
     </span>
    </p>
   </div>
   <div class='ocr_carea' id='block_1_4' title="bbox 99 702 3403 776">
    <p class='ocr_par' dir='ltr' id='par_1_4' title="bbox 99 702 3403 776">
     <span class='ocr_line' id='line_1_4' title="bbox 99 702 3403 776; baseline -0.002 -15"><span class='ocrx_word' id='word_1_33' title='bbox 99 721 552 776; x_wconf 80' lang='lat' dir='ltr'><strong>compressores</strong></span> <span class='ocrx_word' id='word_1_34' title='bbox 571 707 978 772; x_wconf 83' lang='lat' dir='ltr'><strong>eorum,relato</strong></span> <span class='ocrx_word' id='word_1_35' title='bbox 1005 707 1058 760; x_wconf 91' lang='lat' dir='ltr'><strong>in</strong></span> <span class='ocrx_word' id='word_1_36' title='bbox 1089 721 1149 761; x_wconf 87' lang='lat' dir='ltr'><strong>se</strong></span> <span class='ocrx_word' id='word_1_37' title='bbox 1171 707 1424 772; x_wconf 80' lang='lat' dir='ltr'><strong>crimine,</strong></span> <span class='ocrx_word' id='word_1_38' title='bbox 1457 706 1720 761; x_wconf 75' lang='lat' dir='ltr'><strong>damnati.</strong></span> <span class='ocrx_word' id='word_1_39' title='bbox 1823 704 2108 765; x_wconf 85' lang='lat' dir='ltr'><strong>obedierit;</strong></span> <span class='ocrx_word' id='word_1_40' title='bbox 2147 704 2390 769; x_wconf 89' lang='lat' dir='ltr'><strong>tertium,</strong></span> <span class='ocrx_word' id='word_1_41' title='bbox 2432 703 2477 757; x_wconf 87' lang='lat' dir='ltr'><strong>si</strong></span> <span class='ocrx_word' id='word_1_42' title='bbox 2514 711 2638 757; x_wconf 85' lang='lat' dir='ltr'><strong>ante</strong></span> <span class='ocrx_word' id='word_1_43' title='bbox 2673 702 2879 756; x_wconf 87' lang='lat' dir='ltr'><strong>ﬁnitam</strong></span> <span class='ocrx_word' id='word_1_44' title='bbox 2917 718 3096 758; x_wconf 69' lang='lat' dir='ltr'><strong>causae</strong></span> <span class='ocrx_word' id='word_1_45' title='bbox 3131 718 3244 758; x_wconf 67' lang='lat' dir='ltr'><strong>suae</strong></span> <span class='ocrx_word' id='word_1_46' title='bbox 3275 718 3403 757; x_wconf 88' lang='lat' dir='ltr'><strong>exa-</strong></span> 
     </span>
    </p>
   </div>
   <div class='ocr_carea' id='block_1_5' title="bbox 101 794 3404 868">
    <p class='ocr_par' dir='ltr' id='par_1_5' title="bbox 101 794 3404 868">
     <span class='ocr_line' id='line_1_5' title="bbox 101 794 3404 868; baseline -0.001 -17"><span class='ocrx_word' id='word_1_47' title='bbox 101 795 200 851; x_wconf 87' lang='lat' dir='ltr'><strong>Sic</strong></span> <span class='ocrx_word' id='word_1_48' title='bbox 223 796 574 852; x_wconf 85' lang='lat' dir='ltr'><strong>Constantia</strong></span> <span class='ocrx_word' id='word_1_49' title='bbox 605 798 920 868; x_wconf 90' lang='lat' dir='ltr'><strong>episcopum</strong></span> <span class='ocrx_word' id='word_1_50' title='bbox 955 796 1607 868; x_wconf 86' lang='lat' dir='ltr'><strong>Carlomannum(l007),</strong></span> <span class='ocrx_word' id='word_1_51' title='bbox 1629 798 1723 867; x_wconf 90' lang='lat' dir='ltr'><strong>qui</strong></span> <span class='ocrx_word' id='word_1_52' title='bbox 1825 797 2181 851; x_wconf 84' lang='lat' dir='ltr'><strong>minationem</strong></span> <span class='ocrx_word' id='word_1_53' title='bbox 2229 812 2260 850; x_wconf 87' lang='lat' dir='ltr'><strong>a</strong></span> <span class='ocrx_word' id='word_1_54' title='bbox 2321 797 2531 868; x_wconf 85' lang='lat' dir='ltr'><strong>synodo</strong></span> <span class='ocrx_word' id='word_1_55' title='bbox 2599 794 2865 867; x_wconf 81' lang='lat' dir='ltr'><strong>profugus</strong></span> <span class='ocrx_word' id='word_1_56' title='bbox 2925 794 3082 851; x_wconf 81' lang='lat' dir='ltr'><strong>abire</strong></span> <span class='ocrx_word' id='word_1_57' title='bbox 3137 811 3404 865; x_wconf 66' lang='lat' dir='ltr'><strong>presum-</strong></span> 
     </span>
    </p>
   </div>
   <div class='ocr_carea' id='block_1_6' title="bbox 98 885 3402 961">
    <p class='ocr_par' dir='ltr' id='par_1_6' title="bbox 98 885 3402 961">
     <span class='ocr_line' id='line_1_6' title="bbox 98 885 3402 961; baseline 0 -19"><span class='ocrx_word' id='word_1_58' title='bbox 98 903 233 942; x_wconf 84' lang='lat' dir='ltr'><strong>eam</strong></span> <span class='ocrx_word' id='word_1_59' title='bbox 278 902 360 941; x_wconf 80' lang='lat' dir='ltr'><strong>ex</strong></span> <span class='ocrx_word' id='word_1_60' title='bbox 394 887 752 942; x_wconf 89' lang='lat' dir='ltr'><strong>inobedientia</strong></span> <span class='ocrx_word' id='word_1_61' title='bbox 777 889 1074 953; x_wconf 84' lang='lat' dir='ltr'><strong>accusavit,</strong></span> <span class='ocrx_word' id='word_1_62' title='bbox 1113 897 1365 958; x_wconf 90' lang='lat' dir='ltr'><strong>perorata</strong></span> <span class='ocrx_word' id='word_1_63' title='bbox 1409 888 1725 942; x_wconf 87' lang='lat' dir='ltr'><strong>inobedien-</strong></span> <span class='ocrx_word' id='word_1_64' title='bbox 1825 890 2013 961; x_wconf 86' lang='lat' dir='ltr'><strong>pscrit.</strong></span> <span class='ocrx_word' id='word_1_65' title='bbox 2051 909 2070 941; x_wconf 82' lang='grc'><strong>›</strong></span> <span class='ocrx_word' id='word_1_66' title='bbox 2109 885 2187 944; x_wconf 75' lang='lat' dir='ltr'><strong>Ne</strong></span> <span class='ocrx_word' id='word_1_67' title='bbox 2218 905 2348 943; x_wconf 89' lang='lat' dir='ltr'><strong>vero</strong></span> <span class='ocrx_word' id='word_1_68' title='bbox 2375 890 2490 942; x_wconf 64' lang='lat' dir='ltr'><strong>haec</strong></span> <span class='ocrx_word' id='word_1_69' title='bbox 2515 889 2839 960; x_wconf 74' lang='lat' dir='ltr'><strong>synodusex</strong></span> <span class='ocrx_word' id='word_1_70' title='bbox 2861 887 2966 941; x_wconf 85' lang='lat' dir='ltr'><strong>loci</strong></span> <span class='ocrx_word' id='word_1_71' title='bbox 2981 888 3285 943; x_wconf 85' lang='lat' dir='ltr'><strong>humilitate</strong></span> <span class='ocrx_word' id='word_1_72' title='bbox 3310 889 3402 942; x_wconf 89' lang='lat' dir='ltr'><strong>do-</strong></span> 
     </span>
    </p>
   </div>
   <div class='ocr_carea' id='block_1_7' title="bbox 99 975 3398 1049">
    <p class='ocr_par' dir='ltr' id='par_1_7' title="bbox 99 975 3398 1049">
     <span class='ocr_line' id='line_1_7' title="bbox 99 975 3398 1049; baseline 0 -18"><span class='ocrx_word' id='word_1_73' title='bbox 99 975 197 1032; x_wconf 64' lang='grc' dir='ltr'><strong>πίω</strong></span> <span class='ocrx_word' id='word_1_74' title='bbox 234 978 547 1049; x_wconf 82' lang='lat' dir='ltr'><strong>dignitate,</strong></span> <span class='ocrx_word' id='word_1_75' title='bbox 583 980 742 1048; x_wconf 88' lang='lat' dir='ltr'><strong>quasi</strong></span> <span class='ocrx_word' id='word_1_76' title='bbox 787 977 1106 1034; x_wconf 87' lang='lat' dir='ltr'><strong>infernalem</strong></span> <span class='ocrx_word' id='word_1_77' title='bbox 1139 978 1339 1033; x_wconf 89' lang='lat' dir='ltr'><strong>furiam</strong></span> <span class='ocrx_word' id='word_1_78' title='bbox 1392 979 1718 1033; x_wconf 80' lang='lat' dir='ltr'><strong>exsulllavit.</strong></span> <span class='ocrx_word' id='word_1_79' title='bbox 1825 989 2099 1036; x_wconf 89' lang='lat' dir='ltr'><strong>mercatur</strong></span> <span class='ocrx_word' id='word_1_80' title='bbox 2135 982 2535 1044; x_wconf 88' lang='lat' dir='ltr'><strong>auctoritatem,</strong></span> <span class='ocrx_word' id='word_1_81' title='bbox 2569 979 2822 1034; x_wconf 85' lang='lat' dir='ltr'><strong>audiatur</strong></span> <span class='ocrx_word' id='word_1_82' title='bbox 2850 979 3099 1034; x_wconf 81' lang='lat' dir='ltr'><strong>Gclasius</strong></span> <span class='ocrx_word' id='word_1_83' title='bbox 3145 979 3198 1032; x_wconf 89' lang='lat' dir='ltr'><strong>in</strong></span> <span class='ocrx_word' id='word_1_84' title='bbox 3240 979 3398 1048; x_wconf 88' lang='lat' dir='ltr'><strong>epist.</strong></span> 
     </span>
    </p>
   </div>
   <div class='ocr_carea' id='block_1_8' title="bbox 179 1068 3402 1142">
    <p class='ocr_par' dir='ltr' id='par_1_8' title="bbox 179 1068 3402 1142">
     <span class='ocr_line' id='line_1_8' title="bbox 179 1068 3402 1142; baseline 0 -20"><span class='ocrx_word' id='word_1_85' title='bbox 179 1068 385 1138; x_wconf 77' lang='lat' dir='ltr'><strong>Hujus</strong></span> <span class='ocrx_word' id='word_1_86' title='bbox 424 1080 603 1124; x_wconf 89' lang='lat' dir='ltr'><strong>autem</strong></span> <span class='ocrx_word' id='word_1_87' title='bbox 633 1071 875 1142; x_wconf 79' lang='lat' dir='ltr'><strong>regulam</strong></span> <span class='ocrx_word' id='word_1_88' title='bbox 912 1080 966 1125; x_wconf 91' lang='lat' dir='ltr'><strong>et</strong></span> <span class='ocrx_word' id='word_1_89' title='bbox 1013 1071 1284 1126; x_wconf 91' lang='lat' dir='ltr'><strong>actionem</strong></span> <span class='ocrx_word' id='word_1_90' title='bbox 1339 1071 1725 1126; x_wconf 66' lang='lat' dir='ltr'><strong>controversiae</strong></span> <span class='ocrx_word' id='word_1_91' title='bbox 1824 1071 1891 1125; x_wconf 91' lang='lat' dir='ltr'><strong>ad</strong></span> <span class='ocrx_word' id='word_1_92' title='bbox 1917 1071 2201 1140; x_wconf 84' lang='lat' dir='ltr'><strong>episcopos</strong></span> <span class='ocrx_word' id='word_1_93' title='bbox 2244 1085 2339 1140; x_wconf 90' lang='lat' dir='ltr'><strong>per</strong></span> <span class='ocrx_word' id='word_1_94' title='bbox 2378 1069 2702 1123; x_wconf 85' lang='lat' dir='ltr'><strong>Dardaniam</strong></span> <span class='ocrx_word' id='word_1_95' title='bbox 2749 1070 3072 1124; x_wconf 88' lang='lat' dir='ltr'><strong>constitutos</strong></span> <span class='ocrx_word' id='word_1_96' title='bbox 3106 1086 3118 1123; x_wconf 89' lang='lat'><strong>:</strong></span> <span class='ocrx_word' id='word_1_97' title='bbox 3167 1088 3185 1119; x_wconf 73' lang='grc' dir='ltr'>ι</span> <span class='ocrx_word' id='word_1_98' title='bbox 3219 1068 3402 1122; x_wconf 89' lang='lat' dir='ltr'><strong>Conli-</strong></span> 
     </span>
    </p>
   </div>
   <div class='ocr_carea' id='block_1_9' title="bbox 103 1161 1722 1233">
    <p class='ocr_par' dir='ltr' id='par_1_9' title="bbox 103 1161 1722 1233">
     <span class='ocr_line' id='line_1_9' title="bbox 103 1161 1722 1233; baseline 0.001 -17"><span class='ocrx_word' id='word_1_99' title='bbox 103 1161 448 1232; x_wconf 62' lang='lat' dir='ltr'><strong>praascrilut</strong></span> <span class='ocrx_word' id='word_1_100' title='bbox 501 1163 793 1218; x_wconf 89' lang='lat' dir='ltr'><strong>concilium</strong></span> <span class='ocrx_word' id='word_1_101' title='bbox 863 1161 1233 1218; x_wconf 87' lang='lat' dir='ltr'><strong>Sardicense:</strong></span> <span class='ocrx_word' id='word_1_102' title='bbox 1280 1161 1377 1217; x_wconf 72' lang='lat' dir='ltr'><strong>«Si</strong></span> <span class='ocrx_word' id='word_1_103' title='bbox 1435 1164 1722 1233; x_wconf 88' lang='lat' dir='ltr'><strong>episcopus</strong></span> 
     </span>
    </p>
   </div>
   <div class='ocr_carea' id='block_1_10' title="bbox 107 1251 1718 1326">
    <p class='ocr_par' dir='ltr' id='par_1_10' title="bbox 107 1251 1718 1326">
     <span class='ocr_line' id='line_1_10' title="bbox 107 1251 1718 1326; baseline 0.002 -21"><span class='ocrx_word' id='word_1_104' title='bbox 107 1252 240 1322; x_wconf 88' lang='lat' dir='ltr'><strong>quis</strong></span> <span class='ocrx_word' id='word_1_105' title='bbox 264 1251 426 1308; x_wconf 83' lang='lat' dir='ltr'><strong>forte</strong></span> <span class='ocrx_word' id='word_1_106' title='bbox 459 1254 754 1310; x_wconf 90' lang='lat' dir='ltr'><strong>iracundus</strong></span> <span class='ocrx_word' id='word_1_107' title='bbox 807 1255 975 1326; x_wconf 89' lang='lat' dir='ltr'><strong>(quod</strong></span> <span class='ocrx_word' id='word_1_108' title='bbox 1006 1270 1126 1311; x_wconf 83' lang='lat' dir='ltr'><strong>esse</strong></span> <span class='ocrx_word' id='word_1_109' title='bbox 1170 1271 1282 1310; x_wconf 90' lang='lat' dir='ltr'><strong>non</strong></span> <span class='ocrx_word' id='word_1_110' title='bbox 1335 1255 1534 1324; x_wconf 85' lang='lat' dir='ltr'><strong>debet),</strong></span> <span class='ocrx_word' id='word_1_111' title='bbox 1590 1256 1718 1320; x_wconf 91' lang='lat' dir='ltr'><strong>cito,</strong></span> 
     </span>
    </p>
   </div>
   <div class='ocr_carea' id='block_1_11' title="bbox 109 1347 1722 1419">
    <p class='ocr_par' dir='ltr' id='par_1_11' title="bbox 109 1347 1722 1419">
     <span class='ocr_line' id='line_1_11' title="bbox 109 1347 1722 1419; baseline 0.004 -21"><span class='ocrx_word' id='word_1_112' title='bbox 109 1359 342 1414; x_wconf 84' lang='lat' dir='ltr'><strong>aspere.</strong></span> <span class='ocrx_word' id='word_1_113' title='bbox 411 1354 822 1402; x_wconf 81' lang='lat' dir='ltr'><strong>commoveatur</strong></span> <span class='ocrx_word' id='word_1_114' title='bbox 849 1347 1112 1404; x_wconf 90' lang='lat' dir='ltr'><strong>adversus</strong></span> <span class='ocrx_word' id='word_1_115' title='bbox 1159 1347 1560 1419; x_wconf 86' lang='lat' dir='ltr'><strong>presbyterum,</strong></span> <span class='ocrx_word' id='word_1_116' title='bbox 1609 1349 1722 1404; x_wconf 84' lang='lat' dir='ltr'><strong>sive</strong></span> 
     </span>
    </p>
   </div>
   <div class='ocr_carea' id='block_1_12' title="bbox 109 1437 1721 1506">
    <p class='ocr_par' dir='ltr' id='par_1_12' title="bbox 109 1437 1721 1506">
     <span class='ocr_line' id='line_1_12' title="bbox 109 1437 1721 1506; baseline 0.003 -16"><span class='ocrx_word' id='word_1_117' title='bbox 109 1437 432 1490; x_wconf 84' lang='lat' dir='ltr'><strong>diaconum</strong></span> <span class='ocrx_word' id='word_1_118' title='bbox 493 1452 676 1506; x_wconf 88' lang='lat' dir='ltr'><strong>suum,</strong></span> <span class='ocrx_word' id='word_1_119' title='bbox 704 1446 758 1492; x_wconf 88' lang='lat' dir='ltr'><strong>et</strong></span> <span class='ocrx_word' id='word_1_120' title='bbox 796 1440 1161 1494; x_wconf 75' lang='lat' dir='ltr'><strong>exterminare</strong></span> <span class='ocrx_word' id='word_1_121' title='bbox 1195 1455 1322 1494; x_wconf 89' lang='lat' dir='ltr'><strong>eum</strong></span> <span class='ocrx_word' id='word_1_122' title='bbox 1373 1439 1439 1495; x_wconf 90' lang='lat' dir='ltr'><strong>de</strong></span> <span class='ocrx_word' id='word_1_123' title='bbox 1481 1439 1721 1495; x_wconf 85' lang='lat' dir='ltr'><strong>Ecclesia</strong></span> 
     </span>
    </p>
   </div>
   <div class='ocr_carea' id='block_1_13' title="bbox 110 1528 1718 1598">
    <p class='ocr_par' dir='ltr' id='par_1_13' title="bbox 110 1528 1718 1598">
     <span class='ocr_line' id='line_1_13' title="bbox 110 1528 1718 1598; baseline 0.002 -18"><span class='ocrx_word' id='word_1_124' title='bbox 110 1528 388 1592; x_wconf 88' lang='lat' dir='ltr'><strong>voluerit,</strong></span> <span class='ocrx_word' id='word_1_125' title='bbox 435 1529 826 1598; x_wconf 88' lang='lat' dir='ltr'><strong>providendum</strong></span> <span class='ocrx_word' id='word_1_126' title='bbox 876 1538 1048 1586; x_wconf 87' lang='lat' dir='ltr'><strong>estne</strong></span> <span class='ocrx_word' id='word_1_127' title='bbox 1102 1530 1363 1585; x_wconf 87' lang='lat' dir='ltr'><strong>innocens</strong></span> <span class='ocrx_word' id='word_1_128' title='bbox 1409 1531 1718 1596; x_wconf 89' lang='lat' dir='ltr'><strong>damnetur,</strong></span> 
     </span>
    </p>
   </div>
   <div class='ocr_carea' id='block_1_14' title="bbox 111 1619 1722 1691">
    <p class='ocr_par' dir='ltr' id='par_1_14' title="bbox 111 1619 1722 1691">
     <span class='ocr_line' id='line_1_14' title="bbox 111 1619 1722 1691; baseline 0.003 -20"><span class='ocrx_word' id='word_1_129' title='bbox 111 1628 207 1672; x_wconf 91' lang='lat' dir='ltr'><strong>aut</strong></span> <span class='ocrx_word' id='word_1_130' title='bbox 234 1619 447 1688; x_wconf 80' lang='lat' dir='ltr'><strong>perdat</strong></span> <span class='ocrx_word' id='word_1_131' title='bbox 476 1620 939 1676; x_wconf 87' lang='lat' dir='ltr'><strong>communionem.</strong></span> <span class='ocrx_word' id='word_1_132' title='bbox 971 1619 1037 1674; x_wconf 88' lang='lat' dir='ltr'><strong>Et</strong></span> <span class='ocrx_word' id='word_1_133' title='bbox 1073 1620 1214 1686; x_wconf 90' lang='lat' dir='ltr'><strong>ideo,</strong></span> <span class='ocrx_word' id='word_1_134' title='bbox 1263 1620 1461 1676; x_wconf 87' lang='lat' dir='ltr'><strong>habeat</strong></span> <span class='ocrx_word' id='word_1_135' title='bbox 1482 1630 1722 1691; x_wconf 86' lang='lat' dir='ltr'><strong>potesta-</strong></span> 
     </span>
    </p>
   </div>
   <div class='ocr_carea' id='block_1_15' title="bbox 116 1706 1721 1780">
    <p class='ocr_par' dir='ltr' id='par_1_15' title="bbox 116 1706 1721 1780">
     <span class='ocr_line' id='line_1_15' title="bbox 116 1706 1721 1780; baseline 0.003 -20"><span class='ocrx_word' id='word_1_136' title='bbox 116 1717 225 1760; x_wconf 87' lang='lat' dir='ltr'><strong>tem</strong></span> <span class='ocrx_word' id='word_1_137' title='bbox 253 1706 304 1760; x_wconf 89' lang='lat' dir='ltr'><strong>is</strong></span> <span class='ocrx_word' id='word_1_138' title='bbox 335 1707 442 1776; x_wconf 90' lang='lat' dir='ltr'><strong>qui</strong></span> <span class='ocrx_word' id='word_1_139' title='bbox 473 1707 716 1777; x_wconf 90' lang='lat' dir='ltr'><strong>abjectus</strong></span> <span class='ocrx_word' id='word_1_140' title='bbox 763 1716 850 1763; x_wconf 93' lang='lat' dir='ltr'><strong>est</strong></span> <span class='ocrx_word' id='word_1_141' title='bbox 875 1717 935 1762; x_wconf 92' lang='lat' dir='ltr'><strong>ut</strong></span> <span class='ocrx_word' id='word_1_142' title='bbox 956 1709 1242 1780; x_wconf 88' lang='lat' dir='ltr'><strong>episcopos</strong></span> <span class='ocrx_word' id='word_1_143' title='bbox 1267 1709 1526 1766; x_wconf 89' lang='lat' dir='ltr'><strong>ﬁnitimos</strong></span> <span class='ocrx_word' id='word_1_144' title='bbox 1553 1710 1721 1765; x_wconf 89' lang='lat' dir='ltr'><strong>inter-</strong></span> 
     </span>
    </p>
   </div>
   <div class='ocr_carea' id='block_1_16' title="bbox 115 1803 1721 1877">
    <p class='ocr_par' dir='ltr' id='par_1_16' title="bbox 115 1803 1721 1877">
     <span class='ocr_line' id='line_1_16' title="bbox 115 1803 1721 1877; baseline 0.003 -21"><span class='ocrx_word' id='word_1_145' title='bbox 115 1803 302 1872; x_wconf 84' lang='lat' dir='ltr'><strong>pellet,</strong></span> <span class='ocrx_word' id='word_1_146' title='bbox 347 1811 411 1858; x_wconf 84' lang='lat' dir='ltr'><strong>ct</strong></span> <span class='ocrx_word' id='word_1_147' title='bbox 447 1819 615 1859; x_wconf 89' lang='lat' dir='ltr'><strong>causa</strong></span> <span class='ocrx_word' id='word_1_148' title='bbox 658 1805 776 1874; x_wconf 86' lang='lat' dir='ltr'><strong>ejus</strong></span> <span class='ocrx_word' id='word_1_149' title='bbox 805 1804 1062 1860; x_wconf 90' lang='lat' dir='ltr'><strong>audiatur</strong></span> <span class='ocrx_word' id='word_1_150' title='bbox 1096 1821 1160 1860; x_wconf 89' lang='lat' dir='ltr'><strong>ac</strong></span> <span class='ocrx_word' id='word_1_151' title='bbox 1188 1805 1500 1877; x_wconf 85' lang='lat' dir='ltr'><strong>diligentius</strong></span> <span class='ocrx_word' id='word_1_152' title='bbox 1523 1815 1721 1862; x_wconf 88' lang='lat' dir='ltr'><strong>tracte-</strong></span> 
     </span>
    </p>
   </div>
   <div class='ocr_carea' id='block_1_17' title="bbox 1824 1158 3399 1232">
    <p class='ocr_par' dir='ltr' id='par_1_17' title="bbox 1824 1158 3399 1232">
     <span class='ocr_line' id='line_1_17' title="bbox 1824 1158 3399 1232; baseline -0.003 -16"><span class='ocrx_word' id='word_1_153' title='bbox 1824 1162 2037 1225; x_wconf 91' lang='lat' dir='ltr'><strong>dimus,</strong></span> <span class='ocrx_word' id='word_1_154' title='bbox 2076 1158 2329 1232; x_wconf 83' lang='lat' dir='ltr'><strong>inquiens</strong></span> <span class='ocrx_word' id='word_1_155' title='bbox 2351 1203 2363 1226; x_wconf 92' lang='lat'><strong>,</strong></span> <span class='ocrx_word' id='word_1_156' title='bbox 2396 1161 2540 1231; x_wconf 85' lang='lat' dir='ltr'><strong>quod</strong></span> <span class='ocrx_word' id='word_1_157' title='bbox 2582 1160 2764 1214; x_wconf 91' lang='lat' dir='ltr'><strong>nullus</strong></span> <span class='ocrx_word' id='word_1_158' title='bbox 2791 1161 2904 1231; x_wconf 90' lang='lat' dir='ltr'><strong>jam</strong></span> <span class='ocrx_word' id='word_1_159' title='bbox 2933 1160 3200 1216; x_wconf 86' lang='lat' dir='ltr'><strong>veraciter</strong></span> <span class='ocrx_word' id='word_1_160' title='bbox 3239 1158 3399 1213; x_wconf 54' lang='lat' dir='ltr'><strong>Chrla</strong></span> 
     </span>
    </p>
   </div>
   <div class='ocr_carea' id='block_1_18' title="bbox 1824 1252 3396 1324">
    <p class='ocr_par' dir='ltr' id='par_1_18' title="bbox 1824 1252 3396 1324">
     <span class='ocr_line' id='line_1_18' title="bbox 1824 1252 3396 1324; baseline -0.002 -16"><span class='ocrx_word' id='word_1_161' title='bbox 1824 1254 2036 1308; x_wconf 90' lang='lat' dir='ltr'><strong>stianus</strong></span> <span class='ocrx_word' id='word_1_162' title='bbox 2076 1253 2287 1324; x_wconf 78' lang='lat' dir='ltr'><strong>ignoret</strong></span> <span class='ocrx_word' id='word_1_163' title='bbox 2321 1252 2750 1323; x_wconf 84' lang='lat' dir='ltr'><strong>uniuscujusque</strong></span> <span class='ocrx_word' id='word_1_164' title='bbox 2783 1253 2973 1324; x_wconf 83' lang='lat' dir='ltr'><strong>synodi</strong></span> <span class='ocrx_word' id='word_1_165' title='bbox 3000 1253 3353 1308; x_wconf 86' lang='lat' dir='ltr'><strong>constitutum</strong></span> <span class='ocrx_word' id='word_1_166' title='bbox 3381 1293 3396 1317; x_wconf 92' lang='lat'><strong>,</strong></span> 
     </span>
    </p>
   </div>
   <div class='ocr_carea' id='block_1_19' title="bbox 1823 1343 3403 1415">
    <p class='ocr_par' dir='ltr' id='par_1_19' title="bbox 1823 1343 3403 1415">
     <span class='ocr_line' id='line_1_19' title="bbox 1823 1343 3403 1415; baseline 0.002 -18"><span class='ocrx_word' id='word_1_167' title='bbox 1823 1346 1966 1414; x_wconf 86' lang='lat' dir='ltr'><strong>quod</strong></span> <span class='ocrx_word' id='word_1_168' title='bbox 1996 1345 2320 1400; x_wconf 83' lang='lat' dir='ltr'><strong>universalis</strong></span> <span class='ocrx_word' id='word_1_169' title='bbox 2369 1343 2626 1400; x_wconf 68' lang='lat' dir='ltr'><strong>Ecclesia:</strong></span> <span class='ocrx_word' id='word_1_170' title='bbox 2664 1345 2910 1415; x_wconf 83' lang='lat' dir='ltr'><strong>probavit</strong></span> <span class='ocrx_word' id='word_1_171' title='bbox 2943 1360 3202 1401; x_wconf 85' lang='lat' dir='ltr'><strong>assensus</strong></span> <span class='ocrx_word' id='word_1_172' title='bbox 3226 1388 3239 1410; x_wconf 89' lang='lat'><strong>,</strong></span> <span class='ocrx_word' id='word_1_173' title='bbox 3282 1347 3403 1400; x_wconf 88' lang='lat' dir='ltr'><strong>nul-</strong></span> 
     </span>
    </p>
   </div>
   <div class='ocr_carea' id='block_1_20' title="bbox 1823 1435 3401 1509">
    <p class='ocr_par' dir='ltr' id='par_1_20' title="bbox 1823 1435 3401 1509">
     <span class='ocr_line' id='line_1_20' title="bbox 1823 1435 3401 1509; baseline 0.003 -19"><span class='ocrx_word' id='word_1_174' title='bbox 1823 1436 1930 1490; x_wconf 89' lang='lat' dir='ltr'><strong>lam</strong></span> <span class='ocrx_word' id='word_1_175' title='bbox 1963 1436 2097 1508; x_wconf 76' lang='lat' dir='ltr'><strong>[non</strong></span> <span class='ocrx_word' id='word_1_176' title='bbox 2146 1435 2332 1509; x_wconf 88' lang='lat' dir='ltr'><strong>aliam]</strong></span> <span class='ocrx_word' id='word_1_177' title='bbox 2365 1438 2536 1508; x_wconf 82' lang='lat' dir='ltr'><strong>magis</strong></span> <span class='ocrx_word' id='word_1_178' title='bbox 2571 1437 2794 1508; x_wconf 88' lang='lat' dir='ltr'><strong>exsequi</strong></span> <span class='ocrx_word' id='word_1_179' title='bbox 2829 1438 3011 1492; x_wconf 85' lang='lat' dir='ltr'><strong>sedem</strong></span> <span class='ocrx_word' id='word_1_180' title='bbox 3043 1453 3153 1507; x_wconf 73' lang='lat' dir='ltr'><strong>pne</strong></span> <span class='ocrx_word' id='word_1_181' title='bbox 3188 1440 3401 1494; x_wconf 78' lang='lat' dir='ltr'><strong>caeteris</strong></span> 
     </span>
    </p>
   </div>
   <div class='ocr_carea' id='block_1_21' title="bbox 1821 1528 3402 1602">
    <p class='ocr_par' dir='ltr' id='par_1_21' title="bbox 1821 1528 3402 1602">
     <span class='ocr_line' id='line_1_21' title="bbox 1821 1528 3402 1602; baseline 0 -19"><span class='ocrx_word' id='word_1_182' title='bbox 1821 1537 2072 1598; x_wconf 87' lang='lat' dir='ltr'><strong>oportere</strong></span> <span class='ocrx_word' id='word_1_183' title='bbox 2095 1543 2261 1599; x_wconf 91' lang='lat' dir='ltr'><strong>quam</strong></span> <span class='ocrx_word' id='word_1_184' title='bbox 2298 1528 2529 1598; x_wconf 84' lang='lat' dir='ltr'><strong>primam</strong></span> <span class='ocrx_word' id='word_1_185' title='bbox 2557 1547 2568 1582; x_wconf 88' lang='lat'>:</span> <span class='ocrx_word' id='word_1_186' title='bbox 2602 1544 2724 1598; x_wconf 73' lang='lat' dir='ltr'><strong>quae</strong></span> <span class='ocrx_word' id='word_1_187' title='bbox 2753 1537 2806 1583; x_wconf 91' lang='lat' dir='ltr'><strong>et</strong></span> <span class='ocrx_word' id='word_1_188' title='bbox 2837 1540 3279 1599; x_wconf 85' lang='lat' dir='ltr'><strong>unamquamque</strong></span> <span class='ocrx_word' id='word_1_189' title='bbox 3314 1547 3402 1602; x_wconf 78' lang='lat' dir='ltr'><strong>sy-</strong></span> 
     </span>
    </p>
   </div>
   <div class='ocr_carea' id='block_1_22' title="bbox 1821 1619 3375 1685">
    <p class='ocr_par' dir='ltr' id='par_1_22' title="bbox 1821 1619 3375 1685">
     <span class='ocr_line' id='line_1_22' title="bbox 1821 1619 3375 1685; baseline 0.001 -11"><span class='ocrx_word' id='word_1_190' title='bbox 1821 1620 2025 1674; x_wconf 90' lang='lat' dir='ltr'><strong>nodum</strong></span> <span class='ocrx_word' id='word_1_191' title='bbox 2049 1635 2147 1674; x_wconf 90' lang='lat' dir='ltr'><strong>sua</strong></span> <span class='ocrx_word' id='word_1_192' title='bbox 2174 1621 2496 1674; x_wconf 83' lang='lat' dir='ltr'><strong>auctoritate</strong></span> <span class='ocrx_word' id='word_1_193' title='bbox 2519 1621 2826 1685; x_wconf 90' lang='lat' dir='ltr'><strong>conﬁrmat,</strong></span> <span class='ocrx_word' id='word_1_194' title='bbox 2855 1630 2908 1674; x_wconf 92' lang='lat' dir='ltr'><strong>et</strong></span> <span class='ocrx_word' id='word_1_195' title='bbox 2937 1619 3252 1676; x_wconf 90' lang='lat' dir='ltr'><strong>continuata</strong></span> <span class='ocrx_word' id='word_1_196' title='bbox 3285 1637 3375 1676; x_wconf 89' lang='lat' dir='ltr'><strong>mo</strong></span> 
     </span>
    </p>
   </div>
   <div class='ocr_carea' id='block_1_23' title="bbox 1821 1708 3399 1782">
    <p class='ocr_par' dir='ltr' id='par_1_23' title="bbox 1821 1708 3399 1782">
     <span class='ocr_line' id='line_1_23' title="bbox 1821 1708 3399 1782; baseline 0.002 -19"><span class='ocrx_word' id='word_1_197' title='bbox 1821 1708 2104 1763; x_wconf 87' lang='lat' dir='ltr'><strong>deratione</strong></span> <span class='ocrx_word' id='word_1_198' title='bbox 2130 1709 2387 1774; x_wconf 90' lang='lat' dir='ltr'><strong>custodit,</strong></span> <span class='ocrx_word' id='word_1_199' title='bbox 2405 1725 2504 1779; x_wconf 90' lang='lat' dir='ltr'><strong>pro</strong></span> <span class='ocrx_word' id='word_1_200' title='bbox 2529 1724 2630 1762; x_wconf 92' lang='lat' dir='ltr'><strong>suo</strong></span> <span class='ocrx_word' id='word_1_201' title='bbox 2654 1709 2861 1764; x_wconf 88' lang='lat' dir='ltr'><strong>scilicet</strong></span> <span class='ocrx_word' id='word_1_202' title='bbox 2885 1711 3210 1780; x_wconf 90' lang='lat' dir='ltr'><strong>principatu,</strong></span> <span class='ocrx_word' id='word_1_203' title='bbox 3237 1728 3399 1782; x_wconf 89' lang='lat' dir='ltr'><strong>quem</strong></span> 
     </span>
    </p>
   </div>
   <div class='ocr_carea' id='block_1_24' title="bbox 1821 1800 3398 1873">
    <p class='ocr_par' dir='ltr' id='par_1_24' title="bbox 1821 1800 3398 1873">
     <span class='ocr_line' id='line_1_24' title="bbox 1821 1800 3398 1873; baseline 0.002 -19"><span class='ocrx_word' id='word_1_204' title='bbox 1821 1801 2011 1856; x_wconf 88' lang='lat' dir='ltr'><strong>beatus</strong></span> <span class='ocrx_word' id='word_1_205' title='bbox 2053 1800 2250 1855; x_wconf 88' lang='lat' dir='ltr'><strong>Petrus</strong></span> <span class='ocrx_word' id='word_1_206' title='bbox 2294 1801 2574 1871; x_wconf 91' lang='lat' dir='ltr'><strong>apostolus</strong></span> <span class='ocrx_word' id='word_1_207' title='bbox 2637 1800 2853 1855; x_wconf 90' lang='lat' dir='ltr'><strong>Domini</strong></span> <span class='ocrx_word' id='word_1_208' title='bbox 2906 1818 3037 1857; x_wconf 92' lang='lat' dir='ltr'><strong>voce</strong></span> <span class='ocrx_word' id='word_1_209' title='bbox 3084 1813 3398 1873; x_wconf 88' lang='lat' dir='ltr'><strong>perceptum</strong></span> 
     </span>
    </p>
   </div>
   <div class='ocr_carea' id='block_1_25' title="bbox 118 1867 1715 1968">
    <p class='ocr_par' dir='ltr' id='par_1_25' title="bbox 118 1894 1714 1968">
     <span class='ocr_line' id='line_1_25' title="bbox 118 1894 1714 1968; baseline 0.004 -22"><span class='ocrx_word' id='word_1_210' title='bbox 118 1903 226 1957; x_wconf 89' lang='lat' dir='ltr'><strong>tur,</strong></span> <span class='ocrx_word' id='word_1_211' title='bbox 264 1894 408 1962; x_wconf 87' lang='lat' dir='ltr'><strong>quia</strong></span> <span class='ocrx_word' id='word_1_212' title='bbox 452 1910 560 1948; x_wconf 89' lang='lat' dir='ltr'><strong>non</strong></span> <span class='ocrx_word' id='word_1_213' title='bbox 589 1903 803 1964; x_wconf 81' lang='lat' dir='ltr'><strong>Oportet</strong></span> <span class='ocrx_word' id='word_1_214' title='bbox 830 1895 879 1949; x_wconf 89' lang='lat' dir='ltr'><strong>ei</strong></span> <span class='ocrx_word' id='word_1_215' title='bbox 912 1895 1096 1964; x_wconf 79' lang='lat' dir='ltr'><strong>negari</strong></span> <span class='ocrx_word' id='word_1_216' title='bbox 1121 1896 1452 1951; x_wconf 87' lang='lat' dir='ltr'><strong>audientiam</strong></span> <span class='ocrx_word' id='word_1_217' title='bbox 1485 1899 1714 1968; x_wconf 83' lang='lat' dir='ltr'><strong>roganti.</strong></span> 
     </span>
    </p>
   </div>
   <div class='ocr_carea' id='block_1_26' title="bbox 1817 1867 3400 1968">
    <p class='ocr_par' dir='ltr' id='par_1_26' title="bbox 1823 1867 3400 1965">
     <span class='ocr_line' id='line_1_26' title="bbox 1823 1867 3400 1965; baseline 0.004 -22"><span class='ocrx_word' id='word_1_218' title='bbox 1823 1891 2040 1963; x_wconf 77' lang='lat' dir='ltr'><strong>(Matth.</strong></span> <span class='ocrx_word' id='word_1_219' title='bbox 2072 1893 2205 1962; x_wconf 78' lang='lat' dir='ltr'><strong>xvi),</strong></span> <span class='ocrx_word' id='word_1_220' title='bbox 2248 1867 2483 1946; x_wconf 79' lang='lat' dir='ltr'><strong>Ecclesia</strong></span> <span class='ocrx_word' id='word_1_221' title='bbox 2529 1893 2885 1948; x_wconf 87' lang='lat' dir='ltr'><strong>nihilominus</strong></span> <span class='ocrx_word' id='word_1_222' title='bbox 2915 1867 3278 1965; x_wconf 60' lang='lat' dir='ltr'><strong>subsemtentc</strong></span> <span class='ocrx_word' id='word_1_223' title='bbox 3303 1937 3316 1963; x_wconf 93' lang='lat'><strong>,</strong></span> <span class='ocrx_word' id='word_1_224' title='bbox 3347 1906 3400 1950; x_wconf 89' lang='lat' dir='ltr'><strong>et</strong></span> 
     </span>
    </p>
   </div>
   <div class='ocr_carea' id='block_1_27' title="bbox 119 1981 1717 2059">
    <p class='ocr_par' dir='ltr' id='par_1_27' title="bbox 119 1981 1717 2059">
     <span class='ocr_line' id='line_1_27' title="bbox 119 1981 1717 2059; baseline 0.005 -23"><span class='ocrx_word' id='word_1_225' title='bbox 119 1981 182 2036; x_wconf 78' lang='lat' dir='ltr'><strong>Et</strong></span> <span class='ocrx_word' id='word_1_226' title='bbox 207 1984 300 2037; x_wconf 88' lang='lat' dir='ltr'><strong>ille</strong></span> <span class='ocrx_word' id='word_1_227' title='bbox 327 1985 653 2055; x_wconf 89' lang='lat' dir='ltr'><strong>cpiscopus,</strong></span> <span class='ocrx_word' id='word_1_228' title='bbox 676 1985 772 2055; x_wconf 88' lang='lat' dir='ltr'><strong>qui</strong></span> <span class='ocrx_word' id='word_1_229' title='bbox 795 1995 891 2040; x_wconf 88' lang='lat' dir='ltr'><strong>aut</strong></span> <span class='ocrx_word' id='word_1_230' title='bbox 914 1985 1061 2055; x_wconf 89' lang='lat' dir='ltr'><strong>juste</strong></span> <span class='ocrx_word' id='word_1_231' title='bbox 1083 1995 1178 2041; x_wconf 92' lang='lat' dir='ltr'><strong>aut</strong></span> <span class='ocrx_word' id='word_1_232' title='bbox 1199 1987 1398 2057; x_wconf 90' lang='lat' dir='ltr'><strong>injuste</strong></span> <span class='ocrx_word' id='word_1_233' title='bbox 1417 2005 1541 2044; x_wconf 91' lang='lat' dir='ltr'><strong>eum</strong></span> <span class='ocrx_word' id='word_1_234' title='bbox 1567 1990 1717 2059; x_wconf 84' lang='lat' dir='ltr'><strong>abje-</strong></span> 
     </span>
    </p>
   </div>
   <div class='ocr_carea' id='block_1_28' title="bbox 121 2075 1720 2148">
    <p class='ocr_par' dir='ltr' id='par_1_28' title="bbox 121 2075 1720 2148">
     <span class='ocr_line' id='line_1_28' title="bbox 121 2075 1720 2148; baseline 0.005 -20"><span class='ocrx_word' id='word_1_235' title='bbox 121 2075 192 2128; x_wconf 85' lang='lat' dir='ltr'><strong>cit</strong></span> <span class='ocrx_word' id='word_1_236' title='bbox 235 2075 521 2144; x_wconf 78' lang='lat' dir='ltr'><strong>patienter</strong></span> <span class='ocrx_word' id='word_1_237' title='bbox 555 2077 785 2146; x_wconf 86' lang='lat' dir='ltr'><strong>accipiat</strong></span> <span class='ocrx_word' id='word_1_238' title='bbox 830 2087 889 2132; x_wconf 91' lang='lat' dir='ltr'><strong>ut</strong></span> <span class='ocrx_word' id='word_1_239' title='bbox 925 2078 1201 2148; x_wconf 82' lang='lat' dir='ltr'><strong>negotium</strong></span> <span class='ocrx_word' id='word_1_240' title='bbox 1250 2079 1593 2144; x_wconf 86' lang='lat' dir='ltr'><strong>discutiatur,</strong></span> <span class='ocrx_word' id='word_1_241' title='bbox 1660 2089 1720 2136; x_wconf 89' lang='lat' dir='ltr'><strong>ut</strong></span> 
     </span>
    </p>
   </div>
   <div class='ocr_carea' id='block_1_29' title="bbox 121 2165 1717 2244">
    <p class='ocr_par' dir='ltr' id='par_1_29' title="bbox 121 2165 1717 2244">
     <span class='ocr_line' id='line_1_29' title="bbox 121 2165 1717 2244; baseline 0.007 -28"><span class='ocrx_word' id='word_1_242' title='bbox 121 2165 202 2218; x_wconf 89' lang='lat' dir='ltr'><strong>vel</strong></span> <span class='ocrx_word' id='word_1_243' title='bbox 231 2167 509 2236; x_wconf 85' lang='lat' dir='ltr'><strong>probetur</strong></span> <span class='ocrx_word' id='word_1_244' title='bbox 540 2169 808 2222; x_wconf 85' lang='lat' dir='ltr'><strong>sententia</strong></span> <span class='ocrx_word' id='word_1_245' title='bbox 848 2169 967 2238; x_wconf 89' lang='lat' dir='ltr'><strong>ejus</strong></span> <span class='ocrx_word' id='word_1_246' title='bbox 1000 2185 1030 2222; x_wconf 90' lang='lat' dir='ltr'><strong>a</strong></span> <span class='ocrx_word' id='word_1_247' title='bbox 1058 2169 1328 2239; x_wconf 91' lang='lat' dir='ltr'><strong>plurimis,</strong></span> <span class='ocrx_word' id='word_1_248' title='bbox 1357 2172 1440 2225; x_wconf 90' lang='lat' dir='ltr'><strong>vel</strong></span> <span class='ocrx_word' id='word_1_249' title='bbox 1461 2171 1717 2244; x_wconf 85' lang='lat' dir='ltr'><strong>emende-</strong></span> 
     </span>
    </p>
   </div>
   <div class='ocr_carea' id='block_1_30' title="bbox 126 2245 1719 2332">
    <p class='ocr_par' dir='ltr' id='par_1_30' title="bbox 126 2245 1719 2332">
     <span class='ocr_line' id='line_1_30' title="bbox 126 2245 1719 2332; baseline 0.006 -22"><span class='ocrx_word' id='word_1_250' title='bbox 126 2268 227 2311; x_wconf 91' lang='lat' dir='ltr'><strong>tur.</strong></span> <span class='ocrx_word' id='word_1_251' title='bbox 265 2257 483 2313; x_wconf 87' lang='lat' dir='ltr'><strong>Tatnen</strong></span> <span class='ocrx_word' id='word_1_252' title='bbox 515 2259 833 2330; x_wconf 83' lang='lat' dir='ltr'><strong>priusquam</strong></span> <span class='ocrx_word' id='word_1_253' title='bbox 882 2262 1066 2316; x_wconf 85' lang='lat' dir='ltr'><strong>omnia</strong></span> <span class='ocrx_word' id='word_1_254' title='bbox 1103 2261 1389 2332; x_wconf 78' lang='lat' dir='ltr'><strong>diligenter</strong></span> <span class='ocrx_word' id='word_1_255' title='bbox 1413 2275 1465 2318; x_wconf 93' lang='lat' dir='ltr'><strong>et</strong></span> <span class='ocrx_word' id='word_1_256' title='bbox 1492 2245 1719 2320; x_wconf 81' lang='lat' dir='ltr'><strong>ﬁdeliter</strong></span> 
     </span>
    </p>
   </div>
   <div class='ocr_carea' id='block_1_31' title="bbox 127 2346 1718 2424">
    <p class='ocr_par' dir='ltr' id='par_1_31' title="bbox 127 2346 1718 2424">
     <span class='ocr_line' id='line_1_31' title="bbox 127 2346 1718 2424; baseline 0.006 -26"><span class='ocrx_word' id='word_1_257' title='bbox 127 2346 538 2412; x_wconf 80' lang='lat' dir='ltr'><strong>examinentur,</strong></span> <span class='ocrx_word' id='word_1_258' title='bbox 576 2365 701 2402; x_wconf 91' lang='lat' dir='ltr'><strong>eum</strong></span> <span class='ocrx_word' id='word_1_259' title='bbox 737 2349 831 2420; x_wconf 91' lang='lat' dir='ltr'><strong>qui</strong></span> <span class='ocrx_word' id='word_1_260' title='bbox 870 2349 1048 2404; x_wconf 86' lang='lat' dir='ltr'><strong>fuerat</strong></span> <span class='ocrx_word' id='word_1_261' title='bbox 1091 2366 1120 2404; x_wconf 90' lang='lat' dir='ltr'><strong>a</strong></span> <span class='ocrx_word' id='word_1_262' title='bbox 1151 2352 1534 2407; x_wconf 91' lang='lat' dir='ltr'><strong>communione</strong></span> <span class='ocrx_word' id='word_1_263' title='bbox 1563 2369 1718 2424; x_wconf 79' lang='lat' dir='ltr'><strong>sepa-</strong></span> 
     </span>
    </p>
   </div>
   <div class='ocr_carea' id='block_1_32' title="bbox 128 2439 1718 2513">
    <p class='ocr_par' dir='ltr' id='par_1_32' title="bbox 128 2439 1718 2513">
     <span class='ocr_line' id='line_1_32' title="bbox 128 2439 1718 2513; baseline 0.005 -22"><span class='ocrx_word' id='word_1_264' title='bbox 128 2445 276 2491; x_wconf 83' lang='lat' dir='ltr'><strong>ratus</strong></span> <span class='ocrx_word' id='word_1_265' title='bbox 305 2445 444 2491; x_wconf 87' lang='lat' dir='ltr'><strong>ante</strong></span> <span class='ocrx_word' id='word_1_266' title='bbox 468 2439 837 2507; x_wconf 83' lang='lat' dir='ltr'><strong>cognitionem</strong></span> <span class='ocrx_word' id='word_1_267' title='bbox 881 2441 1065 2495; x_wconf 89' lang='lat' dir='ltr'><strong>nullus</strong></span> <span class='ocrx_word' id='word_1_268' title='bbox 1099 2441 1257 2496; x_wconf 88' lang='lat' dir='ltr'><strong>debet</strong></span> <span class='ocrx_word' id='word_1_269' title='bbox 1279 2457 1626 2513; x_wconf 71' lang='lat' dir='ltr'><strong>prmsumere,</strong></span> <span class='ocrx_word' id='word_1_270' title='bbox 1661 2452 1718 2499; x_wconf 89' lang='lat' dir='ltr'><strong>ut</strong></span> 
     </span>
    </p>
   </div>
   <div class='ocr_carea' id='block_1_33' title="bbox 130 2528 775 2583">
    <p class='ocr_par' dir='ltr' id='par_1_33' title="bbox 130 2528 775 2583">
     <span class='ocr_line' id='line_1_33' title="bbox 130 2528 775 2583; baseline 0.003 -3"><span class='ocrx_word' id='word_1_271' title='bbox 130 2528 509 2582; x_wconf 90' lang='lat' dir='ltr'><strong>communioni</strong></span> <span class='ocrx_word' id='word_1_272' title='bbox 535 2529 724 2583; x_wconf 85' lang='lat' dir='ltr'><strong>societ.</strong></span> <span class='ocrx_word' id='word_1_273' title='bbox 758 2548 775 2582; x_wconf 73' lang='grc' dir='ltr'><strong><em>ι</em></strong></span> 
     </span>
    </p>
   </div>
   <div class='ocr_carea' id='block_1_34' title="bbox 191 2617 1716 2696">
    <p class='ocr_par' dir='ltr' id='par_1_34' title="bbox 191 2617 1716 2696">
     <span class='ocr_line' id='line_1_34' title="bbox 191 2617 1716 2696; baseline 0.006 -25"><span class='ocrx_word' id='word_1_274' title='bbox 191 2617 471 2674; x_wconf 84' lang='lat' dir='ltr'><strong>Notentur</strong></span> <span class='ocrx_word' id='word_1_275' title='bbox 493 2621 656 2674; x_wconf 90' lang='lat' dir='ltr'><strong>verba</strong></span> <span class='ocrx_word' id='word_1_276' title='bbox 691 2637 812 2692; x_wconf 71' lang='lat' dir='ltr'><strong>qua:</strong></span> <span class='ocrx_word' id='word_1_277' title='bbox 851 2620 1127 2688; x_wconf 88' lang='lat' dir='ltr'><strong>dicuntur,</strong></span> <span class='ocrx_word' id='word_1_278' title='bbox 1159 2642 1177 2674; x_wconf 84' lang='grc'><strong><em>‹</em></strong></span> <span class='ocrx_word' id='word_1_279' title='bbox 1199 2630 1258 2678; x_wconf 91' lang='lat' dir='ltr'><strong>ut</strong></span> <span class='ocrx_word' id='word_1_280' title='bbox 1301 2624 1564 2680; x_wconf 89' lang='lat' dir='ltr'><strong>sententia</strong></span> <span class='ocrx_word' id='word_1_281' title='bbox 1597 2625 1716 2696; x_wconf 88' lang='lat' dir='ltr'><strong>ejus</strong></span> 
     </span>
    </p>
   </div>
   <div class='ocr_carea' id='block_1_35' title="bbox 130 2712 1716 2781">
    <p class='ocr_par' dir='ltr' id='par_1_35' title="bbox 130 2712 1716 2781">
     <span class='ocr_line' id='line_1_35' title="bbox 130 2712 1716 2781; baseline 0.003 -15"><span class='ocrx_word' id='word_1_282' title='bbox 130 2712 409 2781; x_wconf 87' lang='lat' dir='ltr'><strong>probetur,</strong></span> <span class='ocrx_word' id='word_1_283' title='bbox 466 2713 550 2767; x_wconf 88' lang='lat' dir='ltr'><strong>vel</strong></span> <span class='ocrx_word' id='word_1_284' title='bbox 604 2714 940 2780; x_wconf 89' lang='lat' dir='ltr'><strong>emendetur,</strong></span> <span class='ocrx_word' id='word_1_285' title='bbox 969 2734 986 2764; x_wconf 75' lang='grc' dir='ltr'><strong><em>ι</em></strong></span> <span class='ocrx_word' id='word_1_286' title='bbox 1018 2715 1226 2771; x_wconf 90' lang='lat' dir='ltr'><strong>scilicet</strong></span> <span class='ocrx_word' id='word_1_287' title='bbox 1257 2724 1316 2770; x_wconf 89' lang='lat' dir='ltr'><strong>ut</strong></span> <span class='ocrx_word' id='word_1_288' title='bbox 1370 2716 1716 2772; x_wconf 89' lang='lat' dir='ltr'><strong>discussione</strong></span> 
     </span>
    </p>
   </div>
   <div class='ocr_carea' id='block_1_36' title="bbox 132 2801 1713 2876">
    <p class='ocr_par' dir='ltr' id='par_1_36' title="bbox 132 2801 1713 2876">
     <span class='ocr_line' id='line_1_36' title="bbox 132 2801 1713 2876; baseline 0.004 -20"><span class='ocrx_word' id='word_1_289' title='bbox 132 2801 287 2868; x_wconf 88' lang='lat' dir='ltr'><strong>facta,</strong></span> <span class='ocrx_word' id='word_1_290' title='bbox 327 2804 613 2875; x_wconf 76' lang='lat' dir='ltr'><strong>sententia</strong></span> <span class='ocrx_word' id='word_1_291' title='bbox 630 2804 749 2873; x_wconf 88' lang='lat' dir='ltr'><strong>ejus</strong></span> <span class='ocrx_word' id='word_1_292' title='bbox 776 2805 870 2874; x_wconf 84' lang='lat' dir='ltr'><strong>qui</strong></span> <span class='ocrx_word' id='word_1_293' title='bbox 893 2805 1265 2872; x_wconf 85' lang='lat' dir='ltr'><strong>damnaverat,</strong></span> <span class='ocrx_word' id='word_1_294' title='bbox 1292 2807 1337 2861; x_wconf 92' lang='lat' dir='ltr'><strong>si</strong></span> <span class='ocrx_word' id='word_1_295' title='bbox 1357 2807 1504 2876; x_wconf 89' lang='lat' dir='ltr'><strong>juste</strong></span> <span class='ocrx_word' id='word_1_296' title='bbox 1527 2823 1713 2862; x_wconf 90' lang='lat' dir='ltr'><strong>secum</strong></span> 
     </span>
    </p>
   </div>
   <div class='ocr_carea' id='block_1_37' title="bbox 134 2896 1711 2966">
    <p class='ocr_par' dir='ltr' id='par_1_37' title="bbox 134 2896 1711 2966">
     <span class='ocr_line' id='line_1_37' title="bbox 134 2896 1711 2966; baseline 0.004 -18"><span class='ocrx_word' id='word_1_297' title='bbox 134 2896 254 2966; x_wconf 88' lang='lat' dir='ltr'><strong>agit,</strong></span> <span class='ocrx_word' id='word_1_298' title='bbox 286 2897 588 2965; x_wconf 87' lang='lat' dir='ltr'><strong>probetur;</strong></span> <span class='ocrx_word' id='word_1_299' title='bbox 635 2897 680 2952; x_wconf 88' lang='lat' dir='ltr'><strong>si</strong></span> <span class='ocrx_word' id='word_1_300' title='bbox 729 2899 938 2951; x_wconf 88' lang='lat' dir='ltr'><strong>ratione</strong></span> <span class='ocrx_word' id='word_1_301' title='bbox 981 2905 1152 2965; x_wconf 90' lang='lat' dir='ltr'><strong>caret,</strong></span> <span class='ocrx_word' id='word_1_302' title='bbox 1195 2899 1528 2953; x_wconf 88' lang='lat' dir='ltr'><strong>emendetur.</strong></span> <span class='ocrx_word' id='word_1_303' title='bbox 1576 2899 1711 2955; x_wconf 90' lang='lat' dir='ltr'><strong>Cum</strong></span> 
     </span>
    </p>
   </div>
   <div class='ocr_carea' id='block_1_38' title="bbox 133 2975 1714 3060">
    <p class='ocr_par' dir='ltr' id='par_1_38' title="bbox 133 2975 1714 3060">
     <span class='ocr_line' id='line_1_38' title="bbox 133 2975 1714 3060; baseline 0.004 -22"><span class='ocrx_word' id='word_1_304' title='bbox 133 3001 253 3055; x_wconf 82' lang='lat' dir='ltr'><strong>ergo</strong></span> <span class='ocrx_word' id='word_1_305' title='bbox 284 2975 565 3041; x_wconf 85' lang='lat' dir='ltr'><strong>neminem</strong></span> <span class='ocrx_word' id='word_1_306' title='bbox 593 3004 931 3058; x_wconf 66' lang='lat' dir='ltr'><strong>prtepropere</strong></span> <span class='ocrx_word' id='word_1_307' title='bbox 979 3005 1073 3044; x_wconf 91' lang='lat' dir='ltr'><strong>seu</strong></span> <span class='ocrx_word' id='word_1_308' title='bbox 1105 2997 1431 3060; x_wconf 57' lang='lat' dir='ltr'><strong>praepostere</strong></span> <span class='ocrx_word' id='word_1_309' title='bbox 1469 2990 1714 3046; x_wconf 91' lang='lat' dir='ltr'><strong>damnari</strong></span> 
     </span>
    </p>
   </div>
   <div class='ocr_carea' id='block_1_39' title="bbox 136 3078 1713 3152">
    <p class='ocr_par' dir='ltr' id='par_1_39' title="bbox 136 3078 1713 3152">
     <span class='ocr_line' id='line_1_39' title="bbox 136 3078 1713 3152; baseline 0.004 -21"><span class='ocrx_word' id='word_1_310' title='bbox 136 3078 212 3132; x_wconf 88' lang='lat' dir='ltr'><strong>lex</strong></span> <span class='ocrx_word' id='word_1_311' title='bbox 243 3079 489 3149; x_wconf 88' lang='lat' dir='ltr'><strong>patiatur</strong></span> <span class='ocrx_word' id='word_1_312' title='bbox 527 3081 915 3146; x_wconf 88' lang='lat' dir='ltr'><strong>ecclesiastica,</strong></span> <span class='ocrx_word' id='word_1_313' title='bbox 966 3081 1319 3152; x_wconf 77' lang='lat' dir='ltr'><strong>probabiliter</strong></span> <span class='ocrx_word' id='word_1_314' title='bbox 1368 3082 1602 3138; x_wconf 90' lang='lat' dir='ltr'><strong>dicimus</strong></span> <span class='ocrx_word' id='word_1_315' title='bbox 1629 3125 1641 3137; x_wconf 98' lang='lat'><strong>.</strong></span> <span class='ocrx_word' id='word_1_316' title='bbox 1666 3083 1713 3139; x_wconf 87' lang='lat' dir='ltr'><strong>si</strong></span> 
     </span>
    </p>
   </div>
   <div class='ocr_carea' id='block_1_40' title="bbox 138 3173 1782 3263">
    <p class='ocr_par' dir='ltr' id='par_1_40' title="bbox 138 3173 1782 3263">
     <span class='ocr_line' id='line_1_40' title="bbox 138 3173 1782 3263; baseline 0.003 -38"><span class='ocrx_word' id='word_1_317' title='bbox 138 3173 220 3242; x_wconf 91' lang='lat' dir='ltr'><strong>qui</strong></span> <span class='ocrx_word' id='word_1_318' title='bbox 265 3173 650 3244; x_wconf 90' lang='lat' dir='ltr'><strong>episcoporum</strong></span> <span class='ocrx_word' id='word_1_319' title='bbox 701 3189 732 3228; x_wconf 90' lang='lat' dir='ltr'><strong>a</strong></span> <span class='ocrx_word' id='word_1_320' title='bbox 780 3189 917 3244; x_wconf 89' lang='lat' dir='ltr'><strong>papa</strong></span> <span class='ocrx_word' id='word_1_321' title='bbox 968 3174 1290 3245; x_wconf 80' lang='lat' dir='ltr'><strong>regulariter</strong></span> <span class='ocrx_word' id='word_1_322' title='bbox 1330 3175 1397 3229; x_wconf 90' lang='lat' dir='ltr'><strong>ad</strong></span> <span class='ocrx_word' id='word_1_323' title='bbox 1445 3176 1711 3247; x_wconf 83' lang='lat' dir='ltr'><strong>synodum</strong></span> <span class='ocrx_word' id='word_1_324' title='bbox 1741 3207 1782 3263; x_wconf 63' lang='grc' dir='ltr'>ο</span> 
     </span>
    </p>
   </div>
   <div class='ocr_carea' id='block_1_41' title="bbox 138 3265 1710 3335">
    <p class='ocr_par' dir='ltr' id='par_1_41' title="bbox 138 3265 1710 3335">
     <span class='ocr_line' id='line_1_41' title="bbox 138 3265 1710 3335; baseline 0.005 -21"><span class='ocrx_word' id='word_1_325' title='bbox 138 3265 304 3319; x_wconf 82' lang='lat' dir='ltr'><strong>vocati</strong></span> <span class='ocrx_word' id='word_1_326' title='bbox 343 3282 458 3320; x_wconf 91' lang='lat' dir='ltr'><strong>non</strong></span> <span class='ocrx_word' id='word_1_327' title='bbox 490 3273 772 3330; x_wconf 88' lang='lat' dir='ltr'><strong>venerant,</strong></span> <span class='ocrx_word' id='word_1_328' title='bbox 802 3266 886 3320; x_wconf 86' lang='lat' dir='ltr'><strong>vel</strong></span> <span class='ocrx_word' id='word_1_329' title='bbox 909 3275 1088 3320; x_wconf 88' lang='lat' dir='ltr'><strong>certas</strong></span> <span class='ocrx_word' id='word_1_330' title='bbox 1123 3265 1495 3335; x_wconf 89' lang='lat' dir='ltr'><strong>impedimenti</strong></span> <span class='ocrx_word' id='word_1_331' title='bbox 1521 3281 1710 3322; x_wconf 86' lang='lat' dir='ltr'><strong>neces-</strong></span> 
     </span>
    </p>
   </div>
   <div class='ocr_carea' id='block_1_42' title="bbox 140 3357 1712 3430">
    <p class='ocr_par' dir='ltr' id='par_1_42' title="bbox 140 3357 1712 3430">
     <span class='ocr_line' id='line_1_42' title="bbox 140 3357 1712 3430; baseline 0.001 -20"><span class='ocrx_word' id='word_1_332' title='bbox 140 3357 314 3413; x_wconf 69' lang='lat' dir='ltr'><strong>sitates</strong></span> <span class='ocrx_word' id='word_1_333' title='bbox 337 3373 448 3412; x_wconf 90' lang='lat' dir='ltr'><strong>non</strong></span> <span class='ocrx_word' id='word_1_334' title='bbox 473 3357 854 3426; x_wconf 83' lang='lat' dir='ltr'><strong>probaverant,</strong></span> <span class='ocrx_word' id='word_1_335' title='bbox 879 3357 1035 3411; x_wconf 78' lang='lat' dir='ltr'><strong>cilicii</strong></span> <span class='ocrx_word' id='word_1_336' title='bbox 1077 3357 1491 3426; x_wconf 88' lang='lat' dir='ltr'><strong>suspensioncm</strong></span> <span class='ocrx_word' id='word_1_337' title='bbox 1530 3357 1712 3430; x_wconf 78' lang='grc'>(1008)</span> 
     </span>
    </p>
   </div>
   <div class='ocr_carea' id='block_1_43' title="bbox 141 3449 1710 3520">
    <p class='ocr_par' dir='ltr' id='par_1_43' title="bbox 141 3449 1710 3520">
     <span class='ocr_line' id='line_1_43' title="bbox 141 3449 1710 3520; baseline 0 -18"><span class='ocrx_word' id='word_1_338' title='bbox 141 3459 466 3515; x_wconf 85' lang='lat' dir='ltr'><strong>meruerant,</strong></span> <span class='ocrx_word' id='word_1_339' title='bbox 491 3449 762 3505; x_wconf 89' lang='lat' dir='ltr'><strong>audiendo</strong></span> <span class='ocrx_word' id='word_1_340' title='bbox 778 3458 956 3502; x_wconf 86' lang='lat' dir='ltr'><strong>tamen</strong></span> <span class='ocrx_word' id='word_1_341' title='bbox 985 3449 1224 3502; x_wconf 88' lang='lat' dir='ltr'><strong>humano</strong></span> <span class='ocrx_word' id='word_1_342' title='bbox 1235 3449 1519 3520; x_wconf 77' lang='lat' dir='ltr'><strong>Augustini</strong></span> <span class='ocrx_word' id='word_1_343' title='bbox 1539 3450 1710 3520; x_wconf 78' lang='lat' dir='ltr'><strong>(epist.</strong></span> 
     </span>
    </p>
   </div>
   <div class='ocr_carea' id='block_1_44' title="bbox 143 3540 1710 3610">
    <p class='ocr_par' dir='ltr' id='par_1_44' title="bbox 143 3540 1710 3610">
     <span class='ocr_line' id='line_1_44' title="bbox 143 3540 1710 3610; baseline 0.001 -17"><span class='ocrx_word' id='word_1_344' title='bbox 143 3541 222 3604; x_wconf 84' lang='lat'><strong>50,</strong></span> <span class='ocrx_word' id='word_1_345' title='bbox 246 3543 390 3596; x_wconf 91' lang='lat' dir='ltr'><strong>circa</strong></span> <span class='ocrx_word' id='word_1_346' title='bbox 419 3541 605 3609; x_wconf 85' lang='lat' dir='ltr'><strong>linem)</strong></span> <span class='ocrx_word' id='word_1_347' title='bbox 629 3540 861 3595; x_wconf 75' lang='lat' dir='ltr'><strong>consilio</strong></span> <span class='ocrx_word' id='word_1_348' title='bbox 886 3541 940 3594; x_wconf 83' lang='lat' dir='ltr'><strong>in</strong></span> <span class='ocrx_word' id='word_1_349' title='bbox 967 3540 1194 3610; x_wconf 88' lang='lat' dir='ltr'><strong>epistola</strong></span> <span class='ocrx_word' id='word_1_350' title='bbox 1230 3542 1296 3596; x_wconf 89' lang='lat' dir='ltr'><strong>ad</strong></span> <span class='ocrx_word' id='word_1_351' title='bbox 1324 3540 1665 3596; x_wconf 87' lang='lat' dir='ltr'><strong>Bouifacium</strong></span> <span class='ocrx_word' id='word_1_352' title='bbox 1698 3560 1710 3595; x_wconf 92' lang='lat'><strong>:</strong></span> 
     </span>
    </p>
   </div>
   <div class='ocr_carea' id='block_1_45' title="bbox 146 3632 1710 3706">
    <p class='ocr_par' dir='ltr' id='par_1_45' title="bbox 146 3632 1710 3706">
     <span class='ocr_line' id='line_1_45' title="bbox 146 3632 1710 3706; baseline 0.003 -21"><span class='ocrx_word' id='word_1_353' title='bbox 146 3657 163 3685; x_wconf 64' lang='grc' dir='ltr'><strong>ς</strong></span> <span class='ocrx_word' id='word_1_354' title='bbox 191 3632 241 3687; x_wconf 89' lang='lat' dir='ltr'><strong>In</strong></span> <span class='ocrx_word' id='word_1_355' title='bbox 265 3635 583 3706; x_wconf 89' lang='lat' dir='ltr'><strong>bujusmodi</strong></span> <span class='ocrx_word' id='word_1_356' title='bbox 614 3635 815 3700; x_wconf 89' lang='lat' dir='ltr'><strong>causis,</strong></span> <span class='ocrx_word' id='word_1_357' title='bbox 844 3635 934 3690; x_wconf 92' lang='lat' dir='ltr'><strong>ubi</strong></span> <span class='ocrx_word' id='word_1_358' title='bbox 966 3651 1061 3704; x_wconf 90' lang='lat' dir='ltr'><strong>per</strong></span> <span class='ocrx_word' id='word_1_359' title='bbox 1091 3650 1280 3705; x_wconf 81' lang='lat' dir='ltr'><strong>graves</strong></span> <span class='ocrx_word' id='word_1_360' title='bbox 1305 3634 1710 3690; x_wconf 84' lang='lat' dir='ltr'><strong>dissensionum</strong></span> 
     </span>
    </p>
   </div>
   <div class='ocr_carea' id='block_1_46' title="bbox 144 3726 1713 3796">
    <p class='ocr_par' dir='ltr' id='par_1_46' title="bbox 144 3726 1713 3796">
     <span class='ocr_line' id='line_1_46' title="bbox 144 3726 1713 3796; baseline 0.001 -16"><span class='ocrx_word' id='word_1_361' title='bbox 144 3743 401 3785; x_wconf 74' lang='lat' dir='ltr'><strong>scissuras</strong></span> <span class='ocrx_word' id='word_1_362' title='bbox 461 3743 570 3782; x_wconf 86' lang='lat' dir='ltr'><strong>non</strong></span> <span class='ocrx_word' id='word_1_363' title='bbox 605 3726 771 3796; x_wconf 86' lang='lat' dir='ltr'><strong>hujus</strong></span> <span class='ocrx_word' id='word_1_364' title='bbox 814 3735 908 3780; x_wconf 90' lang='lat' dir='ltr'><strong>aut</strong></span> <span class='ocrx_word' id='word_1_365' title='bbox 935 3726 1078 3781; x_wconf 88' lang='lat' dir='ltr'><strong>illius</strong></span> <span class='ocrx_word' id='word_1_366' title='bbox 1121 3726 1359 3781; x_wconf 88' lang='lat' dir='ltr'><strong>hominis</strong></span> <span class='ocrx_word' id='word_1_367' title='bbox 1391 3733 1474 3782; x_wconf 89' lang='lat' dir='ltr'><strong>est</strong></span> <span class='ocrx_word' id='word_1_368' title='bbox 1499 3727 1713 3796; x_wconf 84' lang='lat' dir='ltr'><strong>pericu-</strong></span> 
     </span>
    </p>
   </div>
   <div class='ocr_carea' id='block_1_47' title="bbox 144 3817 1713 3892">
    <p class='ocr_par' dir='ltr' id='par_1_47' title="bbox 144 3817 1713 3892">
     <span class='ocr_line' id='line_1_47' title="bbox 144 3817 1713 3892; baseline 0.003 -22"><span class='ocrx_word' id='word_1_369' title='bbox 144 3817 265 3885; x_wconf 85' lang='lat' dir='ltr'><strong>lum,</strong></span> <span class='ocrx_word' id='word_1_370' title='bbox 282 3821 374 3876; x_wconf 86' lang='lat' dir='ltr'><strong>sed</strong></span> <span class='ocrx_word' id='word_1_371' title='bbox 403 3819 732 3892; x_wconf 88' lang='lat' dir='ltr'><strong>populorum</strong></span> <span class='ocrx_word' id='word_1_372' title='bbox 757 3828 964 3890; x_wconf 80' lang='lat' dir='ltr'><strong>strages</strong></span> <span class='ocrx_word' id='word_1_373' title='bbox 980 3819 1185 3888; x_wconf 89' lang='lat' dir='ltr'><strong>jacent,</strong></span> <span class='ocrx_word' id='word_1_374' title='bbox 1213 3818 1602 3874; x_wconf 89' lang='lat' dir='ltr'><strong>detrahendum</strong></span> <span class='ocrx_word' id='word_1_375' title='bbox 1628 3825 1713 3875; x_wconf 76' lang='lat' dir='ltr'><strong>est</strong></span> 
     </span>
    </p>
   </div>
   <div class='ocr_carea' id='block_1_48' title="bbox 145 3908 1711 3981">
    <p class='ocr_par' dir='ltr' id='par_1_48' title="bbox 145 3908 1711 3981">
     <span class='ocr_line' id='line_1_48' title="bbox 145 3908 1711 3981; baseline 0.001 -20"><span class='ocrx_word' id='word_1_376' title='bbox 145 3910 333 3981; x_wconf 83' lang='lat' dir='ltr'><strong>aliquid</strong></span> <span class='ocrx_word' id='word_1_377' title='bbox 367 3911 667 3976; x_wconf 83' lang='lat' dir='ltr'><strong>severitati,</strong></span> <span class='ocrx_word' id='word_1_378' title='bbox 694 3919 752 3964; x_wconf 91' lang='lat' dir='ltr'><strong>ut</strong></span> <span class='ocrx_word' id='word_1_379' title='bbox 777 3909 1076 3980; x_wconf 85' lang='lat' dir='ltr'><strong>majoribus</strong></span> <span class='ocrx_word' id='word_1_380' title='bbox 1104 3908 1262 3964; x_wconf 89' lang='lat' dir='ltr'><strong>malis</strong></span> <span class='ocrx_word' id='word_1_381' title='bbox 1297 3909 1555 3963; x_wconf 87' lang='lat' dir='ltr'><strong>sanandis</strong></span> <span class='ocrx_word' id='word_1_382' title='bbox 1578 3910 1711 3964; x_wconf 59' lang='lat' dir='ltr'><strong>chae</strong></span> 
     </span>
    </p>
   </div>
   <div class='ocr_carea' id='block_1_49' title="bbox 147 3999 1710 4071">
    <p class='ocr_par' dir='ltr' id='par_1_49' title="bbox 147 3999 1710 4071">
     <span class='ocr_line' id='line_1_49' title="bbox 147 3999 1710 4071; baseline 0.001 -17"><span class='ocrx_word' id='word_1_383' title='bbox 147 3999 265 4055; x_wconf 87' lang='lat' dir='ltr'><strong>ritas</strong></span> <span class='ocrx_word' id='word_1_384' title='bbox 300 4003 513 4059; x_wconf 91' lang='lat' dir='ltr'><strong>sincera</strong></span> <span class='ocrx_word' id='word_1_385' title='bbox 552 4001 864 4065; x_wconf 87' lang='lat' dir='ltr'><strong>subveniat;</strong></span> <span class='ocrx_word' id='word_1_386' title='bbox 889 4018 908 4051; x_wconf 70' lang='grc' dir='ltr'><strong><em>ι</em></strong></span> <span class='ocrx_word' id='word_1_387' title='bbox 950 4009 1005 4054; x_wconf 91' lang='lat' dir='ltr'><strong>et</strong></span> <span class='ocrx_word' id='word_1_388' title='bbox 1035 3999 1215 4054; x_wconf 91' lang='lat' dir='ltr'><strong>Leone</strong></span> <span class='ocrx_word' id='word_1_389' title='bbox 1249 3999 1423 4071; x_wconf 78' lang='lat' dir='ltr'><strong>(epist.</strong></span> <span class='ocrx_word' id='word_1_390' title='bbox 1449 3999 1538 4063; x_wconf 73' lang='lat'><strong>92,</strong></span> <span class='ocrx_word' id='word_1_391' title='bbox 1562 3999 1628 4053; x_wconf 90' lang='lat' dir='ltr'><strong>ad</strong></span> <span class='ocrx_word' id='word_1_392' title='bbox 1647 3999 1710 4055; x_wconf 79' lang='lat' dir='ltr'><strong>ﬁ-</strong></span> 
     </span>
    </p>
   </div>
   <div class='ocr_carea' id='block_1_50' title="bbox 147 4090 1710 4162">
    <p class='ocr_par' dir='ltr' id='par_1_50' title="bbox 147 4090 1710 4162">
     <span class='ocr_line' id='line_1_50' title="bbox 147 4090 1710 4162; baseline 0.001 -19"><span class='ocrx_word' id='word_1_393' title='bbox 147 4091 278 4160; x_wconf 88' lang='lat' dir='ltr'><strong>nem)</strong></span> <span class='ocrx_word' id='word_1_394' title='bbox 356 4094 424 4148; x_wconf 87' lang='lat' dir='ltr'><strong>ad</strong></span> <span class='ocrx_word' id='word_1_395' title='bbox 477 4092 762 4148; x_wconf 80' lang='lat' dir='ltr'><strong>Rusticum</strong></span> <span class='ocrx_word' id='word_1_396' title='bbox 807 4090 1214 4145; x_wconf 86' lang='lat' dir='ltr'><strong>Narbonensem</strong></span> <span class='ocrx_word' id='word_1_397' title='bbox 1268 4090 1582 4162; x_wconf 87' lang='lat' dir='ltr'><strong>episc0pum</strong></span> <span class='ocrx_word' id='word_1_398' title='bbox 1627 4091 1710 4144; x_wconf 91' lang='lat' dir='ltr'><strong>di-</strong></span> 
     </span>
    </p>
   </div>
   <div class='ocr_carea' id='block_1_51' title="bbox 149 4179 1709 4252">
    <p class='ocr_par' dir='ltr' id='par_1_51' title="bbox 149 4179 1709 4252">
     <span class='ocr_line' id='line_1_51' title="bbox 149 4179 1709 4252; baseline 0.002 -23"><span class='ocrx_word' id='word_1_399' title='bbox 149 4188 323 4234; x_wconf 87' lang='lat' dir='ltr'><strong>cente:</strong></span> <span class='ocrx_word' id='word_1_400' title='bbox 357 4202 373 4232; x_wconf 78' lang='grc' dir='ltr'>ι</span> <span class='ocrx_word' id='word_1_401' title='bbox 397 4181 553 4237; x_wconf 88' lang='lat' dir='ltr'><strong>Sicut</strong></span> <span class='ocrx_word' id='word_1_402' title='bbox 573 4182 821 4252; x_wconf 67' lang='lat' dir='ltr'><strong>quaedam</strong></span> <span class='ocrx_word' id='word_1_403' title='bbox 854 4188 1002 4245; x_wconf 91' lang='lat' dir='ltr'><strong>sunt,</strong></span> <span class='ocrx_word' id='word_1_404' title='bbox 1033 4194 1155 4249; x_wconf 76' lang='lat' dir='ltr'><strong>qua:</strong></span> <span class='ocrx_word' id='word_1_405' title='bbox 1191 4179 1337 4234; x_wconf 92' lang='lat' dir='ltr'><strong>nulla</strong></span> <span class='ocrx_word' id='word_1_406' title='bbox 1367 4187 1595 4249; x_wconf 89' lang='lat' dir='ltr'><strong>possunt</strong></span> <span class='ocrx_word' id='word_1_407' title='bbox 1621 4195 1709 4233; x_wconf 87' lang='lat' dir='ltr'><strong>ra-</strong></span> 
     </span>
    </p>
   </div>
   <div class='ocr_carea' id='block_1_52' title="bbox 148 4269 1710 4344">
    <p class='ocr_par' dir='ltr' id='par_1_52' title="bbox 148 4269 1710 4344">
     <span class='ocr_line' id='line_1_52' title="bbox 148 4269 1710 4344; baseline 0.005 -24"><span class='ocrx_word' id='word_1_408' title='bbox 148 4269 280 4326; x_wconf 89' lang='lat' dir='ltr'><strong>tione</strong></span> <span class='ocrx_word' id='word_1_409' title='bbox 322 4275 581 4343; x_wconf 86' lang='lat' dir='ltr'><strong>convelli,</strong></span> <span class='ocrx_word' id='word_1_410' title='bbox 623 4275 697 4328; x_wconf 90' lang='lat' dir='ltr'><strong>ita</strong></span> <span class='ocrx_word' id='word_1_411' title='bbox 747 4273 1005 4327; x_wconf 87' lang='lat' dir='ltr'><strong>nonnulla</strong></span> <span class='ocrx_word' id='word_1_412' title='bbox 1039 4270 1256 4344; x_wconf 89' lang='lat' dir='ltr'><strong>[multa]</strong></span> <span class='ocrx_word' id='word_1_413' title='bbox 1303 4279 1431 4326; x_wconf 91' lang='lat' dir='ltr'><strong>sunt</strong></span> <span class='ocrx_word' id='word_1_414' title='bbox 1461 4287 1582 4342; x_wconf 68' lang='lat' dir='ltr'><strong>qua:</strong></span> <span class='ocrx_word' id='word_1_415' title='bbox 1615 4281 1710 4328; x_wconf 91' lang='lat' dir='ltr'><strong>aut</strong></span> 
     </span>
    </p>
   </div>
   <div class='ocr_carea' id='block_1_53' title="bbox 149 4367 1705 4436">
    <p class='ocr_par' dir='ltr' id='par_1_53' title="bbox 149 4367 1705 4436">
     <span class='ocr_line' id='line_1_53' title="bbox 149 4367 1705 4436; baseline 0.005 -22"><span class='ocrx_word' id='word_1_416' title='bbox 149 4375 236 4429; x_wconf 86' lang='lat' dir='ltr'><strong>pro</strong></span> <span class='ocrx_word' id='word_1_417' title='bbox 255 4368 690 4423; x_wconf 89' lang='lat' dir='ltr'><strong>consideratione</strong></span> <span class='ocrx_word' id='word_1_418' title='bbox 715 4375 958 4431; x_wconf 78' lang='lat' dir='ltr'><strong>aetatum,</strong></span> <span class='ocrx_word' id='word_1_419' title='bbox 995 4374 1091 4420; x_wconf 91' lang='lat' dir='ltr'><strong>aut</strong></span> <span class='ocrx_word' id='word_1_420' title='bbox 1129 4381 1229 4436; x_wconf 92' lang='lat' dir='ltr'><strong>pro</strong></span> <span class='ocrx_word' id='word_1_421' title='bbox 1269 4367 1593 4421; x_wconf 87' lang='lat' dir='ltr'><strong>necessitate</strong></span> <span class='ocrx_word' id='word_1_422' title='bbox 1617 4382 1705 4422; x_wconf 91' lang='lat' dir='ltr'><strong>re-</strong></span> 
     </span>
    </p>
   </div>
   <div class='ocr_carea' id='block_1_54' title="bbox 149 4457 1705 4528">
    <p class='ocr_par' dir='ltr' id='par_1_54' title="bbox 149 4457 1705 4528">
     <span class='ocr_line' id='line_1_54' title="bbox 149 4457 1705 4528; baseline 0.004 -22"><span class='ocrx_word' id='word_1_423' title='bbox 149 4465 257 4506; x_wconf 86' lang='lat' dir='ltr'><strong>rum</strong></span> <span class='ocrx_word' id='word_1_424' title='bbox 281 4467 526 4526; x_wconf 88' lang='lat' dir='ltr'><strong>oporteat</strong></span> <span class='ocrx_word' id='word_1_425' title='bbox 551 4457 864 4528; x_wconf 87' lang='lat' dir='ltr'><strong>temperari,</strong></span> <span class='ocrx_word' id='word_1_426' title='bbox 899 4457 987 4510; x_wconf 91' lang='lat' dir='ltr'><strong>illa</strong></span> <span class='ocrx_word' id='word_1_427' title='bbox 1013 4472 1224 4527; x_wconf 90' lang='lat' dir='ltr'><strong>semper</strong></span> <span class='ocrx_word' id='word_1_428' title='bbox 1253 4457 1562 4512; x_wconf 89' lang='lat' dir='ltr'><strong>conditione</strong></span> <span class='ocrx_word' id='word_1_429' title='bbox 1586 4475 1705 4514; x_wconf 87' lang='lat' dir='ltr'><strong>ser-</strong></span> 
     </span>
    </p>
   </div>
   <div class='ocr_carea' id='block_1_55' title="bbox 1819 1982 2611 2052">
    <p class='ocr_par' dir='ltr' id='par_1_55' title="bbox 1819 1982 2611 2052">
     <span class='ocr_line' id='line_1_55' title="bbox 1819 1982 2611 2052; baseline 0 -16"><span class='ocrx_word' id='word_1_430' title='bbox 1819 1982 1995 2036; x_wconf 92' lang='lat' dir='ltr'><strong>tenuit</strong></span> <span class='ocrx_word' id='word_1_431' title='bbox 2023 1998 2237 2052; x_wconf 88' lang='lat' dir='ltr'><strong>semper</strong></span> <span class='ocrx_word' id='word_1_432' title='bbox 2256 1991 2309 2038; x_wconf 89' lang='lat' dir='ltr'><strong>et</strong></span> <span class='ocrx_word' id='word_1_433' title='bbox 2337 1983 2550 2038; x_wconf 89' lang='lat' dir='ltr'><strong>retinet.</strong></span> <span class='ocrx_word' id='word_1_434' title='bbox 2592 2001 2611 2036; x_wconf 69' lang='grc' dir='ltr'><strong><em>ι</em></strong></span> 
     </span>
    </p>
   </div>
   <div class='ocr_carea' id='block_1_56' title="bbox 1890 2123 3365 2202">
    <p class='ocr_par' dir='ltr' id='par_1_56' title="bbox 1890 2123 3365 2202">
     <span class='ocr_line' id='line_1_56' title="bbox 1890 2123 3365 2202; baseline 0.005 -24"><span class='ocrx_word' id='word_1_435' title='bbox 1890 2123 1957 2179; x_wconf 83' lang='grc' dir='ltr'>Ει</span> <span class='ocrx_word' id='word_1_436' title='bbox 1977 2126 2168 2182; x_wconf 89' lang='lat' dir='ltr'><strong>beatus</strong></span> <span class='ocrx_word' id='word_1_437' title='bbox 2193 2124 2438 2182; x_wconf 85' lang='lat' dir='ltr'><strong>Isidorus</strong></span> <span class='ocrx_word' id='word_1_438' title='bbox 2468 2127 2582 2196; x_wconf 75' lang='lat' dir='ltr'><strong>(lib.</strong></span> <span class='ocrx_word' id='word_1_439' title='bbox 2610 2143 2685 2193; x_wconf 83' lang='lat' dir='ltr'><strong>vt,</strong></span> <span class='ocrx_word' id='word_1_440' title='bbox 2711 2143 2757 2181; x_wconf 89' lang='lat' dir='ltr'><strong>c.</strong></span> <span class='ocrx_word' id='word_1_441' title='bbox 2785 2128 2872 2198; x_wconf 78' lang='lat' dir='ltr'><strong>l5)</strong></span> <span class='ocrx_word' id='word_1_442' title='bbox 2907 2138 3028 2198; x_wconf 85' lang='lat' dir='ltr'><strong>post</strong></span> <span class='ocrx_word' id='word_1_443' title='bbox 3067 2130 3365 2202; x_wconf 86' lang='lat' dir='ltr'><strong>descriptio</strong></span> 
     </span>
    </p>
   </div>
   <div class='ocr_carea' id='block_1_57' title="bbox 1819 2218 3396 2289">
    <p class='ocr_par' dir='ltr' id='par_1_57' title="bbox 1819 2218 3396 2289">
     <span class='ocr_line' id='line_1_57' title="bbox 1819 2218 3396 2289; baseline 0.004 -19"><span class='ocrx_word' id='word_1_444' title='bbox 1819 2231 1941 2270; x_wconf 90' lang='lat' dir='ltr'><strong>nem</strong></span> <span class='ocrx_word' id='word_1_445' title='bbox 1965 2219 2400 2272; x_wconf 88' lang='lat' dir='ltr'><strong>authenticarum</strong></span> <span class='ocrx_word' id='word_1_446' title='bbox 2430 2218 2860 2288; x_wconf 88' lang='lat' dir='ltr'><strong>Scripturarum,</strong></span> <span class='ocrx_word' id='word_1_447' title='bbox 2887 2230 2940 2275; x_wconf 91' lang='lat' dir='ltr'><strong>et</strong></span> <span class='ocrx_word' id='word_1_448' title='bbox 2972 2220 3220 2289; x_wconf 74' lang='lat' dir='ltr'><strong>Nicmme,</strong></span> <span class='ocrx_word' id='word_1_449' title='bbox 3249 2223 3396 2277; x_wconf 79' lang='lat' dir='ltr'><strong>Con~</strong></span> 
     </span>
    </p>
   </div>
   <div class='ocr_carea' id='block_1_58' title="bbox 1819 2309 3399 2385">
    <p class='ocr_par' dir='ltr' id='par_1_58' title="bbox 1819 2309 3399 2385">
     <span class='ocr_line' id='line_1_58' title="bbox 1819 2309 3399 2385; baseline 0.004 -23"><span class='ocrx_word' id='word_1_450' title='bbox 1819 2309 2315 2379; x_wconf 65' lang='lat' dir='ltr'><strong>stantinopolitana?</strong></span> <span class='ocrx_word' id='word_1_451' title='bbox 2339 2351 2353 2376; x_wconf 97' lang='lat'><strong>,</strong></span> <span class='ocrx_word' id='word_1_452' title='bbox 2388 2309 2674 2380; x_wconf 74' lang='lat' dir='ltr'><strong>Ephesinte</strong></span> <span class='ocrx_word' id='word_1_453' title='bbox 2697 2353 2712 2376; x_wconf 93' lang='lat'><strong>,</strong></span> <span class='ocrx_word' id='word_1_454' title='bbox 2759 2310 3220 2368; x_wconf 88' lang='lat' dir='ltr'><strong>Chalcedonensis</strong></span> <span class='ocrx_word' id='word_1_455' title='bbox 3257 2330 3399 2385; x_wconf 85' lang='lat' dir='ltr'><strong>quo-</strong></span> 
     </span>
    </p>
   </div>
   <div class='ocr_carea' id='block_1_59' title="bbox 1817 2401 3371 2473">
    <p class='ocr_par' dir='ltr' id='par_1_59' title="bbox 1817 2401 3371 2473">
     <span class='ocr_line' id='line_1_59' title="bbox 1817 2401 3371 2473; baseline 0.003 -18"><span class='ocrx_word' id='word_1_456' title='bbox 1817 2417 1924 2472; x_wconf 90' lang='lat' dir='ltr'><strong>que</strong></span> <span class='ocrx_word' id='word_1_457' title='bbox 1953 2402 2165 2473; x_wconf 82' lang='lat' dir='ltr'><strong>synodi,</strong></span> <span class='ocrx_word' id='word_1_458' title='bbox 2190 2402 2387 2457; x_wconf 72' lang='lat' dir='ltr'><strong>addidit</strong></span> <span class='ocrx_word' id='word_1_459' title='bbox 2411 2421 2422 2456; x_wconf 93' lang='lat'><strong>:</strong></span> <span class='ocrx_word' id='word_1_460' title='bbox 2454 2421 2470 2454; x_wconf 84' lang='grc'><strong>‹</strong></span> <span class='ocrx_word' id='word_1_461' title='bbox 2505 2401 2561 2456; x_wconf 89' lang='lat' dir='ltr'><strong>Si</strong></span> <span class='ocrx_word' id='word_1_462' title='bbox 2583 2419 2690 2472; x_wconf 89' lang='lat' dir='ltr'><strong>qua</strong></span> <span class='ocrx_word' id='word_1_463' title='bbox 2715 2412 2844 2458; x_wconf 89' lang='lat' dir='ltr'><strong>sunt</strong></span> <span class='ocrx_word' id='word_1_464' title='bbox 2865 2405 3092 2460; x_wconf 90' lang='lat' dir='ltr'><strong>concilia</strong></span> <span class='ocrx_word' id='word_1_465' title='bbox 3117 2421 3146 2459; x_wconf 94' lang='lat' dir='ltr'><strong>a</strong></span> <span class='ocrx_word' id='word_1_466' title='bbox 3173 2403 3272 2459; x_wconf 89' lang='lat' dir='ltr'><strong>SS.</strong></span> <span class='ocrx_word' id='word_1_467' title='bbox 3299 2404 3371 2460; x_wconf 83' lang='lat' dir='ltr'><strong>Pa</strong></span> 
     </span>
    </p>
   </div>
   <div class='ocr_carea' id='block_1_60' title="bbox 1818 2493 3399 2564">
    <p class='ocr_par' dir='ltr' id='par_1_60' title="bbox 1818 2493 3399 2564">
     <span class='ocr_line' id='line_1_60' title="bbox 1818 2493 3399 2564; baseline 0.002 -16"><span class='ocrx_word' id='word_1_468' title='bbox 1818 2493 1993 2548; x_wconf 89' lang='lat' dir='ltr'><strong>tribus</strong></span> <span class='ocrx_word' id='word_1_469' title='bbox 2022 2493 2290 2559; x_wconf 89' lang='lat' dir='ltr'><strong>instituta,</strong></span> <span class='ocrx_word' id='word_1_470' title='bbox 2316 2502 2438 2564; x_wconf 91' lang='lat' dir='ltr'><strong>post</strong></span> <span class='ocrx_word' id='word_1_471' title='bbox 2470 2494 2696 2549; x_wconf 90' lang='lat' dir='ltr'><strong>istarum</strong></span> <span class='ocrx_word' id='word_1_472' title='bbox 2721 2511 2775 2548; x_wconf 82' lang='lat' dir='ltr'><strong>IV</strong></span> <span class='ocrx_word' id='word_1_473' title='bbox 2805 2496 3274 2562; x_wconf 87' lang='lat' dir='ltr'><strong>auctoritatem,et</strong></span> <span class='ocrx_word' id='word_1_474' title='bbox 3303 2512 3399 2552; x_wconf 83' lang='lat' dir='ltr'><strong>cu-</strong></span> 
     </span>
    </p>
   </div>
   <div class='ocr_carea' id='block_1_61' title="bbox 1817 2584 3391 2655">
    <p class='ocr_par' dir='ltr' id='par_1_61' title="bbox 1817 2584 3391 2655">
     <span class='ocr_line' id='line_1_61' title="bbox 1817 2584 3391 2655; baseline 0.002 -16"><span class='ocrx_word' id='word_1_475' title='bbox 1817 2584 2100 2640; x_wconf 77' lang='lat' dir='ltr'><strong>stodienda</strong></span> <span class='ocrx_word' id='word_1_476' title='bbox 2129 2594 2184 2640; x_wconf 90' lang='lat' dir='ltr'><strong>et</strong></span> <span class='ocrx_word' id='word_1_477' title='bbox 2213 2586 2520 2655; x_wconf 87' lang='lat' dir='ltr'><strong>recipienda</strong></span> <span class='ocrx_word' id='word_1_478' title='bbox 2551 2586 2916 2642; x_wconf 88' lang='lat' dir='ltr'><strong>decrevimus.</strong></span> <span class='ocrx_word' id='word_1_479' title='bbox 2973 2605 2990 2638; x_wconf 76' lang='grc' dir='ltr'><strong><em>ι</em></strong></span> <span class='ocrx_word' id='word_1_480' title='bbox 3036 2586 3174 2641; x_wconf 86' lang='lat' dir='ltr'><strong>llinc</strong></span> <span class='ocrx_word' id='word_1_481' title='bbox 3206 2597 3258 2642; x_wconf 92' lang='lat' dir='ltr'><strong>et</strong></span> <span class='ocrx_word' id='word_1_482' title='bbox 3287 2589 3391 2642; x_wconf 80' lang='lat' dir='ltr'><strong>Au-</strong></span> 
     </span>
    </p>
   </div>
   <div class='ocr_carea' id='block_1_62' title="bbox 1817 2676 3393 2748">
    <p class='ocr_par' dir='ltr' id='par_1_62' title="bbox 1817 2676 3393 2748">
     <span class='ocr_line' id='line_1_62' title="bbox 1817 2676 3393 2748; baseline 0.001 -17"><span class='ocrx_word' id='word_1_483' title='bbox 1817 2678 2070 2748; x_wconf 77' lang='lat' dir='ltr'><strong>gustinus</strong></span> <span class='ocrx_word' id='word_1_484' title='bbox 2098 2676 2174 2731; x_wconf 85' lang='lat' dir='ltr'><strong>De</strong></span> <span class='ocrx_word' id='word_1_485' title='bbox 2201 2693 2328 2731; x_wconf 90' lang='lat' dir='ltr'><strong>vera</strong></span> <span class='ocrx_word' id='word_1_486' title='bbox 2361 2678 2622 2748; x_wconf 84' lang='lat' dir='ltr'><strong>religione</strong></span> <span class='ocrx_word' id='word_1_487' title='bbox 2671 2678 2826 2745; x_wconf 88' lang='lat' dir='ltr'><strong>(tom.</strong></span> <span class='ocrx_word' id='word_1_488' title='bbox 2874 2677 2894 2731; x_wconf 83' lang='grc' dir='ltr'><strong>Ι</strong></span> <span class='ocrx_word' id='word_1_489' title='bbox 2937 2678 3187 2748; x_wconf 77' lang='lat' dir='ltr'><strong>Operam)</strong></span> <span class='ocrx_word' id='word_1_490' title='bbox 3217 2679 3346 2732; x_wconf 87' lang='lat' dir='ltr'><strong>dicit</strong></span> <span class='ocrx_word' id='word_1_491' title='bbox 3381 2697 3393 2732; x_wconf 92' lang='lat'>:</span> 
     </span>
    </p>
   </div>
   <div class='ocr_carea' id='block_1_63' title="bbox 1823 2765 3388 2838">
    <p class='ocr_par' dir='ltr' id='par_1_63' title="bbox 1823 2765 3388 2838">
     <span class='ocr_line' id='line_1_63' title="bbox 1823 2765 3388 2838; baseline 0.003 -20"><span class='ocrx_word' id='word_1_492' title='bbox 1823 2785 1840 2818; x_wconf 76' lang='grc' dir='ltr'>ι</span> <span class='ocrx_word' id='word_1_493' title='bbox 1871 2765 2152 2820; x_wconf 68' lang='grc' dir='ltr'><strong>ΑΒιει-ηειῐιι</strong></span> <span class='ocrx_word' id='word_1_494' title='bbox 2198 2767 2371 2836; x_wconf 87' lang='lat' dir='ltr'><strong>legem</strong></span> <span class='ocrx_word' id='word_1_495' title='bbox 2409 2767 2629 2822; x_wconf 91' lang='lat' dir='ltr'><strong>mundis</strong></span> <span class='ocrx_word' id='word_1_496' title='bbox 2693 2768 2893 2823; x_wconf 89' lang='lat' dir='ltr'><strong>animis</strong></span> <span class='ocrx_word' id='word_1_497' title='bbox 2935 2768 3017 2822; x_wconf 89' lang='lat' dir='ltr'><strong>fas</strong></span> <span class='ocrx_word' id='word_1_498' title='bbox 3060 2777 3145 2823; x_wconf 92' lang='lat' dir='ltr'><strong>est</strong></span> <span class='ocrx_word' id='word_1_499' title='bbox 3187 2785 3388 2838; x_wconf 82' lang='lat' dir='ltr'><strong>cogno-</strong></span> 
     </span>
    </p>
   </div>
   <div class='ocr_carea' id='block_1_64' title="bbox 1816 2857 3390 2930">
    <p class='ocr_par' dir='ltr' id='par_1_64' title="bbox 1816 2857 3390 2930">
     <span class='ocr_line' id='line_1_64' title="bbox 1816 2857 3390 2930; baseline 0.002 -17"><span class='ocrx_word' id='word_1_500' title='bbox 1816 2873 2000 2924; x_wconf 84' lang='lat' dir='ltr'><strong>scere,</strong></span> <span class='ocrx_word' id='word_1_501' title='bbox 2025 2872 2135 2912; x_wconf 93' lang='lat' dir='ltr'><strong>non</strong></span> <span class='ocrx_word' id='word_1_502' title='bbox 2165 2866 2249 2912; x_wconf 91' lang='lat' dir='ltr'><strong>est</strong></span> <span class='ocrx_word' id='word_1_503' title='bbox 2276 2857 2360 2912; x_wconf 90' lang='lat' dir='ltr'><strong>fas</strong></span> <span class='ocrx_word' id='word_1_504' title='bbox 2383 2859 2649 2928; x_wconf 89' lang='lat' dir='ltr'><strong>judicare.</strong></span> <span class='ocrx_word' id='word_1_505' title='bbox 2684 2879 2702 2910; x_wconf 76' lang='grc' dir='ltr'><strong><em>ι</em></strong></span> <span class='ocrx_word' id='word_1_506' title='bbox 2742 2858 2798 2913; x_wconf 89' lang='lat' dir='ltr'><strong>In</strong></span> <span class='ocrx_word' id='word_1_507' title='bbox 2831 2859 2950 2915; x_wconf 90' lang='lat' dir='ltr'><strong>istis</strong></span> <span class='ocrx_word' id='word_1_508' title='bbox 2977 2869 3158 2914; x_wconf 91' lang='lat' dir='ltr'><strong>autem</strong></span> <span class='ocrx_word' id='word_1_509' title='bbox 3193 2869 3390 2930; x_wconf 85' lang='lat' dir='ltr'><strong>tempo-</strong></span> 
     </span>
    </p>
   </div>
   <div class='ocr_carea' id='block_1_65' title="bbox 1816 2949 3392 3021">
    <p class='ocr_par' dir='ltr' id='par_1_65' title="bbox 1816 2949 3392 3021">
     <span class='ocr_line' id='line_1_65' title="bbox 1816 2949 3392 3021; baseline 0 -17"><span class='ocrx_word' id='word_1_510' title='bbox 1816 2949 2023 3004; x_wconf 87' lang='lat' dir='ltr'><strong>ralibus</strong></span> <span class='ocrx_word' id='word_1_511' title='bbox 2052 2949 2280 3021; x_wconf 90' lang='lat' dir='ltr'><strong>legibus,</strong></span> <span class='ocrx_word' id='word_1_512' title='bbox 2306 2965 2618 3020; x_wconf 90' lang='lat' dir='ltr'><strong>quanquam</strong></span> <span class='ocrx_word' id='word_1_513' title='bbox 2646 2949 2712 3004; x_wconf 92' lang='lat' dir='ltr'><strong>de</strong></span> <span class='ocrx_word' id='word_1_514' title='bbox 2741 2950 2824 3004; x_wconf 87' lang='lat' dir='ltr'><strong>bis</strong></span> <span class='ocrx_word' id='word_1_515' title='bbox 2854 2950 3104 3006; x_wconf 89' lang='lat' dir='ltr'><strong>homines</strong></span> <span class='ocrx_word' id='word_1_516' title='bbox 3128 2951 3392 3020; x_wconf 86' lang='lat' dir='ltr'><strong>judicent,</strong></span> 
     </span>
    </p>
   </div>
   <div class='ocr_carea' id='block_1_66' title="bbox 1815 3040 3396 3107">
    <p class='ocr_par' dir='ltr' id='par_1_66' title="bbox 1815 3040 3396 3107">
     <span class='ocr_line' id='line_1_66' title="bbox 1815 3040 3396 3107; baseline 0.002 -14"><span class='ocrx_word' id='word_1_517' title='bbox 1815 3057 1938 3095; x_wconf 76' lang='lat' dir='ltr'><strong>cum</strong></span> <span class='ocrx_word' id='word_1_518' title='bbox 1963 3056 2058 3095; x_wconf 90' lang='lat' dir='ltr'><strong>eas</strong></span> <span class='ocrx_word' id='word_1_519' title='bbox 2085 3041 2397 3106; x_wconf 91' lang='lat' dir='ltr'><strong>instituunt,</strong></span> <span class='ocrx_word' id='word_1_520' title='bbox 2435 3050 2572 3107; x_wconf 91' lang='lat' dir='ltr'><strong>tum,</strong></span> <span class='ocrx_word' id='word_1_521' title='bbox 2607 3057 2731 3096; x_wconf 94' lang='lat' dir='ltr'><strong>cum</strong></span> <span class='ocrx_word' id='word_1_522' title='bbox 2776 3040 2981 3096; x_wconf 83' lang='lat' dir='ltr'><strong>fuerint</strong></span> <span class='ocrx_word' id='word_1_523' title='bbox 3018 3042 3277 3096; x_wconf 76' lang='lat' dir='ltr'><strong>instituta:</strong></span> <span class='ocrx_word' id='word_1_524' title='bbox 3313 3051 3396 3096; x_wconf 83' lang='lat' dir='ltr'><strong>at-</strong></span> 
     </span>
    </p>
   </div>
   <div class='ocr_carea' id='block_1_67' title="bbox 1814 3133 3392 3205">
    <p class='ocr_par' dir='ltr' id='par_1_67' title="bbox 1814 3133 3392 3205">
     <span class='ocr_line' id='line_1_67' title="bbox 1814 3133 3392 3205; baseline 0.001 -17"><span class='ocrx_word' id='word_1_525' title='bbox 1814 3149 1922 3204; x_wconf 82' lang='lat' dir='ltr'><strong>que</strong></span> <span class='ocrx_word' id='word_1_526' title='bbox 1947 3136 2192 3199; x_wconf 60' lang='lat' dir='ltr'><strong>ﬁrmatae,</strong></span> <span class='ocrx_word' id='word_1_527' title='bbox 2221 3149 2330 3188; x_wconf 90' lang='lat' dir='ltr'><strong>non</strong></span> <span class='ocrx_word' id='word_1_528' title='bbox 2357 3133 2537 3188; x_wconf 89' lang='lat' dir='ltr'><strong>licebit</strong></span> <span class='ocrx_word' id='word_1_529' title='bbox 2557 3134 2729 3203; x_wconf 92' lang='lat' dir='ltr'><strong>judiei</strong></span> <span class='ocrx_word' id='word_1_530' title='bbox 2752 3134 2819 3190; x_wconf 89' lang='lat' dir='ltr'><strong>de</strong></span> <span class='ocrx_word' id='word_1_531' title='bbox 2849 3134 2982 3205; x_wconf 85' lang='lat' dir='ltr'><strong>ipsis</strong></span> <span class='ocrx_word' id='word_1_532' title='bbox 3002 3135 3267 3205; x_wconf 91' lang='lat' dir='ltr'><strong>judicare,</strong></span> <span class='ocrx_word' id='word_1_533' title='bbox 3299 3137 3392 3190; x_wconf 90' lang='lat' dir='ltr'><strong>sed</strong></span> 
     </span>
    </p>
   </div>
   <div class='ocr_carea' id='block_1_68' title="bbox 1816 3225 3394 3300">
    <p class='ocr_par' dir='ltr' id='par_1_68' title="bbox 1816 3225 3394 3300">
     <span class='ocr_line' id='line_1_68' title="bbox 1816 3225 3394 3300; baseline -0.001 -16"><span class='ocrx_word' id='word_1_534' title='bbox 1816 3229 2115 3284; x_wconf 89' lang='lat' dir='ltr'><strong>secundum</strong></span> <span class='ocrx_word' id='word_1_535' title='bbox 2169 3227 2338 3297; x_wconf 89' lang='lat' dir='ltr'><strong>ipsas.</strong></span> <span class='ocrx_word' id='word_1_536' title='bbox 2395 3227 2461 3282; x_wconf 85' lang='lat' dir='ltr'><strong>Et</strong></span> <span class='ocrx_word' id='word_1_537' title='bbox 2488 3243 2584 3296; x_wconf 92' lang='lat' dir='ltr'><strong>per</strong></span> <span class='ocrx_word' id='word_1_538' title='bbox 2635 3225 3093 3300; x_wconf 81' lang='lat' dir='ltr'><strong>Carthaginenses</strong></span> <span class='ocrx_word' id='word_1_539' title='bbox 3157 3243 3394 3282; x_wconf 85' lang='lat' dir='ltr'><strong>canones</strong></span> 
     </span>
    </p>
   </div>
   <div class='ocr_carea' id='block_1_69' title="bbox 1815 3318 3393 3390">
    <p class='ocr_par' dir='ltr' id='par_1_69' title="bbox 1815 3318 3393 3390">
     <span class='ocr_line' id='line_1_69' title="bbox 1815 3318 3393 3390; baseline -0.001 -15"><span class='ocrx_word' id='word_1_540' title='bbox 1815 3321 2016 3376; x_wconf 89' lang='lat' dir='ltr'><strong>dicitur</strong></span> <span class='ocrx_word' id='word_1_541' title='bbox 2045 3339 2056 3374; x_wconf 92' lang='lat'>:</span> <span class='ocrx_word' id='word_1_542' title='bbox 2094 3338 2113 3372; x_wconf 85' lang='grc'><strong>‹</strong></span> <span class='ocrx_word' id='word_1_543' title='bbox 2143 3319 2275 3387; x_wconf 62' lang='lat' dir='ltr'><strong>Quae</strong></span> <span class='ocrx_word' id='word_1_544' title='bbox 2300 3319 2382 3374; x_wconf 92' lang='lat' dir='ltr'><strong>vel</strong></span> <span class='ocrx_word' id='word_1_545' title='bbox 2410 3318 2572 3385; x_wconf 87' lang='lat' dir='ltr'><strong>facta,</strong></span> <span class='ocrx_word' id='word_1_546' title='bbox 2598 3319 2682 3374; x_wconf 90' lang='lat' dir='ltr'><strong>vel</strong></span> <span class='ocrx_word' id='word_1_547' title='bbox 2705 3319 2848 3374; x_wconf 89' lang='lat' dir='ltr'><strong>dicta</strong></span> <span class='ocrx_word' id='word_1_548' title='bbox 2872 3319 3124 3389; x_wconf 90' lang='lat' dir='ltr'><strong>superius</strong></span> <span class='ocrx_word' id='word_1_549' title='bbox 3149 3335 3393 3390; x_wconf 86' lang='lat' dir='ltr'><strong>compre-</strong></span> 
     </span>
    </p>
   </div>
   <div class='ocr_carea' id='block_1_70' title="bbox 1819 3409 3394 3480">
    <p class='ocr_par' dir='ltr' id='par_1_70' title="bbox 1819 3409 3394 3480">
     <span class='ocr_line' id='line_1_70' title="bbox 1819 3409 3394 3480; baseline 0 -15"><span class='ocrx_word' id='word_1_550' title='bbox 1819 3412 1984 3466; x_wconf 90' lang='lat' dir='ltr'><strong>hensa</strong></span> <span class='ocrx_word' id='word_1_551' title='bbox 2015 3419 2164 3477; x_wconf 90' lang='lat' dir='ltr'><strong>sunt,</strong></span> <span class='ocrx_word' id='word_1_552' title='bbox 2210 3411 2295 3466; x_wconf 94' lang='lat' dir='ltr'><strong>vel</strong></span> <span class='ocrx_word' id='word_1_553' title='bbox 2342 3411 2410 3466; x_wconf 90' lang='lat' dir='ltr'><strong>ab</strong></span> <span class='ocrx_word' id='word_1_554' title='bbox 2457 3411 2580 3466; x_wconf 91' lang='lat' dir='ltr'><strong>aliis</strong></span> <span class='ocrx_word' id='word_1_555' title='bbox 2610 3411 2858 3466; x_wconf 92' lang='lat' dir='ltr'><strong>conciliis</strong></span> <span class='ocrx_word' id='word_1_556' title='bbox 2898 3409 3226 3480; x_wconf 88' lang='lat' dir='ltr'><strong>conscripta,</strong></span> <span class='ocrx_word' id='word_1_557' title='bbox 3271 3427 3394 3480; x_wconf 67' lang='lat' dir='ltr'><strong>quae</strong></span> 
     </span>
    </p>
   </div>
   <div class='ocr_carea' id='block_1_71' title="bbox 1815 3502 3386 3575">
    <p class='ocr_par' dir='ltr' id='par_1_71' title="bbox 1815 3502 3386 3575">
     <span class='ocr_line' id='line_1_71' title="bbox 1815 3502 3386 3575; baseline -0.002 -17"><span class='ocrx_word' id='word_1_558' title='bbox 1815 3505 2113 3559; x_wconf 89' lang='lat' dir='ltr'><strong>secundum</strong></span> <span class='ocrx_word' id='word_1_559' title='bbox 2138 3505 2307 3575; x_wconf 83' lang='lat' dir='ltr'><strong>legem</strong></span> <span class='ocrx_word' id='word_1_560' title='bbox 2333 3503 2704 3568; x_wconf 84' lang='lat' dir='ltr'><strong>inveniuntur,</strong></span> <span class='ocrx_word' id='word_1_561' title='bbox 2734 3502 3008 3558; x_wconf 88' lang='lat' dir='ltr'><strong>custodire</strong></span> <span class='ocrx_word' id='word_1_562' title='bbox 3031 3519 3130 3557; x_wconf 92' lang='lat' dir='ltr'><strong>nos</strong></span> <span class='ocrx_word' id='word_1_563' title='bbox 3154 3509 3386 3572; x_wconf 89' lang='lat' dir='ltr'><strong>oportet.</strong></span> 
     </span>
    </p>
   </div>
   <div class='ocr_carea' id='block_1_72' title="bbox 1817 3594 3391 3666">
    <p class='ocr_par' dir='ltr' id='par_1_72' title="bbox 1817 3594 3391 3666">
     <span class='ocr_line' id='line_1_72' title="bbox 1817 3594 3391 3666; baseline -0.001 -17"><span class='ocrx_word' id='word_1_564' title='bbox 1817 3594 1873 3650; x_wconf 90' lang='lat' dir='ltr'><strong>Si</strong></span> <span class='ocrx_word' id='word_1_565' title='bbox 1916 3596 2040 3666; x_wconf 90' lang='lat' dir='ltr'><strong>quis</strong></span> <span class='ocrx_word' id='word_1_566' title='bbox 2069 3611 2198 3650; x_wconf 87' lang='lat' dir='ltr'><strong>vero</strong></span> <span class='ocrx_word' id='word_1_567' title='bbox 2229 3605 2432 3650; x_wconf 88' lang='lat' dir='ltr'><strong>statuta</strong></span> <span class='ocrx_word' id='word_1_568' title='bbox 2481 3611 2872 3665; x_wconf 81' lang='lat' dir='ltr'><strong>supergressus</strong></span> <span class='ocrx_word' id='word_1_569' title='bbox 2918 3595 3260 3664; x_wconf 88' lang='lat' dir='ltr'><strong>corruperit,</strong></span> <span class='ocrx_word' id='word_1_570' title='bbox 3306 3595 3391 3649; x_wconf 91' lang='lat' dir='ltr'><strong>vel</strong></span> 
     </span>
    </p>
   </div>
   <div class='ocr_carea' id='block_1_73' title="bbox 1815 3686 3390 3757">
    <p class='ocr_par' dir='ltr' id='par_1_73' title="bbox 1815 3686 3390 3757">
     <span class='ocr_line' id='line_1_73' title="bbox 1815 3686 3390 3757; baseline -0.001 -15"><span class='ocrx_word' id='word_1_571' title='bbox 1815 3702 1914 3757; x_wconf 89' lang='lat' dir='ltr'><strong>pro</strong></span> <span class='ocrx_word' id='word_1_572' title='bbox 1943 3687 2112 3742; x_wconf 90' lang='lat' dir='ltr'><strong>nihilo</strong></span> <span class='ocrx_word' id='word_1_573' title='bbox 2144 3687 2390 3744; x_wconf 88' lang='lat' dir='ltr'><strong>habenda</strong></span> <span class='ocrx_word' id='word_1_574' title='bbox 2419 3687 2726 3756; x_wconf 70' lang='lat' dir='ltr'><strong>putwerit:</strong></span> <span class='ocrx_word' id='word_1_575' title='bbox 2758 3687 2801 3741; x_wconf 90' lang='lat' dir='ltr'><strong>si</strong></span> <span class='ocrx_word' id='word_1_576' title='bbox 2832 3686 3004 3742; x_wconf 88' lang='lat' dir='ltr'><strong>laicus</strong></span> <span class='ocrx_word' id='word_1_577' title='bbox 3019 3695 3122 3754; x_wconf 89' lang='lat' dir='ltr'><strong>est,</strong></span> <span class='ocrx_word' id='word_1_578' title='bbox 3144 3702 3390 3741; x_wconf 86' lang='lat' dir='ltr'><strong>commu-</strong></span> 
     </span>
    </p>
   </div>
   <div class='ocr_carea' id='block_1_74' title="bbox 1813 3779 2926 3849">
    <p class='ocr_par' dir='ltr' id='par_1_74' title="bbox 1813 3779 2926 3849">
     <span class='ocr_line' id='line_1_74' title="bbox 1813 3779 2926 3849; baseline -0.003 -15"><span class='ocrx_word' id='word_1_579' title='bbox 1813 3780 1997 3846; x_wconf 89' lang='lat' dir='ltr'><strong>nione;</strong></span> <span class='ocrx_word' id='word_1_580' title='bbox 2026 3780 2073 3835; x_wconf 90' lang='lat' dir='ltr'><strong>si</strong></span> <span class='ocrx_word' id='word_1_581' title='bbox 2105 3780 2356 3846; x_wconf 89' lang='lat' dir='ltr'><strong>clericus,</strong></span> <span class='ocrx_word' id='word_1_582' title='bbox 2397 3779 2606 3832; x_wconf 88' lang='lat' dir='ltr'><strong>honore</strong></span> <span class='ocrx_word' id='word_1_583' title='bbox 2634 3779 2926 3849; x_wconf 65' lang='lat' dir='ltr'><strong>privetur.)</strong></span> 
     </span>
    </p>
   </div>
   <div class='ocr_carea' id='block_1_75' title="bbox 1883 3911 3388 3983">
    <p class='ocr_par' dir='ltr' id='par_1_75' title="bbox 1883 3911 3388 3983">
     <span class='ocr_line' id='line_1_75' title="bbox 1883 3911 3388 3983; baseline 0.001 -17"><span class='ocrx_word' id='word_1_584' title='bbox 1883 3911 1980 3969; x_wconf 86' lang='lat' dir='ltr'><strong>llis</strong></span> <span class='ocrx_word' id='word_1_585' title='bbox 2019 3914 2084 3969; x_wconf 91' lang='lat' dir='ltr'><strong>de</strong></span> <span class='ocrx_word' id='word_1_586' title='bbox 2119 3914 2328 3983; x_wconf 88' lang='lat' dir='ltr'><strong>judicio</strong></span> <span class='ocrx_word' id='word_1_587' title='bbox 2354 3929 2504 3982; x_wconf 69' lang='lat' dir='ltr'><strong>papae</strong></span> <span class='ocrx_word' id='word_1_588' title='bbox 2533 3912 2812 3983; x_wconf 89' lang='lat' dir='ltr'><strong>responsis</strong></span> <span class='ocrx_word' id='word_1_589' title='bbox 2836 3955 2850 3978; x_wconf 90' lang='lat'><strong>,</strong></span> <span class='ocrx_word' id='word_1_590' title='bbox 2885 3929 2984 3983; x_wconf 87' lang='lat' dir='ltr'><strong>pro</strong></span> <span class='ocrx_word' id='word_1_591' title='bbox 3012 3929 3130 3968; x_wconf 90' lang='lat' dir='ltr'><strong>mea</strong></span> <span class='ocrx_word' id='word_1_592' title='bbox 3160 3912 3388 3968; x_wconf 89' lang='lat' dir='ltr'><strong>stultitia</strong></span> 
     </span>
    </p>
   </div>
   <div class='ocr_carea' id='block_1_76' title="bbox 1811 4003 3388 4074">
    <p class='ocr_par' dir='ltr' id='par_1_76' title="bbox 1811 4003 3388 4074">
     <span class='ocr_line' id='line_1_76' title="bbox 1811 4003 3388 4074; baseline -0.003 -14"><span class='ocrx_word' id='word_1_593' title='bbox 1811 4013 1936 4069; x_wconf 70' lang='lat' dir='ltr'><strong>tute,</strong></span> <span class='ocrx_word' id='word_1_594' title='bbox 1978 4004 2153 4070; x_wconf 87' lang='lat' dir='ltr'><strong>Pater,</strong></span> <span class='ocrx_word' id='word_1_595' title='bbox 2194 4004 2427 4074; x_wconf 88' lang='lat' dir='ltr'><strong>jussioni</strong></span> <span class='ocrx_word' id='word_1_596' title='bbox 2465 4005 2626 4057; x_wconf 92' lang='lat' dir='ltr'><strong>liceat</strong></span> <span class='ocrx_word' id='word_1_597' title='bbox 2651 4019 2756 4068; x_wconf 91' lang='lat' dir='ltr'><strong>me,</strong></span> <span class='ocrx_word' id='word_1_598' title='bbox 2785 4011 3075 4072; x_wconf 83' lang='lat' dir='ltr'><strong>antequam</strong></span> <span class='ocrx_word' id='word_1_599' title='bbox 3109 4003 3175 4057; x_wconf 94' lang='lat' dir='ltr'><strong>de</strong></span> <span class='ocrx_word' id='word_1_600' title='bbox 3209 4003 3388 4057; x_wconf 89' lang='lat' dir='ltr'><strong>Simo-</strong></span> 
     </span>
    </p>
   </div>
   <div class='ocr_carea' id='block_1_77' title="bbox 1809 4092 3386 4162">
    <p class='ocr_par' dir='ltr' id='par_1_77' title="bbox 1809 4092 3386 4162">
     <span class='ocr_line' id='line_1_77' title="bbox 1809 4092 3386 4162; baseline 0 -14"><span class='ocrx_word' id='word_1_601' title='bbox 1809 4092 1982 4148; x_wconf 86' lang='lat' dir='ltr'><strong>niaeis</strong></span> <span class='ocrx_word' id='word_1_602' title='bbox 2007 4102 2059 4146; x_wconf 89' lang='lat' dir='ltr'><strong>et</strong></span> <span class='ocrx_word' id='word_1_603' title='bbox 2075 4093 2560 4147; x_wconf 81' lang='lat' dir='ltr'><strong>excommunicatis</strong></span> <span class='ocrx_word' id='word_1_604' title='bbox 2586 4093 2966 4161; x_wconf 86' lang='lat' dir='ltr'><strong>respondeam,</strong></span> <span class='ocrx_word' id='word_1_605' title='bbox 2991 4093 3238 4162; x_wconf 69' lang='lat' dir='ltr'><strong>quaedam</strong></span> <span class='ocrx_word' id='word_1_606' title='bbox 3262 4108 3386 4162; x_wconf 62' lang='lat' dir='ltr'><strong>quae</strong></span> 
     </span>
    </p>
   </div>
   <div class='ocr_carea' id='block_1_78' title="bbox 1809 4182 3386 4254">
    <p class='ocr_par' dir='ltr' id='par_1_78' title="bbox 1809 4182 3386 4254">
     <span class='ocr_line' id='line_1_78' title="bbox 1809 4182 3386 4254; baseline 0.001 -17"><span class='ocrx_word' id='word_1_607' title='bbox 1809 4199 1912 4239; x_wconf 87' lang='lat' dir='ltr'><strong>nos</strong></span> <span class='ocrx_word' id='word_1_608' title='bbox 1957 4183 2140 4238; x_wconf 57' lang='lat' dir='ltr'><strong>idiotas</strong></span> <span class='ocrx_word' id='word_1_609' title='bbox 2181 4183 2436 4252; x_wconf 89' lang='lat' dir='ltr'><strong>utrinque</strong></span> <span class='ocrx_word' id='word_1_610' title='bbox 2475 4182 2811 4236; x_wconf 87' lang='lat' dir='ltr'><strong>conferimus</strong></span> <span class='ocrx_word' id='word_1_611' title='bbox 2843 4195 3018 4237; x_wconf 90' lang='lat' dir='ltr'><strong>tecum</strong></span> <span class='ocrx_word' id='word_1_612' title='bbox 3051 4184 3258 4254; x_wconf 81' lang='lat' dir='ltr'><strong>agendo</strong></span> <span class='ocrx_word' id='word_1_613' title='bbox 3291 4184 3386 4238; x_wconf 82' lang='lat' dir='ltr'><strong>de-</strong></span> 
     </span>
    </p>
   </div>
   <div class='ocr_carea' id='block_1_79' title="bbox 1809 4272 3386 4346">
    <p class='ocr_par' dir='ltr' id='par_1_79' title="bbox 1809 4272 3386 4346">
     <span class='ocr_line' id='line_1_79' title="bbox 1809 4272 3386 4346; baseline -0.001 -18"><span class='ocrx_word' id='word_1_614' title='bbox 1809 4275 2003 4330; x_wconf 92' lang='lat' dir='ltr'><strong>liciari.</strong></span> <span class='ocrx_word' id='word_1_615' title='bbox 2051 4274 2286 4329; x_wconf 89' lang='lat' dir='ltr'><strong>Persona</strong></span> <span class='ocrx_word' id='word_1_616' title='bbox 2327 4274 2493 4346; x_wconf 86' lang='lat' dir='ltr'><strong>igitur</strong></span> <span class='ocrx_word' id='word_1_617' title='bbox 2516 4273 2798 4342; x_wconf 87' lang='lat' dir='ltr'><strong>apostolici</strong></span> <span class='ocrx_word' id='word_1_618' title='bbox 2825 4272 2990 4344; x_wconf 84' lang='lat' dir='ltr'><strong>exigit</strong></span> <span class='ocrx_word' id='word_1_619' title='bbox 3026 4273 3096 4327; x_wconf 89' lang='lat' dir='ltr'><strong>ab</strong></span> <span class='ocrx_word' id='word_1_620' title='bbox 3125 4288 3190 4326; x_wconf 90' lang='lat' dir='ltr'><strong>eo</strong></span> <span class='ocrx_word' id='word_1_621' title='bbox 3235 4281 3295 4325; x_wconf 90' lang='lat' dir='ltr'><strong>ut</strong></span> <span class='ocrx_word' id='word_1_622' title='bbox 3337 4272 3386 4327; x_wconf 86' lang='lat' dir='ltr'><strong>si</strong></span> 
     </span>
    </p>
   </div>
   <div class='ocr_carea' id='block_1_80' title="bbox 1808 4363 3384 4436">
    <p class='ocr_par' dir='ltr' id='par_1_80' title="bbox 1808 4363 3384 4436">
     <span class='ocr_line' id='line_1_80' title="bbox 1808 4363 3384 4436; baseline -0.001 -14"><span class='ocrx_word' id='word_1_623' title='bbox 1808 4365 2063 4422; x_wconf 65' lang='lat' dir='ltr'><strong>Ecclesiae</strong></span> <span class='ocrx_word' id='word_1_624' title='bbox 2089 4381 2211 4436; x_wconf 67' lang='lat' dir='ltr'><strong>quae</strong></span> <span class='ocrx_word' id='word_1_625' title='bbox 2254 4382 2312 4420; x_wconf 90' lang='lat' dir='ltr'><strong>se</strong></span> <span class='ocrx_word' id='word_1_626' title='bbox 2346 4380 2448 4420; x_wconf 91' lang='lat' dir='ltr'><strong>suo</strong></span> <span class='ocrx_word' id='word_1_627' title='bbox 2477 4364 2706 4419; x_wconf 89' lang='lat' dir='ltr'><strong>credidit</strong></span> <span class='ocrx_word' id='word_1_628' title='bbox 2735 4364 3040 4434; x_wconf 89' lang='lat' dir='ltr'><strong>patrocinio</strong></span> <span class='ocrx_word' id='word_1_629' title='bbox 3071 4363 3384 4420; x_wconf 90' lang='lat' dir='ltr'><strong>consultum</strong></span> 
     </span>
    </p>
   </div>
   <div class='ocr_carea' id='block_1_81' title="bbox 1806 4456 3381 4528">
    <p class='ocr_par' dir='ltr' id='par_1_81' title="bbox 1806 4456 3381 4528">
     <span class='ocr_line' id='line_1_81' title="bbox 1806 4456 3381 4528; baseline 0 -18"><span class='ocrx_word' id='word_1_630' title='bbox 1806 4458 2060 4524; x_wconf 89' lang='lat' dir='ltr'><strong>voluerit,</strong></span> <span class='ocrx_word' id='word_1_631' title='bbox 2085 4458 2130 4512; x_wconf 90' lang='lat' dir='ltr'><strong>si</strong></span> <span class='ocrx_word' id='word_1_632' title='bbox 2157 4458 2209 4512; x_wconf 92' lang='lat' dir='ltr'><strong>id</strong></span> <span class='ocrx_word' id='word_1_633' title='bbox 2232 4457 2378 4528; x_wconf 89' lang='lat' dir='ltr'><strong>quod</strong></span> <span class='ocrx_word' id='word_1_634' title='bbox 2417 4456 2617 4511; x_wconf 89' lang='lat' dir='ltr'><strong>dicitur</strong></span> <span class='ocrx_word' id='word_1_635' title='bbox 2663 4472 2785 4512; x_wconf 89' lang='lat' dir='ltr'><strong>esse</strong></span> <span class='ocrx_word' id='word_1_636' title='bbox 2807 4457 3122 4522; x_wconf 89' lang='lat' dir='ltr'><strong>decreverit,</strong></span> <span class='ocrx_word' id='word_1_637' title='bbox 3147 4457 3381 4527; x_wconf 89' lang='lat' dir='ltr'><strong>gladium</strong></span> 
     </span>
    </p>
   </div>
   <div class='ocr_carea' id='block_1_82' title="bbox 150 4546 3383 4620">
    <p class='ocr_par' dir='ltr' id='par_1_82' title="bbox 150 4546 3383 4620">
     <span class='ocr_line' id='line_1_82' title="bbox 150 4546 3383 4620; baseline 0.002 -24"><span class='ocrx_word' id='word_1_638' title='bbox 150 4553 350 4610; x_wconf 85' lang='lat' dir='ltr'><strong>vata,ut</strong></span> <span class='ocrx_word' id='word_1_639' title='bbox 383 4549 437 4604; x_wconf 93' lang='lat' dir='ltr'><strong>in</strong></span> <span class='ocrx_word' id='word_1_640' title='bbox 473 4550 560 4604; x_wconf 89' lang='lat' dir='ltr'><strong>his</strong></span> <span class='ocrx_word' id='word_1_641' title='bbox 583 4565 705 4619; x_wconf 65' lang='lat' dir='ltr'><strong>quae</strong></span> <span class='ocrx_word' id='word_1_642' title='bbox 734 4549 814 4602; x_wconf 92' lang='lat' dir='ltr'><strong>vel</strong></span> <span class='ocrx_word' id='word_1_643' title='bbox 840 4547 1001 4602; x_wconf 92' lang='lat' dir='ltr'><strong>dubia</strong></span> <span class='ocrx_word' id='word_1_644' title='bbox 1034 4546 1235 4604; x_wconf 89' lang='lat' dir='ltr'><strong>fuerint</strong></span> <span class='ocrx_word' id='word_1_645' title='bbox 1259 4557 1353 4602; x_wconf 91' lang='lat' dir='ltr'><strong>aut</strong></span> <span class='ocrx_word' id='word_1_646' title='bbox 1375 4549 1630 4615; x_wconf 91' lang='lat' dir='ltr'><strong>obscura,</strong></span> <span class='ocrx_word' id='word_1_647' title='bbox 1656 4549 1708 4603; x_wconf 90' lang='lat' dir='ltr'><strong>id</strong></span> <span class='ocrx_word' id='word_1_648' title='bbox 1741 4553 1784 4608; x_wconf 91' lang='lat' dir='ltr'><strong>D</strong></span> <span class='ocrx_word' id='word_1_649' title='bbox 1809 4550 2034 4620; x_wconf 84' lang='lat' dir='ltr'><strong>spiritus</strong></span> <span class='ocrx_word' id='word_1_650' title='bbox 2074 4549 2324 4618; x_wconf 74' lang='lat' dir='ltr'><strong>evaginet</strong></span> <span class='ocrx_word' id='word_1_651' title='bbox 2368 4548 2424 4603; x_wconf 91' lang='lat' dir='ltr'><strong>in</strong></span> <span class='ocrx_word' id='word_1_652' title='bbox 2461 4547 2747 4618; x_wconf 90' lang='lat' dir='ltr'><strong>episcopos</strong></span> <span class='ocrx_word' id='word_1_653' title='bbox 2787 4547 2881 4618; x_wconf 91' lang='lat' dir='ltr'><strong>qui</strong></span> <span class='ocrx_word' id='word_1_654' title='bbox 2911 4563 3019 4602; x_wconf 87' lang='lat' dir='ltr'><strong>non</strong></span> <span class='ocrx_word' id='word_1_655' title='bbox 3051 4563 3147 4617; x_wconf 88' lang='lat' dir='ltr'><strong>per</strong></span> <span class='ocrx_word' id='word_1_656' title='bbox 3181 4548 3383 4603; x_wconf 90' lang='lat' dir='ltr'><strong>ostium</strong></span> 
     </span>
    </p>
   </div>
   <div class='ocr_carea' id='block_1_83' title="bbox 153 4636 1706 4710">
    <p class='ocr_par' dir='ltr' id='par_1_83' title="bbox 153 4636 1706 4710">
     <span class='ocr_line' id='line_1_83' title="bbox 153 4636 1706 4710; baseline 0.007 -28"><span class='ocrx_word' id='word_1_657' title='bbox 153 4636 445 4693; x_wconf 88' lang='lat' dir='ltr'><strong>noverimus</strong></span> <span class='ocrx_word' id='word_1_658' title='bbox 467 4637 829 4708; x_wconf 83' lang='lat' dir='ltr'><strong>sequendum,</strong></span> <span class='ocrx_word' id='word_1_659' title='bbox 859 4637 1004 4702; x_wconf 91' lang='lat' dir='ltr'><strong>quod</strong></span> <span class='ocrx_word' id='word_1_660' title='bbox 1033 4651 1132 4690; x_wconf 85' lang='lat' dir='ltr'><strong>nec</strong></span> <span class='ocrx_word' id='word_1_661' title='bbox 1154 4638 1436 4707; x_wconf 61' lang='lat' dir='ltr'><strong>praeceptis</strong></span> <span class='ocrx_word' id='word_1_662' title='bbox 1472 4653 1706 4710; x_wconf 86' lang='lat' dir='ltr'><strong>evange-</strong></span> 
     </span>
    </p>
   </div>
   <div class='ocr_carea' id='block_1_84' title="bbox 154 4718 1707 4795">
    <p class='ocr_par' dir='ltr' id='par_1_84' title="bbox 154 4718 1707 4795">
     <span class='ocr_line' id='line_1_84' title="bbox 154 4718 1707 4795; baseline 0.008 -23"><span class='ocrx_word' id='word_1_663' title='bbox 154 4718 257 4778; x_wconf 87' lang='lat' dir='ltr'><strong>licis</strong></span> <span class='ocrx_word' id='word_1_664' title='bbox 277 4729 630 4795; x_wconf 86' lang='lat' dir='ltr'><strong>contrarium,</strong></span> <span class='ocrx_word' id='word_1_665' title='bbox 651 4743 751 4782; x_wconf 91' lang='lat' dir='ltr'><strong>nec</strong></span> <span class='ocrx_word' id='word_1_666' title='bbox 773 4727 1004 4782; x_wconf 87' lang='lat' dir='ltr'><strong>decretis</strong></span> <span class='ocrx_word' id='word_1_667' title='bbox 1029 4725 1127 4780; x_wconf 91' lang='lat' dir='ltr'><strong>SS.</strong></span> <span class='ocrx_word' id='word_1_668' title='bbox 1145 4725 1369 4782; x_wconf 87' lang='lat' dir='ltr'><strong>Patrum</strong></span> <span class='ocrx_word' id='word_1_669' title='bbox 1399 4728 1707 4784; x_wconf 87' lang='lat' dir='ltr'><strong>inveniatur</strong></span> 
     </span>
    </p>
   </div>
   <div class='ocr_carea' id='block_1_85' title="bbox 157 4813 501 4874">
    <p class='ocr_par' dir='ltr' id='par_1_85' title="bbox 157 4813 501 4874">
     <span class='ocr_line' id='line_1_85' title="bbox 157 4813 501 4874; baseline 0.029 -12"><span class='ocrx_word' id='word_1_670' title='bbox 157 4813 435 4874; x_wconf 87' lang='lat' dir='ltr'><strong>adversum.</strong></span> <span class='ocrx_word' id='word_1_671' title='bbox 482 4838 501 4872; x_wconf 72' lang='grc' dir='ltr'><strong>ι</strong></span> 
     </span>
    </p>
   </div>
   <div class='ocr_carea' id='block_1_86' title="bbox 221 4900 1706 4983">
    <p class='ocr_par' dir='ltr' id='par_1_86' title="bbox 221 4900 1706 4983">
     <span class='ocr_line' id='line_1_86' title="bbox 221 4900 1706 4983; baseline -0.001 -17"><span class='ocrx_word' id='word_1_672' title='bbox 221 4900 386 4982; x_wconf 76' lang='grc'>(1009)</span> <span class='ocrx_word' id='word_1_673' title='bbox 418 4910 687 4967; x_wconf 68' lang='lat' dir='ltr'><strong>Praeterea</strong></span> <span class='ocrx_word' id='word_1_674' title='bbox 715 4910 927 4964; x_wconf 88' lang='lat' dir='ltr'><strong>decreta</strong></span> <span class='ocrx_word' id='word_1_675' title='bbox 960 4909 1307 4966; x_wconf 87' lang='lat' dir='ltr'><strong>Triburensis</strong></span> <span class='ocrx_word' id='word_1_676' title='bbox 1356 4911 1544 4983; x_wconf 82' lang='lat' dir='ltr'><strong>synodi</strong></span> <span class='ocrx_word' id='word_1_677' title='bbox 1574 4926 1706 4966; x_wconf 90' lang='lat' dir='ltr'><strong>con-</strong></span> 
     </span>
    </p>
   </div>
   <div class='ocr_carea' id='block_1_87' title="bbox 1805 4637 3382 4710">
    <p class='ocr_par' dir='ltr' id='par_1_87' title="bbox 1805 4637 3382 4710">
     <span class='ocr_line' id='line_1_87' title="bbox 1805 4637 3382 4710; baseline -0.002 -16"><span class='ocrx_word' id='word_1_678' title='bbox 1805 4639 2156 4706; x_wconf 88' lang='lat' dir='ltr'><strong>intraverant,</strong></span> <span class='ocrx_word' id='word_1_679' title='bbox 2187 4640 2281 4710; x_wconf 88' lang='lat' dir='ltr'><strong>qui</strong></span> <span class='ocrx_word' id='word_1_680' title='bbox 2311 4655 2435 4696; x_wconf 91' lang='lat' dir='ltr'><strong>eum</strong></span> <span class='ocrx_word' id='word_1_681' title='bbox 2467 4637 2868 4709; x_wconf 67' lang='lat' dir='ltr'><strong>prmeipientem</strong></span> <span class='ocrx_word' id='word_1_682' title='bbox 2918 4639 3065 4708; x_wconf 89' lang='lat' dir='ltr'><strong>quod</strong></span> <span class='ocrx_word' id='word_1_683' title='bbox 3090 4638 3382 4707; x_wconf 85' lang='lat' dir='ltr'><strong>apostolica</strong></span> 
     </span>
    </p>
   </div>
   <div class='ocr_carea' id='block_1_88' title="bbox 1806 4729 3386 4805">
    <p class='ocr_par' dir='ltr' id='par_1_88' title="bbox 1806 4729 3386 4805">
     <span class='ocr_line' id='line_1_88' title="bbox 1806 4729 3386 4805; baseline -0.001 -20"><span class='ocrx_word' id='word_1_684' title='bbox 1806 4731 2008 4785; x_wconf 86' lang='lat' dir='ltr'><strong>clamat</strong></span> <span class='ocrx_word' id='word_1_685' title='bbox 2033 4733 2334 4787; x_wconf 88' lang='lat' dir='ltr'><strong>auctoritas</strong></span> <span class='ocrx_word' id='word_1_686' title='bbox 2383 4747 2491 4786; x_wconf 89' lang='lat' dir='ltr'><strong>non</strong></span> <span class='ocrx_word' id='word_1_687' title='bbox 2523 4731 2848 4796; x_wconf 90' lang='lat' dir='ltr'><strong>audierant,</strong></span> <span class='ocrx_word' id='word_1_688' title='bbox 2877 4730 2928 4784; x_wconf 91' lang='lat' dir='ltr'><strong>id</strong></span> <span class='ocrx_word' id='word_1_689' title='bbox 2951 4729 3060 4805; x_wconf 86' lang='lat' dir='ltr'><strong>_sibi</strong></span> <span class='ocrx_word' id='word_1_690' title='bbox 3095 4730 3386 4785; x_wconf 82' lang='lat' dir='ltr'><strong>necessita-</strong></span> 
     </span>
    </p>
   </div>
   <div class='ocr_carea' id='block_1_89' title="bbox 1804 4821 3385 4892">
    <p class='ocr_par' dir='ltr' id='par_1_89' title="bbox 1804 4821 3385 4892">
     <span class='ocr_line' id='line_1_89' title="bbox 1804 4821 3385 4892; baseline -0.001 -16"><span class='ocrx_word' id='word_1_691' title='bbox 1804 4822 1876 4877; x_wconf 89' lang='lat' dir='ltr'><strong>tis</strong></span> <span class='ocrx_word' id='word_1_692' title='bbox 1902 4822 2264 4892; x_wconf 89' lang='lat' dir='ltr'><strong>imponentcs,</strong></span> <span class='ocrx_word' id='word_1_693' title='bbox 2292 4832 2350 4877; x_wconf 88' lang='lat' dir='ltr'><strong>ut</strong></span> <span class='ocrx_word' id='word_1_694' title='bbox 2380 4823 2432 4876; x_wconf 91' lang='lat' dir='ltr'><strong>in</strong></span> <span class='ocrx_word' id='word_1_695' title='bbox 2463 4824 2858 4878; x_wconf 89' lang='lat' dir='ltr'><strong>correctionem</strong></span> <span class='ocrx_word' id='word_1_696' title='bbox 2892 4821 3385 4877; x_wconf 82' lang='lat' dir='ltr'><strong>ecclesiasticorum</strong></span> 
     </span>
    </p>
   </div>
   <div class='ocr_carea' id='block_1_90' title="bbox 1805 4913 3388 4984">
    <p class='ocr_par' dir='ltr' id='par_1_90' title="bbox 1805 4913 3388 4984">
     <span class='ocr_line' id='line_1_90' title="bbox 1805 4913 3388 4984; baseline 0 -19"><span class='ocrx_word' id='word_1_697' title='bbox 1805 4928 1969 4982; x_wconf 89' lang='lat' dir='ltr'><strong>opera</strong></span> <span class='ocrx_word' id='word_1_698' title='bbox 1995 4921 2182 4968; x_wconf 88' lang='lat' dir='ltr'><strong>utatur</strong></span> <span class='ocrx_word' id='word_1_699' title='bbox 2210 4913 2588 4978; x_wconf 65' lang='lat' dir='ltr'><strong>saecularium,</strong></span> <span class='ocrx_word' id='word_1_700' title='bbox 2626 4923 2690 4968; x_wconf 94' lang='lat' dir='ltr'><strong>ut</strong></span> <span class='ocrx_word' id='word_1_701' title='bbox 2737 4927 2972 4984; x_wconf 88' lang='lat' dir='ltr'><strong>quorum</strong></span> <span class='ocrx_word' id='word_1_702' title='bbox 3014 4919 3157 4966; x_wconf 88' lang='lat' dir='ltr'><strong>esset</strong></span> <span class='ocrx_word' id='word_1_703' title='bbox 3194 4927 3388 4982; x_wconf 77' lang='lat' dir='ltr'><strong>specu-</strong></span> 
     </span>
    </p>
   </div>
   <div class='ocr_carea' id='block_1_91' title="bbox 159 4992 3389 5078">
    <p class='ocr_par' dir='ltr' id='par_1_91' title="bbox 159 4992 3389 5078">
     <span class='ocr_line' id='line_1_91' title="bbox 159 4992 3389 5078; baseline 0.004 -34"><span class='ocrx_word' id='word_1_704' title='bbox 159 4992 270 5061; x_wconf 82' lang='lat' dir='ltr'><strong>eihi,</strong></span> <span class='ocrx_word' id='word_1_705' title='bbox 306 5002 389 5054; x_wconf 92' lang='lat' dir='ltr'><strong>cui</strong></span> <span class='ocrx_word' id='word_1_706' title='bbox 423 5002 670 5057; x_wconf 83' lang='lat' dir='ltr'><strong>interfuit</strong></span> <span class='ocrx_word' id='word_1_707' title='bbox 691 5000 989 5056; x_wconf 85' lang='lat' dir='ltr'><strong>catholicus</strong></span> <span class='ocrx_word' id='word_1_708' title='bbox 1019 5000 1278 5056; x_wconf 83' lang='lat' dir='ltr'><strong>Arnolqu</strong></span> <span class='ocrx_word' id='word_1_709' title='bbox 1304 5019 1420 5067; x_wconf 85' lang='lat' dir='ltr'><strong>rex,</strong></span> <span class='ocrx_word' id='word_1_710' title='bbox 1454 5003 1705 5072; x_wconf 76' lang='lat' dir='ltr'><strong>przescri-</strong></span> <span class='ocrx_word' id='word_1_711' title='bbox 1802 5005 1917 5059; x_wconf 92' lang='lat' dir='ltr'><strong>lum</strong></span> <span class='ocrx_word' id='word_1_712' title='bbox 1966 5005 2092 5060; x_wconf 78' lang='lat' dir='ltr'><strong>vitae</strong></span> <span class='ocrx_word' id='word_1_713' title='bbox 2143 5007 2468 5063; x_wconf 86' lang='lat' dir='ltr'><strong>clericorum</strong></span> <span class='ocrx_word' id='word_1_714' title='bbox 2518 5003 2585 5057; x_wconf 92' lang='lat' dir='ltr'><strong>de</strong></span> <span class='ocrx_word' id='word_1_715' title='bbox 2637 5004 2863 5078; x_wconf 79' lang='lat' dir='ltr'><strong>agendis</strong></span> <span class='ocrx_word' id='word_1_716' title='bbox 2909 5003 3230 5071; x_wconf 89' lang='lat' dir='ltr'><strong>consulere,</strong></span> <span class='ocrx_word' id='word_1_717' title='bbox 3284 5002 3389 5058; x_wconf 86' lang='lat' dir='ltr'><strong>sibi</strong></span> 
     </span>
    </p>
   </div>
   <div class='ocr_carea' id='block_1_92' title="bbox 158 5080 1703 5120">
    <p class='ocr_par' dir='ltr' id='par_1_92' title="bbox 158 5080 1703 5120">
     <span class='ocr_line' id='line_1_92' title="bbox 158 5080 1703 5120; baseline 0 0"><span class='ocrx_word' id='word_1_718' title='bbox 158 5080 269 5120; x_wconf 69' lang='lat' dir='ltr'><strong>hlln&#39;</strong></span> <span class='ocrx_word' id='word_1_719' title='bbox 300 5092 446 5120; x_wconf 67' lang='grc' dir='ltr'><strong>ηηιιξη</strong></span> <span class='ocrx_word' id='word_1_720' title='bbox 484 5101 696 5120; x_wconf 59' lang='grc' dir='ltr'><strong>.-.δοιοΜ</strong></span> <span class='ocrx_word' id='word_1_721' title='bbox 739 5090 837 5120; x_wconf 55' lang='grc' dir='ltr'><strong>.-ιη</strong></span> <span class='ocrx_word' id='word_1_722' title='bbox 899 5108 1018 5120; x_wconf 55' lang='lat' dir='ltr'><strong>“nam</strong></span> <span class='ocrx_word' id='word_1_723' title='bbox 1057 5103 1370 5120; x_wconf 64' lang='grc' dir='ltr'><strong>ΜηοιΛΑσιοιε-</strong></span> <span class='ocrx_word' id='word_1_724' title='bbox 1402 5094 1703 5120; x_wconf 56' lang='grc' dir='ltr'><strong>ΛαεζιιΛΑ-ιειιιι</strong></span> 
     </span>
    </p>
   </div>
   <div class='ocr_carea' id='block_1_93' title="bbox 2879 5094 3367 5118">
    <p class='ocr_par' dir='ltr' id='par_1_93' title="bbox 2879 5094 3367 5118">
     <span class='ocr_line' id='line_1_93' title="bbox 2879 5094 3367 5118; baseline -0.006 0"><span class='ocrx_word' id='word_1_725' title='bbox 2879 5115 2890 5118; x_wconf 66' lang='grc'>,</span> <span class='ocrx_word' id='word_1_726' title='bbox 2969 5094 3156 5118; x_wconf 61' lang='grc' dir='ltr'><strong>’τι--..μ</strong></span> <span class='ocrx_word' id='word_1_727' title='bbox 3203 5095 3367 5118; x_wconf 58' lang='grc' dir='ltr'><strong>ενει---</strong></span> 
     </span>
    </p>
   </div>
  </div>
