3986 5312
518 264 648 320 1151

1500 279 1591 335 AD
1627 280 1856 338 OPERA
1891 282 1948 340 Β.
1987 279 2314 340 GREGORII
2351 279 2793 340 APPENDICES.

3649 281 3771 336 “Si

517 398 616 453 per
649 384 851 441 ostium
887 385 1221 446 intraverant
1257 392 1439 464 (1010)
1471 395 1565 465 qui
1595 398 1736 467 apud
1774 414 1924 464 suas,
1960 414 2098 468 quas
2128 401 2174 453 A
2201 404 2284 450 ter
2305 397 2614 452 extenditur
2637 440 2652 464 ,
2679 413 2803 452 eum
2832 411 2928 466 pro
2954 397 3253 451 reverentia
3280 393 3496 449 ordinis
3535 405 3772 462 peccator

517 490 667 530 nunc
688 487 953 550 occupant
985 481 1161 547 sedes,
1191 497 1300 538 non
1325 485 1478 554 prius
1503 487 1660 542 electi
1682 505 1847 559 quam
1871 490 2092 559 recepti,

518 564 615 618 sed
640 565 742 620 heu
765 578 1092 636 praepostere
1121 571 1274 641 prius
1305 575 1505 644 recepti
1537 593 1703 646 quam
1733 579 1911 645 electi;
1943 579 2097 650 prius

517 669 758 740 pcrszepe
801 659 1034 715 ordinati
1078 678 1244 731 quam
1292 665 1474 738 (1011)
1527 682 1720 724 omnes
1767 685 2002 737 manus,
2044 679 2099 726 et

517 747 737 834 linguze,
763 767 858 808 seu
883 767 1158 824 corporea:
1183 759 1484 825 servitutis,
1517 775 1625 816 non
1656 761 1773 816 solo
1797 761 2098 832 spiritualis

517 839 644 895 vitae
692 839 999 900 interventu
1025 887 1041 912 ,
1085 853 1141 901 et
1191 851 1664 907 cutnnnen-latione
1712 853 1992 922 promoti;
2031 855 2099 910 de

517 945 754 1000 quorum
806 937 1057 1006 contagio
1104 935 1345 996 Ecclesia
1387 941 1502 1010 jam
1547 942 1601 998 id
1635 942 1772 998 labis
1803 945 2096 1016 contraxit,

516 1023 663 1091 quod
687 1039 826 1093 pene
854 1027 942 1080 sui
977 1042 1318 1088 sacramenta
1349 1074 1363 1100 ,
1394 1033 1448 1088 id
1469 1042 1553 1090 est
1575 1035 1948 1094 ordinationes
1987 1038 2098 1095 cle-

518 1113 758 1170 ricorum
783 1159 799 1182 ,
840 1121 1278 1179 eonsecrationes
1303 1125 1656 1182 ecclesiarum
1679 1169 1696 1194 ,
1733 1136 1787 1184 et
1816 1129 1920 1186 alia
1950 1146 2098 1202 quae—

516 1205 644 1262 dam
669 1209 752 1264 sui
774 1209 1009 1284 insignia
1037 1215 1298 1284 perdidit,
1328 1233 1452 1272 cum
1475 1234 1507 1274 a
1531 1219 1728 1276 talibus
1753 1231 2095 1290 consecrata,

517 1299 699 1368 potius
728 1302 797 1356 ab
825 1303 912 1360 his
940 1307 1244 1364 maledictis
1275 1309 1347 1364 sit
1381 1310 1665 1366 maledicta
1689 1353 1705 1379 ,
1745 1311 1977 1370 Domino
2017 1316 2097 1370 eis

517 1405 615 1459 per
643 1394 966 1464 prophetam
996 1395 1248 1456 dicente:
1285 1422 1303 1452 1
1341 1399 1658 1458 Maledicam
1707 1403 2096 1462 benedictioni-

519 1481 624 1538 bus
650 1487 846 1542 vestris
875 1488 1030 1558 (Μαι.
1066 1490 1147 1562 11).
1197 1510 1216 1546 1

590 1573 609 1644 (
619 1573 772 1646 1012)
801 1574 924 1632 Haec
945 1579 1221 1648 dicuntur,
1249 1582 1358 1638 imo
1382 1582 1734 1654 drplorantur
1751 1587 1806 1643 in
1830 1589 2095 1660 quosdam

516 1662 750 1718 istorum
781 1681 880 1734 pro
911 1668 1148 1726 miseriis
1177 1675 1464 1741 praesentis
1493 1684 1670 1732 status
1698 1679 2052 1736 ecclesiastici
2079 1725 2093 1749 ,

515 1751 783 1808 clamatur
810 1759 1138 1826 apostolicus
1162 1803 1176 1827 ,
1229 1771 1284 1817 ut
1324 1765 1609 1822 subveniat
1652 1766 1908 1826 Ecclesiae
1944 1741 2096 1827 111110ζ
2129 1741 2171 1797 Β

515 1844 678 1934 ranti.
711 1845 806 1902 lsti
827 1860 1052 1906 econtra
1076 1869 1174 1922 pro
1203 1870 1262 1910 se
1287 1865 1341 1911 ct
1369 1857 1422 1912 10
1450 1860 1812 1930 apostolicum
1835 1865 2091 1934 clamant;

513 1933 660 2002 quod
703 1935 820 2007 ipse
845 1953 939 1994 eos
962 1981 976 2006 ,
1007 1949 1066 1995 ut
1095 1950 1188 1997 tuo
1219 1945 1384 2000 verbo
1412 1955 1554 2015 utar,
1582 1950 1960 2021 proscripserit
2009 1961 2092 2025 ty-

515 2025 737 2081 rannice
760 2068 775 2094 ,
807 2044 914 2083 non
951 2031 1354 2104 ecclesiastice;
1384 2037 1606 2107 privata:
1631 2039 1718 2094 sui
1743 2039 1918 2110 ipsius
1944 2041 2092 2112 inju-

513 2115 611 2178 riae
632 2157 648 2183 ,
680 2133 789 2173 non
833 2131 1084 2192 respectu
1126 2127 1400 2196 aequitatis
1428 2130 1676 2200 publicae.
1712 2129 1778 2186 Et
1817 2134 2091 2202 maxime,

513 2208 640 2276 quia
673 2209 725 2264 id
755 2222 993 2282 agentes,
1025 2217 1169 2286 quod
1203 2233 1308 2272 non
1337 2235 1436 2290 pro
1463 2222 1835 2293 magnitudine
1881 2227 2090 2296 negotii

515 2299 868 2371 discussum,
919 2307 1013 2362 sed
1061 2309 1139 2363 rei
1192 2308 1450 2367 Romana:
1499 2314 1907 2384 periculosum,
1943 2317 2093 2373 omni

514 2407 647 2447 vero
675 2392 934 2452 Ecclesiae
960 2398 1065 2453 erit
1101 2400 1449 2458 danmosum.

588 2481 783 2540 Dicunt
805 2487 1023 2558 quidem
1055 2489 1389 2562 Stephanum
1417 2510 1614 2566 papam
1641 2497 2094 2571 (1041),-(10100-

516 2581 603 2630 tea
650 2575 980 2648 Fridericus,
1021 2581 1244 2640 fratrem
1289 2585 1552 2643 Gotefridi
1591 2589 1766 2656 ducis,
1795 2590 1850 2645 in
1877 2591 2093 2662 publica

513 2667 742 2737 synodo,
783 2671 924 2740 ejus,
959 2675 1055 2744 qui
1110 2692 1257 2732 nunc
1285 2691 1540 2749 papatum
1569 2689 1714 2736 tenet
1765 2689 1820 2736 et
1849 2683 2093 2738 omnium

517 2761 612 2830 qui
634 2762 856 2819 aderant
884 2781 1176 2835 consensu,
1201 2771 1511 2828 decrevisse
1538 2780 1616 2840 ut,
1649 2784 1909 2844 regnante
1931 2773 2094 2830 11010-

515 2851 650 2918 1100,
685 2869 847 2923 quem
881 2871 1026 2912 nunc
1056 2873 1235 2930 regem
1268 2860 1552 2929 habemus,
1589 2862 1709 2934 ejus
1740 2863 1796 2917 in
1830 2864 2096 2920 electione

515 2941 747 3000 Romani
773 2947 1046 3017 pontificis
1078 2961 1488 3021 exspectaretur
1513 2969 1836 3011 consensus.
1871 2955 2098 3012 Testan—

2147 517 2158 522 ο
2198 484 2519 540 honoratur.
2552 485 2752 540 Audiat
2772 494 2826 540 et
2852 500 3044 555 papam
3070 482 3413 553 Simplicium
3446 501 3461 537 :
3501 501 3521 533 ι
3557 481 3759 538 I’rivile-

2196 574 2344 644 gium
2373 584 2612 630 meretur
2654 575 2923 639 amittere,
2948 575 3042 644 qui
3083 572 3346 644 permissa
3389 571 3499 626 sibi
3545 572 3774 627 abutitur

2196 671 2483 732 potestate.
2517 681 2537 714 »
2567 662 2768 718 Audiat
2794 671 2850 718 et
2876 660 3266 733 Hieronymum
3293 661 3376 731 (11
3412 677 3468 730 q.
3499 661 3557 725 5,
3585 660 3772 730 ε.115);

2203 771 2221 804 1
2256 752 2374 807 Non
2411 753 2568 810 facile
2597 764 2680 810 est
2707 763 2853 810 stare
2879 755 2930 809 in
2967 754 3087 809 loco
3117 752 3256 808 Petri
3297 761 3356 808 et
3395 751 3580 817 Pauli,
3627 760 3774 806 etle—

2197 859 2327 900 nere
2360 845 2676 901 cathedram
2705 846 3048 918 regnantium
3073 861 3197 900 cum
3226 843 3470 910 Christo;
3495 843 3631 914 quia
3661 844 3774 898 hinc

2197 935 2436 995 dicitur:
2467 935 2584 992 Non
2614 948 2929 994 sanctorum
2966 938 3059 992 lilii
3102 945 3230 992 sunt
3272 936 3368 1006 qni
3424 944 3622 990 tenent
3665 936 3774 990 loca

2197 1035 2536 1095 sanctorum,
2577 1028 2671 1084 sed
2715 1028 2809 1100 qui
2849 1034 3104 1083 exercent
3140 1041 3304 1096 opera
3335 1041 3556 1081 eorum.
3590 1044 3610 1076 1
3649 1023 3776 1080 Hinc

2196 1128 2252 1174 et
2274 1118 2564 1191 Augustin.
2592 1118 2668 1176 De
2690 1135 2854 1176 serm.
2883 1119 3096 1176 Domini
3135 1119 3190 1174 in
3233 1129 3420 1174 monte
3451 1137 3466 1174 :
3502 1139 3523 1171 ι
3554 1117 3776 1174 Maxime

2197 1215 2253 1272 hi
2294 1224 2498 1272 temere
2534 1216 2782 1288 judicant
2803 1217 2899 1288 qui
2933 1215 3108 1288 magis
3147 1223 3335 1270 amant
3372 1216 3694 1286 vituperare
3728 1225 3777 1270 et

2196 1308 2459 1364 damnare
2499 1324 2666 1380 quam
2705 1308 2996 1364 emendare
3034 1317 3198 1378 atque
3228 1307 3530 1378 corrigere.
3565 1326 3588 1358 1
3629 1305 3776 1374 Quod

2197 1397 2387 1453 vitium
2422 1408 2506 1454 est
2535 1398 2790 1469 superbia
2812 1399 2896 1453 vel
2924 1397 3238 1453 invidentia.

2268 1485 2497 1542 Demum
2541 1495 2600 1541 ut
2641 1487 2892 1542 canonici
2940 1487 3222 1541 canonicis
3267 1485 3474 1556 jaculis
3520 1485 3774 1540 canonia

2197 1579 2536 1650 praetendant
2582 1577 2991 1649 propugnacula
3041 1578 3279 1645 dicunt:
3332 1577 3478 1634 Cum
3530 1579 3778 1632 dominus

2199 1686 2337 1742 papa
2370 1686 2470 1726 nos
2499 1685 2606 1726 non
2639 1671 2901 1741 canonice
2927 1679 3172 1736 vocatos,
3197 1685 3302 1724 nos
3326 1669 3518 1724 venire
3541 1670 3777 1738 prohibi-

2197 1772 2282 1818 tos
2306 1763 2613 1830 damnarat,
2639 1761 2828 1818 audire
2851 1762 3094 1832 oportuit
3111 1761 3578 1832 praedecessorem
3602 1779 3777 1826 suum,

2195 1851 2352 1922 cujus
2393 1851 2614 1906 nomine
2641 1851 2875 1923 gaudet,
2909 1850 3228 1922 Gregorium
3251 1892 3266 1917 ,
3295 1852 3564 1922 episcopo
3589 1849 3777 1905 Joanni

2195 1941 2397 2012 injuste
2415 1941 2906 1997 excommunieanti
2929 1942 3254 1997 scribentem
3279 1941 3469 2013 (1016)
3497 1959 3511 1995 :
3547 1961 3566 1992 ι
3599 1941 3780 1996 Cassa-

2193 2033 2265 2089 tis
2314 2033 2466 2104 prius
2513 2042 2678 2106 atque
2711 2034 2778 2089 ad
2809 2033 3038 2114 nihilum
3073 2034 3310 2089 redactis
3343 2034 3626 2104 praedicta
3663 2049 3777 2088 scn-

2195 2127 2375 2182 tcntize
2395 2134 2502 2182 tua:
2522 2126 2774 2195 decretis,
2797 2142 2866 2182 ex
2886 2126 3030 2182 beati
3055 2124 3200 2180 Petri
3229 2125 3614 2196 apostolorum
3641 2126 3778 2196 prin—

2193 2217 2332 2289 cipis
2361 2219 2686 2274 auctoritatc
2716 2219 3060 2275 decernimus
3087 2219 3308 2290 triginta
3339 2219 3559 2274 dierum
3611 2219 3776 2289 spatio

2193 2328 2349 2370 sacra
2375 2321 2428 2370 te
2449 2313 2834 2370 communione
2864 2313 3152 2386 privatum,
3179 2313 3248 2367 ab
3270 2313 3655 2384 omnipotente
3677 2313 3776 2369 Deo

2195 2411 2383 2459 nostro
2415 2403 2548 2458 tanti
2580 2419 2838 2460 excessus
2865 2405 3076 2459 veniam
3104 2420 3229 2460 cum
3261 2420 3484 2459 summa
3519 2405 3774 2477 peniten-

2195 2491 2269 2545 tia
2291 2499 2346 2546 et
2369 2491 2628 2564 lacrymis
2649 2507 2895 2547 exorare.
2920 2489 3075 2558 Quod
3097 2492 3145 2547 si
3171 2491 3313 2546 hanc
3329 2493 3665 2546 sententiam
3687 2508 3774 2544 ne-

2195 2590 2364 2638 stram
2391 2591 2444 2638 te
2467 2583 2884 2655 cognoverimus
2916 2583 3170 2654 implesse
3191 2583 3510 2650 remissius,
3548 2599 3657 2639 non
3673 2583 3774 2652 jam

2197 2679 2402 2726 tantam
2444 2671 2766 2744 injustitiam
2793 2715 2808 2740 ,
2859 2673 2955 2728 sed
3001 2672 3410 2729 contumaciam
3473 2672 3774 2728 fraternita-

2195 2765 2266 2820 tis
2291 2774 2398 2822 tua:
2430 2781 2731 2838 cognoscas
2755 2808 2770 2834 ,
2803 2765 3028 2837 juvante
3065 2765 3300 2820 Domino
3323 2807 3340 2834 ,
3383 2767 3641 2822 severius
3681 2781 3772 2835 po-

2195 2856 2470 2912 nicndam.

2265 2947 2331 3004 Et
2360 2949 2489 3004 item
2536 2947 2663 3004 alibi
2692 2969 2705 3004 :
2751 2967 2770 3002 1
2799 2947 2955 3016 Quod
2983 2948 3029 3005 si
3056 2956 3248 3004 contra
3273 2947 3393 3004 haec
3424 2964 3560 3019 qua
3585 2948 3766 3004 statui-

513 3041 602 3088 tur
629 3037 792 3091 etiam
848 3039 974 3109 quia
1011 3040 1100 3096 hic
1131 3041 1270 3097 idem
1288 3059 1428 3114 papa
1460 3045 1514 3099 in
1549 3045 1737 3100 eadem
1764 3045 1949 3113 verba,
1977 3063 2097 3102 ora-
2121 3081 2163 3138 ο
2195 3039 2592 3110 mus,quolibet
2625 3045 2886 3108 tempore.
2917 3037 3158 3108 qualibet
3185 3037 3488 3093 occaSionc
3515 3038 3607 3092 vel
3641 3037 3763 3093 sub-

513 3127 598 3182 rio
631 3131 832 3185 collum
869 3141 1118 3202 ornatus,
1150 3135 1235 3190 bis
1255 3136 1542 3206 juraverit.
1575 3135 1641 3194 Et
1665 3153 1733 3193 ex
1760 3137 1847 3194 bis
1870 3139 2094 3210 subjun-

513 3219 658 3290 gitur
711 3222 841 3293 quia
865 3240 933 3278 ex
969 3224 1072 3280 hoc
1097 3223 1255 3298 [quo]
1282 3222 1500 3298 quidem
1529 3236 1788 3299 papatum
1821 3243 2090 3285 conscen-

514 3309 688 3377 derat,
714 3328 873 3366 suum
899 3313 1222 3370 decretalem
1245 3330 1596 3384 consensum,
1623 3332 1780 3372 suam
1805 3317 2096 3388 professio.

516 3417 660 3468 nem,
695 3417 853 3457 suam
887 3405 1345 3476 subscriptionem
1378 3409 1673 3478 negaverit,
1701 3424 1868 3480 seque
1905 3411 2092 3480 perju-

513 3509 635 3547 rum
662 3537 676 3559 ,
702 3496 846 3565 quod
872 3496 1024 3553 nefas
1047 3506 1132 3554 est
1155 3497 1260 3554 dici
1289 3541 1304 3565 ,
1343 3516 1451 3555 non
1479 3499 1656 3555 solum
1692 3509 1823 3556 tunc
1863 3502 2050 3558 fecerit
2075 3545 2091 3569 ,

514 3585 862 3654 suscipiendo
884 3628 899 3652 ,
943 3587 1034 3642 sed
1069 3589 1313 3658 quotidie
1347 3588 1511 3645 faciat
1547 3591 1858 3648 obtinendo.
1895 3593 2094 3650 Audiat

514 3673 657 3728 dicta
685 3675 898 3732 decreta
924 3677 1369 3750 Carthaginiensis
1394 3681 1608 3738 concilii
1639 3703 1650 3739 :
1687 3703 1705 3737 1
1737 3683 1794 3739 Si
1818 3687 1943 3756 quis
1969 3703 2096 3742 000-

517 3771 600 3816 tra
632 3779 785 3818 suam
828 3765 1222 3836 professionem
1263 3769 1446 3843 (1014)
1471 3813 1486 3840 ,
1517 3773 1602 3829 vel
1634 3773 2091 3846 subscriptionem

515 3854 723 3907 venerit
747 3855 802 3910 in
837 3857 1024 3928 aliquo
1046 3901 1061 3926 ,
1095 3860 1209 3930 ipse
1233 3877 1294 3917 se
1336 3863 1543 3920 honore
1583 3865 1831 3936 privavit.
1866 3886 1884 3920 1
1913 3866 1981 3925 Ε1
2025 3885 2093 3926 00

515 3959 579 3997 ex
606 3944 710 3999 loci
735 3947 970 4004 culmine
995 3958 1148 4018 putet
1165 3951 1268 4006 sibi
1286 3953 1469 4008 omnia
1497 3953 1679 4022 licere,
1707 3957 1892 4015 audiat
1917 3957 2089 4027 illum,

513 4034 672 4105 cujus
693 4037 911 4093 nomine
934 4040 1148 4110 gaudet,
1178 4039 1498 4113 Gregorium
1527 4044 1743 4118 (1015):
1783 4065 1802 4100 ‹
1836 4047 1968 4117 Nos,
1995 4049 2091 4120 qui

515 4139 821 4195 praesumus
847 4171 862 4196 ,
892 4143 1002 4186 non
1033 4147 1096 4186 ex
1131 4134 1378 4190 locorum
1407 4152 1507 4192 nec
1544 4139 1758 4209 generis
1789 4140 2048 4213 dignitate
2072 4183 2090 4211 ,

515 4219 609 4273 sed
636 4236 852 4276 morum
887 4225 1168 4282 nobilitate
1193 4228 1531 4288 innotescere
1554 4233 1836 4302 debemus,
1868 4253 1969 4292 nec
1997 4255 2092 4294 ur-

513 4309 663 4366 bium
705 4313 950 4370 claritate
974 4357 988 4377 .
1027 4318 1120 4373 sed
1154 4319 1274 4374 fidei
1310 4323 1572 4391 puritate;
1609 4343 1627 4376 1
1664 4324 1716 4379 id
1745 4333 1868 4392 051,
1914 4325 2087 4382 Adam

2195 3130 2466 3199 reptione,
2499 3129 2686 3184 venire
2723 3131 3046 3196 tentaveris,
3071 3145 3227 3186 sacra
3279 3137 3332 3186 te
3377 3132 3766 3186 communione

2191 3221 2481 3295 privatum,
2513 3238 2614 3278 nec
2635 3237 2756 3277 eam
2787 3231 2858 3289 te,
2883 3233 3110 3293 excepto
3135 3223 3330 3278 ultimo
3353 3223 3488 3278 vitae
3519 3233 3633 3279 tua
3650 3231 3772 3280 tem-

2191 3328 2345 3384 pore,
2382 3313 2488 3367 nisi
2521 3327 2645 3368 cum
2675 3327 2936 3369 concessa
2972 3312 3202 3368 Romani
3229 3314 3520 3384 pontificis
3546 3314 3773 3370 decerni-

2193 3422 2318 3461 mus
2350 3406 2598 3476 jussione
2636 3403 2894 3476 recipere.
2928 3404 3052 3462 11100
3091 3406 3238 3460 00110
3277 3421 3534 3461 consona
3582 3407 3771 3462 sanctis

2191 3497 2444 3554 Patribus
2474 3497 2787 3553 definitione
2821 3497 3118 3563 sancimus,
3161 3505 3223 3552 ut
3265 3497 3361 3568 qui
3401 3497 3587 3553 sacris
3614 3500 3774 3554 nestit

2193 3591 2412 3646 obedire
2439 3591 2763 3656 canonibus,
2791 3605 2889 3646 nec
2915 3589 3089 3646 sacris
3111 3589 3506 3647 administrare
3527 3592 3616 3648 vel
3635 3607 3768 3648 cola-

2192 3682 2508 3738 munionem
2535 3698 2729 3753 capere
2751 3682 2820 3738 sit
2845 3681 3040 3753 dignus
3072 3681 3358 3737 altaribus.
3396 3701 3417 3734 1

2261 3773 2457 3830 Mirum
2500 3775 2647 3846 quod
2693 3791 2801 3830 non
2851 3775 3002 3830 audit
3057 3775 3313 3852 Leonem
3341 3775 3413 3830 ad
3462 3774 3767 3830 Anatoliu-

2195 3867 2378 3939 (i0l7)
2409 3885 2422 3922 :
2461 3885 2480 3920 c
2505 3866 2692 3922 Virum
2715 3867 3067 3934 catholicum,
3093 3875 3147 3924 et
3190 3868 3536 3939 prmcipuum
3567 3866 3765 3922 Domini

2191 3961 2528 4017 sacerdotem
2557 4003 2570 4028 ,
2601 3960 2744 4016 sicut
2770 3961 2920 4015 nullo
2960 3975 3148 4015 errore
3179 3959 3454 4029 implicari
3482 4002 3500 4026 ,
3531 3961 3607 4016 ita
3631 3961 3766 4014 nulla

2190 4060 2406 4123 oportet
2469 4052 2761 4122 cupiditate
2809 4053 3125 4122 corrumpi,
3181 4051 3398 4107 dicente
3443 4052 3762 4122 Scriptura:

2191 4143 2320 4200 Post
2341 4144 2812 4214 concupiscentias
2855 4153 2976 4199 tuas
3023 4157 3133 4198 non
3155 4157 3270 4198 cas.
3301 4142 3505 4212 (Ea-li.
3539 4145 3711 4211 nul).
3743 4163 3759 4195 1

2189 4234 2308 4290 Non
2337 4235 2645 4292 considerat
2669 4235 2994 4290 sententiam
3035 4233 3330 4289 Iustiniani
3353 4235 3616 4290 catholici
3643 4236 3762 4304 imp.

2190 4342 2354 4398 quam
2390 4327 2584 4398 prohat
2617 4335 2672 4381 et
2694 4335 2875 4381 servat
2915 4326 3178 4392 Ecclesia,
3219 4325 3497 4380 dicentem
3523 4327 3599 4394 (1.
3633 4344 3686 4396 q.
3711 4327 3762 4378 6.

514 4402 722 4472 primus
749 4405 914 4462 homo
958 4425 1056 4478 pro
1082 4420 1302 4467 neccato
1328 4413 1394 4469 de
1416 4416 1671 4484 paradiso
1695 4417 1938 4488 dejectus
1962 4429 2046 4475 est
2071 4439 2083 4475 :
2122 4432 2166 4487 ι)
2189 4437 2236 4474 c.
2269 4420 2357 4488 11)
2387 4438 2438 4474 τι
2464 4417 2535 4474 Ut
2558 4434 2718 4474 nemo
2737 4419 3046 4489 episcopus,
3071 4433 3234 4473 nemo
3255 4418 3546 4490 presbyter
3561 4435 3766 4475 excern-

517 4494 621 4548 boc
651 4501 756 4563 est,
797 4498 893 4568 qui
930 4500 1266 4556 nobilitatem
1312 4502 1406 4559 Dei
1435 4521 1465 4559 a
1493 4521 1551 4560 se
1590 4507 1757 4576 jecit,
1805 4508 2086 4565 nobilitate

513 4583 619 4641 loci
652 4587 914 4657 privetur,
957 4591 1012 4646 id
1039 4600 1124 4647 est
1145 4635 1161 4660 ,
1192 4593 1245 4647 in
1279 4595 1584 4666 exemplum
1611 4598 1767 4669 culpa
1791 4600 2084 4656 vehemen-
2123 4601 2136 4610 ‘

617 4812 770 4888 1011)
800 4815 972 4888 Etiam
1003 4819 1092 4874 hic
1119 4819 1331 4888 lacuna,
1363 4838 1462 4877 000
1491 4838 1686 4880 sensus
1713 4834 1944 4881 constat.

802 4885 1004 4974 Abhinc
1038 4882 1378 4974 calumniam
1406 4892 1716 4974 objrecliones
1755 4897 2089 4974 conspirata:

585 4741 770 4950 {10mg
799 4743 898 4828 Hic
925 4762 1029 4804 ms.
1059 4748 1309 4805 lacunam
1338 4750 1520 4808 habet.

617 4812 740 4867 1011
800 4815 972 4870 Etiam
1003 4819 1092 4874 hic
1119 4819 1331 4888 lacuna,
1363 4838 1462 4877 000
1491 4840 1520 4878 s

614 4882 772 4950 1012)
802 4885 1004 4941 Abhinc
1038 4889 1378 4946 calumniam
1406 4892 1520 4950 obie

2193 4511 2433 4566 municet
2460 4511 2715 4581 aliquem,
2740 4519 3028 4581 antequam
3058 4525 3222 4566 causa
3245 4511 3532 4580 probetur,
3555 4521 3768 4582 νημα-

2193 4617 2356 4673 quam
2379 4602 2734 4658 ecclesiastici
2759 4617 3000 4657 canones
3028 4602 3132 4657 hoc
3158 4603 3272 4656 fieri
3296 4603 3518 4672 jubent.
3553 4601 3611 4658 Si
3650 4604 3766 4674 quis

2267 4757 2492 4828 (1010)1
2513 4756 2716 4812 Locum
2746 4761 2973 4828 aperuit,
3002 4768 3053 4814 et
3077 4759 3259 4828 effodit
3283 4769 3492 4824 cum,et
3517 4759 3701 4814 incidit
3715 4760 3763 4811 in

2195 4830 2394 4901 [arcam
2420 4844 2579 4896 quam
2606 4830 2737 4901 fecit
2759 4828 2934 4901 (1³501.
2958 4831 3110 4901 γιι).1
3141 4828 3200 4884 Si
3225 4830 3365 4884 enim
3401 4828 3463 4884 S.
3493 4829 3764 4900 Gregorius

2191 4899 2449 4954 Joannem
2489 4907 2676 4972 temere
2721 4899 3018 4969 inferiorem
3038 4899 3197 4954 suum
3233 4899 3765 4952 exeommnnicizntem
