3986 5312
151 115 306 172 “55

1049 105 1340 165 APPEND.
1382 103 1468 162 Ill.
1508 134 1579 144 ———
1615 98 2051 164 MONUMENTA
2089 109 2559 170 GREGOMANA.

3302 121 3442 177 H51

149 238 350 285 autem
394 225 653 283 adversus
697 239 816 278 eam
861 224 1414 280 excommunicaverit
1466 219 1742 289 aliquem;
1777 218 1821 274 Δ
1847 216 2044 279 diebus
2083 225 2412 296 degenerare
2452 247 2468 277 ι
2523 226 2655 282 Item
2695 227 2760 282 ad
2792 228 3208 284 Constantinam
3257 231 3445 302 Atqu-

149 321 250 375 ille
279 320 500 390 quidem
525 360 540 384 ,
570 315 663 388 qui
693 316 1200 371 excommunicatus
1237 326 1324 372 est
1345 358 1361 384 ,
1395 315 1620 386 majoris
1659 331 1752 369 sa-

149 413 402 468 cerdotis
429 408 753 465 auctoritate
778 408 844 462 ad
871 407 1103 478 gratiam
1127 417 1329 463 sancta:
1351 407 1754 464 communionis

149 506 372 561 redeat.
423 502 474 558 1s
509 511 690 558 autem
717 543 732 570 ,
761 501 856 572 qui
890 517 997 555 non
1027 500 1268 572 legitime
1306 500 1754 555 excommunica-

151 598 238 650 vit
266 639 281 662 ,
312 596 367 650 in
408 603 621 650 tantum
649 592 920 648 abstineat
953 599 1168 663 tempus
1213 601 1563 647 sacrosancta
1601 607 1755 646 com-

151 688 431 742 munione
455 729 472 754 ,
500 696 765 758 quantum
807 685 1002 756 majori
1039 684 1309 740 sacerdoti
1339 684 1516 740 visum
1544 683 1708 740 fuerit
1734 727 1750 754 ,

151 788 224 834 ut
246 781 398 850 quod
424 781 625 850 injuste
654 777 782 833 fecit
805 779 919 848 ipse
940 777 1090 847 juste
1113 776 1369 848 patiatur.
1409 795 1428 828 ι

233 872 294 928 in
331 873 681 927 bannientem
705 872 869 942 igitur
889 870 1037 924 hunc
1061 885 1162 924 nos
1189 877 1316 923 voto
1339 867 1562 938 privata:
1589 867 1752 923 ultio-

155 965 272 1030 nis,
314 981 425 1018 non
446 964 583 1035 justi
625 963 895 1018 examinis
937 970 1213 1033 oporteret
1255 977 1442 1016 aurem
1491 959 1754 1016 inclinare

153 1055 425 1126 Apestolo
445 1055 643 1110 dicenti
671 1074 685 1108 :
715 1076 733 1106 ι
762 1051 881 1108 Νοη
906 1069 1003 1108 vos
1023 1051 1396 1118 defendentes,
1419 1051 1750 1118 eharissimi,

157 1148 257 1203 sed
285 1149 412 1204 date
434 1149 617 1204 locum
658 1148 753 1203 ira:
783 1146 953 1218 (Rom.
984 1145 1108 1217 xu);
1151 1166 1168 1197 ι
1200 1145 1389 1200 audire
1411 1146 1572 1200 etiam
1601 1161 1750 1212 eum,

154 1242 320 1312 cujus
341 1243 455 1297 sedi
479 1241 731 1312 prmsidet
753 1239 1052 1311 principem
1081 1240 1453 1309 apostolorum
1483 1257 1494 1292 :
1534 1257 1552 1289 ι
1581 1235 1753 1292 Nemo

125 1336 404 1388 ‘vcstrum
453 1335 694 1406 patiatur
722 1341 982 1403 tanquam
1018 1332 1293 1388 homicida
1321 1374 1337 1400 ,
1388 1340 1482 1386 aut
1524 1331 1630 1399 fur,
1659 1339 1754 1386 aut

155 1425 463 1480 maledicus
497 1424 550 1498 (Ι
597 1425 746 1480 Petr.
779 1425 873 1496 tv).
917 1444 935 1476 ι
976 1424 1259 1496 Tanquam
1306 1425 1636 1489 maledicus,
1677 1425 1755 1479 in-

151 1517 358 1587 quiunt
380 1515 634 1574 catholici
659 1517 934 1584 doctores,
961 1517 1168 1587 patitur
1189 1517 1283 1589 qui
1307 1517 1595 1588 injuriatus
1622 1532 1752 1573 suas

155 1609 396 1680 injurias
432 1610 696 1667 effrenato
742 1610 942 1683 linguae
985 1619 1041 1666 et
1085 1609 1255 1665 animi
1303 1608 1514 1666 fervore
1561 1625 1747 1682 perse-

153 1701 367 1770 quitur.
1225 1687 1234 1694 ”

228 1791 437 1848 Audire
465 1793 628 1849 etiam
655 1795 937 1865 oportebat
967 1793 1289 1866 Gregorium
1325 1794 1651 1850 scribentem
1679 1794 1747 1850 ad

154 1882 485 1940 Ianuarium
509 1885 626 1956 (lib.
654 1903 712 1954 ll,
743 1888 898 1958 epist.
916 1887 1015 1957 5-1)
1047 1907 1059 1941 :
1099 1907 1116 1940 ι
1149 1887 1294 1942 Inter
1321 1887 1575 1960 querelas
1601 1875 1748 1942 mul-

152 1977 371 2048 tipliees
410 1975 675 2048 lsidorus,
698 1980 782 2034 vir
822 1979 1183 2048 clarissimus,
1209 1998 1237 2035 a
1281 1979 1618 2036 fraternitate
1658 1991 1749 2037 tua

160 2072 367 2126 frustra
429 2087 490 2127 se
540 2072 1070 2127 excoinmunicatum
1122 2073 1750 2142 anathematizatumque

156 2173 498 2234 conquestus
523 2175 626 2220 est.
664 2163 822 2232 Quoh
851 2165 922 2220 ob
949 2181 1114 2235 quam
1156 2181 1268 2219 rem
1308 2161 1509 2220 factum
1551 2163 1748 2233 fuerit,

155 2255 286 2310 dum
335 2272 366 2311 a
410 2256 612 2312 clerico
655 2265 770 2322 tuo,
812 2257 906 2328 qui
935 2273 1177 2326 prteseus
1205 2265 1342 2323 erat,
1383 2257 1750 2312 voluissemus

157 2349 462 2416 addiscere,
491 2365 592 2420 pro
627 2349 774 2404 nulla
805 2350 908 2404 alia
941 2365 1130 2414 causa,
1163 2349 1268 2403 nisi
1296 2365 1396 2419 pro
1425 2365 1490 2402 eo
1519 2349 1666 2420 quod
1700 2359 1751 2406 te

156 2440 552 2512 injuriaverat,
583 2440 787 2496 factum
829 2441 1084 2497 innotuit.
1138 2441 1272 2508 Qua:
1318 2457 1406 2496 res
1443 2459 1546 2498 nos
1588 2443 1752 2498 vehe-

159 2546 371 2590 menter
399 2535 606 2607 amigit.
639 2534 796 2603 Quod
825 2535 872 2591 si
901 2534 974 2590 ita
1005 2545 1087 2591 est
1112 2577 1128 2601 ,
1182 2535 1258 2588 nil
1301 2544 1352 2590 te
1392 2535 1636 2590 ostendis
1683 2535 1750 2591 de

158 2628 475 2685 co-lestibus
497 2629 758 2701 cogitare,
788 2629 882 2685 sed
912 2639 1184 2684 terrenam
1205 2638 1256 2683 te
1278 2628 1748 2684 conversationem

161 2719 363 2776 habere
390 2720 671 2794 signiﬁcas
698 2763 713 2786 ,
745 2721 874 2777 dum
905 2737 1004 2792 pro
1034 2719 1270 2775 vindicta
1303 2720 1485 2792 (1018)
1517 2719 1750 2791 propria:

160 2811 396 2882 injurite,
427 2812 577 2882 quod
607 2813 782 2868 sacris
811 2812 1013 2883 regulis
1043 2811 1379 2882 prohibetur,
1411 2809 1750 2864 maledictio-

1857 323 1996 370 stam
2029 315 2144 387 (lib.
2176 334 2247 385 iv,
2276 321 2429 389 epist.
2464 321 2554 388 54)
2591 340 2602 373 :
2661 339 2678 372 ι
2728 319 2792 375 Et
2840 322 2884 376 si
2932 331 3151 392 peccata
3197 321 3446 394 Gregorii

1856 413 2007 461 tanta
2037 419 2166 464 sunt
2196 419 2255 464 ut
2283 411 2393 481 pati
2423 413 2550 467 talia
2581 413 2793 480 debeat,
2825 411 2970 468 Petri
3001 422 3180 469 tamen
3212 415 3442 484 apostoli

1853 509 2076 571 peccata
2105 503 2252 557 nulla
2283 514 2449 572 sunt,
2481 515 2541 560 ut
2568 506 2764 562 vestris
2799 507 3138 578 temporibus
3182 507 3294 577 pati
3337 505 3442 562 ista

1854 603 2148 648 mercatur.
2174 613 2192 647 ι
2222 595 2350 650 Item
2387 615 2400 652 ε
2438 618 2456 648 ι
2484 597 2655 665 Quem
2687 599 2832 653 sedis
2860 597 3177 669 ordinisque
3207 599 3444 671 dignitas

1852 685 2049 752 erexit,
2079 687 2162 741 sui
2191 701 2251 741 se
2281 687 2718 744 consideratione
2749 691 3023 760 repressit.
3063 710 3082 742 ι
3116 689 3269 756 Item,
3303 691 3442 746 scri-

1853 776 1989 832 bens
2007 778 2280 850 episcopis
2303 778 2530 852 Eulogio
2551 792 2604 836 et
2624 780 2918 836 Anastasio
2941 781 3282 837 Autiocheno
3310 782 3446 838 dicit

1855 868 1972 942 (lib.
2005 885 2076 936 tv,
2109 871 2264 942 epist.
2287 872 2385 944 56)
2411 891 2422 926 :
2444 893 2461 924 ε
2486 871 2622 928 Cum
2646 873 2970 944 przedicator
2995 874 3246 945 egregius
3275 864 3442 942 dicat,

1854 960 2109 1028 Quaudiu
2149 964 2367 1034 quidem
2400 981 2522 1019 sum
2555 966 2796 1036 gentium
2827 965 3144 1036 Apostolus,
3195 965 3444 1022 ministe—

1854 1053 1994 1108 rium
2010 1057 2582 1112 meumhonorii’icabo
2606 1057 2777 1130 (Rom.
2807 1062 2906 1125 xi),
2934 1077 2951 1108 ι
2971 1059 3064 1128 qui
3084 1075 3276 1112 rursus
3307 1057 3444 1113 alias

1851 1145 2036 1201 dixit:
2074 1165 2093 1198 ι
2131 1145 2282 1202 Facti
2339 1165 2532 1204 sumus
2586 1149 2797 1218 parvuli
2855 1149 2910 1203 in
2965 1149 3147 1203 medio
3199 1158 3441 1203 vestrum

1855 1235 1910 1308 (1
1942 1237 2120 1292 Thess.
2139 1237 2232 1309 n);
2256 1241 2599 1310 sexemplum
2630 1241 3003 1311 prcculduhio
3025 1239 3180 1296 nobis
3209 1257 3442 1312 sequen—

1852 1330 2001 1385 tibus
2029 1331 2284 1398 ostendit,
2316 1341 2454 1388 utet
2487 1333 2845 1409 humilitatem
2879 1343 3161 1389 teneamus
3201 1333 3254 1387 in
3287 1349 3441 1388 men—

1854 1430 1906 1477 te
1931 1464 1946 1490 ,
1978 1431 2034 1477 et
2060 1433 2240 1478 tamen
2269 1425 2479 1480 ordinis
2510 1426 2683 1480 nostri
2715 1425 3033 1496 dignitatem
3065 1442 3349 1481 servemus
3387 1425 3441 1479 in

1855 1512 2085 1581 honore,
2137 1526 2410 1586 quatenus
2459 1533 2559 1571 nec
2601 1517 2656 1572 in
2701 1517 2863 1574 nobis
2910 1517 3193 1573 humilitas
3233 1518 3440 1585 timida,

1852 1622 1953 1661 nec
1979 1607 2181 1663 erectio
2210 1608 2280 1664 sit
2308 1609 2560 1679 superba.
2603 1629 2620 1662 ι

1923 1696 2216 1755 Sententia:
2253 1701 2493 1772 quidem,
2527 1699 2654 1772 quia
2695 1701 2798 1772 ipsi
2832 1702 2952 1774 ejus
2994 1702 3271 1758 maculant
3307 1719 3437 1773 pro-

1850 1776 2168 1857 motionem,
2203 1791 2438 1847 arbitror
2467 1809 2592 1847 cum
2619 1793 2737 1849 hrec
2767 1794 3116 1864 respondere,
3157 1809 3216 1848 se
3254 1810 3283 1848 a
3329 1793 3440 1848 Ro-

1850 1882 2030 1938 manis
2057 1883 2313 1951 clcctum,
2360 1884 2412 1940 id
2443 1883 2700 1941 culminis
2743 1887 3130 1942 conscendisse
3164 1894 3443 1954 coactum,

1851 1972 2267 2047 indignumque,
2297 1985 2351 2032 et
2380 1978 2608 2034 rationis
2637 1995 2759 2034 esse
2800 1979 3036 2034 alienum
3069 1990 3127 2036 ut
3165 1979 3441 2036 Ecclesia-

1852 2081 1974 2120 rum
2018 2075 2195 2122 mater
2241 2070 2398 2123 sedes
2433 2067 2680 2125 Romana
2730 2073 2976 2142 privetur
3007 2089 3120 2128 suae
3161 2073 3446 2130 electionis

1851 2161 2098 2229 arbitrio,
2127 2179 2224 2234 per
2250 2179 2414 2234 quam
2439 2164 2558 2218 alia:
2587 2163 2742 2218 sedes
2761 2163 2815 2219 id
2841 2165 3089 2220 obtinent
3107 2175 3167 2220 ut
3196 2182 3302 2220 non
3335 2166 3446 2224 siut

1851 2252 2114 2324 episcopi,
2145 2253 2240 2325 qui
2271 2269 2378 2308 non
2423 2269 2453 2308 a
2489 2269 2602 2309 suae
2631 2255 2780 2311 sedis
2809 2257 2956 2312 clero
2984 2267 3038 2312 et
3064 2257 3285 2328 populo,
3331 2275 3446 2312 non

1852 2357 2072 2418 propter
2114 2347 2331 2418 generis
2375 2347 2734 2415 nobilitatem,
2779 2350 2875 2404 sed
2901 2347 3024 2406 vita:
3075 2350 3444 2418 sanctitatem,

1853 2457 1961 2496 non
2003 2434 2198 2498 divites
2227 2441 2282 2496 in
2327 2442 2516 2511 rebus,
2561 2442 2655 2499 sed
2685 2443 2860 2499 sancti
2901 2445 2958 2500 in
3004 2445 3272 2515 moribus,
3315 2455 3445 2502 sunt

1852 2533 2028 2590 electi.

1924 2625 2177 2681 Defendit
2203 2626 2366 2681 etiam
2401 2625 2631 2681 forsitan
2671 2642 2730 2681 se
2771 2641 2836 2681 ex
2867 2626 3100 2684 decretis
3138 2628 3441 2698 prtedeces-

1853 2734 2041 2775 sorum
2075 2735 2326 2786 suorum,
2361 2717 2594 2784 Nicolai,
2643 2718 2907 2790 Stephani
2958 2729 3013 2774 et
3059 2721 3317 2788 aliorum,
3348 2723 3445 2794 qui

1852 2809 1959 2865 hoc
1986 2809 2342 2865 ﬁrmaverunt
2383 2809 2487 2865 sub
2531 2809 2878 2864 anathemate
2915 2829 2928 2865 :
2963 2825 3030 2864 ne
3071 2811 3196 2881 quis
3221 2821 3446 2883 negaret

160 2919 282 2960 nem
314 2904 685 2960 anathematis
715 2905 986 2960 invexisti.
1021 2901 1176 2959 Unde
1203 2903 1269 2958 de
1294 2912 1490 2958 caetero
1520 2901 1747 2956 omnino
1775 2923 1816 2980 ρ
1850 2901 2134 2956 electionis
2161 2902 2442 2974 privilegia
2472 2901 2585 2956 sedi
2612 2900 2892 2968 Romanm,
2914 2901 3020 2958 illis
3047 2912 3270 2958 econtra
3299 2904 3443 2960 allir-

157 3006 276 3051 esto
311 2996 746 3066 circumspectus
793 3007 956 3067 atque
1003 2995 1308 3062 sollicitus,
1361 3003 1414 3049 et
1459 2993 1587 3047 talia
1630 2993 1747 3048 cui—

161 3104 324 3158 quam
355 3103 456 3159 pro
484 3088 802 3146 defensione
847 3089 1082 3160 propri-.e
1128 3088 1344 3159 injuriae
1391 3096 1498 3141 tua:
1548 3085 1750 3140 inferre

163 3181 343 3238 denuo
372 3197 485 3236 non
515 3198 837 3253 prtesumas.
870 3181 1036 3248 Nam,
1069 3181 1113 3236 si
1145 3182 1250 3236 tale
1277 3179 1481 3252 aliquid
1513 3178 1706 3233 feceris
1732 3219 1747 3246 ,
1774 3257 1780 3262 _

165 3273 221 3327 in
257 3282 309 3329 te
339 3273 485 3330 scias
513 3283 702 3344 postea
731 3274 1140 3330 vindicandum.
1188 3291 1207 3325 ι

230 3364 364 3421 item
404 3336 548 3422 idem
600 3367 668 3422 ad
707 3365 1009 3422 Eufronum
1061 3365 1200 3438 (lege
1249 3363 1535 3418 Eusebium
1567 3336 1776 3418 abbot.-

160 3457 254 3513 lib.
290 3475 360 3524 ll,
388 3460 545 3529 epist.
576 3459 669 3532 24)
705 3479 716 3514 :
755 3479 772 3512 ι
812 3459 1107 3515 Servorum
1143 3457 1236 3514 Dei
1267 3457 1546 3512 humilitas
1585 3457 1640 3509 in
1669 3454 1752 3510 af-

161 3549 418 3630 ﬂictiouis
464 3561 712 3624 tempore
755 3553 917 3610 debet
965 3567 1264 3624 apparere,
1316 3562 1420 3606 etc.
1451 3547 1572 3604 Non
1601 3549 1750 3604 enim

161 3643 366 3714 grande
392 3653 480 3700 est
508 3643 596 3702 his
627 3660 728 3704 nos
753 3659 877 3702 esse
923 3645 1159 3700 humiles
1206 3659 1236 3698 a
1281 3642 1482 3713 quibus
1511 3642 1751 3696 honora-

163 3751 306 3791 mur.
337 3736 477 3804 Quia
515 3747 570 3793 et
602 3737 709 3795 hoc
756 3738 1048 3796 saeculares
1091 3735 1320 3806 quilibet
1363 3733 1589 3790 faciunt.
1643 3732 1750 3790 Sed

163 3829 268 3886 illis
297 3831 537 3886 maxime
557 3830 793 3886 humiles
819 3846 943 3888 esse
969 3830 1251 3894 debemus,
1284 3843 1313 3882 a
1343 3826 1544 3897 quibus
1566 3825 1748 3896 aliqua

162 3925 417 3992 patimur.
438 3921 580 3980 Nam
603 3922 891 3980 i’salmista
918 3924 1130 3979 dicente
1159 3919 1336 3994 [dicit]
1369 3939 1382 3974 :
1421 3939 1438 3970 ι
1466 3917 1599 3972 Vide
1642 3917 1747 3971 hu-

163 4016 445 4072 militatem
479 4031 657 4072 meam
683 4017 750 4072 de
779 4016 1015 4072 inimicis
1045 4015 1182 4070 meis
1215 4013 1390 4087 (Psul.
1425 4015 1521 4084 is).
1563 4031 1580 4063 ι
1615 4009 1747 4063 ltem

163 4109 214 4164 in
243 4110 470 4165 homilia
486 4126 538 4164 vi
561 4153 576 4166 .
601 4129 619 4162 ι
642 4109 895 4166 Judicure
916 4110 982 4164 de
1010 4109 1242 4164 subditis
1264 4107 1426 4178 digne
1449 4110 1746 4176 nequeunt,

160 4203 251 4273 qui
281 4204 338 4258 in
368 4203 717 4258 subditorum
768 4201 952 4259 causis
981 4217 1080 4256 sua
1110 4201 1192 4255 vel
1221 4199 1345 4256 odia
1394 4198 1478 4254 vel
1517 4196 1746 4270 gratiam

1854 2993 2132 3048 ulantibus
2168 3010 2276 3048 non
2309 2994 2473 3049 licere
2499 2993 2750 3048 electioni
2785 3002 2847 3048 ut
2875 2993 2944 3048 ad
2982 2993 3087 3048 hoc
3129 2994 3304 3065 rapiat
3329 2996 3410 3050 ele
3430 3024 3442 3034 -

1852 3095 2025 3151 ctum,
2044 3087 2189 3158 quod
2214 3085 2329 3158 ipse
2357 3086 2459 3141 sibi
2493 3085 2694 3140 fecerat
2721 3085 2988 3141 illicitum.
3014 3085 3080 3140 Et
3106 3086 3234 3142 hinc
3265 3085 3443 3142 Sana-

1854 3180 1983 3234 mite
2012 3177 2406 3252 [Sunainitide]
2433 3178 2696 3247 Ecclesia,
2727 3179 2887 3251 quasi
2917 3181 2968 3234 in
2993 3181 3277 3238 collisione
3301 3182 3443 3237 duo-

1853 3289 1974 3328 rum
2007 3273 2245 3343 lapidum
2284 3273 2542 3340 contrita,
2577 3272 2755 3340 nobis,
2797 3271 2892 3344 qui
2933 3271 2987 3328 in
3019 3289 3170 3344 spem
3196 3273 3436 3329 ﬁliorum

1854 3364 1910 3419 in
1941 3365 2044 3419 hac
2073 3364 2487 3436 iugemiscimus
2525 3352 2664 3420 valle
2703 3364 3095 3437 lacrymarum,
3124 3367 3442 3438 supplicau—

1853 3458 1984 3513 dum
2003 3467 2086 3512 est
2107 3455 2243 3512 fonti
2263 3457 2766 3514 misericordiarum
2789 3478 2807 3509 ι
2820 3466 2879 3512 ιιι
2898 3456 3228 3516 fermentum
3252 3460 3403 3525 illud,
3418 3481 3437 3512 ι

1853 3552 2024 3622 quod,
2054 3551 2198 3606 sicut
2225 3549 2522 3622 Gregorius
2553 3551 2708 3620 dicit,
2739 3570 2757 3604 ι
2784 3551 2960 3608 tribus
2988 3550 3179 3608 farina:
3195 3553 3328 3610 satis
3353 3561 3444 3608 to-

1853 3645 1964 3700 tius
1994 3644 2222 3700 humani
2258 3644 2475 3716 generis
2505 3659 2743 3700 massam
2782 3645 2836 3699 in
2881 3645 3147 3702 unitatem
3179 3662 3444 3716 consper—

1853 3736 1945 3802 sit,
1980 3751 2127 3792 nune
2163 3736 2332 3793 totius
2379 3735 2638 3792 Ecclesia:
2680 3751 2882 3807 corpus
2922 3737 2979 3792 in
3021 3737 3168 3794 illius
3207 3737 3442 3794 formam

1852 3827 2012 3898 panis
2067 3828 2164 3898 qui
2215 3829 2284 3883 de
2355 3829 2496 3884 caelo
2547 3829 2830 3886 descendit
2897 3829 3127 3900 redigat,
3175 3838 3237 3886 ut
3281 3830 3442 3886 vinea

1851 3921 2057 3976 Christi
2093 3921 2356 3976 mundata
2408 3920 2734 3992 vulpeculis,
2789 3936 2913 3992 quin
2955 3936 3076 3976 eam
3134 3921 3443 3976 dcmoliun-

1852 4025 1942 4071 tur
1972 4013 2154 4089 (Cant.
2191 4013 2277 4085 ιι),
2308 4022 2538 4086 purgata
2576 4015 2888 4079 sarmentis,
2921 4031 3044 4084 qua:
3084 4014 3194 4086 igni
3233 4015 3439 4072 deben-

1851 4117 1960 4174 tur,
2010 4115 2221 4173 vernet,
2262 4107 2452 4163 floreat
2495 4121 2591 4175 per
2619 4105 2968 4161 concordiam
3000 4107 3248 4174 unitatis,
3299 4122 3442 4160 verte

1852 4201 1946 4256 viti
1986 4200 2040 4255 in
2079 4199 2304 4255 odorem
2351 4197 2640 4255 suavitatis
2685 4197 2994 4270 [adhaerens
3035 4198 3172 4269 forte
3211 4197 3441 4252 subden-

77 4347 93 4362 _.
161 4306 486 4365 sequuntur.
521 4296 708 4366 (una)
742 4294 895 4350 [lude
931 4295 992 4350 ﬁt
1037 4304 1097 4350 ut
1141 4293 1260 4363 ipsa
1309 4293 1415 4348 hac
1457 4289 1660 4362 ligandi
1702 4298 1755 4344 et
1791 4287 1833 4341 D
1858 4291 2030 4365 dunt].
2059 4312 2078 4344 ι

159 4389 401 4444 solvendi
433 4397 702 4458 potestate
729 4405 789 4445 se
816 4388 988 4458 privet
1013 4429 1027 4454 ,
1057 4387 1152 4458 qui
1183 4387 1324 4441 hanc
1351 4399 1450 4456 pro
1487 4383 1604 4440 suis
1651 4396 1749 4436 vo-

159 4481 506 4549 luntatibus,
556 4492 612 4538 ct
660 4499 766 4538 non
811 4466 1154 4537 subditorum
1209 4479 1479 4544 moribus,
1509 4485 1744 4534 exercet.

164 4571 314 4630 Unde
355 4583 506 4634 recte
537 4591 634 4645 per
681 4575 998 4646 prophetam
1029 4573 1230 4630 dicitur
1262 4591 1275 4627 :
1315 4591 1332 4623 ι
1357 4570 1755 4626 Μοιτίίὶοιὼειηι

157 4671 374 4723 animas
403 4681 528 4737 qua:
557 4682 670 4722 non
699 4667 1009 4722 moriuntur
1030 4707 1044 4733 ,
1087 4675 1141 4722 et
1167 4664 1514 4720 viviﬁcabant
1539 4661 1752 4717 animas

157 4774 277 4829 qua:
305 4775 418 4814 non
448 4757 641 4815 vivunt
670 4756 887 4832 (Ezech.
923 4757 1063 4832 χιιι).
1103 4777 1122 4810 ι
1179 4755 1331 4812 Licet
1359 4755 1580 4828 quidem
1609 4770 1750 4826 prce-

156 4851 294 4908 latos
321 4852 474 4908 sedis
501 4867 619 4908 suae
647 4867 743 4908 seu
773 4850 974 4922 gradus
1001 4851 1118 4908 zelo
1147 4849 1395 4918 moveri;
1427 4849 1523 4905 sed
1567 4858 1748 4904 tamen

89 4983 95 4988 .
156 4945 282 5014 quia
310 4945 369 5001 in
401 4945 648 5000 maximo
678 4944 907 5014 imperio
954 4943 1180 4998 minima
1223 4953 1308 4998 est
1358 4941 1574 4998 licentia
1639 4958 1772 5006 nou

157 5037 424 5094 oblivisci.
460 5035 646 5108 (l020)
679 5033 834 5089 Unde
871 5033 1166 5108 Gregorius
1213 5033 1271 5089 in
1319 5033 1547 5106 epistola
1591 5031 1750 5087 Sabi-

159 5131 319 5186 niano
345 5131 587 5186 diacono
615 5129 798 5197 legato
827 5125 941 5196 (tib.
975 5145 1070 5194 vn,
1101 5127 1260 5198 epist.
1293 5127 1346 5198 1)
1381 5145 1394 5182 :
1444 5145 1463 5176 ι
1499 5123 1752 5182 Paratior

157 5239 295 5291 sum,
325 5222 530 5294 inquit,
561 5219 704 5276 mori
731 5235 896 5290 quam
933 5222 1076 5279 beati
1104 5220 1251 5277 Petri
1278 5220 1579 5278 Ecclesiam
1608 5222 1749 5278 meis

1921 4383 2203 4442 Audituris
2233 4382 2485 4458 [audite],
2515 4385 2609 4455 qui
2643 4399 2788 4440 nunc
2822 4384 3123 4454 apostolico
3163 4382 3440 4440 contradi-

1849 4481 1995 4546 citis,
2039 4478 2281 4550 episcopi
2327 4478 2461 4533 illud
2495 4476 2742 4548 Gregorii
2766 4475 2882 4550 (lib.
2913 4493 2986 4542 vt,
3027 4477 3183 4547 epist.
3237 4476 3326 4546 10)
3370 4475 3440 4529 ad

1852 4571 2091 4628 Felicem
2119 4570 2437 4645 episcopum
2466 4570 2698 4626 dicentis
2729 4589 2740 4624 :
2779 4588 2798 4621 ι
2831 4567 3078 4634 Qualiter
3106 4567 3439 4632 obcdientia,

1851 4666 1937 4722 vel
1965 4663 2271 4720 reverentia
2299 4664 2370 4720 sit
2398 4663 2706 4734 prmpositis
2727 4660 3053 4727 exhibenda,
3083 4676 3151 4714 ex
3173 4662 3283 4718 tuis
3303 4674 3444 4731 quo-

1850 4775 1960 4832 que
2001 4757 2284 4830 subjectis,
2315 4757 2432 4828 ipse
2479 4771 2589 4811 non
2626 4755 2884 4827 ambigis.
2927 4753 2989 4810 ln
3035 4769 3142 4824 qua
3184 4770 3245 4811 re
3286 4752 3444 4810 valde

1849 4860 1937 4910 est
1963 4851 2114 4920 utile,
2143 4850 2190 4906 si
2214 4851 2268 4905 id
2297 4849 2447 4920 quod
2473 4847 2778 4917 disciplina:
2805 4847 2960 4918 vigor
2989 4847 3242 4916 imponit,
3293 4844 3451 4902 nullo

1852 4953 2103 5016 cogente,
2160 4942 2444 4998 humilitas
2491 4941 2763 4997 laudanda
2809 4939 3128 4994 servaverit.
3165 4959 3184 4991 ι
3220 4939 3286 4994 Et
3316 4935 3448 4992 illud

1853 5036 2094 5094 Leonis:
2135 5054 2153 5088 ι
2183 5031 2289 5100 Qui
2330 5050 2462 5106 ergo
2491 5031 2595 5088 scit
2622 5048 2682 5088 se
2711 5033 3042 5106 quihusdam
3073 5031 3448 5104 prtepositum,

1855 5145 1966 5187 non
1997 5131 2226 5184 moleste
2257 5129 2396 5184 ferat
2448 5125 2690 5194 aliquem
2727 5125 2832 5184 sibi
2860 5141 2983 5182 esse
3014 5125 3328 5196 praelatum,
3356 5120 3450 5177 sed

1853 5221 2220 5280 obedientiam
2270 5235 2438 5291 quam
2495 5216 2669 5289 exigit
2713 5219 2884 5278 etiam
2937 5219 3053 5289 ipse
3098 5215 3390 5288 dependat.
3425 5227 3444 5260 β
