3986 5312
636 180 777 236 “55

1623 174 1713 231 AD
1751 172 1979 233 OPERA
2017 173 2075 230 S.
2117 169 2446 229 GREGORII
2483 170 2926 231 APPENDICES.

634 296 871 354 Econtra
907 295 1110 352 domno
1140 292 1439 364 apostolico
1464 293 1675 349 viscera
1707 292 1947 348 doctoris
1974 289 2215 363 gerentis
2243 289 2291 347 Α
2315 289 2417 343 sibi
2444 289 2729 345 manduca!
2763 290 2819 363 (Ι
2845 290 2969 347 Cor.
3000 288 3102 363 ιι).
3147 286 3283 360 Sibi,
3311 287 3518 363 inquit,
3550 307 3665 349 non
3702 293 3813 363 tibi,
3840 309 3889 353 α

634 388 692 445 in
705 389 983 458 subjectos
1009 395 1328 457 accepturos
1356 386 1587 442 dicentis
1617 404 1630 440 :
1664 406 1682 437 ‹
1721 383 2006 456 Tanquam
2035 381 2080 440 si
2111 398 2239 469 ιλιι-ι

640 483 753 538 trix
781 481 960 538 foveat
997 481 1138 537 ﬁlios
1166 497 1326 547 suos,
1376 480 1450 535 ita
1473 479 1847 535 desiderantes
1881 494 1980 533 vos
2022 478 2218 547 cupide

633 576 951 632 volebamus
970 575 1182 631 tradere
1200 564 1356 630 vobis
1385 589 1492 629 non
1516 573 1695 628 solum
1719 571 2071 643 Evangelium
2096 570 2215 637 Dei,

635 668 729 724 sed
756 669 917 723 etiam
946 667 1160 722 animas
1186 674 1402 722 nostras
1430 684 1445 720 :
1477 664 1738 736 quoniam
1778 663 2089 720 charissimi
2118 652 2237 719 no-'

631 760 720 815 his
765 759 892 815 facti
934 759 1066 815 estis
1112 757 1167 826 (1
1214 758 1395 813 Thess.
1449 757 1532 829 ιι).
1578 776 1597 811 ι
1650 756 1709 811 In
1760 756 1864 812 hac
1908 758 2213 828 apostolici,

634 852 747 908 sive
772 893 788 919 ,
854 860 917 906 ut
984 852 1074 906 ille
1148 859 1301 922 putat
1324 891 1340 917 ,
1403 849 1827 920 reprehensione
1855 891 1872 917 ,
1943 850 2091 916 sive,
2157 859 2218 906 ut

632 942 744 1008 illi,
792 944 1099 999 necessaria
1169 942 1605 999 consideratione
1654 941 1862 1014 (l02l),
1890 957 1991 1014 ego
2047 950 2213 1011 tuus,

632 1034 757 1089 licet
784 1034 1030 1089 interiori
1059 1050 1275 1090 caream
1306 1034 1579 1100 rationali,
1601 1033 1791 1088 volens
1813 1032 1995 1088 tamen
2027 1033 2214 1090 funem

632 1125 990 1194 apostolicum
1020 1123 1202 1194 potius
1231 1123 1386 1194 sequi
1425 1139 1591 1193 quam
1622 1123 1861 1189 trahere,
1888 1123 2074 1179 sedem
2112 1123 2218 1179 Ilo-

632 1231 851 1271 manam
880 1230 1113 1269 veneror
1136 1224 1198 1270 ut
1225 1214 1464 1270 tribunal
1485 1213 1712 1281 Christi,
1742 1214 1862 1284 ejus
1899 1215 2212 1284 pontiﬁcem

630 1317 692 1361 ut
721 1307 1024 1362 sacrarium
1054 1306 1292 1377 Spiritus
1317 1305 1467 1373 almi,
1493 1305 1612 1377 ejus
1636 1306 1972 1378 amplectens
1995 1306 2213 1365 decreta
2236 1320 2241 1325 '

630 1408 693 1452 ut
719 1398 961 1454 caelestis
988 1398 1155 1454 curia:
1186 1398 1383 1453 edicta.

700 1488 937 1559 Inquiris
965 1496 1226 1559 praeterea
1265 1505 1295 1544 a
1341 1504 1447 1555 me,
1480 1497 1540 1544 ut
1570 1488 1648 1544 tui
1690 1505 1883 1545 rursus
1912 1490 2074 1545 verba
2116 1506 2215 1562 po-

629 1597 778 1649 nam,
807 1582 936 1652 quid
965 1597 1065 1653 ego
1094 1567 1327 1638 sentiam
1354 1583 1422 1639 de
1451 1581 1792 1640 confectione
1834 1596 2211 1661 sacramento-

630 1690 751 1729 rum
789 1691 821 1729 a
863 1673 1210 1743 Simoniacis,
1247 1692 1343 1732 seu
1389 1693 1421 1733 a
1457 1677 1795 1749 quibuslibet
1832 1678 2213 1734 excommuni-

624 1765 763 1822 catis
778 1775 1188 1838 usurpatorum,
1212 1768 1412 1839 quippe
1428 1769 1475 1824 si
1491 1778 1713 1825 careant
1733 1772 1979 1827 veritate.
2001 1770 2215 1831 Stultus
2240 1762 2241 1765 ¹

625 1856 795 1929 igitur
819 1874 929 1914 non
958 1860 1122 1916 stulte
1149 1861 1365 1916 obedio.
1397 1860 1585 1917 Dicam
1610 1862 1758 1933 quod
1782 1863 1978 1919 sentio.

666 1942 673 1951 ’
699 1945 1047 2005 Simoniacus
1075 1957 1180 2017 est,
1213 1950 1307 2021 qui
1334 1951 1653 2021 temporalis
1678 1951 1816 2006 lucri
1843 1951 2018 2023 gratia
2047 1952 2218 2009 eccle-

622 2039 875 2098 siasticos
903 2042 1139 2109 honores
1163 2043 1616 2114 qualitercunque
1649 2043 1735 2098 vel
1770 2044 1925 2110 emit,
1953 2044 2040 2100 vel
2074 2059 2211 2099 ven-

622 2131 721 2187 dit.
753 2131 960 2189 Iiorum
981 2133 1094 2201 alii,
1135 2134 1262 2189 licet
1292 2134 1547 2199 ordinati,
1581 2143 1773 2207 carent
1814 2144 1996 2190 tamen
2035 2135 2212 2190 eccle-

2319 380 2659 454 Augustintts
2685 382 2742 438 in
2777 381 3007 454 epistola
3028 384 3246 441 concilii
3271 386 3341 441 ad
3366 385 3710 443 Donatistas.
3746 388 3888 443 Con-

2318 477 2508 531 munio
2532 476 2803 531 malorum
2831 492 2941 531 non
2964 480 3203 533 maculat
3222 479 3463 549 aliquem
3490 480 3889 551 participaticn

2318 578 2808 636 sacramentorum,
2836 570 2930 625 sed
2960 572 3321 627 consensione
3346 572 3651 628 l'actnrum.
3690 573 3819 629 Nam
3849 578 3887 631 si

2317 659 2375 715 in
2406 660 2563 717 factis
2608 663 2769 717 malis
2808 677 2919 717 non
2959 662 3042 718 eis
3084 664 3318 735 quisque
3351 666 3692 732 consentiat,
3734 679 3891 737 portat

2317 754 2496 811 malus
2523 770 2749 810 causam
2789 771 2947 810 suam
2978 764 3032 810 et
3058 771 3347 826 personam
3383 773 3571 813 suam.
3617 757 3743 813 Non
3771 777 3890 830 pr:-

2312 844 2523 915 judicat
2547 846 2701 901 alteri
2738 862 2900 916 quem
2926 845 2981 900 in
3011 848 3372 903 consensione
3416 849 3551 903 mali
3590 850 3781 919 operis
3814 867 3891 905 so-

2316 938 2462 992 cium
2492 954 2597 993 non
2628 938 2794 993 habet
2831 938 3100 994 criminis.
3145 937 3212 993 Et
3259 948 3320 994 ut
3357 941 3506 997 scias
3526 942 3703 1012 .quod
3732 940 3893 997 Simo-

2316 1029 2487 1097 niaci,
2537 1030 2685 1100 quod
2740 1031 3197 1086 excommunicati
3242 1032 3486 1087 nondum
3533 1034 3893 1090 ventilabam

2314 1122 2543 1192 experti,
2573 1122 2744 1177 latent
2780 1122 2836 1177 in
2876 1121 3138 1189 Ecclesia,
3185 1132 3246 1179 ut
3275 1124 3328 1178 in
3364 1140 3547 1180 messe
3572 1141 3703 1180 cum
3736 1143 3893 1198 grano

2314 1213 2490 1283 palea,
2521 1228 2736 1281 omnes,
2776 1229 2917 1285 quos
2955 1212 3269 1271 Simoniaea
3316 1217 3512 1286 polluit
3539 1218 3793 1284 hare-sis,
3836 1235 3892 1275 ex

2314 1307 2581 1381 sententia
2634 1306 2896 1378 principis
2949 1308 3323 1377 apostolorum
3363 1309 3649 1377 damnati,
3692 1310 3896 1366 ὤπυιε

2315 1393 2473 1451 beato
2499 1395 2717 1452 Gelasio
2801 1416 2821 1449 ι
2844 1395 2990 1453 Idem
3018 1396 3136 1468 ipse
3154 1414 3332 1467 error,
3356 1400 3452 1471 qui
3477 1402 3650 1456 semel
3673 1410 3763 1456 est
3781 1418 3893 1457 cun

2312 1502 2416 1543 suo
2441 1496 2662 1543 auctore
2702 1488 3014 1556 damnatus,
3058 1490 3113 1545 in
3146 1492 3413 1563 participe
3440 1494 3692 1564 quolibet
3728 1510 3896 1564 pur:

2313 1580 2716 1637 communionis
2756 1581 2948 1638 effecto
3003 1586 3437 1642 exsecrationem
3477 1587 3568 1642 sui
3616 1599 3822 1661 gestat,
3848 1599 3896 1643 et

2312 1687 2551 1743 pennam.
2588 1692 2607 1725 ι
2648 1671 2781 1728 Item
2809 1692 2823 1730 :
2865 1694 2883 1727 ι
2913 1673 3024 1731 Nec
3046 1676 3271 1732 dubium
3303 1679 3451 1749 quod
3483 1680 3635 1735 sicut
3677 1682 3734 1735 in
3769 1698 3894 1736 una-

2311 1781 2529 1838 quaque
2554 1767 2771 1835 haeresi,
2800 1768 2950 1839 quod
2980 1769 3378 1826 incessabiliter
3403 1774 3770 1843 repetendum
3789 1784 3891 1838 est,

2310 1859 2441 1931 quia
2505 1858 2726 1915 ﬁrmum
2789 1875 2911 1917 esse
2980 1861 3162 1917 nullus
3236 1862 3468 1934 ambigit
3533 1863 3890 1931 Christianus,

2316 1968 2510 2009 omnes
2535 1952 2849 2024 complices,
2878 1962 3197 2021 sectatores,
3227 1957 3739 2014 communicatum
3762 1959 3894 2014 dam-

2311 2054 2451 2101 nata:
2478 2046 2646 2101 semel
2681 2045 2967 2117 pravitatis
2989 2046 3107 2117 pari
3134 2056 3281 2102 sorte
3303 2055 3633 2103 censentur.
3662 2067 3685 2101 ι

2379 2136 2603 2205 Omnes,
2632 2139 2770 2207 scio,
2795 2139 3241 2210 praesumptuosi,
3269 2147 3726 2211 transgressores
3751 2157 3893 2197 cano-

624 2223 849 2281 siastico
874 2226 1081 2281 honore
1107 2241 1269 2297 quem
1297 2241 1328 2282 a
1350 2226 1499 2281 nullo
1525 2235 1866 2296 acceperant.
1911 2224 2017 2281 Alii
2054 2242 2213 2298 regu-
2310 2246 2444 2286 num
2471 2238 2600 2286 sunt
2637 2231 3102 2298 anathematizati,
3132 2232 3406 2287 scribente
3439 2230 3498 2286 S.
3534 2232 3801 2305 Gregorio
3832 2233 3892 2289 ad

624 2318 813 2377 lariter
857 2320 1114 2386 ordinati,
1153 2320 1278 2375 licet
1323 2320 1672 2390 postmodum
1723 2317 2020 2374 Simoniaci
2059 2317 2208 2387 facti,
2308 2322 2615 2379 Gallicanos
2642 2323 2966 2395 episcopos:
3007 2343 3026 2376 ι
3056 2322 3250 2379 Omnia
3280 2340 3404 2395 quae
3435 2326 3655 2380 sanctis
3689 2328 3891 2381 canoni-

626 2412 828 2467 babent
869 2418 1052 2465 tamen
1096 2409 1276 2466 adhuc
1323 2410 1545 2465 ordines
1594 2424 1734 2479 quos
1794 2409 2068 2479 publicata
2111 2425 2210 2464 sua
2307 2415 2412 2471 bus
2442 2426 2570 2471 sunt
2599 2416 2826 2472 adversa
2861 2415 3109 2472 districte
3140 2416 3243 2471 sub
3268 2417 3649 2473 anathematis
3676 2419 3891 2487 interpo-

627 2502 821 2559 hazresi
851 2501 1092 2558 nondum
1122 2502 1439 2557 amiserant.
1476 2499 1821 2555 Inordinatos
1848 2508 2032 2555 autem
2069 2500 2209 2556 dici-
2307 2505 2507 2561 sitione
2536 2507 2885 2562 damnentur.
2920 2526 2937 2558 ι
2977 2506 3083 2563 Sed
3106 2507 3184 2573 hi,
3225 2508 3477 2578 inquam,
3500 2510 3615 2564 etsi
3641 2510 3887 2575 accusari,

625 2609 750 2650 mus
778 2594 874 2666 qui
907 2593 1141 2648 ordinati
1195 2601 1325 2649 sunt
1365 2607 1395 2647 a
1442 2590 1756 2648 Simoniaco
1805 2591 1900 2662 qui
1949 2591 2086 2647 nihil
2130 2592 2212 2648 eis
2307 2599 2783 2654 evidentertamen
2806 2600 3047 2655 nondum
3070 2600 3122 2654 in
3140 2599 3243 2655 hac
3263 2602 3718 2672 transgressione
3735 2602 3889 2656 denu-

625 2685 802 2754 potuit
845 2684 1009 2752 dare,
1050 2684 1136 2739 vel
1167 2684 1261 2754 qui
1300 2699 1398 2754 per
1437 2683 1726 2755 pecuniam
1781 2691 1879 2738 aut
1934 2682 2209 2738 interven-
2308 2689 2441 2755 dati,
2469 2690 2691 2757 habent,
2717 2699 2779 2746 ut
2807 2691 3102 2758 credimus,
3129 2692 3196 2747 de
3219 2701 3474 2748 materna
3504 2692 3892 2765 Ecclesiap-a-

626 2786 743 2831 tum
769 2776 1048 2833 saecularis
1076 2775 1263 2847 gratiae
1285 2775 1520 2831 ordinati
1546 2783 1674 2829 sunt
1696 2789 1852 2829 anon
1878 2771 2208 2857 Simoniaco,
2309 2782 2384 2836 tia
2412 2790 2466 2836 et
2501 2783 2811 2850 sanctitate,
2860 2783 3125 2839 adversus
3169 2800 3338 2854 quam
3375 2801 3482 2840 nec
3524 2794 3706 2857 portae
3749 2787 3891 2841 interi

625 2883 656 2922 a
686 2883 796 2938 quo
826 2867 962 2923 nihil
987 2882 1084 2938 per
1107 2867 1436 2937 emptionem
1469 2873 1720 2936 poterant
1744 2863 2010 2935 accipere.
2049 2855 2209 2919 ordi-

2317 2874 2920 2954 prtcvalebuntjtlatlh.
2952 2876 3066 2947 xvi)
3092 2895 3103 2930 :
3134 2877 3237 2931 sub
3259 2877 3419 2946 cujus
3455 2855 3566 2934 aliis
3603 2879 3660 2932 in
3691 2895 3787 2949 spe
3806 2894 3886 2932 ve-

627 2968 787 3017 natos
822 2969 1004 3017 autem
1035 2969 1091 3015 ct
1141 2970 1322 3015 tamen
1361 2957 1708 3029 Simoniacos
1739 2959 2077 3029 appellamus
2116 2956 2210 3028 qui
2237 2997 2282 3057 ε
2312 2967 2418 3023 nias
2459 2967 2639 3022 adhuc
2687 2967 2874 3035 ιειιθηι,
2915 2977 2977 3023 ιιι
3028 2978 3372 3025 sacramenta
3414 2970 3673 3040 ejusdem
3716 2971 3887 3025 miris

630 3062 749 3125 post
804 3062 1058 3125 acceptos
1111 3068 1142 3108 a
1181 3052 1382 3124 quibus
1428 3059 1578 3107 etut
1624 3052 1923 3108 debuerant
1966 3050 2207 3117 ordines,

626 3143 897 3203 Eeclesias
957 3145 1042 3201 vel
1080 3144 1185 3200 alia
1215 3161 1338 3216 qua:
1380 3143 1691 3200 Simoniaca
1747 3146 1925 3200 suasit
1963 3143 2209 3210 haeresis,

625 3244 871 3294 emerant
885 3235 970 3292 vel
989 3236 1360 3293 vendiderant.
1393 3234 1498 3297 Sed
1522 3236 1753 3307 priores,
1798 3252 1939 3308 quos
1970 3236 2212 3293 diximus

624 3327 924 3394 ordinatos,
956 3329 1106 3385 nullo
1150 3328 1312 3384 modo
1357 3327 1651 3389 conﬁcient
1693 3337 2057 3396 sacramenta,
2101 3326 2210 3384 nisi

626 3425 748 3489 pest
773 3415 1522 3491 satisfactionemepiscopali
1563 3419 1885 3475 auctoritate
1910 3420 2215 3475 admittan-

631 3520 738 3563 tur.
770 3507 864 3565 Isti
906 3510 1258 3580 posteriores,
1302 3512 1356 3565 id
1384 3520 1470 3566 est
1516 3512 1751 3566 ordinati
1794 3520 1849 3567 et
1890 3511 2210 3583 Simoniaci,

630 3615 738 3655 non
765 3600 1054 3657 conﬁcient
1083 3599 1264 3672 (1022)
1298 3603 1392 3672 qui
1436 3601 1711 3657 manifesti
1739 3613 1891 3670 sunt,
1937 3604 2044 3660 nisi
2079 3621 2214 3661 con-

628 3700 931 3749 vertantur.
971 3690 1111 3760 Quia
1159 3708 1288 3747 vero
1330 3700 1504 3749 matre
1549 3692 1788 3750 Ecclesia
1819 3711 1944 3751 cum
1990 3696 2212 3754 Christo

630 3785 806 3856 capite
829 3786 885 3840 in
920 3801 1089 3843 unum
1112 3799 1312 3855 corpus
1342 3786 1515 3854 unita,
1546 3786 1783 3841 ﬁliorum
1825 3797 1911 3844 est
1955 3787 2240 3847 Ecclesia!

633 3894 741 3934 non
770 3879 876 3936 nisi
895 3879 963 3935 de
992 3880 1351 3937 sacramentis
1376 3878 1603 3946 Christi,
1640 3889 1696 3936 et
1737 3879 2028 3950 Ecclesiae;
2077 3899 2209 3954 pro-

630 3986 775 4043 pono
817 3970 953 4027 mihi
1009 3970 1497 4045 distinguendum,
1548 3974 1875 4031 auctoritate
1940 3977 2209 4034 catholica

630 4065 992 4135 probandum,
1040 4065 1173 4135 quid
1218 4064 1287 4120 de
1334 4064 1684 4132 Simoniacis,
1731 4074 1786 4122 et
1827 4069 2209 4123 excommuni-

631 4159 769 4214 catis
803 4159 994 4214 eadem
1022 4159 1125 4215 sibi
1171 4168 1513 4216 sacramenta
1551 4161 1991 4229 vendicantibus,
2018 4162 2093 4218 sit
2124 4174 2211 4218 te-

632 4251 893 4305 nendum.

2314 3064 2625 3120 conﬁciant.
2663 3064 2823 3120 cuius
2854 3066 3087 3120 necdum
3119 3065 3215 3120 ﬁlii
3253 3082 3376 3122 esse
3400 3067 3627 3138 publice
3651 3067 3887 3139 perdide-

2308 3165 2454 3210 rant.

2382 3245 2490 3302 Sed
2510 3246 2649 3304 dicis
2674 3266 2688 3303 :
2719 3246 3008 3316 Quomodo
3032 3247 3325 3303 conﬁcient
3342 3262 3552 3318 corpus
3577 3245 3783 3303 Clu-ini
3801 3246 3886 3316 qui

2312 3354 2408 3409 per
2433 3338 2709 3405 hatrosim,
2735 3356 2832 3395 seu
2873 3355 2970 3410 per
3008 3339 3262 3394 meritum
3290 3340 3690 3406 anathematis,
3712 3354 3775 3394 se
3804 3339 3886 3393 de-

2312 3433 2749 3490 membraveruut
2778 3422 2835 3487 ia
2887 3446 3116 3501 corpore
3178 3430 3423 3486 Christi?
3464 3430 3881 3503 Respondetur:

2310 3519 2480 3576 Judas
2511 3538 2654 3578 unus
2680 3539 2748 3577 ex
2770 3522 3054 3578 duodecim
3076 3529 3213 3587 erat,
3249 3522 3502 3578 eamdem
3544 3539 3676 3577 cum
3696 3524 3779 3579 eis
3797 3537 3882 3592 po-

2314 3622 2561 3669 testatem
2593 3616 2853 3670 miracula
2881 3612 3116 3670 faciendi
3145 3615 3396 3670 bibebat.
3443 3614 3512 3670 Et
3538 3617 3791 3686 quamvis
3810 3616 3883 3669 lo-

2310 3706 2463 3761 culos
2490 3714 2715 3777 portans
2753 3706 2841 3761 fur
2879 3715 3025 3762 esset
3062 3705 3241 3777 (Joan.
3290 3706 3389 3777 xu)
3423 3725 3437 3760 :
3486 3715 3673 3761 tamen
3701 3707 3883 3777 quibus

2310 3812 2410 3866 par
2444 3804 2564 3851 erat
2601 3796 2656 3850 in
2689 3796 2883 3867 signis,
2914 3812 3014 3866 par
3046 3796 3333 3851 videbatur
3382 3803 3439 3850 et
3482 3797 3718 3852 meritis.
3759 3797 3883 3849 Ante

2310 3891 2500 3945 oculos
2529 3890 2729 3961 quippe
2750 3890 3036 3943 hominum
3061 3889 3117 3943 in
3147 3887 3542 3943 miraculorum
3568 3888 3879 3959 insignibus,

2309 3980 2475 4047 Petri,
2506 3981 2755 4047 Andreae,
2792 3978 2987 4035 Jacobi
3013 3989 3070 4036 et
3112 3977 3344 4034 Joannis
3369 3988 3495 4034 cat
3512 3981 3745 4046 socius;
3770 3989 3883 4033 ω

2310 4072 2435 4143 ejus
2458 4082 2639 4127 autem
2665 4072 2858 4128 oculos
2902 4073 2994 4127 cui
3031 4087 3138 4126 non
3184 4079 3304 4126 erat
3332 4087 3475 4142 opus
3512 4081 3573 4126 ut
3610 4072 3742 4141 quis
3785 4071 3875 4126 sibi

2310 4165 2686 4220 testimonium
2712 4164 3022 4235 perhiberet
3047 4164 3113 4219 de
3135 4163 3377 4229 homine,
3407 4165 3539 4235 quia
3571 4184 3590 4215 ι
3622 4165 3736 4234 ipse
3757 4164 3880 4219 scie-

2324 4254 2406 4315 bat
2437 4257 2570 4327 quid
2592 4264 2738 4312 esset
2769 4256 2824 4310 in
2856 4256 3077 4311 homine
3100 4255 3281 4325 (Joan.
3312 4254 3374 4326 ιι)
3400 4273 3446 4322 ι,
3476 4265 3596 4311 erat
3621 4256 3875 4311 diabolus.

706 4340 889 4413 (1025)
928 4340 1272 4398 Simoniacos
1313 4342 1485 4413 igitur
1517 4350 1577 4398 et
1605 4345 2106 4402 excommunicatos
2157 4347 2211 4401 in
2244 4349 2289 4405 D
2315 4349 2529 4405 Dictum
2559 4357 2643 4405 est
2669 4349 2815 4404 enim
2844 4349 2912 4404 de
2942 4364 3008 4403 eo
3034 4366 3046 4402 :
3084 4367 3103 4401 ε
3136 4347 3325 4403 Nonne
3353 4363 3459 4419 ego
3481 4363 3583 4404 vos
3609 4349 3877 4404 duodecim

632 4433 745 4489 duo
771 4432 1089 4488 dividimus.
1112 4432 1225 4488 Alii
1242 4446 1434 4490 eor'um
1495 4450 1741 4511 quorum
1757 4437 1907 4494 zelus
1935 4439 2205 4509 innotuit;

633 4528 727 4583 alii
774 4526 893 4598 qui,
919 4526 1028 4583 etsi
1062 4527 1326 4595 accusati,
1368 4528 1472 4583 etsi
1498 4529 1713 4584 macula
1744 4530 2076 4599 suspicionis
2121 4547 2209 4587 re-

635 4622 845 4692 spersi,
888 4621 1118 4678 necdum
1162 4629 1344 4676 tamen
1399 4621 1737 4678 manifestati
1809 4622 2031 4678 Illorum
2080 4640 2211 4680 vero

633 4728 868 4783 quorum
893 4711 1046 4773 nefas
1068 4710 1374 4783 patet,alii,
1403 4712 1635 4767 neuium
1664 4713 1720 4767 in
1740 4713 1948 4783 judicio
1975 4730 2212 4785 praesen-

634 4804 751 4870 tati,
779 4802 871 4858 alii
919 4802 1137 4874 publico
1174 4801 1431 4860 Ecclesiae
1457 4803 1664 4873 judicio
1706 4805 1966 4859 damnati.
1999 4804 2081 4860 Ab
2105 4806 2212 4862 illis

635 4893 801 4964 igitur
826 4909 1058 4964 quorum
1091 4893 1272 4949 scelus
1301 4894 1481 4949 adhuc
1516 4895 1736 4949 oculum
1784 4896 2023 4952 hominis
2060 4897 2211 4965 latet,

636 4986 911 5043 credimus
945 5002 1108 5059 posse
1152 4987 1343 5043 conﬁci
1388 4997 1729 5043 sacramenta
1776 4987 2052 5046 Ecclesize.
2107 4990 2214 5048 Sed

638 5080 890 5149 quamvis
916 5095 1017 5135 nos
1045 5080 1236 5150 juvent
1271 5096 1367 5153 per
1406 5080 1588 5148 ﬁdem,
1626 5081 1749 5137 illos
1777 5082 2042 5138 damnant
2088 5100 2215 5154 pro-

640 5180 760 5241 pter
787 5173 1307 5241 praesumptionem:
1352 5172 1650 5242 Judicium,
1683 5175 1861 5246 inquit
1898 5175 2235 5246 Apostolus,

2314 4441 2481 4513 elegi,
2528 4451 2582 4497 et
2619 4457 2764 4496 unus
2811 4456 2877 4495 ex
2912 4441 3068 4497 vobis
3099 4439 3350 4497 diabolus
3394 4441 3515 4496 est?
3537 4460 3557 4492 ι
3588 4440 3767 4513 (loca.
3792 4439 3876 4509 vr.)

2315 4531 2441 4588 Ideo
2485 4533 2674 4604 utique
2713 4533 2981 4599 diabolus,
3030 4532 3159 4603 quia
3202 4532 3417 4587 dualem
3448 4533 3696 4603 spirabat
3720 4547 3875 4603 spem,

2316 4641 2439 4682 esse
2465 4626 2715 4682 videlicet
2750 4635 2806 4681 et
2839 4624 3090 4680 venditor
3124 4623 3338 4679 Domini
3367 4632 3425 4679 et
3454 4626 3757 4696 discipulus
3787 4624 3877 4677 Do-

2319 4719 2474 4774 mini.
2515 4719 2620 4774 Sed
2654 4733 2778 4774 cum
2823 4717 2937 4788 jam
2970 4717 3225 4787 nequitiae
3262 4732 3377 4772 sua:
3411 4718 3647 4787 pretium
3693 4716 3875 4773 venditi

2317 4810 2533 4865 Domini
2579 4809 2934 4881 promitteret,
2970 4823 3094 4863 cum
3125 4809 3238 4879 jam
3280 4809 3740 4878 opportunitatem
3776 4818 3873 4863 tra-

2314 4902 2477 4959 dendi
2523 4918 2647 4957 eum
2693 4911 2961 4972 quaereret
3016 4901 3234 4973 (Matth.
3279 4917 3443 4968 xxvr;
3488 4902 3623 4958 Luc.
3662 4901 3791 4972 nn)
3828 4902 3873 4953 in

2317 4994 2423 5050 hoc
2447 4994 2709 5049 barathro
2753 4994 2974 5050 sceleris
3015 5010 3123 5049 non
3152 4994 3335 5049 minus
3362 5010 3502 5050 usus
3523 5002 3611 5051 est
3633 5001 3875 5066 potestate

2317 5087 2635 5156 apostolica,
2661 5094 2715 5140 et
2741 5086 2844 5140 hac
2878 5086 3086 5151 tandiu,
3119 5085 3292 5141 donec
3325 5087 3517 5141 audito
3546 5106 3559 5140 :
3599 5106 3619 5138 ε
3645 5086 3783 5157 quod
3808 5084 3874 5138 τδ-

2317 5179 2418 5246 cis,
2447 5176 2533 5233 l‘ac
2570 5178 2753 5245 citius,
2783 5178 2950 5233 exivit
2986 5179 3132 5248 foras
3162 5195 3178 5233 :
3224 5177 3356 5232 Erat
3400 5174 3553 5234 enim
3580 5194 3688 5234 nox
3709 5175 3871 5250 (1m.
3976 5234 3977 5255 χ
