3986 5312
170 83 329 142 HS?

1071 78 1362 137 APPEND.
1401 79 1489 136 ΠΙ.
1531 111 1599 121 --ο
1636 76 2073 136 ΜΟΝΙΞΜΕΝΤΑ
2111 78 2581 139 ειιεοοιυΑΜ.

3338 89 3477 148 ηδε

167 197 386 269 xm).-i
442 195 521 251 Ad
560 196 709 251 hunc
762 194 989 251 modum
1035 196 1311 252 credimus
1347 205 1401 251 et
1456 197 1585 251 hos.
1614 209 1776 266 posse
1804 201 1846 254 Α
1874 193 1943 249 de
1995 194 2100 250 hac
2132 194 2240 250 vita
2289 195 2627 267 migraverit,
2662 210 2775 251 non
2818 210 2963 259 eum,
2992 199 3098 256 nisi
3144 202 3477 270 catholicum

166 288 559 343 ecclesiastica
598 282 808 343 efﬁcere
841 298 1207 355 sacramenta,
1237 287 1368 342 dum
1398 287 1641 341 nondum
1682 300 1778 340 eos

168 380 508 451 publicavit,
534 387 592 434 et
618 380 1022 449 quodammodo
1052 388 1179 434 ante
1208 378 1571 449 episcopalem
1605 378 1781 433 eccle-

172 471 470 527 siasticam
517 471 1141 526 excommunicationem
1198 472 1269 525 ab
1309 467 1551 525 Ecclesia
1581 469 1780 540 praeju-

171 563 399 618 dicarie
431 563 734 618 eliminarit
763 578 953 618 eorum
982 579 1039 619 se
1063 562 1282 617 eﬁ‘renis
1306 562 1669 616 contumacia.

261 652 452 729 (1024)
494 656 578 711 Ab
632 656 741 710 illis
795 670 928 711 vero
973 655 1067 725 qui
1114 655 1182 710 de
1231 654 1425 709 haeresi
1470 652 1782 708 Simoniaca

175 758 320 804 sunt
362 749 644 803 evidenter
673 748 773 815 rei,
822 748 926 803 etsi
972 747 1215 802 nondum
1274 746 1490 816 publice
1527 745 1779 816 judicati,

175 840 422 896 ﬁrmiter
433 840 725 896 diﬁitemur
743 839 1001 895 Ecclesiae
1023 847 1363 894 sacramenta
1384 853 1548 908 posse
1564 837 1779 893 conﬁci.

174 931 418 988 Publica
460 934 607 988 enim
649 942 703 987 et
754 931 933 987 fronte
973 946 1168 987 carens
1217 931 1571 1001 praesumptio
1606 930 1784 1001 major

178 1034 273 1080 est
295 1026 419 1096 ipso
452 1026 656 1080 scelere
679 1025 939 1081 admisso.
988 1023 1141 1091 Quae,
1173 1022 1304 1078 dum
1334 1024 1531 1090 claret,
1559 1024 1784 1080 evidens

179 1125 276 1171 est
306 1117 587 1187 exemplar
619 1117 913 1187 peccandi;
947 1116 1041 1188 qui
1073 1114 1227 1181 dicit,
1252 1115 1359 1169 nisi
1400 1131 1507 1182 me,
1540 1131 1629 1171 me
1658 1117 1784 1171 imi-

181 1209 409 1264 tamini.
436 1208 600 1264 Verbi
631 1209 824 1281 gratia,
857 1209 951 1280 qui
978 1208 1216 1263 honores
1241 1206 1551 1264 Simoniace
1590 1209 1781 1280 acqui-

184 1302 332 1355 sitos
358 1318 468 1356 non
495 1300 737 1371 deponit,
764 1301 895 1371 quid
927 1299 1099 1367 aliud,
1131 1299 1239 1355 nisi
1271 1298 1574 1366 Simonem,
1596 1301 1652 1355 in
1673 1317 1785 1372 quo

184 1394 349 1461 vivit,
390 1393 717 1449 imitandum
771 1392 1058 1464 proponit?
1086 1391 1193 1458 Qui
1249 1401 1430 1448 autem
1467 1393 1784 1463 pudibunde

184 1494 245 1539 et
270 1494 483 1540 tantum
514 1494 638 1540 ante
659 1484 831 1540 Deum
857 1477 1072 1556 peccat,
1096 1485 1424 1556 quandoque
1445 1500 1564 1540 esse
1580 1494 1785 1541 metuet

182 1576 343 1647 quod
376 1576 544 1631 videri
569 1576 755 1646 pudet.

267 1668 375 1723 Sed
400 1684 643 1739 oppones
666 1668 821 1735 mihi,
847 1667 985 1735 scio,
1008 1666 1148 1722 Cum
1193 1684 1328 1723 usus
1353 1668 1597 1739 quotidie
1626 1667 1786 1724 nobis

186 1769 487 1829 praesentet
510 1775 678 1814 unum
721 1761 1085 1831 eumdemque
1109 1759 1506 1827 Simoniacum,
1544 1762 1637 1815 alii
1666 1761 1788 1816 cui-

187 1868 362 1923 quam
386 1851 701 1907 Cbristiano
723 1854 902 1908 adhuc
923 1853 1289 1923 inexpertum,
1325 1853 1418 1908 alii
1442 1868 1572 1909 vero
1598 1855 1793 1924 perlu~

188 1960 320 1999 cere
364 1944 743 2014 manifestum,
795 1945 1071 2016 quomodo
1116 1945 1205 2001 ille
1247 1955 1652 2003 sacramentum
1692 1963 1791 2004 nc-

189 2037 391 2091 scienti
433 2038 704 2103 conﬁciet,
733 2038 880 2108 quod
906 2047 1173 2109 quantum
1212 2038 1281 2094 ad
1311 2038 1574 2095 scientem
1613 2040 1789 2095 conﬁ-

190 2143 321 2183 cere
358 2144 467 2183 non
512 2128 686 2184 valet?
728 2128 1150 2199 Respondetur:
1181 2128 1337 2187 Justa
1378 2147 1534 2188 mens
1586 2149 1651 2187 ex
1684 2132 1790 2203 ﬁde

192 2221 325 2274 ririt
352 2220 526 2289 (Rom.
562 2222 621 2293 ι).
648 2221 797 2277 Fidei
822 2221 1046 2278 eﬁ‘ectus
1063 2224 1341 2280 salubrius
1362 2225 1602 2281 creditur
1623 2242 1789 2297 quam

192 2330 325 2369 cum
354 2315 567 2369 ratione
588 2315 960 2387 investigetur.
990 2316 1121 2371 Dico
1140 2317 1390 2387 equidem
1428 2317 1611 2390 (1025)
1661 2319 1791 2389 quia

195 2406 335 2462 illud
373 2407 520 2478 quod
552 2422 649 2478 per
690 2406 1062 2463 Simoniacum
1108 2424 1218 2463 non
1250 2425 1411 2479 posse
1449 2411 1643 2466 conﬁci
1673 2426 1794 2466 cre-

196 2500 369 2567 ditur,
404 2500 557 2568 iilud,
586 2501 835 2571 inquam,
884 2500 1048 2557 alicui
1098 2501 1421 2572 simpliciter
1459 2503 1701 2558 credenti
1740 2512 1795 2558 et

196 2593 434 2647 fideliter
481 2592 744 2648 nescienti
794 2592 977 2663 (1026)
1024 2601 1428 2648 sacramentum
1473 2609 1615 2661 esse,
1660 2594 1795 2649 ﬁdes

199 2694 481 2756 Operatur.
553 2684 671 2756 Ipse
721 2693 903 2739 tamen
961 2684 1278 2752 conﬁciens,
1328 2700 1397 2740 ex
1465 2687 1591 2754 hoc,
1648 2687 1795 2756 quod

199 2778 448 2845 conﬁcit,
482 2778 793 2834 damnatur.
828 2775 906 2832 Ne
940 2777 1180 2843 mireris,
1211 2777 1340 2847 quia
1376 2794 1471 2849 per
1501 2779 1661 2832 ﬁdem
1702 2795 1795 2834 sa—

200 2880 487 2926 cramento
512 2870 755 2925 reﬁcitur
781 2870 1077 2940 accipiens.
1112 2869 1275 2936 Audi,
1316 2870 1444 2940 quia
1468 2871 1795 2926 sacramenti

200 2963 377 3035 gratia
409 2963 592 3035 (1027)
630 2963 988 3034 participatur
1008 2963 1173 3016 etiam
1207 2978 1318 3015 non
1342 2962 1639 3032 accipiens.
1677 2961 1794 3017 Au-

200 3157 391 3203 mento
417 3147 514 3219 (De
535 3162 784 3204 consecr.
809 3148 861 3203 d.
895 3148 948 3203 4.
986 3164 1035 3203 c.
1064 3146 1191 3215 151,
1231 3146 1386 3202 Nulli
1426 3148 1565 3219 est):
1604 3167 1622 3199 ι
1651 3146 1796 3204 Nulli

201 3250 286 3296 est
336 3240 1119 3312 aliquatenus'ambigendum
1169 3247 1299 3296 tunc
1345 3256 1797 3313 unumquemque

130 3322 135 3326 ’
202 3332 447 3388 ﬁdelium
480 3334 730 3404 corporis
758 3333 1154 3405 sanguinisque
1176 3330 1445 3387 Dominici
1473 3335 1795 3406 participem

205 3426 345 3492 ﬁeri,
375 3426 596 3497 quando
620 3427 675 3480 in
702 3426 1029 3497 baptismate
1059 3420 1367 3481 membrum
1401 3424 1605 3482 Christi
1627 3426 1796 3482 effici-

201 3525 336 3587 tur;
369 3534 469 3574 nec
502 3518 728 3574 alienari
759 3520 828 3573 ab
852 3520 997 3574 illius
1048 3520 1206 3589 panis
1241 3519 1537 3591 calicisque
1564 3535 1795 3577 consor-

203 3610 306 3678 tio,
352 3610 517 3667 eiam
565 3612 637 3681 si,
676 3620 969 3682 antequam
1018 3626 1216 3681 panem
1260 3612 1415 3667 illum
1456 3614 1706 3670 comedat
1744 3623 1798 3670 et

204 3703 434 3758 calicem
482 3704 651 3771 bibat,
696 3704 763 3759 de
802 3704 906 3760 hoc
953 3704 1156 3759 saecqu
1200 3704 1257 3758 in
1299 3705 1507 3761 unitate
1550 3706 1796 3776 corporis

205 3794 415 3852 Christi
436 3798 765 3852 constitutus
777 3797 1050 3853 abscedat.
1071 3798 1409 3852 Sacrameuti
1426 3799 1627 3870 quippe
1651 3799 1797 3853 illius

202 3888 621 3959 participatione
690 3904 756 3944 ac
800 3890 1067 3946 beneﬁcio
1113 3906 1222 3945 non
1261 3889 1537 3960 privatur,
1576 3891 1797 3961 quando

205 3979 326 4049 ipse
359 3979 462 4035 hoc
490 3980 638 4050 quod
671 3980 805 4036 illud
842 3988 1247 4037 sacramentum
1279 3988 1363 4036 est
1396 3980 1621 4035 invenit.
1654 3999 1673 4031 ι
1720 3979 1797 4035 Nc

207 4070 378 4141 igitur
412 4071 628 4126 dubites
653 4072 975 4144 simpliciter
1000 4073 1313 4128 credentem
1350 4072 1642 4128 salubriter
1664 4073 1796 4128 illud

205 4162 454 4233 accipere
473 4163 543 4217 ab
563 4163 656 4218 illo
686 4180 847 4235 quem
871 4165 1045 4220 nescit
1073 4163 1424 4231 hmreticum;
1456 4164 1583 4219 audi
1608 4164 1794 4230 etiam,

1823 2930 1864 2988 C
1874 2972 1877 2977 .

200 3057 457 3127 gustinus
485 3057 539 3110 in
567 3072 819 3111 sermone
848 3055 915 3110 ad
948 3054 1186 3109 infantes
1212 3055 1279 3109 ad
1314 3055 1485 3110 altare
1508 3055 1575 3110 de
1606 3071 1794 3111 sacra-
1820 3128 1825 3129 γ

1880 285 2224 355 deputamus.
2270 285 2329 342 Si
2365 296 2548 342 autem
2601 287 2766 344 fuerit
2793 304 2824 343 a
2860 292 3138 363 corporali
3183 302 3362 349 morte
3404 295 3476 350 Ii-

1877 377 2129 444 beratus,
2186 394 2312 434 cum
2365 395 2425 435 se
2486 380 2773 437 catholica
2830 385 3249 455 congregationi
3306 385 3476 441 etiam

1878 470 2171 540 praesentia
2196 472 2465 541 corporali
2495 472 2808 539 reddiderit,
2833 474 2980 530 unde
3004 491 3285 546 nunquam
3311 477 3477 532 corde

1878 560 2227 628 discesserat,
2259 577 2368 616 non
2400 563 2579 618 solum
2613 580 2723 619 non
2750 564 3128 636 improbamus
3156 568 3300 636 quod
3327 566 3474 635 fecit,

1880 652 1976 708 sed
2004 653 2170 707 etiam
2199 654 2550 710 securissime
2574 655 2973 728 verissimcque
2998 658 3305 715 laudamus.
3335 657 3475 726 Quia

1879 753 2205 816 praesentem
2238 744 2529 802 Dominum
2555 746 2782 824 [Deum]
2807 750 3039 806 credidit
3059 750 3209 807 cordi
3235 765 3358 818 suo,
3382 750 3477 806 ubi

1880 837 2145 892 unitatem
2177 838 2450 894 servabat.
2487 856 2508 891 ι

1953 927 2245 984 Discamus
2273 944 2425 999 ergo,
2457 928 2589 1001 quia
2623 929 2670 986 si
2697 946 2823 986 cum
2862 929 3177 989 Simoniaco
3217 946 3342 1004 ago,
3382 932 3477 1003 qui

1880 1028 1964 1077 est
1994 1021 2173 1076 adhuc
2199 1028 2414 1076 tantum
2442 1025 2512 1078 de
2543 1021 2873 1091 manifestis,
2901 1024 3146 1079 nondum
3178 1024 3245 1079 de
3263 1025 3480 1095 publice

1879 1112 2176 1179 damnatis,
2208 1127 2336 1168 cum
2381 1113 2484 1181 illi,
2521 1115 2768 1185 inquam,
2801 1115 3054 1185 quaedam
3093 1114 3353 1171 Ecclesia
3389 1131 3480 1171 sa-

1880 1214 2160 1261 cramenta
2219 1204 2491 1263 conﬁcere
2551 1215 2859 1278 nequeant,
2910 1222 3038 1263 cum
3096 1206 3322 1278 perfecti
3378 1223 3479 1263 nec

1882 1296 2005 1352 illos
2026 1312 2189 1366 posse
2212 1297 2504 1365 conﬁcere,
2537 1314 2637 1353 nec
2671 1313 2732 1354 se
2758 1297 3006 1353 confecta
3038 1300 3108 1355 ab
3132 1298 3212 1355 eis
3234 1299 3479 1368 accipere

1883 1388 2129 1454 credant,
2155 1397 2339 1445 tamen
2370 1390 2517 1461 quod
2544 1404 2656 1445 non
2692 1390 2892 1445 habeat
2924 1391 3224 1462 nequitiam
3271 1389 3474 1459 dantis,

1882 1481 2083 1551 accipit
2116 1481 2346 1552 pleniter
2374 1482 2510 1537 ﬁdes
2549 1490 2605 1537 et
2634 1482 2908 1552 sapienter
2941 1483 3205 1554 simplicis
3251 1490 3308 1538 et
3343 1482 3479 1538 sim-

1884 1573 2097 1644 pliciter
2124 1574 2407 1645 sapientis,
2443 1582 2619 1631 totum
2639 1575 2911 1646 implente
2941 1576 3114 1647 gratia
3142 1575 3293 1643 Jesu,
3334 1576 3478 1632 sicut

1885 1664 1943 1721 in
1967 1665 2060 1722 illo
2092 1665 2239 1722 felici
2268 1667 2503 1734 latrone,
2527 1667 2637 1735 cui,
2671 1675 2732 1723 ut
2752 1666 3094 1739 Augustinus
3135 1669 3232 1736 ait,
3281 1687 3301 1720 ι
3328 1670 3476 1739 quod

1884 1777 1954 1816 ex
1972 1754 2237 1833 baptismi
2282 1769 2628 1817 sacramento
2670 1760 2865 1830 defuit,
2896 1762 3207 1834 benignitas
3232 1760 3329 1818 Dei
3358 1762 3474 1834 spi-

1887 1854 2119 1910 ritaliter
2142 1853 2474 1925 adimplevit.
2506 1874 2528 1907 ι

1956 1946 2072 2004 Hoc
2095 1956 2276 2003 autem
2300 1948 2507 2003 distare
2537 1946 2755 2002 videtur
2780 1945 2921 2002 inter
2960 1944 3251 2002 manifeste
3275 1960 3401 2001 reos
3424 1953 3482 2002 et

1886 2040 2102 2111 publice
2125 2039 2653 2107 excommunicatos,
2676 2040 2806 2111 quia
2829 2055 2958 2095 cum
2982 2038 3481 2096 excommunicatis

1889 2133 2300 2190 communicare
2332 2133 2712 2203 prohibemur,
2742 2132 2849 2187 nisi
2893 2141 3305 2187 convertantur.
3341 2131 3482 2186 Cum

1889 2223 2197 2281 manifestis
2218 2233 2273 2280 et
2301 2225 2547 2279 nondum
2566 2224 2828 2295 judicatis
2842 2223 3155 2279 conversari
3176 2231 3411 2294 oportet,
3426 2230 3486 2276 ut

1890 2325 2299 2374 convertantur.
2340 2315 2452 2373 Illis
2484 2315 2640 2371 nefas
2670 2326 2772 2383 est,
2804 2325 2862 2371 ut
2882 2316 3132 2371 dicamus
3174 2332 3285 2381 ave,
3329 2313 3485 2371 nefas

1891 2418 1976 2465 est
1995 2424 2123 2465 cum
2150 2410 2260 2465 illis
2284 2409 2367 2464 vel
2390 2410 2575 2465 cibum
2607 2424 2849 2465 sumere.
2882 2405 3021 2463 Cum
3059 2408 3180 2463 istis
3222 2406 3488 2477 permittit

1891 2501 2190 2573 Apostolus
2203 2500 2615 2556 communicare
2637 2499 2857 2555 dicens:
2881 2496 3030 2553 «Non
3052 2497 3489 2567 utiquefornica—
3554 2512 3563 2521 ·

1893 2594 1991 2648 riis
2013 2594 2181 2663 hujus
2206 2592 2418 2660 mundi,
2435 2599 2533 2646 aut
2555 2591 2759 2657 avaris,
2784 2598 2882 2645 aut
2910 2590 3343 2662 rapacibusraut
3369 2588 3489 2646 i36-

1894 2685 1963 2741 lis
2010 2684 2392 2750 servientibus,
2422 2683 2669 2752 alioquin
2699 2681 3012 2738 debueratis
3043 2698 3111 2738 ex
3150 2683 3254 2738 hoc
3279 2683 3488 2739 mundo

1896 2777 2076 2833 exisse
2118 2774 2173 2849 (1
2209 2775 2333 2831 Cor.
2385 2775 2462 2847 v).
2500 2793 2520 2828 ι
2578 2774 2799 2830 Iliorum
2836 2775 3020 2848 igitur,
3053 2775 3150 2846 qui
3199 2774 3491 2832 manifeste

1899 2877 2028 2925 sunt
2057 2868 2156 2935 rei,
2181 2867 2413 2923 formam
2437 2868 2749 2923 habuerunt
2769 2867 3045 2938 publicani
3064 2875 3119 2922 et
3149 2875 3488 2937 peccatores,

1897 2976 2023 3015 cum
2066 2960 2269 3033 quibus
2323 2959 2587 3035 Salvator
2626 2960 3054 3016 manducaverat
3090 2957 3331 3030 (Matth.
3384 2958 3485 3030 ix).

1897 3051 2370 3110 Excommunicati
2400 3062 2583 3108 autem
2622 3040 3001 3121 signiﬁcantur
3035 3065 3132 3120 per
3173 3050 3298 3105 illos
3346 3063 3490 3121 quos

1897 3146 2192 3217 Apostolus
2226 3145 2444 3201 Satanae
2469 3144 2768 3201 tradiderat
2795 3141 2846 3215 (1
2888 3142 3012 3198 Cor.
3044 3144 3121 3215 v).
3162 3140 3489 3213 Hujusmodi

1897 3238 2226 3306 manifestis,
2248 3238 2493 3294 nondum
2526 3236 2745 3308 publice
2771 3235 3048 3308 judicatis,
3092 3248 3195 3306 ego
3235 3248 3489 3290 commu-

1898 3332 2112 3400 nicans,
2139 3347 2227 3387 me
2275 3344 2387 3385 non
2427 3327 2866 3406 excommunico,
2915 3327 3049 3383 dum
3097 3326 3375 3382 hominem
3429 3332 3493 3381 ut

1897 3423 2270 3480 Christianum
2288 3423 2538 3493 diligens,
2562 3421 2767 3477 factum
2787 3420 2929 3492 ejus,
2954 3427 3013 3475 ut
3036 3435 3146 3475 non
3166 3417 3488 3485 Christiani,

1898 3515 2167 3587 improbo,
2197 3514 2584 3585 praescribente
2610 3502 2920 3585 Augustino
2946 3530 2960 3567 :
2992 3530 3011 3563 ι
3042 3510 3269 3567 Duobus
3310 3510 3491 3567 modis
3584 3564 3587 3567 ,

1898 3624 2009 3663 non
2041 3617 2093 3663 te
2115 3606 2352 3661 maculat
2386 3606 2584 3672 malus,
2641 3604 2688 3660 si
2728 3619 2838 3659 non
2879 3603 3193 3660 consentias
3218 3611 3274 3658 et
3313 3604 3363 3659 si
3400 3616 3491 3659 re-

1897 3702 2154 3771 darguas,
2190 3718 2209 3750 ι
2237 3699 2341 3753 hoc
2364 3705 2469 3765 est,
2498 3712 2611 3751 non
2651 3697 3079 3761 communicare,
3115 3711 3228 3751 non
3258 3709 3494 3752 consen-

1898 3792 2020 3846 tire.
2052 3789 2509 3845 Cummunicatur
2537 3788 2759 3859 quippe,
2786 3788 3006 3858 quando
3036 3786 3181 3843 facto
3215 3788 3336 3858 ejus
3359 3803 3492 3842 con-

1898 3882 2131 3937 sortium
2157 3881 2477 3948 voluntatis,
2504 3881 2585 3935 vel
2611 3878 3023 3949 approbationis
3045 3878 3380 3948 adjungitnr.

1966 3973 2051 4029 Ab
2098 3974 2185 4030 his
2222 3980 2427 4040 autem,
2466 3972 2521 4027 id
2551 3979 2636 4027 est
2682 3970 3032 4037 Simoniacis,
3070 3970 3197 4027 licet
3246 3969 3489 4024 nondum

1897 4066 2112 4137 publice
2142 4064 2653 4130 excommunicatis,
2704 4077 2815 4116 non
2857 4077 3023 4133 posse
3066 4061 3295 4117 clericos
3335 4061 3488 4117 ordi-

1899 4159 2040 4225 nari,
2066 4173 2177 4213 non
2223 4171 2384 4228 posse
2431 4155 2780 4211 Dominicum
2814 4168 3016 4225 corpus
3046 4152 3265 4220 confici,
3297 4153 3491 4208 credas

206 4252 355 4324 quod
403 4254 808 4325 simplicitatem
845 4254 939 4328 [[2,
971 4253 1318 4327 simplicitas]
1364 4255 1488 4311 ﬁdei
1512 4254 1800 4312 efﬁcaciter
1831 4279 1875 4333 υ
1901 4249 2217 4322 apostolicis
2242 4247 2561 4304 Innocentio
2590 4256 2645 4302 et
2675 4245 2948 4302 Paschali.
2974 4244 3324 4301 Innocentius
3348 4258 3491 4314 papa

207 4345 409 4416 accipit
441 4346 512 4400 ab
535 4362 601 4401 eo
630 4362 795 4418 quem
826 4348 931 4403 scit
969 4347 1303 4402 haereticum.
1336 4346 1704 4419 Augustinum
1738 4349 1794 4402 in

207 4438 399 4492 eodem
428 4453 684 4493 sermone
714 4439 805 4507 (24
828 4455 883 4509 q.
910 4439 966 4505 2,
991 4454 1040 4494 c.
1080 4439 1171 4505 40,
1201 4437 1259 4493 Si
1281 4456 1432 4510 quem
1459 4440 1615 4512 forte)
1643 4459 1655 4495 :
1690 4461 1709 4492 ι
1738 4439 1797 4495 Si

152 4602 155 4603 ν
209 4545 374 4601 qutm
406 4528 566 4597 forte,
604 4530 876 4601 inquiens,
907 4533 1141 4602 coegerit
1185 4540 1429 4587 extrema
1474 4534 1794 4601 necessitas,

208 4623 301 4679 ubi
332 4622 684 4679 Catholicam
707 4639 804 4693 per
827 4639 990 4694 quem
1018 4625 1250 4693 accipiat
1282 4641 1391 4680 non
1424 4625 1715 4693 invenerit,
1746 4635 1800 4682 et

211 4714 265 4769 in
288 4715 499 4784 animo,
534 4731 669 4786 pace
692 4715 958 4771 catholica
992 4717 1288 4789 custodita,
1321 4734 1417 4789 per
1451 4718 1689 4788 aliquem
1711 4735 1808 4774 ex-
1835 4754 1839 4758 ~

213 4816 289 4862 tra
313 4809 583 4863 unitatem
605 4808 929 4863 catholicam
951 4810 1193 4881 positum
1209 4811 1483 4883 acceperit
1521 4812 1669 4880 quod
1691 4821 1810 4868 erat

212 4899 263 4955 in
292 4900 411 4972 ipsa
440 4900 716 4956 catholica
740 4900 948 4957 unitate
973 4910 1322 4973 accepturus,
1352 4904 1397 4961 si
1420 4903 1604 4959 statim
1631 4903 1827 4961 etiam

275 5060 406 5133 (102
421 5063 468 5130 Δ)
482 5129 494 5136 Δ
515 5057 629 5113 Hoc
746 5057 963 5136 diﬁinito
987 5058 1301 5136 credendttm
1319 5079 1379 5119 ne
1401 5075 1614 5136 censeas
1637 5078 1801 5136 usque

209 5127 329 5205 dum
373 5127 620 5205 perlegas
670 5127 862 5182 librum
910 5130 967 5187 S.
1002 5132 1139 5201 Aug.
1197 5131 1274 5188 De
1299 5133 1558 5205 baptismo
1611 5127 1799 5195 contra

206 5202 548 5258 Donatistae.
575 5249 581 5254 .

270 5270 462 5312 “nam
506 5270 620 5312 Hnr.
654 5284 755 5312 nnu
776 5272 1052 5312 cnnﬁm'lmv
1085 5280 1135 5312 pr
1156 5274 1360 5312 nitidam
1387 5271 1455 5312 ηΙι
1481 5270 1661 5312 nlimm
1683 5295 1790 5312 εει...

1900 4342 1967 4397 de
2001 4341 2328 4396 Simoniacis
2370 4339 2505 4395 dicit
2549 4337 2734 4411 (1028)
2772 4356 2785 4393 :
2826 4356 2844 4390 ι
2901 4337 3182 4393 Asseritur
3208 4350 3336 4390 eum
3391 4336 3491 4406 qui

1901 4435 2167 4490 honorem
2190 4434 2375 4490 amisit
2420 4435 2686 4489 honorem
2718 4434 2849 4490 dare
2875 4448 2987 4488 non
3029 4447 3211 4503 posse.
3251 4430 3361 4487 Nec
3393 4446 3489 4486 ac-

1903 4523 2239 4594 quiescimus
2289 4524 2461 4579 ullum
2488 4524 2695 4594 aliquid
2718 4525 2790 4580 ab
2814 4538 2883 4579 eo
2911 4522 3209 4593 accepisse.
3240 4520 3384 4589 Quia
3417 4520 3493 4574 nil

1904 4627 2022 4672 erat
2042 4617 2097 4672 in
2118 4618 2301 4686 dante,
2335 4618 2481 4689 quod
2513 4618 2657 4674 alius
2696 4618 2767 4673 ab
2800 4631 2868 4673 eo
2902 4624 3090 4687 posset
3119 4616 3388 4686 accipere.
3428 4611 3496 4668 Et

1904 4725 2096 4766 verum
2138 4719 2223 4767 est
2277 4719 2457 4776 certe,
2485 4709 2615 4780 quia
2650 4709 2798 4781 quod
2829 4723 2941 4763 non
2980 4709 3192 4778 habuit,
3227 4709 3361 4765 dare
3385 4718 3499 4760 non

1906 4802 2106 4874 potuit.
2140 4820 2159 4855 ι
2195 4802 2335 4860 Audi
2362 4801 2684 4877 Paschaiem
2721 4816 2918 4873 papam
2953 4802 3008 4856 in
3031 4802 3262 4872 epistola
3293 4799 3363 4857 ad
3388 4796 3498 4851 Meo

1906 4895 2283 4956 diolanensem
2311 4893 2611 4951 Ecclesiam
2644 4894 2832 4967 (1029)
2864 4914 2876 4949 :

1987 5055 2171 5129 (1028)
2212 5056 2272 5114 Si
2323 5057 2457 5111 hanc
2498 5045 2816 5129 sententiam
2838 5056 2928 5129 ita
2975 5055 3415 5129 interpretantur,
3454 5049 3518 5129 ut

1905 5125 2219 5187 haereticnm
2254 5130 2506 5200 dicamus
2533 5126 2670 5200 nihil
2712 5128 2958 5200 pro/icui,
2988 5125 3064 5179 nil
3104 5125 3325 5200 honoris
3365 5128 3520 5200 130883

1906 5202 2062 5265 dare,
2087 5200 2213 5253 dum
2271 5210 2445 5254 tamen
2487 5195 2679 5251 habeat
2712 5190 3122 5256 sat-{ramentum
3155 5190 3521 5265 ordinationis.

1909 5251 2015 5312 ζέἰιε
2043 5251 2359 5312 ἕιίέέέίέηιᾞι
2394 5266 2456 5312 ab
2493 5281 2552 5312 en
2581 5251 2966 5312 "magna.
3004 5251 3439 5312 Δωηνῖἐιίῖηηιπι.
3476 5251 3525 5306 εὖ
